4068 6478
611 427 716 490 185

1649 432 1702 486 S.
1744 429 2104 488 FULGENTII
2141 429 2442 489 EPISCOPI
2484 431 2855 491 RUSPENSIS

2425 353 2430 356 .
2447 349 2601 360 ...ι-...ρ-
2615 353 2646 358 .-

3781 435 3892 503 186

609 550 1036 622 postponendus.
1091 551 1322 608 Proinde
1371 550 1497 606 licet
1534 550 1662 605 nulli
1700 549 1919 604 dubium
1966 549 2037 605 sit
2092 563 2190 620 pa—
2219 556 2402 619 Aque
2437 548 2759 605 videbantur
2793 549 2985 620 ignari,
3015 551 3270 626 deinceps
3303 555 3444 612 scire
3482 554 3682 635 debent
3725 575 3892 622 omne

608 642 913 697 triarclialis
948 642 1199 699 sacriﬁcii
1231 644 1538 699 testimonio
1577 639 1950 698 rectitudine'm
1997 637 2195 697 nostra:

608 734 731 790 ﬁdei
759 738 1102 803 communiri,
1129 738 1214 794 cui
1242 737 1477 806 quandiu
1502 737 1766 792 obdurato
1787 737 1950 792 corde
1969 735 2195 806 quilibet

606 827 958 884 obnitendum
981 829 1270 894 existimat,
1302 844 1332 882 a
1358 829 1459 883 lide
1483 829 1863 896 consortioque
1884 835 2193 883 sanctorum

605 919 813 976 alienus
842 908 1097 988 exerrat;
1142 937 1421 991 possemus
1449 921 1597 976 etde
1637 920 1916 992 prophetis
1947 920 2191 976 testimo-

604 1012 693 1065 nia
732 1028 840 1068 non
869 1013 1087 1085 imparis
1117 1012 1385 1068 ﬁrmitatis
1414 1029 1478 1067 ac
1511 1013 1721 1069 roboris
1765 1013 2060 1079 innectere,
2090 1012 2193 1068 nisi

605 1103 772 1156 totius
798 1104 1053 1159 reddendi
1079 1119 1343 1160 memores
1370 1103 1554 1169 debiti,
1583 1102 1650 1157 ad
1675 1103 2006 1158 residuarum
2028 1103 2190 1158 etiam

604 1195 961 1261 quaestionum
1007 1195 1331 1252 solutionem
1371 1196 1652 1250 mallemus
1693 1195 2014 1265 quantocius
2041 1195 2190 1252 festi-

602 1300 757 1342 nare.

601 1374 784 1432 CAPUT
833 1393 883 1431 v.
931 1379 1085 1433 Aliud
1134 1381 1477 1435 testimonium
1519 1397 1583 1435 ex
1619 1383 1900 1450 prophetis,
1944 1389 2000 1435 ut
2045 1380 2186 1438 Filio

671 1464 885 1520 quoque
911 1450 1163 1520 o/feratur
1202 1451 1536 1520 sacriﬁcium.
1589 1450 1874 1506 Obduratio
1917 1453 2186 1507 lueretico-

668 1533 781 1570 rum
801 1519 888 1587 qui
913 1519 1050 1592 Filio
1072 1537 1176 1573 non
1205 1519 1524 1592 sacriﬁcant.
1564 1520 1816 1576 Catholici
1840 1526 1932 1576 toti
1963 1523 2187 1592 o/feruut

671 1585 934 1652 Trinitati,
960 1591 1163 1643 etiamsi
1193 1585 1354 1644 solius
1387 1592 1558 1645 Patris
1582 1609 1767 1646 nomen
1795 1585 2109 1662 exprimunt.

668 1675 1072 1746 Verumtamen,
1092 1693 1160 1734 ne
1185 1681 1284 1734 sub
1309 1681 1525 1736 nomine
1546 1683 1884 1737 abundantiae
1899 1685 2184 1754 quisquam

595 1783 693 1823 nos
721 1771 1000 1839 penuriam
1021 1771 1351 1828 defensionis
1379 1775 1652 1830 existimet
1679 1775 1954 1833 obcelasse
1975 1778 2069 1848 (al.
2094 1779 2184 1835 ob-

589 1859 844 1930 velasse),
863 1877 1026 1916 unum
1048 1861 1117 1917 de
1135 1864 1412 1933 prophetis
1433 1866 1798 1921 testimonium
1823 1868 2178 1938 proferemus,

2299 637 2588 708 cujuslibet
2630 639 3052 698 honoriﬁcentia:
3081 653 3135 699 et
3163 645 3407 703 sacriﬁcii
3437 647 3687 706 salutaris
3725 653 3890 711 obse-

2297 731 2504 798 quium,
2548 737 2604 786 et
2643 729 2790 788 Patri
2835 741 2891 788 et
2931 732 3064 789 Filio
3096 742 3152 790 et
3190 734 3408 808 Spiritui
3431 747 3642 821 sancto,
3672 742 3778 799 hoc
3802 754 3893 804 est

2296 830 2494 878 sanctae
2517 821 2785 886 Trinitati,
2829 825 2897 880 ab
2926 824 3162 883 Ecclesia
3185 829 3450 886 catholica
3497 834 3702 903 pariter
3729 826 3889 894 exhi-

2295 911 2433 968 beri.
2459 911 2515 968 ln
2539 913 2691 983 cujus
2711 916 2896 987 utique
2925 934 3030 973 uno
3054 921 3269 977 nomine
3290 923 3631 981 manifestum
3654 937 3739 984 est
3759 946 3892 987 san-

2296 1011 2440 1059 ctum
2471 1019 2687 1074 quoque
2717 1006 2979 1076 baptisma
3001 1009 3286 1066 celebrari.
3309 1011 3495 1084 Neque
3517 1016 3658 1070 enim
3689 1019 3889 1090 prteju-

2295 1093 2492 1150 diciuni
2524 1094 2659 1150 Filio
2690 1097 2774 1151 vel
2795 1107 2982 1154 sancto
3011 1098 3233 1170 Spiritui
3263 1115 3630 1176 comparatur,
3658 1109 3786 1164 dum
3816 1112 3888 1168 ad

2295 1181 2472 1240 Patris
2498 1201 2786 1255 personam
2818 1191 3060 1259 precatio
3104 1192 3170 1247 ab
3195 1192 3458 1252 offerente
3487 1197 3752 1269 dirigitur.
3777 1202 3886 1259 ϐαι

2289 1271 2377 1342 jus
2405 1279 2821 1345 consummatio,
2847 1279 2973 1334 dum
3022 1280 3139 1337 Filii
3169 1293 3225 1338 et
3271 1286 3500 1357 Spiritus
3528 1293 3698 1346 sancti
3729 1311 3887 1349 com-

2291 1361 2548 1430 plectitur
2574 1381 2804 1432 nomen,
2837 1371 3072 1426 ostendit
3118 1375 3322 1430 nullum
3371 1393 3491 1436 esse
3536 1382 3590 1436 in
3618 1381 3886 1444 Trinitate

2292 1452 2604 1512 discrimen.
2635 1458 2768 1526 Quia
2800 1461 2925 1516 dum
2954 1463 3020 1519 ad
3053 1467 3220 1523 solius
3267 1467 3440 1527 Patris
3469 1488 3758 1544 personam
3787 1481 3887 1538 lto-

2290 1545 2438 1598 noris
2463 1560 2642 1602 sermo
2669 1549 2938 1621 dirigitur,
2972 1554 3111 1611 bene
3135 1559 3405 1618 credentis
3437 1562 3538 1621 ﬁde
3562 1576 3674 1623 tota
3705 1569 3886 1628 Trini-

2291 1643 2374 1690 tas
2418 1637 2749 1696 honoratur:
2783 1654 2838 1699 et
2859 1660 2979 1700 cum
3013 1648 3081 1702 ad
3111 1649 3324 1708 Patrem
3349 1656 3554 1715 litantis
3581 1661 3884 1722 destinatur

2289 1729 2538 1800 intentio,
2565 1736 2814 1792 sacriﬁcii
2837 1755 3030 1796 munus
3059 1745 3204 1799 omni
3236 1745 3504 1814 Trinitati,
3536 1767 3644 1808 uno
3666 1756 3882 1813 eodem-

2287 1840 2392 1894 que
2419 1825 2644 1883 oﬂ'ertur
2667 1829 2867 1886 litantis
2897 1834 3093 1890 oﬂicio.
3113 1836 3220 1894 Nos
3244 1839 3424 1910 itaque
3450 1843 3574 1900 dum
3603 1845 3876 1917 Trinitati,

589 1963 698 2019 quo
724 1928 895 2020 possit
917 1928 1193 2008 evidenter
1217 1928 1425 2010 ostendi
1446 1957 1734 2026 prophetas
1757 1928 1973 2026 sanctos
1993 1960 2186 2017 divini-
2217 1952 2262 2012 Β
2290 1931 2409 2026 Tm
2440 1936 2575 2023 unus.
2601 1931 2656 2026 cf
2685 1940 2845 2026 venis
2865 1934 2948 1981 es‘
2971 1928 3130 1996 Deus’
3161 1949 3322 1988 unum
3353 1937 3672 1995 sacriﬁcmm
3702 1941 3880 2000 om".

588 2045 676 2094 tus
687 2041 996 2111 inspiratos,
1011 2045 1060 2114 3
1071 2048 1114 2116 ι
1130 2053 1280 2101 certo
1300 2046 1718 2118 lidelissimoque
1732 2052 1985 2108 vaticinio
2000 2055 2188 2124 praedi-

589 2132 756 2198 xisse,
781 2130 912 2187 Novi
934 2148 1149 2203 quoque
1170 2145 1414 2206 tempore
1434 2139 1763 2197 Testamenti
1788 2145 2059 2214 spiritales
2080 2149 2183 2202 ho-

587 2221 720 2274 stias
744 2237 852 2276 non
870 2222 1016 2278 Patri
1041 2235 1268 2290 tantum,
1295 2230 1388 2285 sed
1417 2232 1576 2286 etiam
1591 2233 1724 2289 Filio
1741 2251 1770 2289 a
1796 2237 2186 2296 lidelibusoﬁ'e-

587 2313 800 2367 rendas.
820 2322 846 2351 ι
864 2313 1168 2386 Soplionias
1189 2320 1389 2390 quippe
1408 2322 1536 2377 dicit
1555 2342 1566 2376 :
1584 2323 1795 2381 Sustine
1809 2345 1910 2391 me,
1931 2331 2055 2385 dicit
2073 2331 2182 2387 Do-

585 2403 779 2469 minus,
795 2404 848 2458 in
873 2404 1007 2459 diem
1028 2413 1418 2466 resurrectionis
1440 2431 1568 2469 mete
1587 2418 2004 2475 intestimonium
2025 2439 2182 2494 :quo-

583 2499 728 2551 niam
741 2499 994 2569 judicium
1017 2518 1184 2557 meum
1204 2506 1258 2558 in
1275 2510 1728 2580 congregationem
1746 2515 1974 2583 gentium
1989 2517 2108 2584 erit,
2125 2527 2179 2572 ut

583 2590 831 2660 recipiam
849 2609 993 2663 reges
1031 2602 1080 2646 'et
1109 2595 1375 2664 e/fundam
1397 2616 1552 2671 super
1571 2618 1657 2656 eos
1677 2604 1810 2657 iram
1833 2607 2026 2676 furoris
2047 2611 2178 2664 mei:

582 2679 825 2747 quoniam
851 2681 905 2734 in
935 2681 1054 2752 igne
1075 2684 1425 2740 wmulationis
1463 2705 1590 2742 mea:
1609 2695 2046 2749 consummabitur
2067 2713 2178 2751 om-

583 2761 683 2819 nis.
706 2775 860 2834 terra,
891 2772 1010 2841 quia
1034 2781 1154 2826 tunc
1180 2778 1491 2846 transferam
1528 2795 1680 2851 super
1706 2785 1922 2853 papulas
1943 2787 2177 2859 linguam

579 2854 639 2908 in
659 2860 927 2927 progenies
949 2861 1080 2931 ejus,
1104 2871 1160 2915 ut
1189 2865 1420 2920 invocent
1448 2884 1621 2924 omnes
1641 2888 1826 2927 nomen
1861 2875 2094 2942 Domini,
2121 2889 2172 2934 et

581 2953 810 3006 serviant
830 2955 876 3006 ei
898 2955 989 3008 sub
1011 2957 1139 3029 jugo
1167 2975 1288 3026 uno,
1312 2977 1344 3014 a
1367 2965 1728 3034 trans/lumine
1745 2966 2034 3042 xEthiOpiw
2061 2990 2175 3028 sus-

579 3047 770 3116 cipiam
793 3049 1118 3107 observantes
1148 3073 1246 3120 me,
1277 3059 1362 3129 qui
1391 3059 1611 3130 dispersi
1638 3071 1775 3124 sunt,
1808 3063 2174 3140 alferenthos-

580 3135 684 3189 tias
713 3140 841 3192 mihi
867 3142 920 3194 in
952 3142 1042 3198 illo
1070 3145 1154 3198 die
1183 3147 1440 3218 (δοριεοη.
1473 3165 1551 3218 m,
1581 3150 1661 3218 8).
1693 3149 1828 3218 Quid
1863 3153 1986 3220 hac,
2015 3137 2169 3223 rogo,

577 3227 967 3284 vaticinatione
991 3233 1258 3289 lucidius?
1284 3238 1367 3291 vel
1397 3243 1541 3307 quod
1565 3240 1653 3295 hic
1681 3243 1981 3299 tenebrosae
2011 3246 2171 3302 obsti-

2291 2025 2428 2075 mus,
2453 2013 2605 2078 vanis
2627 2013 3001 2074 haereticorum
3026 2037 3132 2077 non
3154 2039 3467 2088 moveamur
3483 2031 3725 2100 objectis,
3754 2051 3876 2094 cum

2288 2099 2355 2153 ad
2383 2102 2486 2156 hoc
2530 2108 2880 2176 sequendum,
2931 2127 2994 2167 ac
3022 2113 3393 2174 roliustissime
3423 2123 3794 2197 retinendum,
3824 2139 3876 2188 et

2287 2191 2543 2249 divinitus
2571 2201 2921 2268 promulgatis
2949 2203 3275 2263 instruamur
3298 2214 3550 2283 oraculis,
3580 2226 3634 2274 et
3663 2236 3868 2290 praece-

2287 2281 2526 2340 dentium
2555 2297 2864 2347 sanctorum
2886 2292 3162 2353 ﬁrmemur
3189 2305 3467 2374 exemplis.

2285 2414 2466 2520 Cauni}~
2491 2437 2588 2520 v1.0
2611 2423 2786 2520 Tertia
2823 2437 3040 2520 quozsuo
3088 2431 3329 2520 blo‘iiimi,
3373 2457 3464 2520 cur
3506 2445 3562 2520 in
3594 2441 3872 2520 sacrificiis

2356 2491 2515 2580 solitis
2543 2494 2777 2577 .Spiritus
2806 2491 2984 2555 missio
3017 2491 3329 2580 postuletur:
3374 2491 3871 2580 bi."§'d23":§i§&3;

2354 2571 2430 2648 ἴθ’
2457 2561 2926 2648 “timeam
2944 2561 3090 2648 ,φὼά
3116 2561 3415 2648 missuras?
3433 2561 3659 2643 ἷρὶιῖῖἕ
3682 2561 3870 2648 εἰὶἺᾶ

2353 2631 2445 2698 lio,
2473 2631 2592 2714 quia
2613 2645 2660 2689 et
2686 2635 2854 2730 Filius
2885 2631 3070 2730 missus
3091 2655 3183 2730 est.
3211 2631 3399 2730 Missio
3420 2631 3866 2730 filii-etvspiri';

2351 2703 2521 2785 sancti
2549 2722 2651 2759 non
2691 2719 2766 2762 est
2811 2714 3057 2792 loc-aliter;
3085 2719 3244 2792 facta.
3273 2703 3546 2792 Scriptura
3566 2703 3866 2789 "8&2?

2352 2776 2673 2857 mensitatem
2694 2795 2796 2833 non
2819 2782 2985 2838 solum
3012 2776 3210 2854 Patris,
3236 2791 3327 2844 sed
3348 2776 3406 2847 et,
3423 2776 3553 2852 F

2349 2855 2536 2900 sane“.

2350 2946 2454 3018 32
2493 2945 2611 3004 Jam
2639 2967 2782 3009 nunc
2811 2956 2972 3011 etiam
2996 2958 3084 3014 illa
3115 2961 3270 3018 nobis
3294 2973 3378 3020 est
3398 2965 3466 3022 de
3493 2966 3725 3040 Spiritus
3749 2991 3866 3034 san-

2277 3039 2351 3092 cti
2382 3040 2637 3098 missione
2657 3047 2883 3113 quzcstio
2906 3051 3235 3109 revolvenda
3261 3073 3274 3108 :
3301 3055 3409 3112 Cur
3427 3039 3633 3117 scilicet
3650 3065 3695 3120 si
3717 3069 3863 3124 omni

2277 3129 2526 3186 Trinitati
2557 3136 2876 3192 sacriﬁcium
2907 3140 3148 3209 offertur,
3177 3145 3242 3200 ad
3290 3150 3725 3210 sanctiﬁcandum
3748 3162 3768 3227 (
3789 3161 3860 3216 at.

2274 3221 2705 3297 sacriﬁcandum)
2736 3230 3024 3287 oblationis
3055 3244 3270 3294 nostrae
3291 3255 3502 3309 munus,
3535 3249 3706 3302 sancti
3734 3247 3860 3320 Spi-

575 3317 812 3373 nationis
857 3320 1139 3378 latibulum
1184 3325 1437 3384 hatretica
1481 3340 1660 3399 potest
1699 3332 1984 3391 inﬁdelitas
2011 3353 2171 3409 repe-
2201 3339 2247 3401 C
2277 3321 2414 3416 ritus
2443 3330 2648 3416 tantum
2679 3328 2862 3383 missu)
2894 3333 3195 3400 postuletur
3227 3354 3239 3389 ³
3293 3343 3445 3408 quasi
3493 3358 3622 3399 vero
3677 3349 3760 3416 (ω
3789 3350 3860 3406 ila

572 3408 705 3474 rire,
726 3424 834 3479 quo
857 3415 1029 3482 possit
1054 3416 1232 3472 lumen
1257 3427 1420 3475 tanta:
1443 3421 1892 3481 manifestationis
1912 3408 2173 3497 eﬁ‘ugere?

572 3495 709 3555 Cum
740 3504 821 3558 sic
849 3506 900 3559 in
929 3507 1046 3563 sole
1074 3509 1480 3587 tabernaculum
1524 3529 1679 3569 suum
1720 3520 1962 3587 posuerit
1989 3520 2172 3578 Domi-

572 3604 678 3646 nus
709 3591 882 3662 (Psal.
917 3611 1066 3663 xvni,
1090 3597 1168 3668 6),
1195 3608 1252 3653 ut
1279 3616 1386 3656 non
1410 3603 1480 3656 sit
1499 3604 1591 3673 qui
1620 3620 1678 3660 se
1699 3607 1996 3665 abscondat
2017 3626 2048 3666 a
2076 3628 2169 3668 ca-

571 3680 689 3736 lore
711 3684 848 3753 ejus.
881 3686 1147 3754 Quoniam
1195 3693 1352 3763 (forte
1374 3695 1418 3747 A
1445 3710 1553 3768 quo
1569 3696 1706 3769 jam)
1736 3700 1782 3755 si
1805 3702 1928 3770 quis
1964 3720 2024 3759 se
2051 3705 2168 3775 gla-

571 3773 695 3828 ciali
728 3776 926 3844 frigore
969 3781 1301 3840 inﬁdelitatis
1350 3789 1680 3858 stupefactus
1719 3793 2032 3862 abscondat,
2061 3773 2167 3854 sibi

567 3868 972 3938 propitiationis
1000 3883 1182 3944 potest
1207 3878 1468 3934 auxilium
1516 3883 1833 3942 subtrahere
1851 3929 1865 3954 ,
1897 3903 1956 3944 se
1985 3901 2165 3947 autem

565 3973 674 4015 non
701 3969 878 4030 potest
927 3966 1107 4024 celare
1147 3970 1416 4028 vindictae.
1445 3975 1586 4032 Ecce
1614 3978 1704 4034 ille
1729 3981 1819 4051 qui
1867 3998 1926 4039 se
1967 4000 2162 4057 exspe-

563 4053 822 4109 ctandum
848 4057 898 4111 in
929 4059 1016 4115 die
1058 4066 1470 4122 resurrectionis
1493 4084 1602 4125 sate
1631 4075 2032 4148 przecipitgipse
2058 4081 2160 4136 sibi

561 4139 770 4198 hostias
798 4146 866 4198 ab
892 4153 1141 4206 omnibus
1163 4159 1413 4222 gentibus
1458 4139 1761 4221 offerendas
1795 4139 2034 4226 ostendit
2059 4191 2072 4225 ε
2103 4181 2161 4228 ut

562 4243 953 4316 agnosceretur
999 4239 1322 4297 sacriﬁcium
1347 4247 1474 4304 illud
1503 4258 1623 4304 eSSe
1663 4257 1992 4323 acceptabile
2023 4258 2154 4325 Deo,

561 4323 706 4392 quod
728 4309 1085 4384 communiter
1099 4330 1242 4387 Patri
1267 4343 1320 4389 et
1340 4336 1478 4393 Filio
1499 4342 1722 4411 supplex
1745 4309 1901 4400 oﬁ‘ert
1923 4309 2157 4407 ﬁdelium

563 4427 808 4484 puraque
863 4417 1100 4476 devotio.
1140 4418 1236 4480 His
1279 4441 1442 4497 atque
1482 4429 1784 4499 hujusmodi
1832 4440 2158 4499 testimoniis

561 4505 801 4567 haeretici
831 4515 1166 4581 commoniti,
1196 4519 1400 4574 utinam
1451 4538 1559 4578 non
1599 4527 1774 4582 surdis
1815 4531 2158 4609 auribusau-

561 4595 732 4668 diant,
765 4602 859 4657 sed
889 4605 1174 4661 veritatem
1214 4607 1360 4680 ﬁdei,
1390 4627 1644 4671 concessa
1685 4619 1786 4674 sibi
1815 4599 2067 4683 divinitus
2089 4627 2154 4682 il-

2280 3414 2476 3485 dicam)
2505 3416 2619 3486 ipse
2648 3416 2809 3476 Pater
2835 3420 2994 3488 Deus,
3027 3441 3057 3479 a
3098 3443 3206 3497 quo
3231 3429 3463 3501 Spiritus
3490 3414 3711 3495 sanctus
3735 3458 3860 3517 pro-

2276 3510 2440 3581 cedit,
2469 3515 2791 3573 sacriﬁcium
2831 3521 2932 3576 sibi
2962 3523 3200 3580 oblatum
3231 3533 3566 3591 sanctiﬁcare
3596 3553 3704 3595 non
3734 3510 3858 3612 pos-

2267 3601 2375 3668 _sit;
2408 3611 2502 3658 aut
2548 3605 2663 3675 ipse
2704 3607 2870 3664 Filius
2907 3615 3242 3674 sanctiﬁcare
3281 3635 3512 3693 nequeat
3539 3601 3856 3691 sacriﬁcium

2273 3695 2519 3763 corporis
2542 3699 2644 3762 sui,
2672 3701 2819 3770 quod
2847 3701 3120 3764 olferimus
3145 3725 3243 3766 nos
3261 3751 3276 3777 ,
3323 3729 3445 3770 cum
3474 3733 3675 3790 corpus
3703 3740 3855 3782 suum

2272 3786 2388 3855 ipse
2419 3791 2854 3863 sanctilicaverit,
2897 3800 3045 3868 quod
3076 3803 3290 3868 obtulit,
3319 3815 3377 3861 ut
3401 3786 3692 3871 redimeret
3721 3834 3852 3887 nos;

2271 3887 2364 3932 aut
2387 3880 2460 3934 ita
2491 3880 2722 3952 Spiritus
2767 3898 2988 3945 sanctus
3022 3893 3089 3947 ad
3137 3900 3554 3958 consecrandum
3603 3880 3856 3968 Ecclesiae

2268 3973 2593 4030 sacriﬁcium
2640 3978 2934 4036 mittendus
2957 3983 3047 4050 sit,
3072 3993 3327 4058 tanquam
3370 3991 3536 4050 Pater
3559 4007 3652 4055 aut
3695 4000 3855 4060 Filius

2267 4062 2690 4123 sacriﬁcantibus
2739 4069 2898 4126 desit.
2947 4073 3127 4132 Primo
3183 4081 3362 4151 itaque
3400 4089 3710 4149 meminisse
3754 4111 3854 4152 nos

2264 4157 2538 4222 convenit,
2567 4158 2618 4212 in
2647 4159 2804 4229 hujus
2831 4167 3094 4223 vocabulo
3122 4170 3391 4230 missiciiis
3417 4192 3516 4234 nec
3542 4179 3851 4243 inferiorem

2263 4247 2436 4314 accipi
2459 4247 2656 4305 debere
2673 4261 2926 4321 sanctum
2956 4256 3235 4328 Spiritum,
3271 4280 3372 4322 nec
3409 4270 3700 4342 minorem;
3727 4280 3850 4346 quia

2262 4337 2307 4390 si
2330 4339 2526 4408 minor,
2559 4343 2740 4414 utique
2763 4345 3004 4417 inferior,
3031 4362 3086 4408 et
3111 4356 3155 4410 si
3184 4357 3424 4430 inferior,
3437 4367 3622 4434 utique
3649 4371 3846 4428 minor.

2261 4423 2377 4482 Hoc
2396 4439 2574 4486 autem
2596 4440 3287 4517 praemonuimushscientes
3306 4454 3373 4506 ab
3398 4423 3662 4516 haereticis
3689 4477 3849 4532 quam

2318 4520 2496 4576 axime
2523 4521 2646 4580 ﬁdei
2679 4537 2878 4584 nostrae
2918 4532 3228 4604 frequenter
3251 4543 3539 4613 objectum,
3573 4520 3845 4625 ideo.Spi-

2288 4611 2421 4667 itum
2452 4624 2697 4674 sanctum
2728 4623 2992 4681 minorem
3035 4611 3362 4692 credendum
3410 4611 3569 4698 Patre
3593 4654 3649 4700 et
3687 4611 3848 4720 Filio,

560 4687 917 4762 luminatione
945 4708 1302 4768 cognoscant,
1335 4710 1392 4755 ut
1416 4717 1636 4774 recepto
1682 4709 1903 4767 salutari
1932 4715 2154 4784 lumine,

567 4777 811 4800 j--:--_._.
866 4784 939 4800 j,-
999 4799 1033 4800 ,,
1142 4789 1154 4800 ο
1243 4799 1248 4800 ,
1363 4793 1376 4800 -
1429 4795 1440 4800 -
1651 4797 1686 4800 κ,

2275 4704 2386 4772 quia
2417 4714 2472 4760 et
2498 4723 2528 4762 a
2558 4709 2716 4768 Patre
2744 4716 2938 4774 missus
2983 4729 3088 4790 est,
3119 4731 3173 4779 et
3197 4741 3227 4780 a
3275 4727 3432 4788 Filio.
3463 4732 3634 4792 Porro
3664 4695 3846 4800 auten;

563 4777 816 4834 desinant
856 4784 1110 4856 deinceps
1141 4789 1192 4842 in
1236 4793 1473 4849 tenebris
1500 4797 1789 4855 mortiferae
1827 4777 2154 4866 inﬁdelitatis

559 4883 764 4925 errare.
796 4867 898 4938 Qui
940 4888 1062 4928 cum
1099 4875 1248 4935 Filio
1276 4881 1599 4941 sacriﬁcium
1625 4904 1731 4945 non
1755 4891 2008 4961 offerunt,
2041 4907 2094 4953 et
2121 4917 2153 4956 a

559 4957 665 5014 ﬁde
692 4963 1117 5030 patriarcharum
1147 4984 1210 5025 ac
1241 4975 1626 5044 prophetarum
1661 4983 1953 5041 miserabili
1983 4957 2151 5047 obdu-

560 5422 618 5470 et
647 5419 937 5476 secundam
984 5428 1380 5497 correptionem
1409 5433 1480 5488 sit
1515 5438 1840 5499 omnimodis
1867 5419 2146 5506 evitandus

557 5501 690 5577 (Tit.
717 5521 793 5572 tn,
824 5508 1018 5582 10),εο
1044 5517 1191 5588 quod
1211 5519 1474 5590 ejusmodi
1499 5541 1606 5583 non
1629 5531 1804 5588 solum
1825 5536 1896 5591 sit
1922 5501 2145 5595 subver:

552 5607 664 5662 sus,
695 5611 880 5653 verum
909 5602 1068 5660 etiam
1117 5623 1216 5665 suo
1257 5613 1328 5669 sit
1379 5614 1582 5685 judicio
1623 5624 2034 5686 condemnatus.
2075 5630 2135 5687 Si

552 5685 648 5755 qui
674 5700 804 5744 vero
832 5690 1078 5750 catholici
1107 5695 1315 5770 ﬁdeles,
1337 5704 1494 5776 hujus
1521 5715 1843 5771 sacramenti
1873 5731 2132 5784 nuncus-

635 5880 1239 5980 zﬂucirrepseranot'e;
1267 5899 1506 5980 margine
1535 5903 2137 5980 verbaista,rl’r0phet¢

551 5958 900 6017 τατίπιοηὸηω
911 5959 977 6014 de
989 5964 1250 6030 sacriﬁcio
1271 5958 1409 6036 quod
1429 5986 1566 6024 nunc
1585 5975 1641 6027 in
1661 5958 2132 6055 Ecclesia

2261 4796 2307 4849 si
2335 4799 2500 4855 misso
2545 4804 2764 4861 mittens
2804 4811 2985 4878 potior
3023 4824 3104 4872 est
3155 4821 3484 4894 credendus,
3517 4846 3846 4902 cognoscant

2261 4886 2314 4943 in
2364 4891 2468 4949 hoc
2495 4910 2659 4951 suam
2680 4903 2927 4974 convinci
2958 4909 3252 4981 perﬁdiam,
3305 4920 3428 4988 quia
3459 4923 3595 4979 sicut
3625 4943 3652 4981 a
3686 4928 3844 4989 Patre

2259 4988 2315 5034 et
2362 4981 2498 5041 Filio
2526 4989 2719 5046 missus
2747 4993 2943 5063 legitur
2987 4998 3216 5070 Spiritus
3255 5021 3491 5080 sanctus,
3524 5019 3599 5074 sic
3624 5035 3654 5074 a
3684 5021 3843 5081 Patre

2259 5084 2314 5132 et
2339 5074 2539 5148 Spiritu
2566 5083 2760 5141 missus
2802 5087 3072 5148 invenitur
3099 5104 3154 5151 et
3183 5097 3366 5157 Filius.
3413 5074 3566 5172 Quod
3612 5074 3842 5182 ipseWP-i:

2255 5167 2359 5223 lius
2388 5179 2444 5225 et
2467 5185 2566 5242 per
2592 5177 2930 5247 prophetam,
2960 5187 3130 5242 multo
3170 5167 3458 5264 antequam
3506 5167 3836 5270 mitteretur.

2256 5258 2409 5325 dixit,
2437 5271 2492 5317 et
2513 5279 2797 5335 postquam
2845 5273 3039 5332 missus
3073 5288 3174 5346 est,
3205 5258 3420 5355 propria
3460 5291 3839 5356 testiﬁcatione

2256 5348 2504 5408 ﬁrmavit.
2535 5356 2667 5413 Nam
2689 5362 2907 5419 veniens
2936 5366 2990 5422 in
3019 5348 3736 5456 Nazaretli,-et‘syiiagogam
3759 5392 3836 5446 in-

2253 5457 2488 5514 gressus,
2520 5465 2642 5504 cum
2675 5453 2870 5510 tradito
2924 5458 3024 5515 sibi
3074 5463 3140 5518 ad
3196 5466 3480 5537 legendum
3521 5453 3658 5533 libro
3688 5480 3834 5538 Isaizr

2253 5540 2727 5609 prophet'e,'illum
2757 5546 2933 5605 locum
2957 5555 3258 5613 revolveret
3297 5563 3384 5618 ubi
3417 5568 3672 5639 scriptum
3703 5583 3784 5629 est
3817 5593 3829 5627 :

2248 5626 2477 5697 Spiritus
2519 5629 2734 5690 Domini
2785 5654 2939 5710 super
2976 5660 3073 5709 me,
3123 5660 3330 5718 prapler
3352 5658 3504 5727 "quod
3523 5626 3825 5730 ’ωιτη-ἦτε,

2243 5720 2599 5791 euangelizare
2641 5729 2950 5798 pauperibus
2988 5735 3126 5790 misit
3149 5754 3233 5793 me
3261 5720 3413 5812 (Luc.
3446 5762 3516 5813 iv,
3548 5748 3637 5823 18)
3666 5770 3679 5806 :
3708 5720 3825 5810 red:

2238 5923 3129 6022 Sﬁﬁjﬂfaahtafitnsasuapec
3150 5937 3205 5997 in
3235 5954 3364 6003 mss.
3394 5944 3682 6022 ωωωτ.
3713 5967 3818 6016 nec

2235 5991 2527 6057 quidquam
2554 6001 2739 6056 sensui
2756 5991 3060 6064 conferunt.
