4068 6460
891 356 927 364 ,ν
957 357 1008 372 ,ι
1053 358 1069 365 -.
1099 351 1312 375 ,ηδ-,να
1353 349 1362 354 ·

557 394 662 493 is:

1585 431 1644 490 8.
1683 425 2051 488 FULGENTII
2087 422 2392 487 EPISCOPI
2425 422 2796 482 RUSPENSIS

3739 421 3854 472 με

559 525 870 630 hominibus
897 559 1057 622 posse
1085 544 1270 615 augeri
1298 545 1599 612 credimus,
1640 547 1719 601 sic
1764 545 1816 599 in
1868 543 1948 598 eis
1993 558 2154 614 posse
2182 544 2232 605 Α
2327 540 2453 596 Saul
2488 554 2704 610 quoque
2748 537 3089 610 prophetiam
3122 537 3329 606 habuit,
3353 544 3411 596 et
3436 537 3625 602 Sithon
3651 540 3854 612 Iasus

559 631 727 698 minui
770 658 890 699 .non
939 653 1216 707 negamus.
1249 637 1382 692 Nam
1412 653 1533 694 cum
1564 636 1701 692 dona
1751 644 1876 690 sunt
1921 634 2152 705 Spiritus

558 717 750 796 sancti,
783 733 995 796 caritas,
1025 729 1288 801 gaudium,
1319 747 1441 800 pax,
1489 728 1878 800 longanimitas,
1927 713 2149 789 bonitas,

559 824 871 896 benignitas,
899 823 1052 893 fides,
1098 820 1374 886 modestia,
1428 821 1747 874 continentia
1772 818 1921 887 (Gal.
1950 834 2004 882 v,
2029 817 2149 886 22);

559 924 617 973 et
663 931 784 970 cum
826 915 918 968 alii
961 914 1108 968 detur
1135 930 1228 982 per
1256 913 1510 982 Spiritum
1535 927 1702 965 sermo
1743 910 2033 980 sapientiae,
2063 909 2156 964 alii

561 1017 730 1062 autem
775 1024 943 1062 sermo
995 1007 1224 1060 scientia:
1264 1005 1544 1059 secundum
1592 1003 1825 1057 eumdem
1875 1001 2149 1073 Spiritum,

562 1101 713 1154 alteri
743 1098 872 1169 fides
915 1099 971 1151 in
999 1097 1178 1151 eodem
1225 1096 1426 1166 Spiritu
1452 1095 1504 1166 (Ι
1537 1096 1657 1150 Cor.
1681 1111 1773 1158 xu,
1795 1093 1884 1165 8);
1930 1093 2044 1148 haec
2075 1101 2155 1147 ta-

561 1201 688 1245 men
717 1188 898 1243 omnia
929 1195 1153 1258 possunt
1174 1187 1228 1242 in
1258 1187 1566 1242 hominibus
1595 1195 1647 1240 et
1678 1185 1862 1254 augeri
1889 1192 1944 1240 et
1963 1184 2152 1240 minui.

562 1279 718 1336 Unde
764 1286 846 1334 est
875 1278 1006 1334 illud
1035 1277 1180 1348 quod
1232 1277 1333 1348 ipsi
1381 1276 1612 1347 apostoli
1658 1283 2004 1345 augmentum
2030 1274 2154 1328 ﬁdei

562 1372 661 1432 sibi
687 1370 956 1426 aDomino
978 1369 1252 1439 postulant
1271 1367 1586 1433 condonari,
1605 1367 1875 1422 dicentes:
1905 1364 2150 1432 Domine,

563 1463 764 1532 adauge
785 1462 931 1516 nobis
943 1462 1098 1532 fidem
1114 1459 1266 1532 (Luc.
1283 1475 1407 1526 xvn,
1423 1458 1500 1528 5).
1517 1459 1573 1512 ln
1589 1459 1814 1514 caritate
1823 1471 2039 1526 quoque
2055 1470 2157 1511 nos

561 1567 804 1610 crescere
824 1595 839 1619 ,
872 1555 986 1623 ipse
1014 1554 1204 1607 beatus
1233 1552 1570 1606 demonstrat
1597 1550 1905 1622 Apostolus,
1937 1549 2028 1619 qui
2056 1549 2152 1602 ait:

570 1645 852 1700 Veritatem
883 1653 1054 1698 autem
1083 1645 1329 1715 facientes
1348 1684 1363 1710 ,
1395 1646 1448 1696 in
1497 1644 1718 1697 caritate
1759 1658 2068 1708 crescamus,
2100 1642 2157 1695 in

561 1737 650 1792 illo
679 1754 770 1808 per
799 1737 972 1790 omnia
1005 1735 1225 1808 (Ep/tes.
1282 1751 1355 1798 tv,
1389 1734 1501 1807 l5).
1552 1733 1833 1802 Quomodo
1871 1741 2050 1790 autem
2100 1734 2155 1788 in

561 1829 785 1882 caritate
809 1829 1121 1892 crescimus,
1154 1826 1257 1883 nisi
1295 1841 1418 1881 cum
1467 1825 1614 1881 dono
1663 1825 1851 1894 gratim
1898 1823 2155 1895 spiritalis

2255 631 2502 693 credidit,
2542 639 2596 685 et
2623 631 2874 700 baptismi
2915 638 3312 686 sacramentum
3342 633 3569 701 accepit,
3613 648 3733 688 nam
3785 642 3853 692 et

2253 723 2544 787 daemones,
2576 723 2700 777 dum
2731 723 2955 777 credunt
3003 731 3058 777 et
3101 723 3540 787 contremiscunt,
3595 724 3854 782 videntur

2254 819 2456 874 habere
2487 818 2670 884 ﬁdem,
2704 819 2800 873 sed
2829 818 2960 872 nihil
2985 818 3063 873 eis
3088 818 3326 887 prodest,
3357 819 3481 889 quia
3511 836 3618 875 non
3641 820 3853 876 habent

2253 910 2557 964 caritatem.
2608 908 2759 963 Multi
2811 910 2972 963 etiam
3024 908 3306 964 facultates
3346 925 3471 965 suas
3519 914 3854 980 pauperibus

2254 1010 2561 1072 erogantes,
2588 1002 2710 1072 quia
2741 1017 2847 1056 non
2884 1009 3208 1056 curaverunt
3235 990 3576 1070 acquirendae
3599 1005 3853 1060 caritatis

2254 1092 2488 1148 studium
2540 1092 2868 1163 impendere,
2916 1107 3003 1146 res
3049 1091 3262 1161 quidem
3311 1106 3437 1146 suas
3483 1093 3852 1160 donaverunt,

2255 1184 2400 1254 quod
2429 1183 2552 1239 ideo
2580 1184 2708 1239 nihil
2737 1183 2816 1238 eis
2835 1183 3199 1252 profuit,quia
3230 1182 3437 1252 seipsos
3474 1183 3850 1253 perdiderunt,

2257 1291 2366 1330 non
2395 1274 2724 1344 acquirendo
2753 1274 3054 1340 caritatem,
3101 1288 3262 1341 quam
3309 1272 3588 1342 acquirere
3640 1275 3854 1328 debue-

2257 1374 2402 1421 runt.
2437 1364 2532 1420 llis
2563 1366 2725 1432 igitur
2748 1365 3150 1420 demonstratur
3182 1364 3392 1420 indiciis
3420 1364 3494 1428 ibi
3523 1379 3646 1421 esse
3675 1365 3853 1434 Spiri-

2259 1464 2370 1512 tum
2401 1464 2644 1510 sanctum
2670 1455 2757 1509 ubi
2787 1463 2869 1510 est
2900 1454 3019 1512 linis
3050 1455 3324 1524 praecepti,
3353 1455 3458 1511 hoc
3499 1465 3600 1514 est.
3652 1459 3855 1512 caritas

2258 1548 2323 1602 de
2351 1564 2479 1619 puro
2507 1547 2683 1608 corde,
2714 1557 2762 1622 et
2793 1548 3106 1606 conscientia
3149 1548 3305 1616 bona,
3343 1556 3392 1601 et
3433 1547 3537 1616 fide
3579 1565 3681 1602 non
3722 1549 3852 1619 ﬁcta

2261 1640 2315 1712 (1
2350 1641 2484 1696 Tim.
2512 1657 2552 1708 ι,
2583 1638 2660 1710 5).
2695 1637 2797 1716 Ubi
2842 1647 3022 1694 autem
3066 1654 3186 1695 cum
3229 1639 3332 1696 lide
3373 1640 3570 1695 caritas
3606 1656 3715 1694 non
3748 1648 3852 1707 est,

2259 1749 2593 1806 quaecunque
2637 1733 2780 1804 dona
2829 1732 3060 1808 Spiritus
3098 1733 3269 1787 sancti
3312 1747 3430 1787 esse
3460 1748 3640 1802 posse,
3671 1734 3853 1803 ipsum

2258 1841 2390 1882 vero
2414 1825 2673 1896 Spiritum
2704 1833 2949 1880 sanctum
2979 1839 3098 1879 esse
3126 1841 3235 1878 non
3263 1839 3449 1894 posse;
3501 1839 3566 1880 ac
3591 1840 3688 1896 per
3721 1825 3852 1894 hoc,

561 1926 894 1973 crementum
926 1917 1217 1986 accipimus
1246 1917 1525 1970 caritatis?
1545 1915 1750 1970 Caritas
1774 1917 1912 1970 enim
1941 1915 2039 1968 Dei
2061 1915 2160 1985 dif-
2187 1909 2236 1978 Β
2263 1918 2396 1973 nihil
2424 1917 2682 1988 prodesse
2705 1917 2918 1972 illorum
2960 1915 3227 1972 donorum
3277 1916 3601 1984 largitatem,
3643 1917 3734 1972 ubi
3775 1918 3854 1976 sic

561 2013 678 2083 fusa
712 2019 789 2064 est
835 2012 888 2063 in
921 2009 1160 2064 cordibus
1182 2010 1369 2064 nostris
1390 2024 1481 2078 per
1506 2006 1759 2076 Spiritum
1780 2015 2040 2072 sanctum,
2071 2007 2160 2077 qui

567 2103 721 2156 datus
771 2111 846 2156 est
878 2102 1023 2155 nobis
1064 2101 1239 2171 (Rom.
1273 2099 1348 2172 v).
1375 2099 1491 2154 Hoc
1517 2099 1748 2154 sentitur
1774 2107 1830 2154 et
1859 2098 1927 2154 de
1949 2099 2160 2154 caneris

559 2191 885 2262 spiritalibus
912 2191 1089 2258 donis,
1120 2205 1239 2260 qtue
1265 2205 1363 2261 pro
1393 2190 1814 2260 uniuscujusque
1842 2198 2036 2260 captu,
2066 2192 2159 2247 vel

560 2285 744 2355 augeri
775 2285 856 2339 vel
897 2284 1064 2338 minui
1092 2283 1341 2339 dicuntur
1381 2284 1435 2339 in
1464 2283 1638 2338 nobis.
1670 2282 1940 2350 Quoniam
1966 2284 2155 2339 talium

559 2381 834 2431 crementa
865 2374 1295 2443 detrimentaque
1322 2375 1732 2440 charismatum,
1761 2375 2057 2430 secundum
2104 2376 2158 2432 id

559 2465 829 2531 dicuntur,
850 2464 996 2535 quod
1025 2465 1344 2534 quibusdam
1373 2481 1470 2521 seu
1490 2465 1612 2536 plus
1632 2481 1726 2521 seu
1749 2463 1929 2520 minus
1949 2465 2154 2532 insunt,

561 2573 668 2612 non
699 2556 842 2626 quod
873 2557 924 2611 in
955 2572 1014 2612 se
1042 2557 1129 2612 vel
1156 2557 1339 2626 augeri
1369 2557 1456 2612 vel
1471 2556 1638 2612 minui
1668 2564 1914 2627 possunt.
1948 2555 2080 2610 Nam
2104 2565 2161 2613 et

560 2645 642 2701 sol
666 2654 848 2701 tantus
894 2655 979 2702 est
1023 2662 1147 2702 cum
1187 2647 1400 2703 videtur
1429 2647 1498 2703 ab
1525 2647 1697 2704 oculis
1735 2647 1900 2713 sanis,
1926 2656 2160 2718 quantus

559 2751 683 2792 cum
707 2737 922 2793 videtur
945 2753 977 2792 a
1001 2739 1218 2804 sauciis,
1250 2753 1349 2794 nec
1369 2738 1486 2809 ipse
1512 2737 1793 2807 minuitur,
1820 2753 1945 2794 cum
1979 2739 2159 2795 minus

562 2829 630 2883 ab
658 2829 829 2883 oculis
869 2829 1097 2884 turbatis
1121 2829 1433 2900 percipitur,
1463 2844 1564 2885 nec
1592 2837 1838 2898 augetur,
1878 2843 2002 2885 cum
2042 2844 2158 2884 am-

559 2920 701 2993 plius
720 2920 892 2976 oculis
919 2921 1068 2976 sanis
1107 2921 1425 2976 infunditur.
1458 2919 1595 2988 Quia
1646 2920 1933 2978 diversitas
1961 2922 2051 2977 illa
2080 2923 2158 2980 vi-

559 3017 726 3072 sionis
757 3031 865 3071 non
892 3031 958 3072 ex
982 3016 1295 3071 diversitate
1323 3017 1453 3072 solis
1481 3015 1682 3083 evenit,
1712 3014 1808 3071 sed
1853 3016 1909 3071 in
1931 3016 2158 3072 diversi.

561 3117 674 3164 tate
726 3109 973 3165 sanitatis
1030 3109 1462 3178 inﬁrmitatisque
1513 3109 1776 3166 consistit.
1804 3107 1871 3163 Et
1910 3109 2158 3178 quamvis

560 3214 723 3255 unum
775 3200 973 3265 minus,
1002 3199 1232 3254 alterum
1280 3201 1452 3269 magis
1479 3199 1780 3267 illuminet,
1831 3200 1946 3269 ipse
1975 3208 2156 3255 tamen

560 3306 726 3344 unum
753 3299 915 3358 atque
943 3289 1084 3344 idem
1115 3290 1166 3343 in
1196 3304 1256 3344 se
1297 3290 1477 3344 lumen
1518 3291 1700 3355 habet,
1725 3289 1868 3360 quod
1892 3306 2030 3346 unus
2055 3293 2158 3348 mi-
2186 3297 2234 3364 ε

560 3398 681 3450 nus,
712 3382 851 3437 alter
877 3382 1107 3451 amplius
1144 3382 1310 3437 videt.
1333 3382 1425 3438 Sic
1453 3383 1618 3437 etiam
1639 3381 1842 3452 Spiritu
1869 3383 2080 3452 sancto,
2099 3385 2155 3440 in

557 3489 619 3530 se
665 3473 784 3529 sine
811 3481 1099 3542 augmento
1145 3487 1208 3527 ac
1235 3471 1566 3530 detrimento
1606 3473 2010 3528 immutabiliter
2034 3489 2157 3544 per-

561 3573 835 3627 manente,
867 3563 1135 3633 duplicem
1176 3563 1538 3619 sibi'Eliseus
1592 3564 1838 3634 spiritum
1884 3569 2154 3636 poposcit,

560 3656 615 3710 In
663 3670 729 3710 eo
774 3654 919 3726 quod
967 3663 1312 3724 augmentum
1359 3655 1617 3725 spiritalis
1669 3656 1854 3724 gratim
1907 3657 2154 3726 postula-

559 3745 656 3799 vit.

558 3856 740 3913 CApur
779 3873 851 3913 Ix.
889 3855 995 3925 Qui
1018 3857 1260 3913 dicuntur
1289 3861 1445 3914 locuti
1476 3859 1668 3984 linquis
1696 3862 2016 3934 angelorum.
2051 3862 2155 3930 Qui

628 3929 788 3984 leaem
808 3929 1016 3984 docent.
1048 3940 1098 3984 et
1119 3945 1221 3983 non
1253 3931 1472 3984 faciunt.
1505 3931 1549 3984 ι]
1590 3933 1606 3984 i
1634 3934 1848 3984 caritas.
1879 3933 1952 3984 ibi
1980 3934 2154 3984 8ηὶή-

628 3929 788 4053 Ξεθεπι
808 3929 1016 4053 do‘cent,
1048 3940 1098 3984 et
1119 3945 1221 3983 non
1252 3931 1472 4000 faciunt.
1505 3929 1606 3986 Ubi
1634 3929 1848 3997 caritbs,
1879 3933 1952 3989 ibi
1980 3934 2154 4012 Spiri-

651 4016 712 4053 us
740 4016 866 4053 sane
893 4017 968 4053 us.

651 4016 712 4054 αδ
740 4016 968 4054 sanctus.

625 4087 761 4142 Cum
795 4104 923 4160 ergo
945 4091 1112 4145 sancti
1143 4089 1378 4163 Spiritus
1415 4091 1483 4148 ad
1513 4093 1956 4150 sanctiﬁcandum
1987 4097 2153 4153 totius

558 4179 809 4235 Ecclesiae
837 4183 1157 4236 sacriﬁcium
1191 4185 1494 4251 postulatur
1521 4185 1807 4251 adventus,
1837 4188 1968 4242 nihil
2009 4188 2153 4258 aliud

551 4270 820 4342 postulari
854 4271 982 4324 mihi
1013 4271 1225 4342 videtur
1253 4273 1356 4327 nisi
1385 4282 1444 4326 ut
1473 4289 1571 4341 per
1598 4278 1824 4342 gratiam
1853 4277 2150 4344 spiritalem

556 4362 614 4420 in
643 4375 873 4429 corpore
895 4358 1092 4416 Christi
1121 4361 1286 4430 (quod
1306 4370 1387 4417 est
1411 4362 1674 4436 Ecclesia)
1707 4366 1945 4422 caritatis
1975 4368 2153 4424 unitas

559 4452 755 4522 iugiter
784 4450 1078 4518 indisrupta
1110 4459 1372 4506 servetur.
1406 4451 1534 4507 Hcce
1573 4461 1655 4508 est
1684 4455 1825 4509 enim
1857 4457 2152 4528 principale

560 4540 793 4610 Spiritus
817 4541 988 4596 sancti
1005 4539 1230 4606 donum,
1264 4541 1380 4596 sine
1409 4558 1513 4613 qua
1552 4543 1794 4615 quisquis
1823 4546 2014 4620 linguis
2054 4551 2149 4606 ho-

2261 2010 2476 2080 aliquod
2506 2010 2705 2066 donum
2735 2010 2965 2080 Spiritus
2995 2010 3239 2075 habetur,
3267 2017 3321 2062 ut
3344 2009 3459 2079 ipse
3488 2008 3721 2079 Spiritus
3741 1999 3852 2068 non

2260 2101 2540 2157 habeatur.
2573 2101 2807 2156 Proinde
2848 2087 3003 2164 tales,
3051 2103 3151 2156 etsi
3196 2101 3442 2175 videntur
3488 2081 3855 2186 quorumlibet

2259 2203 2611 2266 paternorum
2633 2193 2897 2249 donorum
2927 2194 3235 2264 participes,
3261 2210 3365 2252 non
3397 2202 3574 2248 tamen
3597 2203 3722 2249 sunt
3745 2195 3854 2266 1133-.

2259 2285 2505 2342 reditatis
2535 2293 2774 2354 paterna:
2794 2291 3092 2350 consortes,
3118 2284 3370 2354 quoniam
3391 2283 3617 2354 Spiritus
3642 2295 3854 2358 sancta;

2260 2385 2338 2452 est
2363 2377 2552 2447 pignus
2582 2375 2900 2430 [hereditatis
2931 2372 3122 2429 nostra:
3145 2373 3360 2447 (Ep/tes.
3388 2393 3424 2440 t,
3458 2375 3568 2447 14).
3587 2375 3654 2430 Et
3677 2377 3728 2432 in
3752 2378 3854 2438 hoc

2261 2483 2357 2522 nos
2379 2465 2516 2520 Deus
2537 2475 2587 2520 et
2614 2476 2760 2538 pater
2787 2465 2998 2520 Domini
3040 2468 3202 2536 nostri
3224 2466 3347 2522 Jesu
3370 2467 3560 2546 Christi
3585 2468 3850 2546 benedixi!

2259 2560 2315 2613 in
2337 2561 2476 2614 omni
2501 2558 2851 2613 benedictione
2879 2559 3126 2629 spiritali,
3152 2560 3206 2614 in
3235 2560 3516 2614 cwlestibus
3547 2562 3598 2614 in
3626 2561 3851 2628 Christo,

2262 2654 2391 2706 sicut
2412 2652 2564 2723 elegit
2593 2669 2685 2706 nos
2714 2654 2768 2706 in
2789 2653 2923 2723 ipso,
2957 2661 3076 2705 ante
3105 2652 3283 2705 mundi
3328 2655 3771 2721 constitutionem,

2261 2759 2487 2798 essemus
2535 2745 2703 2798 sancti
2746 2751 2797 2798 et
2844 2744 3165 2798 immaculati
3212 2745 3265 2796 in
3308 2753 3580 2816 conspectu
3609 2748 3774 2818 ipsius
3802 2725 3850 2848 ξιξ

2261 2835 2499 2888 caritate.

2261 2944 2444 3002 CAPUT
2475 2963 2529 3002 ι.
2571 2944 2732 3018 Recte
2758 2947 2914 3018 igitur
2932 2947 2987 3016 in
3011 2947 3271 3018 sacriﬁcio
3301 2948 3468 3017 poscit
3491 2946 3729 3004 Ecclesia
3755 2952 3851 3004 ad-

2331 3027 2533 3090 ventum
2552 3015 2988 3090 Spiritussancti.
3007 3015 3200 3090 Christi
3213 3015 3572 3090 incarnatione
3588 3019 3732 3074 nobis
3750 3038 3851 3090 pa:

2331 3097 2382 3158 et
2430 3085 2603 3158 unitas
2643 3103 2756 3140 cum
2801 3085 2912 3140 Deo
2961 3097 3076 3158 est;
3105 3085 3209 3158 Per
3248 3087 3499 3156 Spiritum
3542 3085 3774 3158 sanctum
3806 3099 3848 3146 el

2333 3155 2567 3211 Christus
2617 3167 2767 3211 natus
2814 3167 2891 3210 est
2933 3166 2984 3210 et
3030 3155 3263 3210 Ecclesia
3293 3155 3514 3212 frenata.
3543 3157 3778 3215 Christus
3808 3172 3852 3215 et

2336 3226 2593 3296 Ecclesia.
2623 3225 2727 3280 Per
2748 3227 3002 3296 Spiritum
3035 3239 3270 3282 sanctum
3297 3230 3471 3283 unitas
3494 3239 3571 3284 est
3591 3229 3784 3296 Christi
3807 3245 3848 3285 et

2334 3295 2604 3369 Ecclesiae.
2648 3296 2754 3369 Per
2783 3295 3038 3366 Spiritum
3065 3307 3298 3369 sanctum
3329 3315 3422 3352 nos
3451 3295 3774 3369 wdiﬁcamur
3799 3303 3848 3356 in

2334 3365 2539 3421 Christo
2564 3367 2804 3438 templum
2828 3365 3067 3421 sanctum
3095 3368 3148 3421 in
3178 3367 3421 3424 Domino.
3535 3381 3538 3384 ‘

2332 3456 2468 3512 Dum
2490 3457 2670 3526 itaque
2697 3455 2936 3512 Ecclesia
2958 3456 3214 3528 Spiritum
3244 3470 3488 3516 sanctum
3517 3462 3619 3518 sibi
3643 3464 3850 3522 caelitus

2257 3551 2495 3624 postulat
2541 3552 2701 3617 mitti,
2745 3551 2946 3607 donum
2993 3552 3093 3608 sibi
3135 3555 3373 3609 caritatis
3401 3564 3455 3609 et
3485 3557 3849 3616 nuanimitatis

2258 3643 2496 3716 postulat
2525 3659 2554 3698 a
2584 3643 2697 3699 Deo
2725 3643 2976 3700 conferri.
3007 3643 3232 3712 Quando
3261 3654 3440 3701 autem
3469 3652 3847 3719 congruentius

2258 3731 2417 3804 quam
2447 3735 2516 3791 ad
2547 3735 2976 3792 consecrandum
3015 3738 3335 3794 sacriﬁcium
3372 3741 3617 3810 corporis
3651 3723 3847 3800 Christi

2256 3835 2443 3883 sancta
2475 3826 2708 3883 Ecclesia
2733 3831 2874 3898 (qum
2903 3844 3099 3901 corpus
3119 3837 3200 3884 est
3229 3828 3450 3902 Christi)
3475 3830 3707 3902 Spiritus
3736 3851 3846 3892 san-

2272 3920 2345 3975 cti
2377 3919 2635 3990 deposcat
2664 3919 2990 3975 adventum?
3031 3935 3147 3990 qua:
3174 3922 3344 3992 ipsum
3375 3933 3534 3994 caput
3562 3941 3718 3981 suum
3762 3943 3850 3984 se-

2258 4009 2494 4065 cundum
2542 4025 2757 4065 carnem
2807 4011 2874 4066 de
2911 4010 3112 4082 Spiritu
3152 4022 3340 4069 sancto
3379 4016 3592 4070 noverit
3638 4027 3846 4074 natum.

2255 4101 2346 4156 Sic
2375 4103 2516 4156 enim
2549 4101 2791 4170 angelico
2823 4103 2985 4157 Maria
3015 4102 3336 4159 informatur
3375 4106 3590 4175 eloquio
3618 4127 3631 4160 :
3671 4109 3851 4180 Spiri-

2256 4202 2337 4248 tus
2362 4203 2570 4247 sanctus
2600 4196 2918 4263 superveniet
2938 4197 2990 4250 in
3017 4204 3084 4261 te,
3109 4205 3158 4250 et
3188 4199 3350 4252 virtus
3379 4199 3635 4254 Altissimi
3663 4202 3848 4256 obum-

2255 4281 2424 4335 brabit
2454 4282 2563 4336 tibi.
2596 4281 2820 4354 Ideoque
2845 4286 2982 4355 quod
3010 4296 3250 4341 nascetur
3278 4304 3343 4342 ex
3373 4299 3420 4343 te
3440 4301 3676 4345 sanctum
3698 4309 3852 4348 voca-

2257 4371 2393 4425 bitur
2423 4369 2591 4426 Filius
2647 4371 2743 4427 Dei
2789 4373 2940 4444 (Luc.
2992 4393 3030 4443 ι,
3081 4375 3190 4449 55).
3243 4377 3580 4448 Evangelista
3629 4398 3852 4456 quoque

2257 4460 2536 4518 Matthmus
2581 4463 2770 4519 eodem
2817 4466 3018 4537 Spiritu
3069 4477 3255 4524 sancto
3308 4473 3547 4542 repletus
3594 4474 3847 4545 aﬂiruiat,

2254 4553 2374 4623 quia
2407 4567 2527 4607 "cum
2568 4555 2878 4624 desponsata
2903 4568 3035 4612 esset
3059 4568 3223 4614 mater
3263 4561 3375 4632 ejus
3419 4563 3593 4618 Maria
3630 4565 3845 4638 Joseph,

539 4685 543 4691 _
565 4630 1174 4702 minumangelorumque
1193 4634 1574 4708 loquitur,velut
1592 4651 1666 4706 tes
1678 4653 1887 4697 sonans.
1907 4650 2151 4712 autcym-
2175 4673 2232 4736 D
2255 4643 2553 4714 priusquam
2593 4649 2940 4713 convenirent,
2984 4651 3190 4704 inventa
3211 4630 3362 4707 est—in
3384 4663 3531 4710 utero
3558 4630 3766 4713 habens.
3787 4630 3852 4715 de

560 4723 731 4776 balum
764 4724 1008 4784 tinniens,
1037 4739 1228 4776 sonum
1256 4723 1383 4780 dare
1409 4735 1603 4796 potest,
1633 4731 1792 4802 vitam
1823 4731 2023 4796 habere
2041 4751 2150 4790 non

558 4815 666 4884 35
691 4821 885 4882 potest.
913 4813 1028 4868 Etsi
1056 4815 1250 4870 habeat
1271 4833 1470 4872 omnem
1495 4822 1837 4890 prophetiam,
1863 4835 1918 4880 et
1937 4830 2152 4892 noverit

558 4901 802 4970 mysteria
825 4903 997 4955 omnia
1021 4914 1068 4956 et
1110 4921 1310 4959 omnem
1339 4909 1625 4973 scientiam,
1679 4913 1776 4965 etsi
1815 4891 2149 4972 habeatlom-

556 5010 670 5047 nem
697 4994 874 5063 ﬁdem,
907 4995 1055 5047 itaut
1085 5005 1284 5049 montes
1315 4999 1626 5068 transferat,
1660 5005 1932 5068 caritatem
1977 5018 2149 5066 autem

545 5101 658 5138 non
690 5085 906 5148 habeat,
929 5086 1058 5139 nihil
1084 5097 1179 5139 est.
1209 5087 1326 5142 Etsi
1350 5090 1679 5146 distribuerit
1708 5096 1763 5166 in
1793 5095 1931 5152 cibos
1960 5116 2149 5172 paupe-

554 5193 666 5230 rum
696 5195 873 5246 omnes
904 5180 1179 5248 facultates
1209 5195 1352 5243 suas,
1395 5190 1444 5235 et
1472 5183 1749 5241 tradiderit
1779 5204 1963 5259 corpus
1989 5207 2145 5248 suum

553 5277 607 5319 ut
629 5269 828 5331 ai'tleat,
859 5271 1130 5324 caritatem
1151 5279 1321 5326 autem
1345 5289 1447 5327 non
1474 5276 1687 5342 habeat,
1721 5280 1852 5354 nihil
1872 5282 1920 5336 ei
1938 5285 2150 5352 prodest

558 5354 608 5420 (1
636 5354 755 5408 Cor.
789 5373 898 5422 χιιι,
934 5359 984 5421 l,
1019 5359 1316 5432 2,3).Nam
1339 5363 1463 5430 quia
1489 5364 1656 5433 legem
1689 5366 2147 5440 dicitApostolus,

553 5445 846 5536 ordinatam
863 5464 954 5516 per
969 5450 1178 5519 angelos
1199 5452 1253 5504 in
1283 5469 1437 5506 manu
1461 5439 1914 5528 mediatoriilCal.
1933 5478 2007 5528 nl,
2035 5464 2146 5536 l9),

555 5535 750 5602 linguis
780 5534 944 5614 locuti
989 5549 1114 5592 sunt
1143 5543 1476 5610 angelorum,
1507 5547 1598 5614 qui
1628 5546 1680 5600 in
1710 5563 1825 5616 ore,
1870 5567 1990 5621 qum
2017 5534 2150 5621 legis

552 5637 676 5682 sunt
699 5628 790 5697 (al.
827 5627 1117 5700 legebant),
1137 5633 1422 5703 docebant,
1451 5647 1505 5693 et
1534 5623 1993 5711 adversus'legem
2025 5661 2150 5715 pra-

557 5719 632 5774 vis
661 5720 915 5789 operibus
947 5721 1266 5779 militabant.
1301 5727 1374 5782 De
1403 5729 1596 5798 quibus
1623 5733 1738 5802 ipse
1782 5733 2032 5790 Salvator
2065 5735 2150 5791 di-

522 5809 625 5864 .cit
656 5826 667 5862 :
694 5806 827 5873 Duc
855 5809 1056 5879 dicunt,
1082 5813 1257 5884 facile,
1275 5833 1390 5887 qua:
1409 5829 1578 5882 autem
1605 5824 1838 5892 faciunt,
1869 5826 2042 5894 facere
2061 5816 2178 5884 ηοξ

521 5898 670 5964 lite;
701 5901 878 5972 dicunt
907 5901 1046 5962 enim
1073 5913 1123 5961 et
1153 5921 1257 5962 non
1284 5908 1491 5970 faciunt
1521 5909 1737 5975 (Matth.
1770 5926 1923 5979 χχιιι,
1951 5912 2030 5976 3).

2259 4734 2457 4805 Spiritu
2485 4749 2662 4792 sancto
2693 4739 2904 4816 (Matth.
2929 4757 2964 4805 ι,
2987 4741 3098 4809 l8).
3130 4742 3194 4797 Et
3216 4745 3281 4798 ad
3311 4745 3507 4816 .Ioseph
3538 4748 3616 4803 sic
3641 4766 3849 4807 memo-

2256 4836 2342 4880 rat
2369 4829 2616 4896 angelum
2670 4832 2722 4885 in
2765 4834 2968 4886 somnis
3015 4834 3246 4889 dixisse:
3279 4837 3491 4906 Joseph,
3523 4841 3604 4910 ﬁli
3652 4841 3846 4912 David,

2259 4920 2364 4973 noli
2405 4921 2582 4975 timere
2631 4925 2864 4992 accipere
2917 4923 3144 4980 Mariam
3190 4913 3458 5000 conjugein
3501 4941 3680 4986 tuam:
3711 4936 3848 5005 quod

2255 5012 2395 5063 enim
2462 5012 2514 5064 in
2577 5029 2639 5066 ea
2700 5024 2878 5066 natum
2935 5024 3050 5079 est,
3115 5017 3180 5070 de
3238 5016 3438 5089 Spiritu
3496 5033 3678 5078 sancto
3743 5036 3842 5082 est.
3895 5065 3900 5070 -

2257 5101 2394 5167 Quid
2439 5118 2570 5157 vero
2620 5113 2703 5158 est
2758 5105 2900 5159 illius
2951 5107 3337 5165 incarnationis
3393 5111 3675 5170 dominica:
3716 5119 3842 5190 ;my-

2255 5192 2422 5246 sterio
2450 5193 2673 5259 factum,
2706 5196 2806 5250 nisi
2846 5204 2905 5251 ut
2953 5197 3119 5253 divisa
3168 5201 3477 5270 unirentdr,
3531 5214 3586 5259 et
3633 5207 3842 5264 discor--

2253 5285 2435 5339 dantia
2465 5291 2828 5356 pacarentur?
2861 5289 3034 5346 Testis
3075 5300 3156 5347 est
3186 5295 3326 5349 enim
3361 5294 3556 5352 Paulus
3584 5299 3652 5354 de
3679 5299 3840 5356 Chri-

2251 5385 2373 5430 sto:
2410 5375 2543 5440 Quia
2581 5379 2692 5448 ipse
2732 5389 2808 5433 est
2847 5398 2953 5450 pax
2980 5393 3156 5437 nostra
3186 5387 3272 5453 qui
3301 5389 3421 5457 fecit
3443 5399 3658 5462 utraque
3682 5409 3841 5449 unum

2251 5476 2300 5520 et
2343 5469 2565 5521 medium
2609 5471 2856 5539 parietem
2895 5477 3152 5541 maceriae,
3205 5479 3406 5535 solvens
3446 5483 3746 5540 inimicitias
3782 5488 3838 5541 in

2251 5573 2408 5612 carne
2453 5575 2588 5612 sua:
2621 5561 2782 5630 legem
2823 5566 3190 5622 mandatorum
3229 5569 3450 5625 decretis
3478 5590 3754 5644 eraeuans,
3782 5585 3836 5632 ut

2249 5647 2378 5701 duos
2420 5649 2606 5702 condat
2653 5651 2706 5704 in
2756 5656 3028 5726 semetipso
3055 5659 3147 5727 (al.
3192 5663 3563 5735 semetipsum)
3595 5668 3646 5719 in
3678 5685 3835 5724 unum

2248 5753 2433 5792 novum
2459 5739 2734 5808 hominem,
2759 5745 2866 5814 36
2894 5749 3091 5817 faciens
3110 5767 3302 5820 pacem,
3334 5764 3389 5805 ut
3409 5759 3703 5813 reconciliet
3725 5778 3834 5815 am-

2245 5827 2337 5883 bos
2357 5830 2412 5883 in
2434 5847 2537 5887 uno
2565 5848 2777 5905 corpore
2815 5835 2950 5904 Deo;
2973 5856 3064 5910 per
3089 5858 3286 5898 crucem
3320 5847 3637 5917 interficiens
3660 5852 3833 5909 inimi—

2247 5921 2396 5992 citias
2441 5924 2495 5978 in
2540 5929 2852 5998 semetipso:
2879 5939 2930 5986 et
2965 5936 3171 5991 veniens
3217 5942 3585 6020 evangelizm'it
3626 5963 3827 6018 pacem,
