  <div class='ocr_page' id='page_1' title='image "/cluster/home/n/w/nwhite01/storage/ocr_20150623/65/hvd.32044015469315/102.png"; bbox 0 0 4068 6470; ppageno 0'>
   <div class='ocr_carea' id='block_1_1' title="bbox 152 460 301 547">
    <p class='ocr_par' dir='ltr' id='par_1_1' title="bbox 152 460 301 547">
     <span class='ocr_line' id='line_1_1' title="bbox 152 460 301 547; baseline -0.034 0"><span class='ocrx_word' id='word_1_1' title='bbox 152 490 245 547; x_wconf 73' lang='grc'><strong><em>189</em></strong></span> <span class='ocrx_word' id='word_1_2' title='bbox 292 460 301 465; x_wconf 69' lang='grc'><strong>’</strong></span> 
     </span>
    </p>
   </div>
   <div class='ocr_carea' id='block_1_2' title="bbox 1410 445 2121 552">
    <p class='ocr_par' dir='ltr' id='par_1_2' title="bbox 1410 445 2121 552">
     <span class='ocr_line' id='line_1_2' title="bbox 1410 445 2121 552; baseline 0.011 -8"><span class='ocrx_word' id='word_1_3' title='bbox 1410 490 1501 545; x_wconf 72' lang='grc' dir='ltr'>ω</span> <span class='ocrx_word' id='word_1_4' title='bbox 1534 445 1853 546; x_wconf 74' lang='lat' dir='ltr'><strong><em>noruan</em></strong></span> <span class='ocrx_word' id='word_1_5' title='bbox 1892 490 2020 548; x_wconf 78' lang='lat' dir='ltr'><strong><em>ue.</em></strong></span> <span class='ocrx_word' id='word_1_6' title='bbox 2056 491 2121 552; x_wconf 78' lang='grc' dir='ltr'><strong><em>ιι.</em></strong></span> 
     </span>
    </p>
   </div>
   <div class='ocr_carea' id='block_1_3' title="bbox 3297 464 3399 548">
    <p class='ocr_par' dir='ltr' id='par_1_3' title="bbox 3297 464 3399 548">
     <span class='ocr_line' id='line_1_3' title="bbox 3297 464 3399 548; baseline 0.02 -2"><span class='ocrx_word' id='word_1_7' title='bbox 3297 464 3399 548; x_wconf 61' lang='lat' dir='ltr'><strong><em>ira</em></strong></span> 
     </span>
    </p>
   </div>
   <div class='ocr_carea' id='block_1_4' title="bbox 151 575 3396 695">
    <p class='ocr_par' dir='ltr' id='par_1_4' title="bbox 151 575 3396 695">
     <span class='ocr_line' id='line_1_4' title="bbox 151 575 3396 695; baseline 0 -36"><span class='ocrx_word' id='word_1_8' title='bbox 151 607 223 661; x_wconf 83' lang='lat' dir='ltr'><strong><em>his</em></strong></span> <span class='ocrx_word' id='word_1_9' title='bbox 241 603 323 677; x_wconf 90' lang='lat' dir='ltr'><strong><em>qui</em></strong></span> <span class='ocrx_word' id='word_1_10' title='bbox 349 600 529 675; x_wconf 89' lang='lat' dir='ltr'><strong><em>longe,</em></strong></span> <span class='ocrx_word' id='word_1_11' title='bbox 559 610 610 659; x_wconf 90' lang='lat' dir='ltr'><strong><em>et</em></strong></span> <span class='ocrx_word' id='word_1_12' title='bbox 632 618 810 685; x_wconf 77' lang='lat' dir='ltr'><strong><em>pacem</em></strong></span> <span class='ocrx_word' id='word_1_13' title='bbox 832 601 910 658; x_wconf 87' lang='lat' dir='ltr'><strong><em>his</em></strong></span> <span class='ocrx_word' id='word_1_14' title='bbox 940 602 1026 676; x_wconf 78' lang='lat' dir='ltr'><strong><em>qui</em></strong></span> <span class='ocrx_word' id='word_1_15' title='bbox 1054 619 1231 676; x_wconf 85' lang='lat' dir='ltr'><strong><em>prope,</em></strong></span> <span class='ocrx_word' id='word_1_16' title='bbox 1255 604 1375 679; x_wconf 86' lang='lat' dir='ltr'><strong><em>quia</em></strong></span> <span class='ocrx_word' id='word_1_17' title='bbox 1403 605 1456 685; x_wconf 71' lang='lat' dir='ltr'><strong><em>in</em></strong></span> <span class='ocrx_word' id='word_1_18' title='bbox 1479 610 1590 681; x_wconf 73' lang='lat' dir='ltr'><strong><em>ipso</em></strong></span> <span class='ocrx_word' id='word_1_19' title='bbox 1614 608 1711 659; x_wconf 85' lang='lat' dir='ltr'><strong><em>ha-</em></strong></span> <span class='ocrx_word' id='word_1_20' title='bbox 1737 611 1791 670; x_wconf 70' lang='grc' dir='ltr'><strong>Α</strong></span> <span class='ocrx_word' id='word_1_21' title='bbox 1817 622 1956 687; x_wconf 80' lang='lat' dir='ltr'><strong><em>mur,</em></strong></span> <span class='ocrx_word' id='word_1_22' title='bbox 1979 606 2088 695; x_wconf 67' lang='lat' dir='ltr'><strong><em>alio</em></strong></span> <span class='ocrx_word' id='word_1_23' title='bbox 2112 607 2234 690; x_wconf 87' lang='lat' dir='ltr'><strong><em>loco</em></strong></span> <span class='ocrx_word' id='word_1_24' title='bbox 2256 622 2366 689; x_wconf 69' lang='lat' dir='ltr'><strong><em>non</em></strong></span> <span class='ocrx_word' id='word_1_25' title='bbox 2385 605 2455 687; x_wconf 83' lang='lat' dir='ltr'><strong><em>ad</em></strong></span> <span class='ocrx_word' id='word_1_26' title='bbox 2474 575 2627 663; x_wconf 52' lang='lat' dir='ltr'><strong><em>&quot;aliud</em></strong></span> <span class='ocrx_word' id='word_1_27' title='bbox 2646 584 2649 585; x_wconf 13' lang='grc' dir='ltr'><em>ν</em></span> <span class='ocrx_word' id='word_1_28' title='bbox 2667 603 2783 660; x_wconf 83' lang='lat' dir='ltr'><strong><em>ﬁeri</em></strong></span> <span class='ocrx_word' id='word_1_29' title='bbox 2832 609 3060 658; x_wconf 85' lang='lat' dir='ltr'><strong><em>testatur</em></strong></span> <span class='ocrx_word' id='word_1_30' title='bbox 3087 602 3396 679; x_wconf 77' lang='lat' dir='ltr'><strong><em>Apostolus,</em></strong></span> 
     </span>
    </p>
   </div>
   <div class='ocr_carea' id='block_1_5' title="bbox 150 692 1707 769">
    <p class='ocr_par' dir='ltr' id='par_1_5' title="bbox 150 692 1707 769">
     <span class='ocr_line' id='line_1_5' title="bbox 150 692 1707 769; baseline 0.001 -19"><span class='ocrx_word' id='word_1_31' title='bbox 150 697 307 750; x_wconf 84' lang='lat' dir='ltr'><strong><em>bemus</em></strong></span> <span class='ocrx_word' id='word_1_32' title='bbox 322 692 467 748; x_wconf 91' lang='lat' dir='ltr'><strong><em>ambo</em></strong></span> <span class='ocrx_word' id='word_1_33' title='bbox 484 709 744 769; x_wconf 75' lang='lat' dir='ltr'><strong><em>accessum</em></strong></span> <span class='ocrx_word' id='word_1_34' title='bbox 759 693 926 748; x_wconf 87' lang='lat' dir='ltr'><strong><em>inuno</em></strong></span> <span class='ocrx_word' id='word_1_35' title='bbox 946 692 1147 766; x_wconf 76' lang='lat' dir='ltr'><strong><em>Spiritu</em></strong></span> <span class='ocrx_word' id='word_1_36' title='bbox 1160 694 1229 749; x_wconf 82' lang='lat' dir='ltr'><strong><em>ad</em></strong></span> <span class='ocrx_word' id='word_1_37' title='bbox 1252 693 1465 753; x_wconf 82' lang='lat' dir='ltr'><strong><em>Patrem</em></strong></span> <span class='ocrx_word' id='word_1_38' title='bbox 1489 694 1707 768; x_wconf 82' lang='lat' dir='ltr'><strong><em>(Ephes.</em></strong></span> 
     </span>
    </p>
   </div>
   <div class='ocr_carea' id='block_1_6' title="bbox 150 782 1712 869">
    <p class='ocr_par' dir='ltr' id='par_1_6' title="bbox 150 782 1712 869">
     <span class='ocr_line' id='line_1_6' title="bbox 150 782 1712 869; baseline -0.001 -27"><span class='ocrx_word' id='word_1_39' title='bbox 150 800 200 850; x_wconf 79' lang='grc' dir='ltr'><strong><em>ιι,</em></strong></span> <span class='ocrx_word' id='word_1_40' title='bbox 240 782 341 857; x_wconf 73' lang='grc'><strong>14).</strong></span> <span class='ocrx_word' id='word_1_41' title='bbox 374 782 488 859; x_wconf 84' lang='lat' dir='ltr'><strong><em>Hoc</em></strong></span> <span class='ocrx_word' id='word_1_42' title='bbox 517 796 646 853; x_wconf 77' lang='lat' dir='ltr'><strong><em>ergo</em></strong></span> <span class='ocrx_word' id='word_1_43' title='bbox 675 782 876 861; x_wconf 72' lang='lat' dir='ltr'><strong><em>factum</em></strong></span> <span class='ocrx_word' id='word_1_44' title='bbox 907 792 990 840; x_wconf 89' lang='lat' dir='ltr'><strong><em>est</em></strong></span> <span class='ocrx_word' id='word_1_45' title='bbox 1018 785 1244 861; x_wconf 87' lang='lat' dir='ltr'><strong><em>caritate</em></strong></span> <span class='ocrx_word' id='word_1_46' title='bbox 1290 785 1488 865; x_wconf 80' lang='lat' dir='ltr'><strong><em>divina,</em></strong></span> <span class='ocrx_word' id='word_1_47' title='bbox 1540 794 1598 869; x_wconf 55' lang='grc' dir='ltr'>με</span> <span class='ocrx_word' id='word_1_48' title='bbox 1644 800 1712 841; x_wconf 81' lang='lat' dir='ltr'><strong><em>ex</em></strong></span> 
     </span>
    </p>
   </div>
   <div class='ocr_carea' id='block_1_7' title="bbox 150 858 1712 952">
    <p class='ocr_par' dir='ltr' id='par_1_7' title="bbox 150 858 1712 952">
     <span class='ocr_line' id='line_1_7' title="bbox 150 858 1712 952; baseline 0.001 -21"><span class='ocrx_word' id='word_1_49' title='bbox 150 876 254 947; x_wconf 78' lang='lat' dir='ltr'><strong><em>ipso</em></strong></span> <span class='ocrx_word' id='word_1_50' title='bbox 293 872 492 952; x_wconf 86' lang='lat' dir='ltr'><strong><em>Spiritu</em></strong></span> <span class='ocrx_word' id='word_1_51' title='bbox 538 858 733 947; x_wconf 82' lang='lat' dir='ltr'><strong><em>corpus</em></strong></span> <span class='ocrx_word' id='word_1_52' title='bbox 776 875 919 951; x_wconf 80' lang='lat' dir='ltr'><strong><em>illius</em></strong></span> <span class='ocrx_word' id='word_1_53' title='bbox 959 876 1148 945; x_wconf 90' lang='lat' dir='ltr'><strong><em>capitis</em></strong></span> <span class='ocrx_word' id='word_1_54' title='bbox 1178 858 1321 932; x_wconf 88' lang='lat' dir='ltr'><strong><em>esset</em></strong></span> <span class='ocrx_word' id='word_1_55' title='bbox 1348 858 1612 951; x_wconf 65' lang='lat' dir='ltr'><strong><em>renatum,</em></strong></span> <span class='ocrx_word' id='word_1_56' title='bbox 1645 876 1712 932; x_wconf 91' lang='lat' dir='ltr'><strong><em>de</em></strong></span> 
     </span>
    </p>
   </div>
   <div class='ocr_carea' id='block_1_8' title="bbox 162 952 1711 1037">
    <p class='ocr_par' dir='ltr' id='par_1_8' title="bbox 162 952 1711 1037">
     <span class='ocr_line' id='line_1_8' title="bbox 162 952 1711 1037; baseline 0.003 -20"><span class='ocrx_word' id='word_1_57' title='bbox 162 980 243 1035; x_wconf 57' lang='lat' dir='ltr'><strong><em>tuo</em></strong></span> <span class='ocrx_word' id='word_1_58' title='bbox 272 964 437 1035; x_wconf 88' lang='lat' dir='ltr'><strong><em>ipsum</em></strong></span> <span class='ocrx_word' id='word_1_59' title='bbox 480 971 644 1037; x_wconf 83' lang='lat' dir='ltr'><strong><em>caput</em></strong></span> <span class='ocrx_word' id='word_1_60' title='bbox 672 973 755 1019; x_wconf 89' lang='lat' dir='ltr'><strong><em>est</em></strong></span> <span class='ocrx_word' id='word_1_61' title='bbox 791 974 992 1027; x_wconf 84' lang='lat' dir='ltr'><strong><em>natum.</em></strong></span> <span class='ocrx_word' id='word_1_62' title='bbox 1027 965 1092 1019; x_wconf 88' lang='lat' dir='ltr'><strong><em>Et</em></strong></span> <span class='ocrx_word' id='word_1_63' title='bbox 1117 966 1186 1021; x_wconf 89' lang='lat' dir='ltr'><strong><em>ob</em></strong></span> <span class='ocrx_word' id='word_1_64' title='bbox 1215 966 1321 1021; x_wconf 90' lang='lat' dir='ltr'><strong><em>hoc</em></strong></span> <span class='ocrx_word' id='word_1_65' title='bbox 1349 952 1711 1024; x_wconf 82' lang='lat' dir='ltr'><strong><em>necessarium</em></strong></span> 
     </span>
    </p>
   </div>
   <div class='ocr_carea' id='block_1_9' title="bbox 109 1042 1713 1139">
    <p class='ocr_par' dir='ltr' id='par_1_9' title="bbox 109 1042 1713 1139">
     <span class='ocr_line' id='line_1_9' title="bbox 109 1042 1713 1139; baseline 0.002 -28"><span class='ocrx_word' id='word_1_66' title='bbox 109 1130 114 1139; x_wconf 29' lang='lat'><strong>’</strong></span> <span class='ocrx_word' id='word_1_67' title='bbox 150 1056 288 1111; x_wconf 87' lang='lat' dir='ltr'><strong><em>nobis</em></strong></span> <span class='ocrx_word' id='word_1_68' title='bbox 309 1064 407 1126; x_wconf 85' lang='lat' dir='ltr'><strong><em>est,</em></strong></span> <span class='ocrx_word' id='word_1_69' title='bbox 439 1064 498 1110; x_wconf 90' lang='lat' dir='ltr'><strong><em>ut</em></strong></span> <span class='ocrx_word' id='word_1_70' title='bbox 523 1057 665 1127; x_wconf 84' lang='lat' dir='ltr'><strong><em>sicut</em></strong></span> <span class='ocrx_word' id='word_1_71' title='bbox 692 1057 990 1131; x_wconf 80' lang='lat' dir='ltr'><strong><em>ex.Spiritu</em></strong></span> <span class='ocrx_word' id='word_1_72' title='bbox 1032 1042 1406 1131; x_wconf 26' lang='lat' dir='ltr'><strong><em>sancto‘natus</em></strong></span> <span class='ocrx_word' id='word_1_73' title='bbox 1430 1048 1513 1135; x_wconf 85' lang='lat' dir='ltr'><strong><em>est</em></strong></span> <span class='ocrx_word' id='word_1_74' title='bbox 1559 1058 1713 1115; x_wconf 89' lang='lat' dir='ltr'><strong><em>Chri-</em></strong></span> 
     </span>
    </p>
   </div>
   <div class='ocr_carea' id='block_1_10' title="bbox 108 1146 1710 1227">
    <p class='ocr_par' dir='ltr' id='par_1_10' title="bbox 108 1146 1710 1227">
     <span class='ocr_line' id='line_1_10' title="bbox 108 1146 1710 1227; baseline 0.002 -25"><span class='ocrx_word' id='word_1_75' title='bbox 108 1160 109 1163; x_wconf 78' lang='lat'>‘</span> <span class='ocrx_word' id='word_1_76' title='bbox 150 1154 269 1216; x_wconf 86' lang='lat' dir='ltr'><strong><em>stus,</em></strong></span> <span class='ocrx_word' id='word_1_77' title='bbox 296 1146 510 1217; x_wconf 82' lang='lat' dir='ltr'><strong><em>quando</em></strong></span> <span class='ocrx_word' id='word_1_78' title='bbox 540 1148 680 1227; x_wconf 78' lang='lat' dir='ltr'><strong><em>Deus</em></strong></span> <span class='ocrx_word' id='word_1_79' title='bbox 703 1149 1008 1225; x_wconf 79' lang='lat' dir='ltr'><strong><em>unigenitus</em></strong></span> <span class='ocrx_word' id='word_1_80' title='bbox 1044 1149 1097 1203; x_wconf 88' lang='lat' dir='ltr'><strong><em>in</em></strong></span> <span class='ocrx_word' id='word_1_81' title='bbox 1129 1159 1282 1205; x_wconf 89' lang='lat' dir='ltr'><strong><em>utero</em></strong></span> <span class='ocrx_word' id='word_1_82' title='bbox 1310 1150 1562 1222; x_wconf 79' lang='lat' dir='ltr'><strong><em>Virginis,</em></strong></span> <span class='ocrx_word' id='word_1_83' title='bbox 1589 1151 1710 1205; x_wconf 91' lang='lat' dir='ltr'><strong><em>uni-</em></strong></span> 
     </span>
    </p>
   </div>
   <div class='ocr_carea' id='block_1_11' title="bbox 154 1222 1711 1321">
    <p class='ocr_par' dir='ltr' id='par_1_11' title="bbox 154 1222 1711 1321">
     <span class='ocr_line' id='line_1_11' title="bbox 154 1222 1711 1321; baseline 0.002 -29"><span class='ocrx_word' id='word_1_84' title='bbox 154 1247 226 1292; x_wconf 87' lang='lat' dir='ltr'><strong><em>tus</em></strong></span> <span class='ocrx_word' id='word_1_85' title='bbox 267 1237 466 1305; x_wconf 86' lang='lat' dir='ltr'><strong><em>homini</em></strong></span> <span class='ocrx_word' id='word_1_86' title='bbox 519 1222 762 1315; x_wconf 58' lang='lat' dir='ltr'><strong><em>tanquam</em></strong></span> <span class='ocrx_word' id='word_1_87' title='bbox 798 1222 1034 1317; x_wconf 73' lang='lat' dir='ltr'><strong><em>sponsus</em></strong></span> <span class='ocrx_word' id='word_1_88' title='bbox 1080 1242 1329 1313; x_wconf 76' lang='lat' dir='ltr'><strong><em>processit</em></strong></span> <span class='ocrx_word' id='word_1_89' title='bbox 1374 1241 1443 1295; x_wconf 81' lang='lat' dir='ltr'><strong><em>de</em></strong></span> <span class='ocrx_word' id='word_1_90' title='bbox 1484 1243 1711 1321; x_wconf 77' lang='lat' dir='ltr'><strong><em>thalamo</em></strong></span> 
     </span>
    </p>
   </div>
   <div class='ocr_carea' id='block_1_12' title="bbox 152 1326 1712 1400">
    <p class='ocr_par' dir='ltr' id='par_1_12' title="bbox 152 1326 1712 1400">
     <span class='ocr_line' id='line_1_12' title="bbox 152 1326 1712 1400; baseline 0.004 -19"><span class='ocrx_word' id='word_1_91' title='bbox 152 1343 266 1381; x_wconf 88' lang='lat' dir='ltr'><strong><em>suo:</em></strong></span> <span class='ocrx_word' id='word_1_92' title='bbox 295 1329 368 1382; x_wconf 91' lang='lat' dir='ltr'><strong><em>sic</em></strong></span> <span class='ocrx_word' id='word_1_93' title='bbox 386 1326 623 1383; x_wconf 78' lang='lat' dir='ltr'><strong><em>Ecclesia</em></strong></span> <span class='ocrx_word' id='word_1_94' title='bbox 649 1329 790 1384; x_wconf 87' lang='lat' dir='ltr'><strong><em>dono</em></strong></span> <span class='ocrx_word' id='word_1_95' title='bbox 812 1328 1042 1400; x_wconf 77' lang='lat' dir='ltr'><strong><em>Spiritus</em></strong></span> <span class='ocrx_word' id='word_1_96' title='bbox 1069 1332 1240 1385; x_wconf 87' lang='lat' dir='ltr'><strong><em>sancti</em></strong></span> <span class='ocrx_word' id='word_1_97' title='bbox 1270 1332 1540 1386; x_wconf 66' lang='lat' dir='ltr'><strong><em>adhaereat</em></strong></span> <span class='ocrx_word' id='word_1_98' title='bbox 1559 1331 1712 1387; x_wconf 89' lang='lat' dir='ltr'><strong><em>Chri-</em></strong></span> 
     </span>
    </p>
   </div>
   <div class='ocr_carea' id='block_1_13' title="bbox 152 1420 1713 1495">
    <p class='ocr_par' dir='ltr' id='par_1_13' title="bbox 152 1420 1713 1495">
     <span class='ocr_line' id='line_1_13' title="bbox 152 1420 1713 1495; baseline 0.005 -22"><span class='ocrx_word' id='word_1_99' title='bbox 152 1426 241 1487; x_wconf 84' lang='lat' dir='ltr'><strong><em>sto,</em></strong></span> <span class='ocrx_word' id='word_1_100' title='bbox 267 1429 519 1490; x_wconf 88' lang='lat' dir='ltr'><strong><em>tanquam</em></strong></span> <span class='ocrx_word' id='word_1_101' title='bbox 551 1420 743 1476; x_wconf 81' lang='lat' dir='ltr'><strong><em>mulier</em></strong></span> <span class='ocrx_word' id='word_1_102' title='bbox 784 1421 899 1495; x_wconf 77' lang='lat' dir='ltr'><strong><em>viro</em></strong></span> <span class='ocrx_word' id='word_1_103' title='bbox 944 1438 1061 1489; x_wconf 90' lang='lat' dir='ltr'><strong><em>suo,</em></strong></span> <span class='ocrx_word' id='word_1_104' title='bbox 1112 1431 1167 1478; x_wconf 92' lang='lat' dir='ltr'><strong><em>et</em></strong></span> <span class='ocrx_word' id='word_1_105' title='bbox 1217 1433 1467 1495; x_wconf 85' lang='lat' dir='ltr'><strong><em>tanquam</em></strong></span> <span class='ocrx_word' id='word_1_106' title='bbox 1515 1440 1713 1495; x_wconf 88' lang='lat' dir='ltr'><strong><em>corpus</em></strong></span> 
     </span>
    </p>
   </div>
   <div class='ocr_carea' id='block_1_14' title="bbox 151 1511 1714 1591">
    <p class='ocr_par' dir='ltr' id='par_1_14' title="bbox 151 1511 1714 1591">
     <span class='ocr_line' id='line_1_14' title="bbox 151 1511 1714 1591; baseline 0.003 -25"><span class='ocrx_word' id='word_1_107' title='bbox 151 1511 290 1582; x_wconf 77' lang='lat' dir='ltr'><strong><em>capiti</em></strong></span> <span class='ocrx_word' id='word_1_108' title='bbox 319 1522 435 1566; x_wconf 78' lang='lat' dir='ltr'><strong><em>Suo.</em></strong></span> <span class='ocrx_word' id='word_1_109' title='bbox 464 1512 605 1587; x_wconf 90' lang='lat' dir='ltr'><strong><em>Dicit</em></strong></span> <span class='ocrx_word' id='word_1_110' title='bbox 623 1513 763 1591; x_wconf 81' lang='lat' dir='ltr'><strong><em>enim</em></strong></span> <span class='ocrx_word' id='word_1_111' title='bbox 797 1513 1114 1591; x_wconf 80' lang='lat' dir='ltr'><strong><em>Apostolus:</em></strong></span> <span class='ocrx_word' id='word_1_112' title='bbox 1143 1511 1278 1579; x_wconf 84' lang='lat' dir='ltr'><strong><em>Quia</em></strong></span> <span class='ocrx_word' id='word_1_113' title='bbox 1304 1514 1537 1570; x_wconf 81' lang='lat' dir='ltr'><strong><em>Christus</em></strong></span> <span class='ocrx_word' id='word_1_114' title='bbox 1560 1525 1714 1587; x_wconf 87' lang='lat' dir='ltr'><strong><em>caput</em></strong></span> 
     </span>
    </p>
   </div>
   <div class='ocr_carea' id='block_1_15' title="bbox 152 1586 1714 1673">
    <p class='ocr_par' dir='ltr' id='par_1_15' title="bbox 152 1586 1714 1673">
     <span class='ocr_line' id='line_1_15' title="bbox 152 1586 1714 1673; baseline 0.004 -20"><span class='ocrx_word' id='word_1_115' title='bbox 152 1610 212 1654; x_wconf 80' lang='lat' dir='ltr'><strong><em>est</em></strong></span> <span class='ocrx_word' id='word_1_116' title='bbox 231 1586 493 1669; x_wconf 60' lang='lat' dir='ltr'><strong><em>Ecclesiae,</em></strong></span> <span class='ocrx_word' id='word_1_117' title='bbox 528 1587 641 1672; x_wconf 75' lang='lat' dir='ltr'><strong><em>ipse</em></strong></span> <span class='ocrx_word' id='word_1_118' title='bbox 656 1586 888 1657; x_wconf 78' lang='lat' dir='ltr'><strong><em>salvator</em></strong></span> <span class='ocrx_word' id='word_1_119' title='bbox 915 1607 1169 1673; x_wconf 81' lang='lat' dir='ltr'><strong><em>corporis.</em></strong></span> <span class='ocrx_word' id='word_1_120' title='bbox 1220 1603 1285 1657; x_wconf 85' lang='lat' dir='ltr'><strong><em>Et</em></strong></span> <span class='ocrx_word' id='word_1_121' title='bbox 1315 1607 1505 1660; x_wconf 82' lang='lat' dir='ltr'><strong><em>iterum</em></strong></span> <span class='ocrx_word' id='word_1_122' title='bbox 1533 1624 1544 1659; x_wconf 92' lang='lat'><strong><em>:</em></strong></span> <span class='ocrx_word' id='word_1_123' title='bbox 1579 1586 1714 1670; x_wconf 76' lang='lat' dir='ltr'><strong><em>Quia</em></strong></span> 
     </span>
    </p>
   </div>
   <div class='ocr_carea' id='block_1_16' title="bbox 151 1678 1716 1766">
    <p class='ocr_par' dir='ltr' id='par_1_16' title="bbox 151 1678 1716 1766">
     <span class='ocr_line' id='line_1_16' title="bbox 151 1678 1716 1766; baseline 0.003 -21"><span class='ocrx_word' id='word_1_124' title='bbox 151 1690 351 1745; x_wconf 81' lang='lat' dir='ltr'><strong><em>membra</em></strong></span> <span class='ocrx_word' id='word_1_125' title='bbox 371 1692 549 1746; x_wconf 83' lang='lat' dir='ltr'><strong><em>sumus</em></strong></span> <span class='ocrx_word' id='word_1_126' title='bbox 595 1678 824 1763; x_wconf 78' lang='lat' dir='ltr'><strong><em>corporis</em></strong></span> <span class='ocrx_word' id='word_1_127' title='bbox 847 1695 982 1765; x_wconf 82' lang='lat' dir='ltr'><strong><em>ejus,</em></strong></span> <span class='ocrx_word' id='word_1_128' title='bbox 1013 1694 1077 1747; x_wconf 86' lang='lat' dir='ltr'><strong><em>de</em></strong></span> <span class='ocrx_word' id='word_1_129' title='bbox 1102 1711 1256 1748; x_wconf 83' lang='lat' dir='ltr'><strong><em>carne</em></strong></span> <span class='ocrx_word' id='word_1_130' title='bbox 1284 1696 1396 1766; x_wconf 85' lang='lat' dir='ltr'><strong><em>ejus</em></strong></span> <span class='ocrx_word' id='word_1_131' title='bbox 1424 1704 1473 1750; x_wconf 86' lang='lat' dir='ltr'><strong><em>et</em></strong></span> <span class='ocrx_word' id='word_1_132' title='bbox 1494 1682 1565 1749; x_wconf 14' lang='lat' dir='ltr'><strong><em>ide</em></strong></span> <span class='ocrx_word' id='word_1_133' title='bbox 1585 1698 1716 1750; x_wconf 84' lang='lat' dir='ltr'><strong><em>ossi-</em></strong></span> 
     </span>
    </p>
   </div>
   <div class='ocr_carea' id='block_1_17' title="bbox 151 1783 1715 1857">
    <p class='ocr_par' dir='ltr' id='par_1_17' title="bbox 151 1783 1715 1857">
     <span class='ocr_line' id='line_1_17' title="bbox 151 1783 1715 1857; baseline 0.004 -21"><span class='ocrx_word' id='word_1_134' title='bbox 151 1783 228 1838; x_wconf 87' lang='lat' dir='ltr'><strong><em>bus</em></strong></span> <span class='ocrx_word' id='word_1_135' title='bbox 253 1784 375 1855; x_wconf 87' lang='lat' dir='ltr'><strong><em>ejus,</em></strong></span> <span class='ocrx_word' id='word_1_136' title='bbox 401 1793 612 1856; x_wconf 83' lang='lat' dir='ltr'><strong><em>propter</em></strong></span> <span class='ocrx_word' id='word_1_137' title='bbox 630 1784 725 1838; x_wconf 89' lang='lat' dir='ltr'><strong><em>hoc</em></strong></span> <span class='ocrx_word' id='word_1_138' title='bbox 754 1784 1003 1856; x_wconf 81' lang='lat' dir='ltr'><strong><em>relinquet</em></strong></span> <span class='ocrx_word' id='word_1_139' title='bbox 1026 1784 1175 1839; x_wconf 88' lang='lat' dir='ltr'><strong><em>homo</em></strong></span> <span class='ocrx_word' id='word_1_140' title='bbox 1203 1795 1402 1857; x_wconf 88' lang='lat' dir='ltr'><strong><em>patrem</em></strong></span> <span class='ocrx_word' id='word_1_141' title='bbox 1422 1796 1471 1839; x_wconf 84' lang='lat' dir='ltr'><strong><em>et</em></strong></span> <span class='ocrx_word' id='word_1_142' title='bbox 1498 1797 1715 1842; x_wconf 86' lang='lat' dir='ltr'><strong><em>matrem</em></strong></span> 
     </span>
    </p>
   </div>
   <div class='ocr_carea' id='block_1_18' title="bbox 150 1862 1719 1953">
    <p class='ocr_par' dir='ltr' id='par_1_18' title="bbox 150 1862 1719 1953">
     <span class='ocr_line' id='line_1_18' title="bbox 150 1862 1719 1953; baseline 0.003 -25"><span class='ocrx_word' id='word_1_143' title='bbox 150 1872 292 1953; x_wconf 68' lang='lat' dir='ltr'><strong><em>suam,</em></strong></span> <span class='ocrx_word' id='word_1_144' title='bbox 336 1884 385 1929; x_wconf 90' lang='lat' dir='ltr'><strong><em>et</em></strong></span> <span class='ocrx_word' id='word_1_145' title='bbox 430 1873 715 1929; x_wconf 81' lang='lat' dir='ltr'><strong><em>adluerebit</em></strong></span> <span class='ocrx_word' id='word_1_146' title='bbox 741 1877 892 1930; x_wconf 75' lang='lat' dir='ltr'><strong><em>uxori</em></strong></span> <span class='ocrx_word' id='word_1_147' title='bbox 921 1891 1047 1940; x_wconf 69' lang='lat' dir='ltr'><strong><em>suae,</em></strong></span> <span class='ocrx_word' id='word_1_148' title='bbox 1077 1887 1127 1929; x_wconf 88' lang='lat' dir='ltr'><strong><em>et</em></strong></span> <span class='ocrx_word' id='word_1_149' title='bbox 1165 1885 1314 1930; x_wconf 84' lang='lat' dir='ltr'><strong><em>erant</em></strong></span> <span class='ocrx_word' id='word_1_150' title='bbox 1344 1876 1444 1932; x_wconf 89' lang='lat' dir='ltr'><strong><em>duo</em></strong></span> <span class='ocrx_word' id='word_1_151' title='bbox 1471 1878 1525 1931; x_wconf 91' lang='lat' dir='ltr'><strong><em>in</em></strong></span> <span class='ocrx_word' id='word_1_152' title='bbox 1561 1862 1719 1932; x_wconf 83' lang='lat' dir='ltr'><strong><em>carne</em></strong></span> 
     </span>
    </p>
   </div>
   <div class='ocr_carea' id='block_1_19' title="bbox 1813 692 3402 785">
    <p class='ocr_par' dir='ltr' id='par_1_19' title="bbox 1813 692 3402 785">
     <span class='ocr_line' id='line_1_19' title="bbox 1813 692 3402 785; baseline -0.003 -30"><span class='ocrx_word' id='word_1_153' title='bbox 1813 700 1916 783; x_wconf 84' lang='lat' dir='ltr'><strong><em>nisi</em></strong></span> <span class='ocrx_word' id='word_1_154' title='bbox 1942 698 2009 785; x_wconf 58' lang='lat' dir='ltr'><strong><em>pd</em></strong></span> <span class='ocrx_word' id='word_1_155' title='bbox 2037 692 2554 785; x_wconf 62' lang='lat' dir='ltr'><strong><em>consummationem</em></strong></span> <span class='ocrx_word' id='word_1_156' title='bbox 2584 706 2892 781; x_wconf 70' lang='lat' dir='ltr'><strong><em>sanctorum</em></strong></span> <span class='ocrx_word' id='word_1_157' title='bbox 2919 695 2974 750; x_wconf 90' lang='lat' dir='ltr'><strong><em>in</em></strong></span> <span class='ocrx_word' id='word_1_158' title='bbox 2997 710 3133 764; x_wconf 89' lang='lat' dir='ltr'><strong><em>opus</em></strong></span> <span class='ocrx_word' id='word_1_159' title='bbox 3160 695 3402 751; x_wconf 85' lang='lat' dir='ltr'><strong><em>ministe-</em></strong></span> 
     </span>
    </p>
   </div>
   <div class='ocr_carea' id='block_1_20' title="bbox 1812 768 3402 871">
    <p class='ocr_par' dir='ltr' id='par_1_20' title="bbox 1812 768 3402 871">
     <span class='ocr_line' id='line_1_20' title="bbox 1812 768 3402 871; baseline -0.003 -24"><span class='ocrx_word' id='word_1_160' title='bbox 1812 768 2419 871; x_wconf 22' lang='lat' dir='ltr'><strong><em>rii,‘i‘nhaediticationem</em></strong></span> <span class='ocrx_word' id='word_1_161' title='bbox 2456 770 2699 871; x_wconf 81' lang='lat' dir='ltr'><strong><em>corporis</em></strong></span> <span class='ocrx_word' id='word_1_162' title='bbox 2736 789 2957 846; x_wconf 70' lang='lat' dir='ltr'><strong><em>Christi.</em></strong></span> <span class='ocrx_word' id='word_1_163' title='bbox 3005 786 3111 844; x_wconf 89' lang='lat' dir='ltr'><strong><em>Ubi</em></strong></span> <span class='ocrx_word' id='word_1_164' title='bbox 3138 788 3402 871; x_wconf 87' lang='lat' dir='ltr'><strong><em>unitatem</em></strong></span> 
     </span>
    </p>
   </div>
   <div class='ocr_carea' id='block_1_21' title="bbox 1813 858 3399 964">
    <p class='ocr_par' dir='ltr' id='par_1_21' title="bbox 1813 858 3399 964">
     <span class='ocr_line' id='line_1_21' title="bbox 1813 858 3399 964; baseline -0.002 -28"><span class='ocrx_word' id='word_1_165' title='bbox 1813 858 2059 964; x_wconf 22' lang='lat' dir='ltr'><strong><em>ejusdem!</em></strong></span> <span class='ocrx_word' id='word_1_166' title='bbox 2080 858 2463 953; x_wconf 32' lang='lat' dir='ltr'><strong><em>tedi&#39;licationis&#39;</em></strong></span> <span class='ocrx_word' id='word_1_167' title='bbox 2480 858 2754 964; x_wconf 76' lang='lat' dir='ltr'><strong><em>spiritalis,</em></strong></span> <span class='ocrx_word' id='word_1_168' title='bbox 2777 895 2894 951; x_wconf 67' lang='lat' dir='ltr'><strong><em>qua:</em></strong></span> <span class='ocrx_word' id='word_1_169' title='bbox 2921 879 2977 935; x_wconf 86' lang='lat' dir='ltr'><strong><em>in</em></strong></span> <span class='ocrx_word' id='word_1_170' title='bbox 3004 870 3232 936; x_wconf 85' lang='lat' dir='ltr'><strong><em>caritate</em></strong></span> <span class='ocrx_word' id='word_1_171' title='bbox 3260 894 3399 935; x_wconf 90' lang='lat' dir='ltr'><strong><em>con-</em></strong></span> 
     </span>
    </p>
   </div>
   <div class='ocr_carea' id='block_1_22' title="bbox 1814 956 3399 1059">
    <p class='ocr_par' dir='ltr' id='par_1_22' title="bbox 1814 956 3399 1059">
     <span class='ocr_line' id='line_1_22' title="bbox 1814 956 3399 1059; baseline -0.001 -32"><span class='ocrx_word' id='word_1_172' title='bbox 1814 956 1939 1038; x_wconf 76' lang='lat' dir='ltr'><strong><em>stat,</em></strong></span> <span class='ocrx_word' id='word_1_173' title='bbox 1973 972 2248 1059; x_wconf 75' lang='lat' dir='ltr'><strong><em>insinuans</em></strong></span> <span class='ocrx_word' id='word_1_174' title='bbox 2286 974 2363 1028; x_wconf 86' lang='lat' dir='ltr'><strong><em>ait</em></strong></span> <span class='ocrx_word' id='word_1_175' title='bbox 2388 991 2401 1028; x_wconf 88' lang='lat'><strong><em>:</em></strong></span> <span class='ocrx_word' id='word_1_176' title='bbox 2431 971 2609 1028; x_wconf 89' lang='lat' dir='ltr'><strong><em>Donec</em></strong></span> <span class='ocrx_word' id='word_1_177' title='bbox 2638 956 2968 1057; x_wconf 74' lang='lat' dir='ltr'><strong><em>occurramus</em></strong></span> <span class='ocrx_word' id='word_1_178' title='bbox 2994 986 3171 1030; x_wconf 85' lang='lat' dir='ltr'><strong><em>omnes</em></strong></span> <span class='ocrx_word' id='word_1_179' title='bbox 3192 972 3246 1025; x_wconf 89' lang='lat' dir='ltr'><strong><em>in</em></strong></span> <span class='ocrx_word' id='word_1_180' title='bbox 3276 971 3399 1025; x_wconf 88' lang='lat' dir='ltr'><strong><em>uni-</em></strong></span> 
     </span>
    </p>
   </div>
   <div class='ocr_carea' id='block_1_23' title="bbox 1815 1044 3399 1143">
    <p class='ocr_par' dir='ltr' id='par_1_23' title="bbox 1815 1044 3399 1143">
     <span class='ocr_line' id='line_1_23' title="bbox 1815 1044 3399 1143; baseline 0.001 -27"><span class='ocrx_word' id='word_1_181' title='bbox 1815 1044 2114 1143; x_wconf 42' lang='lat' dir='ltr'><strong><em>tatemlfidei</em></strong></span> <span class='ocrx_word' id='word_1_182' title='bbox 2143 1052 2193 1118; x_wconf 85' lang='lat' dir='ltr'><strong><em>et</em></strong></span> <span class='ocrx_word' id='word_1_183' title='bbox 2221 1050 2502 1143; x_wconf 73' lang='lat' dir='ltr'><strong><em>agnitionis</em></strong></span> <span class='ocrx_word' id='word_1_184' title='bbox 2526 1063 2655 1117; x_wconf 85' lang='lat' dir='ltr'><strong><em>Filii</em></strong></span> <span class='ocrx_word' id='word_1_185' title='bbox 2680 1044 2797 1127; x_wconf 44' lang='lat' dir='ltr'><strong><em>Dei;</em></strong></span> <span class='ocrx_word' id='word_1_186' title='bbox 2826 1064 2880 1117; x_wconf 90' lang='lat' dir='ltr'><strong><em>in</em></strong></span> <span class='ocrx_word' id='word_1_187' title='bbox 2904 1065 3068 1118; x_wconf 89' lang='lat' dir='ltr'><strong><em>virum</em></strong></span> <span class='ocrx_word' id='word_1_188' title='bbox 3095 1066 3399 1135; x_wconf 84' lang='lat' dir='ltr'><strong><em>perfectum,</em></strong></span> 
     </span>
    </p>
   </div>
   <div class='ocr_carea' id='block_1_24' title="bbox 1815 1138 3403 1231">
    <p class='ocr_par' dir='ltr' id='par_1_24' title="bbox 1815 1138 3403 1231">
     <span class='ocr_line' id='line_1_24' title="bbox 1815 1138 3403 1231; baseline 0.001 -24"><span class='ocrx_word' id='word_1_189' title='bbox 2012 1138 2303 1207; x_wconf 83' lang='lat' dir='ltr'><strong><em>mensuram</em></strong></span> <span class='ocrx_word' id='word_1_190' title='bbox 2318 1155 2484 1207; x_wconf 67' lang='lat' dir='ltr'><strong><em>astatis</em></strong></span> <span class='ocrx_word' id='word_1_191' title='bbox 2505 1146 2836 1222; x_wconf 81' lang='lat' dir='ltr'><strong><em>plenitudinis</em></strong></span> <span class='ocrx_word' id='word_1_192' title='bbox 2859 1150 3070 1219; x_wconf 84' lang='lat' dir='ltr'><strong><em>Christi,</em></strong></span> <span class='ocrx_word' id='word_1_193' title='bbox 3094 1153 3149 1206; x_wconf 78' lang='lat' dir='ltr'><strong><em>ut</em></strong></span> <span class='ocrx_word' id='word_1_194' title='bbox 3162 1152 3277 1224; x_wconf 87' lang='lat' dir='ltr'><strong><em>jam</em></strong></span> <span class='ocrx_word' id='word_1_195' title='bbox 3296 1148 3403 1208; x_wconf 74' lang='lat' dir='ltr'><strong><em>non</em></strong></span> 
     </span>
    </p>
   </div>
   <div class='ocr_carea' id='block_1_25' title="bbox 1814 1228 3401 1316">
    <p class='ocr_par' dir='ltr' id='par_1_25' title="bbox 1814 1228 3401 1316">
     <span class='ocr_line' id='line_1_25' title="bbox 1814 1228 3401 1316; baseline 0 -16"><span class='ocrx_word' id='word_1_196' title='bbox 1814 1228 1983 1300; x_wconf 77' lang='lat' dir='ltr'><strong><em>simus</em></strong></span> <span class='ocrx_word' id='word_1_197' title='bbox 2002 1244 2199 1316; x_wconf 82' lang='lat' dir='ltr'><strong><em>parvuli</em></strong></span> <span class='ocrx_word' id='word_1_198' title='bbox 2228 1245 2554 1314; x_wconf 84' lang='lat' dir='ltr'><strong><em>ﬂuctuantes,</em></strong></span> <span class='ocrx_word' id='word_1_199' title='bbox 2579 1253 2630 1297; x_wconf 91' lang='lat' dir='ltr'><strong><em>et</em></strong></span> <span class='ocrx_word' id='word_1_200' title='bbox 2649 1244 3073 1316; x_wconf 84' lang='lat' dir='ltr'><strong><em>circumferamur</em></strong></span> <span class='ocrx_word' id='word_1_201' title='bbox 3089 1245 3231 1299; x_wconf 90' lang='lat' dir='ltr'><strong><em>omni</em></strong></span> <span class='ocrx_word' id='word_1_202' title='bbox 3251 1253 3401 1300; x_wconf 81' lang='lat' dir='ltr'><strong><em>vente</em></strong></span> 
     </span>
    </p>
   </div>
   <div class='ocr_carea' id='block_1_26' title="bbox 1817 1322 3400 1408">
    <p class='ocr_par' dir='ltr' id='par_1_26' title="bbox 1817 1322 3400 1408">
     <span class='ocr_line' id='line_1_26' title="bbox 1817 1322 3400 1408; baseline 0 -19"><span class='ocrx_word' id='word_1_203' title='bbox 1817 1322 2084 1403; x_wconf 69' lang='lat' dir='ltr'><strong><em>doctrinm,</em></strong></span> <span class='ocrx_word' id='word_1_204' title='bbox 2127 1337 2181 1390; x_wconf 91' lang='lat' dir='ltr'><strong><em>in</em></strong></span> <span class='ocrx_word' id='word_1_205' title='bbox 2213 1337 2436 1408; x_wconf 83' lang='lat' dir='ltr'><strong><em>nequitia</em></strong></span> <span class='ocrx_word' id='word_1_206' title='bbox 2465 1336 2748 1397; x_wconf 89' lang='lat' dir='ltr'><strong><em>hominum,</em></strong></span> <span class='ocrx_word' id='word_1_207' title='bbox 2777 1336 2832 1389; x_wconf 90' lang='lat' dir='ltr'><strong><em>in</em></strong></span> <span class='ocrx_word' id='word_1_208' title='bbox 2861 1337 3050 1389; x_wconf 83' lang='lat' dir='ltr'><strong><em>astutia</em></strong></span> <span class='ocrx_word' id='word_1_209' title='bbox 3078 1336 3145 1388; x_wconf 83' lang='lat' dir='ltr'><strong><em>ad</em></strong></span> <span class='ocrx_word' id='word_1_210' title='bbox 3175 1337 3400 1390; x_wconf 88' lang='lat' dir='ltr'><strong><em>circum-</em></strong></span> 
     </span>
    </p>
   </div>
   <div class='ocr_carea' id='block_1_27' title="bbox 1816 1410 3404 1495">
    <p class='ocr_par' dir='ltr' id='par_1_27' title="bbox 1816 1410 3404 1495">
     <span class='ocr_line' id='line_1_27' title="bbox 1816 1410 3404 1495; baseline -0.001 -15"><span class='ocrx_word' id='word_1_211' title='bbox 1816 1410 2103 1481; x_wconf 70' lang='lat' dir='ltr'><strong><em>ventionem</em></strong></span> <span class='ocrx_word' id='word_1_212' title='bbox 2129 1427 2341 1480; x_wconf 87' lang='lat' dir='ltr'><strong><em>erroris.</em></strong></span> <span class='ocrx_word' id='word_1_213' title='bbox 2396 1423 2675 1478; x_wconf 83' lang='lat' dir='ltr'><strong><em>Veritatem</em></strong></span> <span class='ocrx_word' id='word_1_214' title='bbox 2705 1433 2871 1478; x_wconf 86' lang='lat' dir='ltr'><strong><em>autem</em></strong></span> <span class='ocrx_word' id='word_1_215' title='bbox 2906 1425 3153 1495; x_wconf 83' lang='lat' dir='ltr'><strong><em>facientes</em></strong></span> <span class='ocrx_word' id='word_1_216' title='bbox 3180 1425 3233 1479; x_wconf 90' lang='lat' dir='ltr'><strong><em>in</em></strong></span> <span class='ocrx_word' id='word_1_217' title='bbox 3265 1425 3404 1479; x_wconf 88' lang='lat' dir='ltr'><strong><em>cari-</em></strong></span> 
     </span>
    </p>
   </div>
   <div class='ocr_carea' id='block_1_28' title="bbox 1819 1500 3404 1586">
    <p class='ocr_par' dir='ltr' id='par_1_28' title="bbox 1819 1500 3404 1586">
     <span class='ocr_line' id='line_1_28' title="bbox 1819 1500 3404 1586; baseline -0.003 -15"><span class='ocrx_word' id='word_1_218' title='bbox 1819 1500 2234 1571; x_wconf 25' lang='lat' dir='ltr'><strong><em>tate&#39;crescamus</em></strong></span> <span class='ocrx_word' id='word_1_219' title='bbox 2263 1517 2317 1570; x_wconf 90' lang='lat' dir='ltr'><strong><em>in</em></strong></span> <span class='ocrx_word' id='word_1_220' title='bbox 2347 1515 2437 1569; x_wconf 90' lang='lat' dir='ltr'><strong><em>illo</em></strong></span> <span class='ocrx_word' id='word_1_221' title='bbox 2466 1532 2556 1586; x_wconf 87' lang='lat' dir='ltr'><strong><em>per</em></strong></span> <span class='ocrx_word' id='word_1_222' title='bbox 2583 1516 2775 1579; x_wconf 89' lang='lat' dir='ltr'><strong><em>omnia,</em></strong></span> <span class='ocrx_word' id='word_1_223' title='bbox 2830 1514 2915 1586; x_wconf 85' lang='lat' dir='ltr'><strong><em>qui</em></strong></span> <span class='ocrx_word' id='word_1_224' title='bbox 2954 1522 3029 1568; x_wconf 89' lang='lat' dir='ltr'><strong><em>est</em></strong></span> <span class='ocrx_word' id='word_1_225' title='bbox 3058 1522 3209 1585; x_wconf 89' lang='lat' dir='ltr'><strong><em>caput</em></strong></span> <span class='ocrx_word' id='word_1_226' title='bbox 3249 1512 3404 1567; x_wconf 88' lang='lat' dir='ltr'><strong><em>Chri-</em></strong></span> 
     </span>
    </p>
   </div>
   <div class='ocr_carea' id='block_1_29' title="bbox 1820 1590 3405 1677">
    <p class='ocr_par' dir='ltr' id='par_1_29' title="bbox 1820 1590 3405 1677">
     <span class='ocr_line' id='line_1_29' title="bbox 1820 1590 3405 1677; baseline -0.001 -16"><span class='ocrx_word' id='word_1_227' title='bbox 1820 1590 2053 1676; x_wconf 63' lang='grc' dir='ltr'><strong><em>διηε,ἐα;</em></strong></span> <span class='ocrx_word' id='word_1_228' title='bbox 2088 1622 2186 1677; x_wconf 91' lang='lat' dir='ltr'><strong><em>quo</em></strong></span> <span class='ocrx_word' id='word_1_229' title='bbox 2231 1616 2389 1661; x_wconf 89' lang='lat' dir='ltr'><strong><em>totum</em></strong></span> <span class='ocrx_word' id='word_1_230' title='bbox 2436 1622 2621 1676; x_wconf 73' lang='grc' dir='ltr'><strong><em>οονριιε</em></strong></span> <span class='ocrx_word' id='word_1_231' title='bbox 2663 1615 2983 1675; x_wconf 86' lang='lat' dir='ltr'><strong><em>compactum</em></strong></span> <span class='ocrx_word' id='word_1_232' title='bbox 3026 1614 3076 1660; x_wconf 90' lang='lat' dir='ltr'><strong><em>et</em></strong></span> <span class='ocrx_word' id='word_1_233' title='bbox 3118 1620 3405 1660; x_wconf 67' lang='lat' dir='ltr'><strong><em>connexum</em></strong></span> 
     </span>
    </p>
   </div>
   <div class='ocr_carea' id='block_1_30' title="bbox 1820 1699 3408 1772">
    <p class='ocr_par' dir='ltr' id='par_1_30' title="bbox 1820 1699 3408 1772">
     <span class='ocr_line' id='line_1_30' title="bbox 1820 1699 3408 1772; baseline -0.001 -17"><span class='ocrx_word' id='word_1_234' title='bbox 1820 1719 1910 1772; x_wconf 86' lang='lat' dir='ltr'><strong><em>per</em></strong></span> <span class='ocrx_word' id='word_1_235' title='bbox 1932 1718 2131 1756; x_wconf 84' lang='lat' dir='ltr'><strong><em>omnem</em></strong></span> <span class='ocrx_word' id='word_1_236' title='bbox 2152 1700 2453 1772; x_wconf 85' lang='lat' dir='ltr'><strong><em>juncturam</em></strong></span> <span class='ocrx_word' id='word_1_237' title='bbox 2482 1699 2970 1754; x_wconf 85' lang='lat' dir='ltr'><strong><em>subministrationis</em></strong></span> <span class='ocrx_word' id='word_1_238' title='bbox 2992 1700 3270 1754; x_wconf 85' lang='lat' dir='ltr'><strong><em>secundum</em></strong></span> <span class='ocrx_word' id='word_1_239' title='bbox 3285 1715 3408 1769; x_wconf 84' lang='lat' dir='ltr'><strong><em>ape-</em></strong></span> 
     </span>
    </p>
   </div>
   <div class='ocr_carea' id='block_1_31' title="bbox 1822 1792 3409 1864">
    <p class='ocr_par' dir='ltr' id='par_1_31' title="bbox 1822 1792 3409 1864">
     <span class='ocr_line' id='line_1_31' title="bbox 1822 1792 3409 1864; baseline -0.001 -15"><span class='ocrx_word' id='word_1_240' title='bbox 1822 1796 2073 1849; x_wconf 84' lang='lat' dir='ltr'><strong><em>rationem</em></strong></span> <span class='ocrx_word' id='word_1_241' title='bbox 2103 1794 2157 1847; x_wconf 86' lang='lat' dir='ltr'><strong><em>in</em></strong></span> <span class='ocrx_word' id='word_1_242' title='bbox 2175 1809 2473 1846; x_wconf 87' lang='lat' dir='ltr'><strong><em>mensuram</em></strong></span> <span class='ocrx_word' id='word_1_243' title='bbox 2495 1794 2893 1864; x_wconf 81' lang='lat' dir='ltr'><strong><em>uniuscujusque</em></strong></span> <span class='ocrx_word' id='word_1_244' title='bbox 2915 1792 3409 1864; x_wconf 65' lang='lat' dir='ltr'><strong><em>membri”uugmen-</em></strong></span> 
     </span>
    </p>
   </div>
   <div class='ocr_carea' id='block_1_32' title="bbox 1825 1884 3406 1959">
    <p class='ocr_par' dir='ltr' id='par_1_32' title="bbox 1825 1884 3406 1959">
     <span class='ocr_line' id='line_1_32' title="bbox 1825 1884 3406 1959; baseline 0 -20"><span class='ocrx_word' id='word_1_245' title='bbox 1825 1895 1928 1939; x_wconf 90' lang='lat' dir='ltr'><strong><em>tum</em></strong></span> <span class='ocrx_word' id='word_1_246' title='bbox 1961 1886 2190 1959; x_wconf 88' lang='lat' dir='ltr'><strong><em>corporis</em></strong></span> <span class='ocrx_word' id='word_1_247' title='bbox 2231 1886 2355 1956; x_wconf 88' lang='lat' dir='ltr'><strong><em>facit</em></strong></span> <span class='ocrx_word' id='word_1_248' title='bbox 2411 1884 2465 1938; x_wconf 89' lang='lat' dir='ltr'><strong><em>in</em></strong></span> <span class='ocrx_word' id='word_1_249' title='bbox 2514 1884 2911 1955; x_wconf 78' lang='lat' dir='ltr'><strong><em>wdiﬁcationem</em></strong></span> <span class='ocrx_word' id='word_1_250' title='bbox 2953 1885 3034 1939; x_wconf 88' lang='lat' dir='ltr'><strong><em>sui</em></strong></span> <span class='ocrx_word' id='word_1_251' title='bbox 3082 1884 3137 1938; x_wconf 90' lang='lat' dir='ltr'><strong><em>in</em></strong></span> <span class='ocrx_word' id='word_1_252' title='bbox 3186 1886 3406 1939; x_wconf 86' lang='lat' dir='ltr'><strong><em>caritate</em></strong></span> 
     </span>
    </p>
   </div>
   <div class='ocr_carea' id='block_1_33' title="bbox 149 1950 1721 2066">
    <p class='ocr_par' dir='ltr' id='par_1_33' title="bbox 149 1950 1717 2039">
     <span class='ocr_line' id='line_1_33' title="bbox 149 1950 1717 2039; baseline 0.003 -19"><span class='ocrx_word' id='word_1_253' title='bbox 149 1950 341 2037; x_wconf 64' lang='lat' dir='ltr'><strong><em>unalc‘l.</em></strong></span> <span class='ocrx_word' id='word_1_254' title='bbox 364 1981 585 2022; x_wconf 86' lang='lat' dir='ltr'><strong><em>carnem</em></strong></span> <span class='ocrx_word' id='word_1_255' title='bbox 615 1967 798 2036; x_wconf 88' lang='lat' dir='ltr'><strong><em>unam)</em></strong></span> <span class='ocrx_word' id='word_1_256' title='bbox 826 1966 1243 2038; x_wconf 73' lang='lat' dir='ltr'><strong><em>(Ephes.v,29).</em></strong></span> <span class='ocrx_word' id='word_1_257' title='bbox 1261 1967 1415 2035; x_wconf 83' lang='lat' dir='ltr'><strong><em>Quod</em></strong></span> <span class='ocrx_word' id='word_1_258' title='bbox 1436 1984 1717 2039; x_wconf 83' lang='lat' dir='ltr'><strong><em>exponens</em></strong></span> 
     </span>
    </p>
   </div>
   <div class='ocr_carea' id='block_1_34' title="bbox 1825 1950 2289 2066">
    <p class='ocr_par' dir='ltr' id='par_1_34' title="bbox 1825 1950 2289 2061">
     <span class='ocr_line' id='line_1_34' title="bbox 1825 1950 2289 2061; baseline -0.009 -27"><span class='ocrx_word' id='word_1_259' title='bbox 1825 1950 2141 2057; x_wconf 20' lang='lat' dir='ltr'><strong><em>(Ephesdtv,</em></strong></span> <span class='ocrx_word' id='word_1_260' title='bbox 2176 1950 2289 2049; x_wconf 57' lang='lat'><strong><em>13).</em></strong></span> 
     </span>
    </p>
   </div>
   <div class='ocr_carea' id='block_1_35' title="bbox 150 2056 1714 2131">
    <p class='ocr_par' dir='ltr' id='par_1_35' title="bbox 150 2056 1714 2131">
     <span class='ocr_line' id='line_1_35' title="bbox 150 2056 1714 2131; baseline 0.003 -22"><span class='ocrx_word' id='word_1_261' title='bbox 150 2056 350 2125; x_wconf 81' lang='lat' dir='ltr'><strong><em>adjecit:</em></strong></span> <span class='ocrx_word' id='word_1_262' title='bbox 382 2067 769 2113; x_wconf 85' lang='lat' dir='ltr'><strong><em>sacramentum</em></strong></span> <span class='ocrx_word' id='word_1_263' title='bbox 815 2058 909 2113; x_wconf 81' lang='lat' dir='ltr'><strong><em>hoc</em></strong></span> <span class='ocrx_word' id='word_1_264' title='bbox 956 2076 1200 2130; x_wconf 89' lang='lat' dir='ltr'><strong><em>magnum</em></strong></span> <span class='ocrx_word' id='word_1_265' title='bbox 1258 2070 1375 2114; x_wconf 86' lang='lat' dir='ltr'><strong><em>est:</em></strong></span> <span class='ocrx_word' id='word_1_266' title='bbox 1405 2077 1497 2131; x_wconf 87' lang='lat' dir='ltr'><strong><em>ego</em></strong></span> <span class='ocrx_word' id='word_1_267' title='bbox 1546 2070 1714 2114; x_wconf 89' lang='lat' dir='ltr'><strong><em>autem</em></strong></span> 
     </span>
    </p>
   </div>
   <div class='ocr_carea' id='block_1_36' title="bbox 150 2145 1722 2207">
    <p class='ocr_par' dir='ltr' id='par_1_36' title="bbox 150 2145 1722 2207">
     <span class='ocr_line' id='line_1_36' title="bbox 150 2145 1722 2207; baseline 0.006 -10"><span class='ocrx_word' id='word_1_268' title='bbox 150 2145 248 2200; x_wconf 83' lang='lat' dir='ltr'><strong><em>dico</em></strong></span> <span class='ocrx_word' id='word_1_269' title='bbox 284 2148 337 2201; x_wconf 90' lang='lat' dir='ltr'><strong><em>in</em></strong></span> <span class='ocrx_word' id='word_1_270' title='bbox 366 2147 574 2202; x_wconf 81' lang='lat' dir='ltr'><strong><em>Christo</em></strong></span> <span class='ocrx_word' id='word_1_271' title='bbox 603 2157 654 2202; x_wconf 91' lang='lat' dir='ltr'><strong><em>et</em></strong></span> <span class='ocrx_word' id='word_1_272' title='bbox 684 2151 738 2203; x_wconf 91' lang='lat' dir='ltr'><strong><em>in</em></strong></span> <span class='ocrx_word' id='word_1_273' title='bbox 770 2148 1020 2206; x_wconf 79' lang='lat' dir='ltr'><strong><em>Ecclesia.</em></strong></span> <span class='ocrx_word' id='word_1_274' title='bbox 1062 2148 1178 2206; x_wconf 81' lang='lat' dir='ltr'><strong><em>Hoc</em></strong></span> <span class='ocrx_word' id='word_1_275' title='bbox 1219 2151 1585 2205; x_wconf 87' lang='lat' dir='ltr'><strong><em>testimonium</em></strong></span> <span class='ocrx_word' id='word_1_276' title='bbox 1621 2150 1722 2207; x_wconf 81' lang='lat' dir='ltr'><strong><em>Ve-</em></strong></span> 
     </span>
    </p>
   </div>
   <div class='ocr_carea' id='block_1_37' title="bbox 148 2236 1722 2305">
    <p class='ocr_par' dir='ltr' id='par_1_37' title="bbox 148 2236 1722 2305">
     <span class='ocr_line' id='line_1_37' title="bbox 148 2236 1722 2305; baseline 0.005 -16"><span class='ocrx_word' id='word_1_277' title='bbox 148 2236 262 2292; x_wconf 85' lang='lat' dir='ltr'><strong><em>teris</em></strong></span> <span class='ocrx_word' id='word_1_278' title='bbox 289 2237 640 2305; x_wconf 87' lang='lat' dir='ltr'><strong><em>Testamenti,</em></strong></span> <span class='ocrx_word' id='word_1_279' title='bbox 678 2256 796 2295; x_wconf 90' lang='lat' dir='ltr'><strong><em>cum</em></strong></span> <span class='ocrx_word' id='word_1_280' title='bbox 840 2241 1100 2295; x_wconf 89' lang='lat' dir='ltr'><strong><em>Dominus</em></strong></span> <span class='ocrx_word' id='word_1_281' title='bbox 1134 2240 1389 2296; x_wconf 83' lang='lat' dir='ltr'><strong><em>adversus</em></strong></span> <span class='ocrx_word' id='word_1_282' title='bbox 1420 2240 1722 2297; x_wconf 80' lang='lat' dir='ltr'><strong><em>Pharist-</em></strong></span> 
     </span>
    </p>
   </div>
   <div class='ocr_carea' id='block_1_38' title="bbox 148 2330 1721 2405">
    <p class='ocr_par' dir='ltr' id='par_1_38' title="bbox 148 2330 1721 2405">
     <span class='ocr_line' id='line_1_38' title="bbox 148 2330 1721 2405; baseline 0.004 -25"><span class='ocrx_word' id='word_1_283' title='bbox 148 2341 251 2381; x_wconf 86' lang='lat' dir='ltr'><strong><em>rum</em></strong></span> <span class='ocrx_word' id='word_1_284' title='bbox 293 2336 624 2384; x_wconf 87' lang='lat' dir='ltr'><strong><em>tentamenta</em></strong></span> <span class='ocrx_word' id='word_1_285' title='bbox 666 2330 953 2400; x_wconf 81' lang='lat' dir='ltr'><strong><em>proferret,</em></strong></span> <span class='ocrx_word' id='word_1_286' title='bbox 982 2341 1199 2387; x_wconf 89' lang='lat' dir='ltr'><strong><em>secutus</em></strong></span> <span class='ocrx_word' id='word_1_287' title='bbox 1240 2332 1524 2402; x_wconf 72' lang='lat' dir='ltr'><strong><em>adiunxit:</em></strong></span> <span class='ocrx_word' id='word_1_288' title='bbox 1558 2332 1721 2405; x_wconf 86' lang='lat' dir='ltr'><strong><em>Igitur</em></strong></span> 
     </span>
    </p>
   </div>
   <div class='ocr_carea' id='block_1_39' title="bbox 146 2419 1721 2495">
    <p class='ocr_par' dir='ltr' id='par_1_39' title="bbox 146 2419 1721 2495">
     <span class='ocr_line' id='line_1_39' title="bbox 146 2419 1721 2495; baseline 0.003 -23"><span class='ocrx_word' id='word_1_289' title='bbox 146 2419 358 2489; x_wconf 74' lang='lat' dir='ltr'><strong><em>iamnon</em></strong></span> <span class='ocrx_word' id='word_1_290' title='bbox 386 2430 507 2475; x_wconf 90' lang='lat' dir='ltr'><strong><em>sunt</em></strong></span> <span class='ocrx_word' id='word_1_291' title='bbox 534 2421 657 2484; x_wconf 89' lang='lat' dir='ltr'><strong><em>duo,</em></strong></span> <span class='ocrx_word' id='word_1_292' title='bbox 682 2424 772 2476; x_wconf 89' lang='lat' dir='ltr'><strong><em>sed</em></strong></span> <span class='ocrx_word' id='word_1_293' title='bbox 810 2439 912 2476; x_wconf 91' lang='lat' dir='ltr'><strong><em>una</em></strong></span> <span class='ocrx_word' id='word_1_294' title='bbox 938 2440 1080 2478; x_wconf 90' lang='lat' dir='ltr'><strong><em>caro.</em></strong></span> <span class='ocrx_word' id='word_1_295' title='bbox 1108 2422 1258 2487; x_wconf 81' lang='lat' dir='ltr'><strong><em>Quod</em></strong></span> <span class='ocrx_word' id='word_1_296' title='bbox 1287 2442 1408 2495; x_wconf 85' lang='lat' dir='ltr'><strong><em>ergo</em></strong></span> <span class='ocrx_word' id='word_1_297' title='bbox 1434 2423 1573 2479; x_wconf 88' lang='lat' dir='ltr'><strong><em>Deus</em></strong></span> <span class='ocrx_word' id='word_1_298' title='bbox 1597 2442 1721 2478; x_wconf 61' lang='lat' dir='ltr'><strong><em>cono</em></strong></span> 
     </span>
    </p>
   </div>
   <div class='ocr_carea' id='block_1_40' title="bbox 144 2508 1717 2585">
    <p class='ocr_par' dir='ltr' id='par_1_40' title="bbox 144 2508 1717 2585">
     <span class='ocr_line' id='line_1_40' title="bbox 144 2508 1717 2585; baseline 0.007 -25"><span class='ocrx_word' id='word_1_299' title='bbox 144 2508 316 2579; x_wconf 62' lang='lat' dir='ltr'><strong><em>iunxit,</em></strong></span> <span class='ocrx_word' id='word_1_300' title='bbox 331 2512 484 2565; x_wconf 90' lang='lat' dir='ltr'><strong><em>homo</em></strong></span> <span class='ocrx_word' id='word_1_301' title='bbox 500 2529 604 2567; x_wconf 90' lang='lat' dir='ltr'><strong><em>non</em></strong></span> <span class='ocrx_word' id='word_1_302' title='bbox 620 2520 821 2583; x_wconf 83' lang='lat' dir='ltr'><strong><em>separet</em></strong></span> <span class='ocrx_word' id='word_1_303' title='bbox 837 2514 1052 2585; x_wconf 80' lang='lat' dir='ltr'><strong><em>(Matth.</em></strong></span> <span class='ocrx_word' id='word_1_304' title='bbox 1071 2531 1180 2576; x_wconf 73' lang='lat' dir='ltr'><strong><em>XIX.</em></strong></span> <span class='ocrx_word' id='word_1_305' title='bbox 1196 2516 1275 2583; x_wconf 86' lang='grc'><strong>6).</strong></span> <span class='ocrx_word' id='word_1_306' title='bbox 1295 2514 1362 2570; x_wconf 88' lang='lat' dir='ltr'><strong><em>Ut</em></strong></span> <span class='ocrx_word' id='word_1_307' title='bbox 1377 2530 1507 2585; x_wconf 81' lang='lat' dir='ltr'><strong><em>ergo</em></strong></span> <span class='ocrx_word' id='word_1_308' title='bbox 1541 2518 1593 2571; x_wconf 91' lang='lat' dir='ltr'><strong><em>in</em></strong></span> <span class='ocrx_word' id='word_1_309' title='bbox 1624 2518 1717 2571; x_wconf 90' lang='lat' dir='ltr'><strong><em>illo</em></strong></span> 
     </span>
    </p>
   </div>
   <div class='ocr_carea' id='block_1_41' title="bbox 143 2601 1721 2669">
    <p class='ocr_par' dir='ltr' id='par_1_41' title="bbox 143 2601 1721 2669">
     <span class='ocr_line' id='line_1_41' title="bbox 143 2601 1721 2669; baseline 0.005 -18"><span class='ocrx_word' id='word_1_310' title='bbox 143 2606 316 2654; x_wconf 84' lang='lat' dir='ltr'><strong><em>sancto</em></strong></span> <span class='ocrx_word' id='word_1_311' title='bbox 338 2602 632 2666; x_wconf 86' lang='lat' dir='ltr'><strong><em>connubio,</em></strong></span> <span class='ocrx_word' id='word_1_312' title='bbox 647 2601 793 2669; x_wconf 87' lang='lat' dir='ltr'><strong><em>quod</em></strong></span> <span class='ocrx_word' id='word_1_313' title='bbox 808 2601 1005 2657; x_wconf 77' lang='lat' dir='ltr'><strong><em>factum</em></strong></span> <span class='ocrx_word' id='word_1_314' title='bbox 1023 2604 1175 2657; x_wconf 86' lang='lat' dir='ltr'><strong><em>estin</em></strong></span> <span class='ocrx_word' id='word_1_315' title='bbox 1200 2605 1436 2659; x_wconf 82' lang='lat' dir='ltr'><strong><em>thalamo</em></strong></span> <span class='ocrx_word' id='word_1_316' title='bbox 1460 2607 1595 2661; x_wconf 90' lang='lat' dir='ltr'><strong><em>uteri</em></strong></span> <span class='ocrx_word' id='word_1_317' title='bbox 1614 2608 1721 2660; x_wconf 87' lang='lat' dir='ltr'><strong><em>vir-</em></strong></span> 
     </span>
    </p>
   </div>
   <div class='ocr_carea' id='block_1_42' title="bbox 140 2691 1721 2768">
    <p class='ocr_par' dir='ltr' id='par_1_42' title="bbox 140 2691 1721 2768">
     <span class='ocr_line' id='line_1_42' title="bbox 140 2691 1721 2768; baseline 0.005 -23"><span class='ocrx_word' id='word_1_318' title='bbox 140 2691 338 2760; x_wconf 66' lang='lat' dir='ltr'><strong><em>sinatis,</em></strong></span> <span class='ocrx_word' id='word_1_319' title='bbox 341 2694 457 2761; x_wconf 84' lang='lat' dir='ltr'><strong><em>jam</em></strong></span> <span class='ocrx_word' id='word_1_320' title='bbox 467 2709 573 2747; x_wconf 88' lang='lat' dir='ltr'><strong><em>non</em></strong></span> <span class='ocrx_word' id='word_1_321' title='bbox 586 2702 768 2749; x_wconf 86' lang='lat' dir='ltr'><strong><em>essent</em></strong></span> <span class='ocrx_word' id='word_1_322' title='bbox 782 2695 911 2761; x_wconf 89' lang='lat' dir='ltr'><strong><em>duo,</em></strong></span> <span class='ocrx_word' id='word_1_323' title='bbox 927 2696 1023 2751; x_wconf 87' lang='lat' dir='ltr'><strong><em>sed</em></strong></span> <span class='ocrx_word' id='word_1_324' title='bbox 1036 2712 1139 2750; x_wconf 86' lang='lat' dir='ltr'><strong><em>una</em></strong></span> <span class='ocrx_word' id='word_1_325' title='bbox 1155 2699 1534 2767; x_wconf 86' lang='lat' dir='ltr'><strong><em>caro,spiritali</em></strong></span> <span class='ocrx_word' id='word_1_326' title='bbox 1550 2700 1721 2768; x_wconf 83' lang='lat' dir='ltr'><strong><em>gratia</em></strong></span> 
     </span>
    </p>
   </div>
   <div class='ocr_carea' id='block_1_43' title="bbox 140 2782 1722 2858">
    <p class='ocr_par' dir='ltr' id='par_1_43' title="bbox 140 2782 1722 2858">
     <span class='ocr_line' id='line_1_43' title="bbox 140 2782 1722 2858; baseline 0.003 -19"><span class='ocrx_word' id='word_1_327' title='bbox 140 2782 330 2840; x_wconf 75' lang='lat' dir='ltr'><strong><em>factum</em></strong></span> <span class='ocrx_word' id='word_1_328' title='bbox 362 2793 467 2839; x_wconf 87' lang='lat' dir='ltr'><strong><em>est.</em></strong></span> <span class='ocrx_word' id='word_1_329' title='bbox 502 2784 616 2841; x_wconf 81' lang='lat' dir='ltr'><strong><em>Hoc</em></strong></span> <span class='ocrx_word' id='word_1_330' title='bbox 644 2787 806 2841; x_wconf 87' lang='lat' dir='ltr'><strong><em>etiam</em></strong></span> <span class='ocrx_word' id='word_1_331' title='bbox 838 2795 894 2840; x_wconf 91' lang='lat' dir='ltr'><strong><em>ut</em></strong></span> <span class='ocrx_word' id='word_1_332' title='bbox 930 2788 1288 2857; x_wconf 87' lang='lat' dir='ltr'><strong><em>indisruptnm</em></strong></span> <span class='ocrx_word' id='word_1_333' title='bbox 1314 2789 1512 2858; x_wconf 70' lang='lat' dir='ltr'><strong><em>iugiter</em></strong></span> <span class='ocrx_word' id='word_1_334' title='bbox 1534 2799 1722 2843; x_wconf 85' lang='lat' dir='ltr'><strong><em>tenea-</em></strong></span> 
     </span>
    </p>
   </div>
   <div class='ocr_carea' id='block_1_44' title="bbox 142 2875 1723 2948">
    <p class='ocr_par' dir='ltr' id='par_1_44' title="bbox 142 2875 1723 2948">
     <span class='ocr_line' id='line_1_44' title="bbox 142 2875 1723 2948; baseline 0.003 -20"><span class='ocrx_word' id='word_1_335' title='bbox 142 2883 237 2942; x_wconf 90' lang='lat' dir='ltr'><strong><em>tur,</em></strong></span> <span class='ocrx_word' id='word_1_336' title='bbox 261 2875 524 2945; x_wconf 84' lang='lat' dir='ltr'><strong><em>spiritalis</em></strong></span> <span class='ocrx_word' id='word_1_337' title='bbox 564 2877 736 2947; x_wconf 78' lang='lat' dir='ltr'><strong><em>gratia</em></strong></span> <span class='ocrx_word' id='word_1_338' title='bbox 759 2885 1051 2947; x_wconf 86' lang='lat' dir='ltr'><strong><em>operatur;</em></strong></span> <span class='ocrx_word' id='word_1_339' title='bbox 1081 2880 1207 2947; x_wconf 89' lang='lat' dir='ltr'><strong><em>quia</em></strong></span> <span class='ocrx_word' id='word_1_340' title='bbox 1238 2888 1294 2931; x_wconf 91' lang='lat' dir='ltr'><strong><em>ut</em></strong></span> <span class='ocrx_word' id='word_1_341' title='bbox 1322 2881 1482 2948; x_wconf 77' lang='lat' dir='ltr'><strong><em>capiti</em></strong></span> <span class='ocrx_word' id='word_1_342' title='bbox 1512 2896 1610 2934; x_wconf 88' lang='lat' dir='ltr'><strong><em>suo</em></strong></span> <span class='ocrx_word' id='word_1_343' title='bbox 1639 2881 1723 2933; x_wconf 91' lang='lat' dir='ltr'><strong><em>in-</em></strong></span> 
     </span>
    </p>
   </div>
   <div class='ocr_carea' id='block_1_45' title="bbox 143 2965 1724 3037">
    <p class='ocr_par' dir='ltr' id='par_1_45' title="bbox 143 2965 1724 3037">
     <span class='ocr_line' id='line_1_45' title="bbox 143 2965 1724 3037; baseline 0.002 -16"><span class='ocrx_word' id='word_1_344' title='bbox 143 2965 329 3021; x_wconf 73' lang='lat' dir='ltr'><strong><em>hzereat</em></strong></span> <span class='ocrx_word' id='word_1_345' title='bbox 352 2967 470 3021; x_wconf 66' lang='lat' dir='ltr'><strong><em>haec</em></strong></span> <span class='ocrx_word' id='word_1_346' title='bbox 503 2968 681 3020; x_wconf 85' lang='lat' dir='ltr'><strong><em>unitas</em></strong></span> <span class='ocrx_word' id='word_1_347' title='bbox 710 2968 972 3036; x_wconf 83' lang='lat' dir='ltr'><strong><em>corporis,</em></strong></span> <span class='ocrx_word' id='word_1_348' title='bbox 1003 2977 1059 3021; x_wconf 90' lang='lat' dir='ltr'><strong><em>et</em></strong></span> <span class='ocrx_word' id='word_1_349' title='bbox 1088 2976 1145 3021; x_wconf 88' lang='lat' dir='ltr'><strong><em>ut</em></strong></span> <span class='ocrx_word' id='word_1_350' title='bbox 1176 2968 1351 3023; x_wconf 82' lang='lat' dir='ltr'><strong><em>sciens</em></strong></span> <span class='ocrx_word' id='word_1_351' title='bbox 1381 2970 1509 3037; x_wconf 86' lang='lat' dir='ltr'><strong><em>quia</em></strong></span> <span class='ocrx_word' id='word_1_352' title='bbox 1548 2986 1724 3024; x_wconf 83' lang='lat' dir='ltr'><strong><em>omnes</em></strong></span> 
     </span>
    </p>
   </div>
   <div class='ocr_carea' id='block_1_46' title="bbox 146 3044 1725 3133">
    <p class='ocr_par' dir='ltr' id='par_1_46' title="bbox 146 3044 1725 3133">
     <span class='ocr_line' id='line_1_46' title="bbox 146 3044 1725 3133; baseline 0.003 -21"><span class='ocrx_word' id='word_1_353' title='bbox 146 3060 217 3128; x_wconf 82' lang='lat' dir='ltr'><strong><em>qui</em></strong></span> <span class='ocrx_word' id='word_1_354' title='bbox 246 3074 301 3112; x_wconf 89' lang='lat' dir='ltr'><strong><em>se</em></strong></span> <span class='ocrx_word' id='word_1_355' title='bbox 319 3057 568 3129; x_wconf 60' lang='lat' dir='ltr'><strong><em>elongan&#39;t</em></strong></span> <span class='ocrx_word' id='word_1_356' title='bbox 588 3059 653 3111; x_wconf 89' lang='lat' dir='ltr'><strong><em>ab</em></strong></span> <span class='ocrx_word' id='word_1_357' title='bbox 682 3060 796 3127; x_wconf 89' lang='lat' dir='ltr'><strong><em>ipso</em></strong></span> <span class='ocrx_word' id='word_1_358' title='bbox 823 3058 1081 3127; x_wconf 72' lang='lat' dir='ltr'><strong><em>peribunt,</em></strong></span> <span class='ocrx_word' id='word_1_359' title='bbox 1112 3068 1162 3113; x_wconf 89' lang='lat' dir='ltr'><strong><em>et</em></strong></span> <span class='ocrx_word' id='word_1_360' title='bbox 1190 3062 1310 3133; x_wconf 87' lang='lat' dir='ltr'><strong><em>quia</em></strong></span> <span class='ocrx_word' id='word_1_361' title='bbox 1331 3060 1507 3131; x_wconf 84' lang='lat' dir='ltr'><strong><em>perdet</em></strong></span> <span class='ocrx_word' id='word_1_362' title='bbox 1547 3044 1725 3116; x_wconf 83' lang='lat' dir='ltr'><strong><em>omnes</em></strong></span> 
     </span>
    </p>
   </div>
   <div class='ocr_carea' id='block_1_47' title="bbox 150 3136 1726 3223">
    <p class='ocr_par' dir='ltr' id='par_1_47' title="bbox 150 3136 1726 3223">
     <span class='ocr_line' id='line_1_47' title="bbox 150 3136 1726 3223; baseline 0.003 -18"><span class='ocrx_word' id='word_1_363' title='bbox 150 3152 220 3220; x_wconf 72' lang='lat' dir='ltr'><strong><em>qtti</em></strong></span> <span class='ocrx_word' id='word_1_364' title='bbox 258 3153 585 3223; x_wconf 83' lang='lat' dir='ltr'><strong><em>fornicamur</em></strong></span> <span class='ocrx_word' id='word_1_365' title='bbox 630 3151 693 3205; x_wconf 90' lang='lat' dir='ltr'><strong><em>ab</em></strong></span> <span class='ocrx_word' id='word_1_366' title='bbox 728 3168 817 3213; x_wconf 89' lang='lat' dir='ltr'><strong><em>eo,</em></strong></span> <span class='ocrx_word' id='word_1_367' title='bbox 856 3154 1025 3222; x_wconf 83' lang='lat' dir='ltr'><strong><em>possit</em></strong></span> <span class='ocrx_word' id='word_1_368' title='bbox 1064 3153 1179 3222; x_wconf 89' lang='lat' dir='ltr'><strong><em>ipsa</em></strong></span> <span class='ocrx_word' id='word_1_369' title='bbox 1209 3160 1359 3208; x_wconf 84' lang='lat' dir='ltr'><strong><em>caste</em></strong></span> <span class='ocrx_word' id='word_1_370' title='bbox 1396 3167 1460 3208; x_wconf 84' lang='lat' dir='ltr'><strong><em>ac</em></strong></span> <span class='ocrx_word' id='word_1_371' title='bbox 1487 3136 1726 3209; x_wconf 81' lang='lat' dir='ltr'><strong><em>suaviter</em></strong></span> 
     </span>
    </p>
   </div>
   <div class='ocr_carea' id='block_1_48' title="bbox 153 3242 1720 3314">
    <p class='ocr_par' dir='ltr' id='par_1_48' title="bbox 153 3242 1720 3314">
     <span class='ocr_line' id='line_1_48' title="bbox 153 3242 1720 3314; baseline 0.002 -19"><span class='ocrx_word' id='word_1_372' title='bbox 153 3242 346 3299; x_wconf 76' lang='lat' dir='ltr'><strong><em>dicere:</em></strong></span> <span class='ocrx_word' id='word_1_373' title='bbox 382 3242 516 3296; x_wconf 74' lang='lat' dir='ltr'><strong><em>Mihi</em></strong></span> <span class='ocrx_word' id='word_1_374' title='bbox 545 3250 716 3296; x_wconf 85' lang='lat' dir='ltr'><strong><em>autem</em></strong></span> <span class='ocrx_word' id='word_1_375' title='bbox 745 3243 1009 3297; x_wconf 64' lang='lat' dir='ltr'><strong><em>adhaerere</em></strong></span> <span class='ocrx_word' id='word_1_376' title='bbox 1040 3242 1148 3297; x_wconf 87' lang='lat' dir='ltr'><strong><em>Deo</em></strong></span> <span class='ocrx_word' id='word_1_377' title='bbox 1193 3242 1383 3297; x_wconf 90' lang='lat' dir='ltr'><strong><em>bonum</em></strong></span> <span class='ocrx_word' id='word_1_378' title='bbox 1427 3252 1502 3298; x_wconf 89' lang='lat' dir='ltr'><strong><em>est</em></strong></span> <span class='ocrx_word' id='word_1_379' title='bbox 1549 3243 1720 3314; x_wconf 87' lang='lat' dir='ltr'><strong><em>(Psal.</em></strong></span> 
     </span>
    </p>
   </div>
   <div class='ocr_carea' id='block_1_49' title="bbox 153 3334 1723 3409">
    <p class='ocr_par' dir='ltr' id='par_1_49' title="bbox 153 3334 1723 3409">
     <span class='ocr_line' id='line_1_49' title="bbox 153 3334 1723 3409; baseline 0 -19"><span class='ocrx_word' id='word_1_380' title='bbox 153 3348 297 3402; x_wconf 79' lang='lat' dir='ltr'><strong><em>mn,</em></strong></span> <span class='ocrx_word' id='word_1_381' title='bbox 342 3336 459 3409; x_wconf 71' lang='lat'><strong><em>27).</em></strong></span> <span class='ocrx_word' id='word_1_382' title='bbox 498 3334 564 3389; x_wconf 79' lang='lat' dir='ltr'><strong><em>Et</em></strong></span> <span class='ocrx_word' id='word_1_383' title='bbox 609 3351 835 3390; x_wconf 86' lang='lat' dir='ltr'><strong><em>rursus:</em></strong></span> <span class='ocrx_word' id='word_1_384' title='bbox 869 3335 1101 3390; x_wconf 76' lang='lat' dir='ltr'><strong><em>A‘dhtesit</em></strong></span> <span class='ocrx_word' id='word_1_385' title='bbox 1130 3337 1306 3389; x_wconf 87' lang='lat' dir='ltr'><strong><em>anima</em></strong></span> <span class='ocrx_word' id='word_1_386' title='bbox 1352 3351 1467 3389; x_wconf 87' lang='lat' dir='ltr'><strong><em>mea</em></strong></span> <span class='ocrx_word' id='word_1_387' title='bbox 1510 3345 1628 3405; x_wconf 88' lang='lat' dir='ltr'><strong><em>post</em></strong></span> <span class='ocrx_word' id='word_1_388' title='bbox 1675 3343 1723 3390; x_wconf 90' lang='lat' dir='ltr'><strong><em>te</em></strong></span> 
     </span>
    </p>
   </div>
   <div class='ocr_carea' id='block_1_50' title="bbox 1825 2091 3405 2165">
    <p class='ocr_par' dir='ltr' id='par_1_50' title="bbox 1825 2091 3405 2165">
     <span class='ocr_line' id='line_1_50' title="bbox 1825 2091 3405 2165; baseline -0.003 -15"><span class='ocrx_word' id='word_1_389' title='bbox 1825 2096 2006 2155; x_wconf 65' lang='lat' dir='ltr'><strong><em>Carm</em></strong></span> <span class='ocrx_word' id='word_1_390' title='bbox 2038 2110 2108 2165; x_wconf 60' lang='lat' dir='ltr'><strong><em>ut.</em></strong></span> <span class='ocrx_word' id='word_1_391' title='bbox 2152 2091 2283 2165; x_wconf 66' lang='lat' dir='ltr'><strong><em>Haec</em></strong></span> <span class='ocrx_word' id='word_1_392' title='bbox 2321 2091 2601 2165; x_wconf 78' lang='lat' dir='ltr'><strong><em>wdi/icatie</em></strong></span> <span class='ocrx_word' id='word_1_393' title='bbox 2627 2092 2878 2162; x_wconf 84' lang='lat' dir='ltr'><strong><em>spiritalis</em></strong></span> <span class='ocrx_word' id='word_1_394' title='bbox 2908 2094 3188 2165; x_wconf 68' lang='lat' dir='ltr'><strong><em>rectissime</em></strong></span> <span class='ocrx_word' id='word_1_395' title='bbox 3214 2094 3405 2165; x_wconf 84' lang='lat' dir='ltr'><strong><em>petitur</em></strong></span> 
     </span>
    </p>
   </div>
   <div class='ocr_carea' id='block_1_51' title="bbox 1832 2160 3402 2243">
    <p class='ocr_par' dir='ltr' id='par_1_51' title="bbox 1832 2160 3402 2243">
     <span class='ocr_line' id='line_1_51' title="bbox 1832 2160 3402 2243; baseline -0.001 -26"><span class='ocrx_word' id='word_1_396' title='bbox 1832 2170 1837 2177; x_wconf 88' lang='lat'>&#39;</span> <span class='ocrx_word' id='word_1_397' title='bbox 1894 2163 2101 2243; x_wconf 84' lang='lat' dir='ltr'><strong><em>quando</em></strong></span> <span class='ocrx_word' id='word_1_398' title='bbox 2123 2163 2273 2243; x_wconf 80' lang='lat' dir='ltr'><strong><em>panis</em></strong></span> <span class='ocrx_word' id='word_1_399' title='bbox 2303 2160 2890 2243; x_wconf 12' lang='lat' dir='ltr'><strong><em>etlcal‘iaf‘onsecratur‘.</em></strong></span> <span class='ocrx_word' id='word_1_400' title='bbox 2910 2160 3287 2243; x_wconf 12' lang='lat' dir='ltr'><strong><em>&#39;Sanctiﬁcitr&#39;tio</em></strong></span> <span class='ocrx_word' id='word_1_401' title='bbox 3307 2164 3402 2243; x_wconf 48' lang='lat' dir='ltr'><strong><em>La}</em></strong></span> 
     </span>
    </p>
   </div>
   <div class='ocr_carea' id='block_1_52' title="bbox 1896 2230 3401 2301">
    <p class='ocr_par' dir='ltr' id='par_1_52' title="bbox 1896 2230 3401 2301">
     <span class='ocr_line' id='line_1_52' title="bbox 1896 2230 3401 2301; baseline -0.002 -12"><span class='ocrx_word' id='word_1_402' title='bbox 1896 2230 2008 2289; x_wconf 79' lang='lat' dir='ltr'><strong><em>men</em></strong></span> <span class='ocrx_word' id='word_1_403' title='bbox 2034 2241 2212 2286; x_wconf 85' lang='lat' dir='ltr'><strong><em>nostra</em></strong></span> <span class='ocrx_word' id='word_1_404' title='bbox 2240 2248 2272 2284; x_wconf 90' lang='lat' dir='ltr'><strong><em>a</em></strong></span> <span class='ocrx_word' id='word_1_405' title='bbox 2302 2240 2408 2286; x_wconf 89' lang='lat' dir='ltr'><strong><em>tota</em></strong></span> <span class='ocrx_word' id='word_1_406' title='bbox 2437 2233 2496 2301; x_wconf 81' lang='lat' dir='ltr'><strong><em>ﬁt</em></strong></span> <span class='ocrx_word' id='word_1_407' title='bbox 2526 2230 2800 2291; x_wconf 77' lang='lat' dir='ltr'><strong><em>Trinitate.</em></strong></span> <span class='ocrx_word' id='word_1_408' title='bbox 2837 2230 2936 2295; x_wconf 79' lang='lat' dir='ltr'><strong><em>Qui</em></strong></span> <span class='ocrx_word' id='word_1_409' title='bbox 2978 2232 3043 2285; x_wconf 85' lang='lat' dir='ltr'><strong><em>ab</em></strong></span> <span class='ocrx_word' id='word_1_410' title='bbox 3073 2230 3269 2286; x_wconf 84' lang='lat' dir='ltr'><strong><em>unitate</em></strong></span> <span class='ocrx_word' id='word_1_411' title='bbox 3298 2231 3401 2287; x_wconf 52' lang='lat' dir='ltr'><strong><em>Ec;</em></strong></span> 
     </span>
    </p>
   </div>
   <div class='ocr_carea' id='block_1_53' title="bbox 1894 2302 3171 2373">
    <p class='ocr_par' dir='ltr' id='par_1_53' title="bbox 1894 2302 3171 2373">
     <span class='ocr_line' id='line_1_53' title="bbox 1894 2302 3171 2373; baseline -0.002 -14"><span class='ocrx_word' id='word_1_412' title='bbox 1894 2305 2067 2361; x_wconf 74' lang='lat' dir='ltr'><strong><em>clesia’</em></strong></span> <span class='ocrx_word' id='word_1_413' title='bbox 2085 2303 2349 2369; x_wconf 86' lang='lat' dir='ltr'><strong><em>recedunt,</em></strong></span> <span class='ocrx_word' id='word_1_414' title='bbox 2379 2302 2635 2373; x_wconf 83' lang='lat' dir='ltr'><strong><em>Spiritum</em></strong></span> <span class='ocrx_word' id='word_1_415' title='bbox 2654 2312 2891 2369; x_wconf 85' lang='lat' dir='ltr'><strong><em>sanctum</em></strong></span> <span class='ocrx_word' id='word_1_416' title='bbox 2909 2303 3171 2371; x_wconf 78' lang='lat' dir='ltr'><strong><em>amittunt.</em></strong></span> 
     </span>
    </p>
   </div>
   <div class='ocr_carea' id='block_1_54' title="bbox 1894 2400 3401 2487">
    <p class='ocr_par' dir='ltr' id='par_1_54' title="bbox 1894 2400 3401 2487">
     <span class='ocr_line' id='line_1_54' title="bbox 1894 2400 3401 2487; baseline 0.001 -15"><span class='ocrx_word' id='word_1_417' title='bbox 1894 2416 2021 2472; x_wconf 64' lang='lat' dir='ltr'><strong><em>Hasc</em></strong></span> <span class='ocrx_word' id='word_1_418' title='bbox 2049 2417 2230 2485; x_wconf 86' lang='lat' dir='ltr'><strong><em>itaque</em></strong></span> <span class='ocrx_word' id='word_1_419' title='bbox 2272 2400 2529 2485; x_wconf 85' lang='lat' dir='ltr'><strong><em>spiritalis</em></strong></span> <span class='ocrx_word' id='word_1_420' title='bbox 2569 2415 2852 2472; x_wconf 66' lang='lat' dir='ltr'><strong><em>adiﬁcatio</em></strong></span> <span class='ocrx_word' id='word_1_421' title='bbox 2896 2416 3142 2487; x_wconf 89' lang='lat' dir='ltr'><strong><em>corporis</em></strong></span> <span class='ocrx_word' id='word_1_422' title='bbox 3185 2415 3401 2485; x_wconf 87' lang='lat' dir='ltr'><strong><em>Christi,</em></strong></span> 
     </span>
    </p>
   </div>
   <div class='ocr_carea' id='block_1_55' title="bbox 1822 2503 3407 2579">
    <p class='ocr_par' dir='ltr' id='par_1_55' title="bbox 1822 2503 3407 2579">
     <span class='ocr_line' id='line_1_55' title="bbox 1822 2503 3407 2579; baseline -0.001 -16"><span class='ocrx_word' id='word_1_423' title='bbox 1822 2523 1942 2579; x_wconf 77' lang='lat' dir='ltr'><strong><em>quae</em></strong></span> <span class='ocrx_word' id='word_1_424' title='bbox 1974 2507 2032 2561; x_wconf 83' lang='lat' dir='ltr'><strong><em>tit</em></strong></span> <span class='ocrx_word' id='word_1_425' title='bbox 2054 2507 2105 2560; x_wconf 94' lang='lat' dir='ltr'><strong><em>in</em></strong></span> <span class='ocrx_word' id='word_1_426' title='bbox 2143 2505 2370 2561; x_wconf 86' lang='lat' dir='ltr'><strong><em>caritate</em></strong></span> <span class='ocrx_word' id='word_1_427' title='bbox 2401 2507 2544 2573; x_wconf 89' lang='lat' dir='ltr'><strong><em>(cum</em></strong></span> <span class='ocrx_word' id='word_1_428' title='bbox 2574 2505 2780 2561; x_wconf 86' lang='lat' dir='ltr'><strong><em>scilicet</em></strong></span> <span class='ocrx_word' id='word_1_429' title='bbox 2806 2506 3099 2561; x_wconf 88' lang='lat' dir='ltr'><strong><em>secundum</em></strong></span> <span class='ocrx_word' id='word_1_430' title='bbox 3130 2507 3274 2562; x_wconf 86' lang='lat' dir='ltr'><strong><em>beati</em></strong></span> <span class='ocrx_word' id='word_1_431' title='bbox 3301 2503 3407 2562; x_wconf 67' lang='grc' dir='ltr'><strong><em>Ρθῖ</em></strong></span> 
     </span>
    </p>
   </div>
   <div class='ocr_carea' id='block_1_56' title="bbox 1823 2595 3403 2667">
    <p class='ocr_par' dir='ltr' id='par_1_56' title="bbox 1823 2595 3403 2667">
     <span class='ocr_line' id='line_1_56' title="bbox 1823 2595 3403 2667; baseline -0.003 -13"><span class='ocrx_word' id='word_1_432' title='bbox 1823 2600 1892 2654; x_wconf 86' lang='lat' dir='ltr'><strong><em>tri</em></strong></span> <span class='ocrx_word' id='word_1_433' title='bbox 1921 2612 2246 2661; x_wconf 87' lang='lat' dir='ltr'><strong><em>sermonem,</em></strong></span> <span class='ocrx_word' id='word_1_434' title='bbox 2275 2595 2475 2667; x_wconf 83' lang='lat' dir='ltr'><strong><em>lapides</em></strong></span> <span class='ocrx_word' id='word_1_435' title='bbox 2506 2597 2602 2650; x_wconf 84' lang='lat' dir='ltr'><strong><em>vivi</em></strong></span> <span class='ocrx_word' id='word_1_436' title='bbox 2632 2596 2962 2666; x_wconf 68' lang='lat' dir='ltr'><strong><em>aediﬁcantur</em></strong></span> <span class='ocrx_word' id='word_1_437' title='bbox 2987 2598 3043 2650; x_wconf 92' lang='lat' dir='ltr'><strong><em>in</em></strong></span> <span class='ocrx_word' id='word_1_438' title='bbox 3072 2596 3278 2653; x_wconf 81' lang='lat' dir='ltr'><strong><em>domum</em></strong></span> <span class='ocrx_word' id='word_1_439' title='bbox 3295 2597 3403 2667; x_wconf 77' lang='lat' dir='ltr'><strong><em>spi-</em></strong></span> 
     </span>
    </p>
   </div>
   <div class='ocr_carea' id='block_1_57' title="bbox 1823 2689 3407 2759">
    <p class='ocr_par' dir='ltr' id='par_1_57' title="bbox 1823 2689 3407 2759">
     <span class='ocr_line' id='line_1_57' title="bbox 1823 2689 3407 2759; baseline 0 -14"><span class='ocrx_word' id='word_1_440' title='bbox 1823 2691 2051 2757; x_wconf 86' lang='lat' dir='ltr'><strong><em>ritalem,</em></strong></span> <span class='ocrx_word' id='word_1_441' title='bbox 2099 2692 2154 2744; x_wconf 88' lang='lat' dir='ltr'><strong><em>in</em></strong></span> <span class='ocrx_word' id='word_1_442' title='bbox 2199 2690 2544 2743; x_wconf 82' lang='lat' dir='ltr'><strong><em>sacerdotium</em></strong></span> <span class='ocrx_word' id='word_1_443' title='bbox 2583 2698 2817 2743; x_wconf 88' lang='lat' dir='ltr'><strong><em>sanctum</em></strong></span> <span class='ocrx_word' id='word_1_444' title='bbox 2846 2689 3119 2759; x_wconf 79' lang='lat' dir='ltr'><strong><em>offerentes</em></strong></span> <span class='ocrx_word' id='word_1_445' title='bbox 3148 2691 3407 2759; x_wconf 71' lang='lat' dir='ltr'><strong><em>spiritales</em></strong></span> 
     </span>
    </p>
   </div>
   <div class='ocr_carea' id='block_1_58' title="bbox 1825 2778 3408 2854">
    <p class='ocr_par' dir='ltr' id='par_1_58' title="bbox 1825 2778 3408 2854">
     <span class='ocr_line' id='line_1_58' title="bbox 1825 2778 3408 2854; baseline 0.001 -20"><span class='ocrx_word' id='word_1_446' title='bbox 1825 2782 2039 2846; x_wconf 88' lang='lat' dir='ltr'><strong><em>hostias,</em></strong></span> <span class='ocrx_word' id='word_1_447' title='bbox 2067 2779 2405 2850; x_wconf 82' lang='lat' dir='ltr'><strong><em>acceptabiles</em></strong></span> <span class='ocrx_word' id='word_1_448' title='bbox 2429 2778 2539 2833; x_wconf 87' lang='lat' dir='ltr'><strong><em>Deo</em></strong></span> <span class='ocrx_word' id='word_1_449' title='bbox 2570 2797 2661 2851; x_wconf 88' lang='lat' dir='ltr'><strong><em>per</em></strong></span> <span class='ocrx_word' id='word_1_450' title='bbox 2687 2779 2866 2835; x_wconf 86' lang='lat' dir='ltr'><strong><em>Jesum</em></strong></span> <span class='ocrx_word' id='word_1_451' title='bbox 2893 2780 3151 2836; x_wconf 83' lang='lat' dir='ltr'><strong><em>Christum</em></strong></span> <span class='ocrx_word' id='word_1_452' title='bbox 3176 2781 3232 2854; x_wconf 90' lang='lat' dir='ltr'><strong><em>[I</em></strong></span> <span class='ocrx_word' id='word_1_453' title='bbox 3260 2780 3408 2838; x_wconf 84' lang='lat' dir='ltr'><strong><em>Petr.</em></strong></span> 
     </span>
    </p>
   </div>
   <div class='ocr_carea' id='block_1_59' title="bbox 1823 2867 3409 2940">
    <p class='ocr_par' dir='ltr' id='par_1_59' title="bbox 1823 2867 3409 2940">
     <span class='ocr_line' id='line_1_59' title="bbox 1823 2867 3409 2940; baseline 0.002 -17"><span class='ocrx_word' id='word_1_454' title='bbox 1823 2883 1882 2935; x_wconf 78' lang='lat' dir='ltr'><strong><em>l,</em></strong></span> <span class='ocrx_word' id='word_1_455' title='bbox 1912 2868 2024 2939; x_wconf 79' lang='lat'><strong><em>5]),</em></strong></span> <span class='ocrx_word' id='word_1_456' title='bbox 2048 2869 2181 2933; x_wconf 84' lang='lat' dir='ltr'><strong><em>haec,</em></strong></span> <span class='ocrx_word' id='word_1_457' title='bbox 2214 2871 2456 2937; x_wconf 91' lang='lat' dir='ltr'><strong><em>inquam,</em></strong></span> <span class='ocrx_word' id='word_1_458' title='bbox 2499 2867 2784 2925; x_wconf 63' lang='lat' dir='ltr'><strong><em>aediﬁcatio</em></strong></span> <span class='ocrx_word' id='word_1_459' title='bbox 2830 2870 3106 2940; x_wconf 81' lang='lat' dir='ltr'><strong><em>spiritalis,</em></strong></span> <span class='ocrx_word' id='word_1_460' title='bbox 3137 2884 3409 2940; x_wconf 83' lang='lat' dir='ltr'><strong><em>nunquam</em></strong></span> 
     </span>
    </p>
   </div>
   <div class='ocr_carea' id='block_1_60' title="bbox 1825 2965 3410 3037">
    <p class='ocr_par' dir='ltr' id='par_1_60' title="bbox 1825 2965 3410 3037">
     <span class='ocr_line' id='line_1_60' title="bbox 1825 2965 3410 3037; baseline 0.001 -15"><span class='ocrx_word' id='word_1_461' title='bbox 1825 2965 2177 3037; x_wconf 81' lang='lat' dir='ltr'><strong><em>Opportunius</em></strong></span> <span class='ocrx_word' id='word_1_462' title='bbox 2192 2965 2391 3033; x_wconf 90' lang='lat' dir='ltr'><strong><em>petitur</em></strong></span> <span class='ocrx_word' id='word_1_463' title='bbox 2408 2977 2569 3033; x_wconf 89' lang='lat' dir='ltr'><strong><em>quam</em></strong></span> <span class='ocrx_word' id='word_1_464' title='bbox 2598 2979 2716 3018; x_wconf 89' lang='lat' dir='ltr'><strong><em>cum</em></strong></span> <span class='ocrx_word' id='word_1_465' title='bbox 2748 2965 2816 3018; x_wconf 88' lang='lat' dir='ltr'><strong><em>ab</em></strong></span> <span class='ocrx_word' id='word_1_466' title='bbox 2840 2966 2955 3034; x_wconf 87' lang='lat' dir='ltr'><strong><em>ipso</em></strong></span> <span class='ocrx_word' id='word_1_467' title='bbox 2975 2965 3410 3035; x_wconf 70' lang='lat' dir='ltr'><strong><em>Cbristicorporc</em></strong></span> 
     </span>
    </p>
   </div>
   <div class='ocr_carea' id='block_1_61' title="bbox 1828 3057 3410 3131">
    <p class='ocr_par' dir='ltr' id='par_1_61' title="bbox 1828 3057 3410 3131">
     <span class='ocr_line' id='line_1_61' title="bbox 1828 3057 3410 3131; baseline -0.002 -18"><span class='ocrx_word' id='word_1_468' title='bbox 1828 3059 1991 3131; x_wconf 87' lang='lat' dir='ltr'><strong><em>(quod</em></strong></span> <span class='ocrx_word' id='word_1_469' title='bbox 2013 3067 2097 3113; x_wconf 89' lang='lat' dir='ltr'><strong><em>est</em></strong></span> <span class='ocrx_word' id='word_1_470' title='bbox 2123 3057 2386 3127; x_wconf 85' lang='lat' dir='ltr'><strong><em>Ecclesia)</em></strong></span> <span class='ocrx_word' id='word_1_471' title='bbox 2415 3057 2467 3111; x_wconf 91' lang='lat' dir='ltr'><strong><em>in</em></strong></span> <span class='ocrx_word' id='word_1_472' title='bbox 2498 3065 2834 3112; x_wconf 86' lang='lat' dir='ltr'><strong><em>sacramento</em></strong></span> <span class='ocrx_word' id='word_1_473' title='bbox 2867 3058 3015 3127; x_wconf 88' lang='lat' dir='ltr'><strong><em>panis</em></strong></span> <span class='ocrx_word' id='word_1_474' title='bbox 3043 3066 3097 3120; x_wconf 87' lang='lat' dir='ltr'><strong><em>et</em></strong></span> <span class='ocrx_word' id='word_1_475' title='bbox 3124 3057 3306 3113; x_wconf 86' lang='lat' dir='ltr'><strong><em>calicis</em></strong></span> <span class='ocrx_word' id='word_1_476' title='bbox 3329 3058 3410 3127; x_wconf 83' lang='lat' dir='ltr'><strong><em>ip-</em></strong></span> 
     </span>
    </p>
   </div>
   <div class='ocr_carea' id='block_1_62' title="bbox 1824 3146 3410 3217">
    <p class='ocr_par' dir='ltr' id='par_1_62' title="bbox 1824 3146 3410 3217">
     <span class='ocr_line' id='line_1_62' title="bbox 1824 3146 3410 3217; baseline -0.002 -12"><span class='ocrx_word' id='word_1_477' title='bbox 1824 3165 1944 3205; x_wconf 91' lang='lat' dir='ltr'><strong><em>sum</em></strong></span> <span class='ocrx_word' id='word_1_478' title='bbox 1972 3148 2172 3204; x_wconf 86' lang='lat' dir='ltr'><strong><em>Christi</em></strong></span> <span class='ocrx_word' id='word_1_479' title='bbox 2198 3162 2396 3217; x_wconf 91' lang='lat' dir='ltr'><strong><em>corpus</em></strong></span> <span class='ocrx_word' id='word_1_480' title='bbox 2423 3156 2479 3202; x_wconf 76' lang='lat' dir='ltr'><strong><em>et</em></strong></span> <span class='ocrx_word' id='word_1_481' title='bbox 2521 3148 2737 3216; x_wconf 76' lang='lat' dir='ltr'><strong><em>sanguis</em></strong></span> <span class='ocrx_word' id='word_1_482' title='bbox 2783 3146 3044 3202; x_wconf 83' lang='lat' dir='ltr'><strong><em>otl‘ertur:</em></strong></span> <span class='ocrx_word' id='word_1_483' title='bbox 3074 3146 3228 3201; x_wconf 79' lang='lat' dir='ltr'><strong><em>Calix</em></strong></span> <span class='ocrx_word' id='word_1_484' title='bbox 3272 3149 3410 3203; x_wconf 83' lang='lat' dir='ltr'><strong><em>enim</em></strong></span> 
     </span>
    </p>
   </div>
   <div class='ocr_carea' id='block_1_63' title="bbox 1824 3238 3410 3313">
    <p class='ocr_par' dir='ltr' id='par_1_63' title="bbox 1824 3238 3410 3313">
     <span class='ocr_line' id='line_1_63' title="bbox 1824 3238 3410 3313; baseline -0.001 -18"><span class='ocrx_word' id='word_1_485' title='bbox 1824 3257 1970 3313; x_wconf 84' lang='lat' dir='ltr'><strong><em>quem</em></strong></span> <span class='ocrx_word' id='word_1_486' title='bbox 2007 3238 2245 3300; x_wconf 84' lang='lat' dir='ltr'><strong><em>bibimus.</em></strong></span> <span class='ocrx_word' id='word_1_487' title='bbox 2278 3240 2672 3293; x_wconf 87' lang='lat' dir='ltr'><strong><em>communicatio</em></strong></span> <span class='ocrx_word' id='word_1_488' title='bbox 2701 3238 2971 3310; x_wconf 83' lang='lat' dir='ltr'><strong><em>sanguinis</em></strong></span> <span class='ocrx_word' id='word_1_489' title='bbox 3002 3238 3197 3293; x_wconf 87' lang='lat' dir='ltr'><strong><em>Christi</em></strong></span> <span class='ocrx_word' id='word_1_490' title='bbox 3236 3248 3410 3305; x_wconf 39' lang='lat' dir='ltr'><strong><em>est,&#39;et</em></strong></span> 
     </span>
    </p>
   </div>
   <div class='ocr_carea' id='block_1_64' title="bbox 1825 3332 3409 3406">
    <p class='ocr_par' dir='ltr' id='par_1_64' title="bbox 1825 3332 3409 3406">
     <span class='ocr_line' id='line_1_64' title="bbox 1825 3332 3409 3406; baseline 0.001 -20"><span class='ocrx_word' id='word_1_491' title='bbox 1825 3334 1976 3404; x_wconf 88' lang='lat' dir='ltr'><strong><em>panis</em></strong></span> <span class='ocrx_word' id='word_1_492' title='bbox 2003 3349 2151 3406; x_wconf 87' lang='lat' dir='ltr'><strong><em>quem</em></strong></span> <span class='ocrx_word' id='word_1_493' title='bbox 2178 3333 2490 3405; x_wconf 79' lang='lat' dir='ltr'><strong><em>frangimus,</em></strong></span> <span class='ocrx_word' id='word_1_494' title='bbox 2538 3333 2869 3403; x_wconf 85' lang='lat' dir='ltr'><strong><em>participatio</em></strong></span> <span class='ocrx_word' id='word_1_495' title='bbox 2914 3333 3145 3403; x_wconf 87' lang='lat' dir='ltr'><strong><em>corporis</em></strong></span> <span class='ocrx_word' id='word_1_496' title='bbox 3192 3332 3409 3388; x_wconf 81' lang='lat' dir='ltr'><strong><em>Domini</em></strong></span> 
     </span>
    </p>
   </div>
   <div class='ocr_carea' id='block_1_65' title="bbox 156 3396 3406 3505">
    <p class='ocr_par' dir='ltr' id='par_1_65' title="bbox 156 3396 3406 3505">
     <span class='ocr_line' id='line_1_65' title="bbox 156 3396 3406 3505; baseline -0.001 -25"><span class='ocrx_word' id='word_1_497' title='bbox 156 3396 306 3497; x_wconf 78' lang='lat' dir='ltr'><strong><em>(Psal.</em></strong></span> <span class='ocrx_word' id='word_1_498' title='bbox 351 3396 480 3494; x_wconf 49' lang='lat' dir='ltr'><strong><em>LXIII,</em></strong></span> <span class='ocrx_word' id='word_1_499' title='bbox 512 3427 590 3497; x_wconf 86' lang='grc'><strong><em>9).</em></strong></span> <span class='ocrx_word' id='word_1_500' title='bbox 621 3426 716 3482; x_wconf 84' lang='lat' dir='ltr'><strong><em>Illa</em></strong></span> <span class='ocrx_word' id='word_1_501' title='bbox 743 3427 940 3483; x_wconf 88' lang='lat' dir='ltr'><strong><em>caritas</em></strong></span> <span class='ocrx_word' id='word_1_502' title='bbox 961 3426 1057 3482; x_wconf 91' lang='lat' dir='ltr'><strong><em>Dei</em></strong></span> <span class='ocrx_word' id='word_1_503' title='bbox 1103 3426 1249 3494; x_wconf 81' lang='lat' dir='ltr'><strong><em>facit,</em></strong></span> <span class='ocrx_word' id='word_1_504' title='bbox 1282 3444 1396 3500; x_wconf 75' lang='lat' dir='ltr'><strong><em>quae</em></strong></span> <span class='ocrx_word' id='word_1_505' title='bbox 1422 3396 1614 3497; x_wconf 72' lang='lat' dir='ltr'><strong><em>diffusa</em></strong></span> <span class='ocrx_word' id='word_1_506' title='bbox 1645 3438 1723 3483; x_wconf 90' lang='lat' dir='ltr'><strong><em>est</em></strong></span> <span class='ocrx_word' id='word_1_507' title='bbox 1750 3396 1798 3461; x_wconf 67' lang='grc' dir='ltr'><strong>ϐ</strong></span> <span class='ocrx_word' id='word_1_508' title='bbox 1825 3396 1903 3505; x_wconf 68' lang='lat' dir='ltr'><strong><em>est</em></strong></span> <span class='ocrx_word' id='word_1_509' title='bbox 1929 3440 1946 3477; x_wconf 90' lang='lat'><strong><em>:</em></strong></span> <span class='ocrx_word' id='word_1_510' title='bbox 1976 3396 2224 3497; x_wconf 79' lang='lat' dir='ltr'><strong><em>quoniam</em></strong></span> <span class='ocrx_word' id='word_1_511' title='bbox 2252 3396 2387 3478; x_wconf 76' lang='lat' dir='ltr'><strong><em>unus</em></strong></span> <span class='ocrx_word' id='word_1_512' title='bbox 2432 3396 2603 3495; x_wconf 81' lang='lat' dir='ltr'><strong><em>punis,</em></strong></span> <span class='ocrx_word' id='word_1_513' title='bbox 2632 3396 2791 3477; x_wconf 83' lang='lat' dir='ltr'><strong><em>unum</em></strong></span> <span class='ocrx_word' id='word_1_514' title='bbox 2819 3396 3014 3494; x_wconf 73' lang='lat' dir='ltr'><strong><em>corpus</em></strong></span> <span class='ocrx_word' id='word_1_515' title='bbox 3032 3423 3179 3479; x_wconf 88' lang='lat' dir='ltr'><strong><em>multi</em></strong></span> <span class='ocrx_word' id='word_1_516' title='bbox 3207 3439 3406 3487; x_wconf 86' lang='lat' dir='ltr'><strong><em>sumus,</em></strong></span> 
     </span>
    </p>
   </div>
   <div class='ocr_carea' id='block_1_66' title="bbox 152 3514 1752 3593">
    <p class='ocr_par' dir='ltr' id='par_1_66' title="bbox 152 3514 1752 3593">
     <span class='ocr_line' id='line_1_66' title="bbox 152 3514 1752 3593; baseline 0.002 -22"><span class='ocrx_word' id='word_1_517' title='bbox 152 3519 199 3572; x_wconf 88' lang='lat' dir='ltr'><strong><em>in</em></strong></span> <span class='ocrx_word' id='word_1_518' title='bbox 224 3521 454 3575; x_wconf 82' lang='lat' dir='ltr'><strong><em>cordibus</em></strong></span> <span class='ocrx_word' id='word_1_519' title='bbox 483 3521 679 3575; x_wconf 85' lang='lat' dir='ltr'><strong><em>nostris</em></strong></span> <span class='ocrx_word' id='word_1_520' title='bbox 695 3537 783 3590; x_wconf 88' lang='lat' dir='ltr'><strong><em>per</em></strong></span> <span class='ocrx_word' id='word_1_521' title='bbox 807 3519 1061 3591; x_wconf 89' lang='lat' dir='ltr'><strong><em>Spiritum</em></strong></span> <span class='ocrx_word' id='word_1_522' title='bbox 1088 3529 1344 3585; x_wconf 83' lang='lat' dir='ltr'><strong><em>sanctum,</em></strong></span> <span class='ocrx_word' id='word_1_523' title='bbox 1368 3520 1453 3593; x_wconf 90' lang='lat' dir='ltr'><strong><em>qui</em></strong></span> <span class='ocrx_word' id='word_1_524' title='bbox 1475 3521 1626 3573; x_wconf 86' lang='lat' dir='ltr'><strong><em>datus</em></strong></span> <span class='ocrx_word' id='word_1_525' title='bbox 1646 3526 1723 3574; x_wconf 83' lang='lat' dir='ltr'><strong><em>est</em></strong></span> <span class='ocrx_word' id='word_1_526' title='bbox 1748 3514 1752 3518; x_wconf 17' lang='grc' dir='ltr'><strong>Δ</strong></span> 
     </span>
    </p>
   </div>
   <div class='ocr_carea' id='block_1_67' title="bbox 154 3609 1721 3680">
    <p class='ocr_par' dir='ltr' id='par_1_67' title="bbox 154 3609 1721 3680">
     <span class='ocr_line' id='line_1_67' title="bbox 154 3609 1721 3680; baseline 0.003 -18"><span class='ocrx_word' id='word_1_527' title='bbox 154 3610 282 3665; x_wconf 85' lang='lat' dir='ltr'><strong><em>nobis</em></strong></span> <span class='ocrx_word' id='word_1_528' title='bbox 305 3611 479 3674; x_wconf 81' lang='lat' dir='ltr'><strong><em>(Rom.</em></strong></span> <span class='ocrx_word' id='word_1_529' title='bbox 516 3625 567 3677; x_wconf 87' lang='lat' dir='ltr'><strong><em>v,</em></strong></span> <span class='ocrx_word' id='word_1_530' title='bbox 600 3609 677 3680; x_wconf 78' lang='lat'><strong><em>5).</em></strong></span> <span class='ocrx_word' id='word_1_531' title='bbox 710 3610 814 3666; x_wconf 85' lang='lat' dir='ltr'><strong><em>Per</em></strong></span> <span class='ocrx_word' id='word_1_532' title='bbox 841 3610 982 3665; x_wconf 87' lang='lat' dir='ltr'><strong><em>hunc</em></strong></span> <span class='ocrx_word' id='word_1_533' title='bbox 1006 3609 1266 3680; x_wconf 88' lang='lat' dir='ltr'><strong><em>Spiritum</em></strong></span> <span class='ocrx_word' id='word_1_534' title='bbox 1295 3619 1542 3666; x_wconf 84' lang='lat' dir='ltr'><strong><em>sanctum</em></strong></span> <span class='ocrx_word' id='word_1_535' title='bbox 1574 3619 1721 3666; x_wconf 87' lang='lat' dir='ltr'><strong><em>tanta</em></strong></span> 
     </span>
    </p>
   </div>
   <div class='ocr_carea' id='block_1_68' title="bbox 152 3700 1720 3767">
    <p class='ocr_par' dir='ltr' id='par_1_68' title="bbox 152 3700 1720 3767">
     <span class='ocr_line' id='line_1_68' title="bbox 152 3700 1720 3767; baseline 0.004 -14"><span class='ocrx_word' id='word_1_536' title='bbox 152 3708 219 3754; x_wconf 81' lang='lat' dir='ltr'><strong><em>est</em></strong></span> <span class='ocrx_word' id='word_1_537' title='bbox 250 3704 418 3758; x_wconf 90' lang='lat' dir='ltr'><strong><em>unitas</em></strong></span> <span class='ocrx_word' id='word_1_538' title='bbox 445 3703 651 3758; x_wconf 85' lang='lat' dir='ltr'><strong><em>Christi</em></strong></span> <span class='ocrx_word' id='word_1_539' title='bbox 681 3710 736 3757; x_wconf 89' lang='lat' dir='ltr'><strong><em>et</em></strong></span> <span class='ocrx_word' id='word_1_540' title='bbox 765 3700 1037 3767; x_wconf 61' lang='lat' dir='ltr'><strong><em>Ecclesiae,</em></strong></span> <span class='ocrx_word' id='word_1_541' title='bbox 1065 3709 1124 3755; x_wconf 88' lang='lat' dir='ltr'><strong><em>ut</em></strong></span> <span class='ocrx_word' id='word_1_542' title='bbox 1151 3717 1274 3759; x_wconf 88' lang='lat' dir='ltr'><strong><em>cum</em></strong></span> <span class='ocrx_word' id='word_1_543' title='bbox 1302 3702 1587 3758; x_wconf 87' lang='lat' dir='ltr'><strong><em>electionis</em></strong></span> <span class='ocrx_word' id='word_1_544' title='bbox 1613 3703 1720 3759; x_wconf 79' lang='lat' dir='ltr'><strong><em>Vas</em></strong></span> 
     </span>
    </p>
   </div>
   <div class='ocr_carea' id='block_1_69' title="bbox 154 3791 1721 3865">
    <p class='ocr_par' dir='ltr' id='par_1_69' title="bbox 154 3791 1721 3865">
     <span class='ocr_line' id='line_1_69' title="bbox 154 3791 1721 3865; baseline 0.002 -20"><span class='ocrx_word' id='word_1_545' title='bbox 154 3791 309 3848; x_wconf 83' lang='lat' dir='ltr'><strong><em>dicat:</em></strong></span> <span class='ocrx_word' id='word_1_546' title='bbox 342 3792 475 3860; x_wconf 85' lang='lat' dir='ltr'><strong><em>Quia</em></strong></span> <span class='ocrx_word' id='word_1_547' title='bbox 517 3792 751 3848; x_wconf 83' lang='lat' dir='ltr'><strong><em>Christus</em></strong></span> <span class='ocrx_word' id='word_1_548' title='bbox 780 3802 932 3865; x_wconf 89' lang='lat' dir='ltr'><strong><em>caput</em></strong></span> <span class='ocrx_word' id='word_1_549' title='bbox 960 3802 1037 3847; x_wconf 87' lang='lat' dir='ltr'><strong><em>est</em></strong></span> <span class='ocrx_word' id='word_1_550' title='bbox 1059 3794 1290 3864; x_wconf 86' lang='lat' dir='ltr'><strong><em>corporis</em></strong></span> <span class='ocrx_word' id='word_1_551' title='bbox 1316 3792 1565 3849; x_wconf 74' lang='lat' dir='ltr'><strong><em>Ecclesia:</em></strong></span> <span class='ocrx_word' id='word_1_552' title='bbox 1595 3793 1721 3864; x_wconf 84' lang='lat' dir='ltr'><strong><em>(Co-</em></strong></span> 
     </span>
    </p>
   </div>
   <div class='ocr_carea' id='block_1_70' title="bbox 155 3883 1725 3960">
    <p class='ocr_par' dir='ltr' id='par_1_70' title="bbox 155 3883 1725 3960">
     <span class='ocr_line' id='line_1_70' title="bbox 155 3883 1725 3960; baseline 0.002 -22"><span class='ocrx_word' id='word_1_553' title='bbox 155 3883 258 3941; x_wconf 85' lang='lat' dir='ltr'><strong><em>loss.</em></strong></span> <span class='ocrx_word' id='word_1_554' title='bbox 290 3905 324 3952; x_wconf 86' lang='lat' dir='ltr'><strong><em>t,</em></strong></span> <span class='ocrx_word' id='word_1_555' title='bbox 356 3888 463 3960; x_wconf 88' lang='grc'><strong>18),</strong></span> <span class='ocrx_word' id='word_1_556' title='bbox 495 3890 670 3959; x_wconf 89' lang='lat' dir='ltr'><strong><em>ipsum</em></strong></span> <span class='ocrx_word' id='word_1_557' title='bbox 702 3898 878 3943; x_wconf 89' lang='lat' dir='ltr'><strong><em>tamen</em></strong></span> <span class='ocrx_word' id='word_1_558' title='bbox 918 3902 1115 3958; x_wconf 88' lang='lat' dir='ltr'><strong><em>corpus</em></strong></span> <span class='ocrx_word' id='word_1_559' title='bbox 1142 3885 1339 3940; x_wconf 85' lang='lat' dir='ltr'><strong><em>Christi</em></strong></span> <span class='ocrx_word' id='word_1_560' title='bbox 1370 3901 1479 3940; x_wconf 89' lang='lat' dir='ltr'><strong><em>non</em></strong></span> <span class='ocrx_word' id='word_1_561' title='bbox 1511 3886 1725 3941; x_wconf 87' lang='lat' dir='ltr'><strong><em>dubitet</em></strong></span> 
     </span>
    </p>
   </div>
   <div class='ocr_carea' id='block_1_71' title="bbox 154 3975 1725 4049">
    <p class='ocr_par' dir='ltr' id='par_1_71' title="bbox 154 3975 1725 4049">
     <span class='ocr_line' id='line_1_71' title="bbox 154 3975 1725 4049; baseline -0.001 -17"><span class='ocrx_word' id='word_1_562' title='bbox 154 3975 392 4035; x_wconf 77' lang='lat' dir='ltr'><strong><em>Christum</em></strong></span> <span class='ocrx_word' id='word_1_563' title='bbox 414 3980 686 4036; x_wconf 81' lang='lat' dir='ltr'><strong><em>veraciter</em></strong></span> <span class='ocrx_word' id='word_1_564' title='bbox 714 3978 1006 4049; x_wconf 85' lang='lat' dir='ltr'><strong><em>appellare.</em></strong></span> <span class='ocrx_word' id='word_1_565' title='bbox 1040 3977 1281 4047; x_wconf 89' lang='lat' dir='ltr'><strong><em>Denique</em></strong></span> <span class='ocrx_word' id='word_1_566' title='bbox 1307 3977 1387 4031; x_wconf 87' lang='lat' dir='ltr'><strong><em>sic</em></strong></span> <span class='ocrx_word' id='word_1_567' title='bbox 1418 3977 1494 4030; x_wconf 87' lang='lat' dir='ltr'><strong><em>ait</em></strong></span> <span class='ocrx_word' id='word_1_568' title='bbox 1525 3976 1591 4031; x_wconf 87' lang='lat' dir='ltr'><strong><em>ad</em></strong></span> <span class='ocrx_word' id='word_1_569' title='bbox 1617 3977 1725 4031; x_wconf 82' lang='lat' dir='ltr'><strong><em>Co-</em></strong></span> 
     </span>
    </p>
   </div>
   <div class='ocr_carea' id='block_1_72' title="bbox 155 4069 1729 4149">
    <p class='ocr_par' dir='ltr' id='par_1_72' title="bbox 155 4069 1729 4149">
     <span class='ocr_line' id='line_1_72' title="bbox 155 4069 1729 4149; baseline 0 -28"><span class='ocrx_word' id='word_1_570' title='bbox 155 4069 358 4128; x_wconf 90' lang='lat' dir='ltr'><strong><em>rinthios</em></strong></span> <span class='ocrx_word' id='word_1_571' title='bbox 385 4073 673 4130; x_wconf 87' lang='lat' dir='ltr'><strong><em>scribens:</em></strong></span> <span class='ocrx_word' id='word_1_572' title='bbox 710 4070 858 4127; x_wconf 86' lang='lat' dir='ltr'><strong><em>Sicut</em></strong></span> <span class='ocrx_word' id='word_1_573' title='bbox 904 4072 1044 4141; x_wconf 82' lang='lat' dir='ltr'><strong><em>enim</em></strong></span> <span class='ocrx_word' id='word_1_574' title='bbox 1090 4086 1275 4149; x_wconf 85' lang='lat' dir='ltr'><strong><em>corpus</em></strong></span> <span class='ocrx_word' id='word_1_575' title='bbox 1322 4085 1482 4124; x_wconf 89' lang='lat' dir='ltr'><strong><em>unum</em></strong></span> <span class='ocrx_word' id='word_1_576' title='bbox 1533 4078 1627 4134; x_wconf 87' lang='lat' dir='ltr'><strong><em>est,</em></strong></span> <span class='ocrx_word' id='word_1_577' title='bbox 1678 4076 1729 4121; x_wconf 86' lang='lat' dir='ltr'><strong><em>et</em></strong></span> 
     </span>
    </p>
   </div>
   <div class='ocr_carea' id='block_1_73' title="bbox 158 4161 1727 4241">
    <p class='ocr_par' dir='ltr' id='par_1_73' title="bbox 158 4161 1727 4241">
     <span class='ocr_line' id='line_1_73' title="bbox 158 4161 1727 4241; baseline 0.002 -29"><span class='ocrx_word' id='word_1_578' title='bbox 158 4164 356 4219; x_wconf 89' lang='lat' dir='ltr'><strong><em>membra</em></strong></span> <span class='ocrx_word' id='word_1_579' title='bbox 399 4165 555 4219; x_wconf 86' lang='lat' dir='ltr'><strong><em>habet</em></strong></span> <span class='ocrx_word' id='word_1_580' title='bbox 598 4165 776 4233; x_wconf 85' lang='lat' dir='ltr'><strong><em>multa,</em></strong></span> <span class='ocrx_word' id='word_1_581' title='bbox 809 4165 985 4231; x_wconf 86' lang='lat' dir='ltr'><strong><em>omnia</em></strong></span> <span class='ocrx_word' id='word_1_582' title='bbox 1023 4173 1195 4217; x_wconf 87' lang='lat' dir='ltr'><strong><em>autem</em></strong></span> <span class='ocrx_word' id='word_1_583' title='bbox 1238 4161 1464 4216; x_wconf 90' lang='lat' dir='ltr'><strong><em>membra</em></strong></span> <span class='ocrx_word' id='word_1_584' title='bbox 1495 4161 1727 4241; x_wconf 72' lang='lat' dir='ltr'><strong><em>corporis</em></strong></span> 
     </span>
    </p>
   </div>
   <div class='ocr_carea' id='block_1_74' title="bbox 160 4238 1726 4330">
    <p class='ocr_par' dir='ltr' id='par_1_74' title="bbox 160 4238 1726 4330">
     <span class='ocr_line' id='line_1_74' title="bbox 160 4238 1726 4330; baseline -0.001 -22"><span class='ocrx_word' id='word_1_585' title='bbox 160 4265 253 4308; x_wconf 82' lang='lat' dir='ltr'><strong><em>cum</em></strong></span> <span class='ocrx_word' id='word_1_586' title='bbox 272 4257 369 4309; x_wconf 89' lang='lat' dir='ltr'><strong><em>sint</em></strong></span> <span class='ocrx_word' id='word_1_587' title='bbox 388 4258 578 4321; x_wconf 88' lang='lat' dir='ltr'><strong><em>multa,</em></strong></span> <span class='ocrx_word' id='word_1_588' title='bbox 622 4238 1181 4330; x_wconf 82' lang='lat' dir='ltr'><strong><em>umtmestcorpus,ita</em></strong></span> <span class='ocrx_word' id='word_1_589' title='bbox 1204 4264 1252 4307; x_wconf 92' lang='lat' dir='ltr'><strong><em>et</em></strong></span> <span class='ocrx_word' id='word_1_590' title='bbox 1270 4253 1502 4315; x_wconf 81' lang='lat' dir='ltr'><strong><em>Christus</em></strong></span> <span class='ocrx_word' id='word_1_591' title='bbox 1523 4238 1579 4324; x_wconf 77' lang='grc' dir='ltr'><strong><em>(Ϊ</em></strong></span> <span class='ocrx_word' id='word_1_592' title='bbox 1603 4250 1726 4328; x_wconf 80' lang='lat' dir='ltr'><strong><em>Cor.</em></strong></span> 
     </span>
    </p>
   </div>
   <div class='ocr_carea' id='block_1_75' title="bbox 160 4344 1730 4420">
    <p class='ocr_par' dir='ltr' id='par_1_75' title="bbox 160 4344 1730 4420">
     <span class='ocr_line' id='line_1_75' title="bbox 160 4344 1730 4420; baseline 0.003 -23"><span class='ocrx_word' id='word_1_593' title='bbox 160 4359 238 4410; x_wconf 76' lang='grc' dir='ltr'>ιιι,</span> <span class='ocrx_word' id='word_1_594' title='bbox 268 4348 371 4420; x_wconf 70' lang='grc'><strong>12).</strong></span> <span class='ocrx_word' id='word_1_595' title='bbox 397 4347 462 4403; x_wconf 85' lang='lat' dir='ltr'><strong><em>Et</em></strong></span> <span class='ocrx_word' id='word_1_596' title='bbox 500 4356 561 4402; x_wconf 88' lang='lat' dir='ltr'><strong><em>ut</em></strong></span> <span class='ocrx_word' id='word_1_597' title='bbox 589 4347 900 4403; x_wconf 79' lang='lat' dir='ltr'><strong><em>ostenderet</em></strong></span> <span class='ocrx_word' id='word_1_598' title='bbox 927 4347 1051 4415; x_wconf 83' lang='lat' dir='ltr'><strong><em>quia</em></strong></span> <span class='ocrx_word' id='word_1_599' title='bbox 1094 4346 1197 4403; x_wconf 89' lang='lat' dir='ltr'><strong><em>boc</em></strong></span> <span class='ocrx_word' id='word_1_600' title='bbox 1232 4361 1428 4417; x_wconf 89' lang='lat' dir='ltr'><strong><em>corpus</em></strong></span> <span class='ocrx_word' id='word_1_601' title='bbox 1478 4344 1621 4414; x_wconf 88' lang='lat' dir='ltr'><strong><em>quod</em></strong></span> <span class='ocrx_word' id='word_1_602' title='bbox 1652 4345 1730 4402; x_wconf 78' lang='lat' dir='ltr'><strong><em>sic</em></strong></span> 
     </span>
    </p>
   </div>
   <div class='ocr_carea' id='block_1_76' title="bbox 160 4420 1727 4509">
    <p class='ocr_par' dir='ltr' id='par_1_76' title="bbox 160 4420 1727 4509">
     <span class='ocr_line' id='line_1_76' title="bbox 160 4420 1727 4509; baseline 0.003 -22"><span class='ocrx_word' id='word_1_603' title='bbox 160 4444 228 4489; x_wconf 88' lang='lat' dir='ltr'><strong><em>est</em></strong></span> <span class='ocrx_word' id='word_1_604' title='bbox 251 4422 459 4509; x_wconf 85' lang='lat' dir='ltr'><strong><em>Christi,</em></strong></span> <span class='ocrx_word' id='word_1_605' title='bbox 499 4449 559 4492; x_wconf 90' lang='lat' dir='ltr'><strong><em>ut</em></strong></span> <span class='ocrx_word' id='word_1_606' title='bbox 587 4437 832 4493; x_wconf 86' lang='lat' dir='ltr'><strong><em>Christus</em></strong></span> <span class='ocrx_word' id='word_1_607' title='bbox 872 4437 963 4505; x_wconf 88' lang='lat' dir='ltr'><strong><em>sit,</em></strong></span> <span class='ocrx_word' id='word_1_608' title='bbox 994 4453 1116 4492; x_wconf 91' lang='lat' dir='ltr'><strong><em>cum</em></strong></span> <span class='ocrx_word' id='word_1_609' title='bbox 1148 4437 1316 4490; x_wconf 90' lang='lat' dir='ltr'><strong><em>multa</em></strong></span> <span class='ocrx_word' id='word_1_610' title='bbox 1356 4420 1597 4490; x_wconf 82' lang='lat' dir='ltr'><strong><em>membra</em></strong></span> <span class='ocrx_word' id='word_1_611' title='bbox 1629 4436 1727 4491; x_wconf 85' lang='lat' dir='ltr'><strong><em>ha-</em></strong></span> 
     </span>
    </p>
   </div>
   <div class='ocr_carea' id='block_1_77' title="bbox 162 4514 1730 4597">
    <p class='ocr_par' dir='ltr' id='par_1_77' title="bbox 162 4514 1730 4597">
     <span class='ocr_line' id='line_1_77' title="bbox 162 4514 1730 4597; baseline 0.001 -18"><span class='ocrx_word' id='word_1_612' title='bbox 162 4521 282 4594; x_wconf 82' lang='lat' dir='ltr'><strong><em>beat,</em></strong></span> <span class='ocrx_word' id='word_1_613' title='bbox 311 4546 409 4584; x_wconf 90' lang='lat' dir='ltr'><strong><em>non</em></strong></span> <span class='ocrx_word' id='word_1_614' title='bbox 442 4514 550 4584; x_wconf 85' lang='lat' dir='ltr'><strong><em>nisi</em></strong></span> <span class='ocrx_word' id='word_1_615' title='bbox 578 4528 747 4597; x_wconf 80' lang='lat' dir='ltr'><strong><em>gratia</em></strong></span> <span class='ocrx_word' id='word_1_616' title='bbox 775 4528 943 4581; x_wconf 87' lang='lat' dir='ltr'><strong><em>sancti</em></strong></span> <span class='ocrx_word' id='word_1_617' title='bbox 970 4525 1203 4595; x_wconf 88' lang='lat' dir='ltr'><strong><em>Spiritus</em></strong></span> <span class='ocrx_word' id='word_1_618' title='bbox 1227 4541 1389 4579; x_wconf 92' lang='lat' dir='ltr'><strong><em>unum</em></strong></span> <span class='ocrx_word' id='word_1_619' title='bbox 1412 4536 1730 4596; x_wconf 83' lang='lat' dir='ltr'><strong><em>permaneat</em></strong></span> 
     </span>
    </p>
   </div>
   <div class='ocr_carea' id='block_1_78' title="bbox 163 4617 1728 4689">
    <p class='ocr_par' dir='ltr' id='par_1_78' title="bbox 163 4617 1728 4689">
     <span class='ocr_line' id='line_1_78' title="bbox 163 4617 1728 4689; baseline 0.003 -21"><span class='ocrx_word' id='word_1_620' title='bbox 163 4627 298 4686; x_wconf 84' lang='lat' dir='ltr'><strong><em>atque</em></strong></span> <span class='ocrx_word' id='word_1_621' title='bbox 323 4623 604 4683; x_wconf 80' lang='lat' dir='ltr'><strong><em>consistat,</em></strong></span> <span class='ocrx_word' id='word_1_622' title='bbox 635 4619 877 4689; x_wconf 88' lang='lat' dir='ltr'><strong><em>sequitur</em></strong></span> <span class='ocrx_word' id='word_1_623' title='bbox 919 4620 1100 4673; x_wconf 87' lang='lat' dir='ltr'><strong><em>statim</em></strong></span> <span class='ocrx_word' id='word_1_624' title='bbox 1148 4619 1331 4672; x_wconf 84' lang='lat' dir='ltr'><strong><em>dicens</em></strong></span> <span class='ocrx_word' id='word_1_625' title='bbox 1367 4637 1379 4671; x_wconf 95' lang='lat'><strong><em>:</em></strong></span> <span class='ocrx_word' id='word_1_626' title='bbox 1427 4617 1635 4672; x_wconf 87' lang='lat' dir='ltr'><strong><em>Etenim</em></strong></span> <span class='ocrx_word' id='word_1_627' title='bbox 1675 4620 1728 4673; x_wconf 89' lang='lat' dir='ltr'><strong><em>in</em></strong></span> 
     </span>
    </p>
   </div>
   <div class='ocr_carea' id='block_1_79' title="bbox 164 4711 1725 4787">
    <p class='ocr_par' dir='ltr' id='par_1_79' title="bbox 164 4711 1725 4787">
     <span class='ocr_line' id='line_1_79' title="bbox 164 4711 1725 4787; baseline 0.001 -25"><span class='ocrx_word' id='word_1_628' title='bbox 164 4722 248 4765; x_wconf 80' lang='lat' dir='ltr'><strong><em>uno</em></strong></span> <span class='ocrx_word' id='word_1_629' title='bbox 271 4715 444 4787; x_wconf 84' lang='lat' dir='ltr'><strong><em>spiritu</em></strong></span> <span class='ocrx_word' id='word_1_630' title='bbox 471 4730 653 4770; x_wconf 71' lang='lat' dir='ltr'><strong><em>omnes</em></strong></span> <span class='ocrx_word' id='word_1_631' title='bbox 682 4729 775 4766; x_wconf 89' lang='lat' dir='ltr'><strong><em>nos</em></strong></span> <span class='ocrx_word' id='word_1_632' title='bbox 799 4713 853 4766; x_wconf 91' lang='lat' dir='ltr'><strong><em>in</em></strong></span> <span class='ocrx_word' id='word_1_633' title='bbox 865 4728 1023 4765; x_wconf 89' lang='lat' dir='ltr'><strong><em>unum</em></strong></span> <span class='ocrx_word' id='word_1_634' title='bbox 1045 4728 1231 4781; x_wconf 87' lang='lat' dir='ltr'><strong><em>corpus</em></strong></span> <span class='ocrx_word' id='word_1_635' title='bbox 1254 4711 1503 4775; x_wconf 82' lang='lat' dir='ltr'><strong><em>baptizati</em></strong></span> <span class='ocrx_word' id='word_1_636' title='bbox 1530 4727 1725 4776; x_wconf 85' lang='lat' dir='ltr'><strong><em>sumus,</em></strong></span> 
     </span>
    </p>
   </div>
   <div class='ocr_carea' id='block_1_80' title="bbox 165 4800 1725 4891">
    <p class='ocr_par' dir='ltr' id='par_1_80' title="bbox 165 4800 1725 4891">
     <span class='ocr_line' id='line_1_80' title="bbox 165 4800 1725 4891; baseline 0.003 -39"><span class='ocrx_word' id='word_1_637' title='bbox 165 4801 249 4855; x_wconf 76' lang='lat' dir='ltr'><strong><em>sive</em></strong></span> <span class='ocrx_word' id='word_1_638' title='bbox 265 4801 447 4876; x_wconf 79' lang='lat' dir='ltr'><strong><em>Judwi,</em></strong></span> <span class='ocrx_word' id='word_1_639' title='bbox 470 4807 581 4863; x_wconf 84' lang='lat' dir='ltr'><strong><em>sive</em></strong></span> <span class='ocrx_word' id='word_1_640' title='bbox 604 4805 834 4891; x_wconf 83' lang='lat' dir='ltr'><strong><em>gentiles,</em></strong></span> <span class='ocrx_word' id='word_1_641' title='bbox 855 4805 959 4858; x_wconf 86' lang='lat' dir='ltr'><strong><em>sive</em></strong></span> <span class='ocrx_word' id='word_1_642' title='bbox 980 4805 1131 4868; x_wconf 88' lang='lat' dir='ltr'><strong><em>servi,</em></strong></span> <span class='ocrx_word' id='word_1_643' title='bbox 1153 4804 1256 4857; x_wconf 83' lang='lat' dir='ltr'><strong><em>sive</em></strong></span> <span class='ocrx_word' id='word_1_644' title='bbox 1274 4800 1419 4856; x_wconf 84' lang='lat' dir='ltr'><strong><em>liberi</em></strong></span> <span class='ocrx_word' id='word_1_645' title='bbox 1442 4818 1458 4855; x_wconf 92' lang='lat'><strong><em>:</em></strong></span> <span class='ocrx_word' id='word_1_646' title='bbox 1482 4811 1529 4855; x_wconf 89' lang='lat' dir='ltr'><strong><em>et</em></strong></span> <span class='ocrx_word' id='word_1_647' title='bbox 1549 4818 1725 4856; x_wconf 89' lang='lat' dir='ltr'><strong><em>omnes</em></strong></span> 
     </span>
    </p>
   </div>
   <div class='ocr_carea' id='block_1_81' title="bbox 168 4896 1725 4972">
    <p class='ocr_par' dir='ltr' id='par_1_81' title="bbox 168 4896 1725 4972">
     <span class='ocr_line' id='line_1_81' title="bbox 168 4896 1725 4972; baseline -0.001 -22"><span class='ocrx_word' id='word_1_648' title='bbox 168 4907 301 4965; x_wconf 80' lang='lat' dir='ltr'><strong><em>unum</em></strong></span> <span class='ocrx_word' id='word_1_649' title='bbox 314 4900 549 4968; x_wconf 87' lang='lat' dir='ltr'><strong><em>spiritum</em></strong></span> <span class='ocrx_word' id='word_1_650' title='bbox 564 4899 868 4972; x_wconf 88' lang='lat' dir='ltr'><strong><em>potavimus.</em></strong></span> <span class='ocrx_word' id='word_1_651' title='bbox 890 4897 939 4965; x_wconf 93' lang='lat' dir='ltr'><strong><em>(I</em></strong></span> <span class='ocrx_word' id='word_1_652' title='bbox 950 4897 1024 4963; x_wconf 89' lang='lat' dir='ltr'><strong><em>b.,</em></strong></span> <span class='ocrx_word' id='word_1_653' title='bbox 1043 4897 1129 4969; x_wconf 83' lang='grc'><strong>15)</strong></span> <span class='ocrx_word' id='word_1_654' title='bbox 1147 4896 1263 4967; x_wconf 84' lang='lat' dir='ltr'><strong><em>Ipsa</em></strong></span> <span class='ocrx_word' id='word_1_655' title='bbox 1279 4910 1407 4965; x_wconf 86' lang='lat' dir='ltr'><strong><em>ergo</em></strong></span> <span class='ocrx_word' id='word_1_656' title='bbox 1428 4898 1563 4965; x_wconf 81' lang='lat' dir='ltr'><strong><em>grati</em></strong></span> <span class='ocrx_word' id='word_1_657' title='bbox 1580 4896 1725 4965; x_wconf 66' lang='grc' dir='ltr'><strong><em>θεμί-</em></strong></span> 
     </span>
    </p>
   </div>
   <div class='ocr_carea' id='block_1_82' title="bbox 171 4984 1726 5069">
    <p class='ocr_par' dir='ltr' id='par_1_82' title="bbox 171 4984 1726 5069">
     <span class='ocr_line' id='line_1_82' title="bbox 171 4984 1726 5069; baseline 0.005 -34"><span class='ocrx_word' id='word_1_658' title='bbox 171 4984 319 5043; x_wconf 82' lang='lat' dir='ltr'><strong><em>ritalis</em></strong></span> <span class='ocrx_word' id='word_1_659' title='bbox 346 5007 438 5061; x_wconf 89' lang='lat' dir='ltr'><strong><em>per</em></strong></span> <span class='ocrx_word' id='word_1_660' title='bbox 465 4991 731 5046; x_wconf 86' lang='lat' dir='ltr'><strong><em>unitatem</em></strong></span> <span class='ocrx_word' id='word_1_661' title='bbox 755 4991 903 5062; x_wconf 90' lang='lat' dir='ltr'><strong><em>pacis</em></strong></span> <span class='ocrx_word' id='word_1_662' title='bbox 924 4998 979 5046; x_wconf 91' lang='lat' dir='ltr'><strong><em>et</em></strong></span> <span class='ocrx_word' id='word_1_663' title='bbox 1010 4990 1290 5045; x_wconf 86' lang='lat' dir='ltr'><strong><em>caritatem</em></strong></span> <span class='ocrx_word' id='word_1_664' title='bbox 1312 5004 1511 5069; x_wconf 69' lang='lat' dir='ltr'><strong><em>corpus</em></strong></span> <span class='ocrx_word' id='word_1_665' title='bbox 1529 4988 1726 5043; x_wconf 85' lang='lat' dir='ltr'><strong><em>Christi</em></strong></span> 
     </span>
    </p>
   </div>
   <div class='ocr_carea' id='block_1_83' title="bbox 170 5081 1727 5157">
    <p class='ocr_par' dir='ltr' id='par_1_83' title="bbox 170 5081 1727 5157">
     <span class='ocr_line' id='line_1_83' title="bbox 170 5081 1727 5157; baseline -0.001 -20"><span class='ocrx_word' id='word_1_666' title='bbox 170 5090 253 5145; x_wconf 75' lang='lat' dir='ltr'><strong><em>per</em></strong></span> <span class='ocrx_word' id='word_1_667' title='bbox 294 5081 402 5139; x_wconf 89' lang='lat' dir='ltr'><strong><em>dies</em></strong></span> <span class='ocrx_word' id='word_1_668' title='bbox 422 5085 664 5153; x_wconf 79' lang='lat' dir='ltr'><strong><em>singulos</em></strong></span> <span class='ocrx_word' id='word_1_669' title='bbox 682 5083 946 5139; x_wconf 53' lang='lat' dir='ltr'><strong><em>aediﬁcare</em></strong></span> <span class='ocrx_word' id='word_1_670' title='bbox 976 5100 1083 5138; x_wconf 90' lang='lat' dir='ltr'><strong><em>non</em></strong></span> <span class='ocrx_word' id='word_1_671' title='bbox 1113 5084 1328 5147; x_wconf 86' lang='lat' dir='ltr'><strong><em>desinit,</em></strong></span> <span class='ocrx_word' id='word_1_672' title='bbox 1353 5098 1471 5157; x_wconf 69' lang='lat' dir='ltr'><strong><em>qna:</em></strong></span> <span class='ocrx_word' id='word_1_673' title='bbox 1498 5084 1547 5136; x_wconf 93' lang='lat' dir='ltr'><strong><em>in</em></strong></span> <span class='ocrx_word' id='word_1_674' title='bbox 1573 5090 1727 5137; x_wconf 87' lang='lat' dir='ltr'><strong><em>utero</em></strong></span> 
     </span>
    </p>
   </div>
   <div class='ocr_carea' id='block_1_84' title="bbox 172 5164 1731 5247">
    <p class='ocr_par' dir='ltr' id='par_1_84' title="bbox 172 5164 1731 5247">
     <span class='ocr_line' id='line_1_84' title="bbox 172 5164 1731 5247; baseline 0.008 -28"><span class='ocrx_word' id='word_1_675' title='bbox 172 5164 326 5227; x_wconf 67' lang='lat' dir='ltr'><strong><em>Maria.-</em></strong></span> <span class='ocrx_word' id='word_1_676' title='bbox 350 5177 569 5245; x_wconf 76' lang='lat' dir='ltr'><strong><em>virginis</em></strong></span> <span class='ocrx_word' id='word_1_677' title='bbox 590 5177 790 5231; x_wconf 90' lang='lat' dir='ltr'><strong><em>donum</em></strong></span> <span class='ocrx_word' id='word_1_678' title='bbox 807 5176 1103 5247; x_wconf 66' lang='lat' dir='ltr'><strong><em>sapientim,</em></strong></span> <span class='ocrx_word' id='word_1_679' title='bbox 1127 5175 1271 5244; x_wconf 90' lang='lat' dir='ltr'><strong><em>quod</em></strong></span> <span class='ocrx_word' id='word_1_680' title='bbox 1283 5183 1367 5229; x_wconf 87' lang='lat' dir='ltr'><strong><em>est</em></strong></span> <span class='ocrx_word' id='word_1_681' title='bbox 1393 5173 1731 5244; x_wconf 82' lang='lat' dir='ltr'><strong><em>caputlmjus</em></strong></span> 
     </span>
    </p>
   </div>
   <div class='ocr_carea' id='block_1_85' title="bbox 170 5267 1726 5343">
    <p class='ocr_par' dir='ltr' id='par_1_85' title="bbox 170 5267 1726 5343">
     <span class='ocr_line' id='line_1_85' title="bbox 170 5267 1726 5343; baseline 0.004 -31"><span class='ocrx_word' id='word_1_682' title='bbox 170 5267 401 5343; x_wconf 79' lang='lat' dir='ltr'><strong><em>corporis,</em></strong></span> <span class='ocrx_word' id='word_1_683' title='bbox 435 5269 733 5327; x_wconf 72' lang='lat' dir='ltr'><strong><em>fabricavit.</em></strong></span> <span class='ocrx_word' id='word_1_684' title='bbox 769 5268 920 5325; x_wconf 87' lang='lat' dir='ltr'><strong><em>Unde</em></strong></span> <span class='ocrx_word' id='word_1_685' title='bbox 955 5286 1054 5324; x_wconf 92' lang='lat' dir='ltr'><strong><em>nos</em></strong></span> <span class='ocrx_word' id='word_1_686' title='bbox 1082 5284 1295 5339; x_wconf 86' lang='lat' dir='ltr'><strong><em>quoque</em></strong></span> <span class='ocrx_word' id='word_1_687' title='bbox 1325 5269 1378 5323; x_wconf 92' lang='lat' dir='ltr'><strong><em>in</em></strong></span> <span class='ocrx_word' id='word_1_688' title='bbox 1410 5269 1528 5339; x_wconf 87' lang='lat' dir='ltr'><strong><em>ipso</em></strong></span> <span class='ocrx_word' id='word_1_689' title='bbox 1557 5267 1726 5325; x_wconf 58' lang='lat' dir='ltr'><strong><em>aedili-</em></strong></span> 
     </span>
    </p>
   </div>
   <div class='ocr_carea' id='block_1_86' title="bbox 170 5353 1726 5430">
    <p class='ocr_par' dir='ltr' id='par_1_86' title="bbox 170 5353 1726 5430">
     <span class='ocr_line' id='line_1_86' title="bbox 170 5353 1726 5430; baseline 0.007 -29"><span class='ocrx_word' id='word_1_690' title='bbox 170 5353 261 5405; x_wconf 84' lang='lat' dir='ltr'><strong><em>cari</em></strong></span> <span class='ocrx_word' id='word_1_691' title='bbox 289 5354 467 5413; x_wconf 85' lang='lat' dir='ltr'><strong><em>beatus</em></strong></span> <span class='ocrx_word' id='word_1_692' title='bbox 495 5357 787 5430; x_wconf 76' lang='lat' dir='ltr'><strong><em>Apostolus</em></strong></span> <span class='ocrx_word' id='word_1_693' title='bbox 809 5360 891 5413; x_wconf 83' lang='lat' dir='ltr'><strong><em>his</em></strong></span> <span class='ocrx_word' id='word_1_694' title='bbox 921 5360 1098 5414; x_wconf 85' lang='lat' dir='ltr'><strong><em>verbis</em></strong></span> <span class='ocrx_word' id='word_1_695' title='bbox 1138 5357 1373 5414; x_wconf 89' lang='lat' dir='ltr'><strong><em>ostendit</em></strong></span> <span class='ocrx_word' id='word_1_696' title='bbox 1400 5377 1413 5410; x_wconf 92' lang='lat'><strong><em>:</em></strong></span> <span class='ocrx_word' id='word_1_697' title='bbox 1448 5356 1586 5428; x_wconf 77' lang='lat' dir='ltr'><strong><em>Ergo</em></strong></span> <span class='ocrx_word' id='word_1_698' title='bbox 1609 5358 1726 5428; x_wconf 84' lang='lat' dir='ltr'><strong><em>jam</em></strong></span> 
     </span>
    </p>
   </div>
   <div class='ocr_carea' id='block_1_87' title="bbox 171 5438 1726 5525">
    <p class='ocr_par' dir='ltr' id='par_1_87' title="bbox 171 5438 1726 5525">
     <span class='ocr_line' id='line_1_87' title="bbox 171 5438 1726 5525; baseline 0.008 -35"><span class='ocrx_word' id='word_1_699' title='bbox 171 5455 255 5495; x_wconf 83' lang='lat' dir='ltr'><strong><em>non</em></strong></span> <span class='ocrx_word' id='word_1_700' title='bbox 280 5449 391 5503; x_wconf 83' lang='lat' dir='ltr'><strong><em>es&#39;is</em></strong></span> <span class='ocrx_word' id='word_1_701' title='bbox 421 5438 643 5525; x_wconf 84' lang='lat' dir='ltr'><strong><em>hospites</em></strong></span> <span class='ocrx_word' id='word_1_702' title='bbox 673 5460 721 5504; x_wconf 91' lang='lat' dir='ltr'><strong><em>et</em></strong></span> <span class='ocrx_word' id='word_1_703' title='bbox 745 5450 975 5516; x_wconf 66' lang='lat' dir='ltr'><strong><em>advenae,</em></strong></span> <span class='ocrx_word' id='word_1_704' title='bbox 1004 5449 1095 5504; x_wconf 87' lang='lat' dir='ltr'><strong><em>sed</em></strong></span> <span class='ocrx_word' id='word_1_705' title='bbox 1122 5452 1245 5504; x_wconf 90' lang='lat' dir='ltr'><strong><em>estis</em></strong></span> <span class='ocrx_word' id='word_1_706' title='bbox 1267 5451 1397 5504; x_wconf 85' lang='lat' dir='ltr'><strong><em>cives</em></strong></span> <span class='ocrx_word' id='word_1_707' title='bbox 1426 5457 1726 5503; x_wconf 87' lang='lat' dir='ltr'><strong><em>sanctorum</em></strong></span> 
     </span>
    </p>
   </div>
   <div class='ocr_carea' id='block_1_88' title="bbox 170 5536 1724 5619">
    <p class='ocr_par' dir='ltr' id='par_1_88' title="bbox 170 5536 1724 5619">
     <span class='ocr_line' id='line_1_88' title="bbox 170 5536 1724 5619; baseline 0.009 -38"><span class='ocrx_word' id='word_1_708' title='bbox 170 5540 210 5582; x_wconf 84' lang='lat' dir='ltr'><strong><em>et</em></strong></span> <span class='ocrx_word' id='word_1_709' title='bbox 235 5536 480 5617; x_wconf 78' lang='lat' dir='ltr'><strong><em>domestici</em></strong></span> <span class='ocrx_word' id='word_1_710' title='bbox 524 5543 640 5612; x_wconf 86' lang='lat' dir='ltr'><strong><em>Dei,</em></strong></span> <span class='ocrx_word' id='word_1_711' title='bbox 681 5543 1083 5614; x_wconf 78' lang='lat' dir='ltr'><strong><em>supertedi/icati</em></strong></span> <span class='ocrx_word' id='word_1_712' title='bbox 1134 5560 1290 5619; x_wconf 80' lang='lat' dir='ltr'><strong><em>supra</em></strong></span> <span class='ocrx_word' id='word_1_713' title='bbox 1332 5544 1724 5615; x_wconf 84' lang='lat' dir='ltr'><strong><em>fundamentum</em></strong></span> 
     </span>
    </p>
   </div>
   <div class='ocr_carea' id='block_1_89' title="bbox 171 5628 1723 5707">
    <p class='ocr_par' dir='ltr' id='par_1_89' title="bbox 171 5628 1723 5707">
     <span class='ocr_line' id='line_1_89' title="bbox 171 5628 1723 5707; baseline -0.004 -16"><span class='ocrx_word' id='word_1_714' title='bbox 171 5628 488 5690; x_wconf 71' lang='lat' dir='ltr'><strong><em>apostolorum</em></strong></span> <span class='ocrx_word' id='word_1_715' title='bbox 516 5643 565 5688; x_wconf 89' lang='lat' dir='ltr'><strong><em>et</em></strong></span> <span class='ocrx_word' id='word_1_716' title='bbox 592 5635 977 5707; x_wconf 89' lang='lat' dir='ltr'><strong><em>prophetarum,</em></strong></span> <span class='ocrx_word' id='word_1_717' title='bbox 1001 5635 1113 5704; x_wconf 90' lang='lat' dir='ltr'><strong><em>ipso</em></strong></span> <span class='ocrx_word' id='word_1_718' title='bbox 1142 5651 1339 5688; x_wconf 86' lang='lat' dir='ltr'><strong><em>summa</em></strong></span> <span class='ocrx_word' id='word_1_719' title='bbox 1370 5635 1611 5707; x_wconf 88' lang='lat' dir='ltr'><strong><em>angulari</em></strong></span> <span class='ocrx_word' id='word_1_720' title='bbox 1641 5633 1723 5686; x_wconf 55' lang='lat' dir='ltr'><strong><em>la-</em></strong></span> 
     </span>
    </p>
   </div>
   <div class='ocr_carea' id='block_1_90' title="bbox 171 5708 1726 5798">
    <p class='ocr_par' dir='ltr' id='par_1_90' title="bbox 171 5708 1726 5798">
     <span class='ocr_line' id='line_1_90' title="bbox 171 5708 1726 5798; baseline -0.002 -19"><span class='ocrx_word' id='word_1_721' title='bbox 171 5713 272 5779; x_wconf 71' lang='grc' dir='ltr'><em>Ρίάε</em></span> <span class='ocrx_word' id='word_1_722' title='bbox 296 5716 490 5793; x_wconf 77' lang='lat' dir='ltr'><strong><em>Christo</em></strong></span> <span class='ocrx_word' id='word_1_723' title='bbox 516 5723 676 5797; x_wconf 79' lang='lat' dir='ltr'><strong><em>Iesu;</em></strong></span> <span class='ocrx_word' id='word_1_724' title='bbox 706 5727 759 5780; x_wconf 92' lang='lat' dir='ltr'><strong><em>in</em></strong></span> <span class='ocrx_word' id='word_1_725' title='bbox 786 5742 883 5798; x_wconf 90' lang='lat' dir='ltr'><strong><em>quo</em></strong></span> <span class='ocrx_word' id='word_1_726' title='bbox 913 5725 1079 5780; x_wconf 88' lang='lat' dir='ltr'><strong><em>omnis</em></strong></span> <span class='ocrx_word' id='word_1_727' title='bbox 1119 5708 1400 5795; x_wconf 65' lang='lat' dir='ltr'><strong><em>aediﬁcatio</em></strong></span> <span class='ocrx_word' id='word_1_728' title='bbox 1431 5730 1726 5780; x_wconf 89' lang='lat' dir='ltr'><strong><em>constructa</em></strong></span> 
     </span>
    </p>
   </div>
   <div class='ocr_carea' id='block_1_91' title="bbox 171 5802 1721 5895">
    <p class='ocr_par' dir='ltr' id='par_1_91' title="bbox 171 5802 1721 5895">
     <span class='ocr_line' id='line_1_91' title="bbox 171 5802 1721 5895; baseline 0.008 -35"><span class='ocrx_word' id='word_1_729' title='bbox 171 5812 327 5864; x_wconf 67' lang='lat' dir='ltr'><strong><em>crescit</em></strong></span> <span class='ocrx_word' id='word_1_730' title='bbox 424 5820 667 5895; x_wconf 79' lang='lat' dir='ltr'><strong><em>templum</em></strong></span> <span class='ocrx_word' id='word_1_731' title='bbox 697 5827 931 5895; x_wconf 81' lang='lat' dir='ltr'><strong><em>sanctum</em></strong></span> <span class='ocrx_word' id='word_1_732' title='bbox 968 5818 1021 5869; x_wconf 90' lang='lat' dir='ltr'><strong><em>in</em></strong></span> <span class='ocrx_word' id='word_1_733' title='bbox 1067 5814 1308 5881; x_wconf 84' lang='lat' dir='ltr'><strong><em>Domino,</em></strong></span> <span class='ocrx_word' id='word_1_734' title='bbox 1342 5816 1394 5869; x_wconf 88' lang='lat' dir='ltr'><strong><em>in</em></strong></span> <span class='ocrx_word' id='word_1_735' title='bbox 1414 5802 1531 5888; x_wconf 73' lang='lat' dir='ltr'><strong><em>quo</em></strong></span> <span class='ocrx_word' id='word_1_736' title='bbox 1553 5825 1604 5869; x_wconf 90' lang='lat' dir='ltr'><strong><em>et</em></strong></span> <span class='ocrx_word' id='word_1_737' title='bbox 1634 5832 1721 5872; x_wconf 82' lang='lat' dir='ltr'><strong><em>vos</em></strong></span> 
     </span>
    </p>
   </div>
   <div class='ocr_carea' id='block_1_92' title="bbox 162 5886 1723 5985">
    <p class='ocr_par' dir='ltr' id='par_1_92' title="bbox 162 5886 1723 5985">
     <span class='ocr_line' id='line_1_92' title="bbox 162 5886 1723 5985; baseline 0.008 -33"><span class='ocrx_word' id='word_1_738' title='bbox 162 5886 537 5975; x_wconf 47' lang='lat' dir='ltr'><strong><em>summa</em></strong></span> <span class='ocrx_word' id='word_1_739' title='bbox 561 5910 615 5963; x_wconf 92' lang='lat' dir='ltr'><strong><em>in</em></strong></span> <span class='ocrx_word' id='word_1_740' title='bbox 644 5886 1002 5963; x_wconf 76' lang='lat' dir='ltr'><strong><em>habitaculum</em></strong></span> <span class='ocrx_word' id='word_1_741' title='bbox 1050 5905 1166 5972; x_wconf 85' lang='lat' dir='ltr'><strong><em>Dei,</em></strong></span> <span class='ocrx_word' id='word_1_742' title='bbox 1211 5907 1265 5960; x_wconf 91' lang='lat' dir='ltr'><strong><em>in</em></strong></span> <span class='ocrx_word' id='word_1_743' title='bbox 1294 5886 1479 5976; x_wconf 88' lang='lat' dir='ltr'><strong><em>spiritu</em></strong></span> <span class='ocrx_word' id='word_1_744' title='bbox 1506 5906 1723 5985; x_wconf 58' lang='lat' dir='ltr'><strong><em>(Ep/tes.</em></strong></span> 
     </span>
    </p>
   </div>
   <div class='ocr_carea' id='block_1_93' title="bbox 163 5989 1727 6087">
    <p class='ocr_par' dir='ltr' id='par_1_93' title="bbox 163 5989 1727 6087">
     <span class='ocr_line' id='line_1_93' title="bbox 163 5989 1727 6087; baseline 0.011 -43"><span class='ocrx_word' id='word_1_745' title='bbox 163 5999 212 6067; x_wconf 77' lang='lat' dir='ltr'><strong><em>tt,</em></strong></span> <span class='ocrx_word' id='word_1_746' title='bbox 235 5989 334 6059; x_wconf 73' lang='grc'><strong>19).</strong></span> <span class='ocrx_word' id='word_1_747' title='bbox 361 5994 516 6075; x_wconf 76' lang='lat' dir='ltr'><strong><em>Hanc</em></strong></span> <span class='ocrx_word' id='word_1_748' title='bbox 539 6001 969 6077; x_wconf 63' lang='lat' dir='ltr'><strong><em>aediﬁcationem,</em></strong></span> <span class='ocrx_word' id='word_1_749' title='bbox 1015 6015 1122 6087; x_wconf 81' lang='lat' dir='ltr'><strong><em>qua</em></strong></span> <span class='ocrx_word' id='word_1_750' title='bbox 1167 5999 1222 6058; x_wconf 92' lang='lat' dir='ltr'><strong><em>in</em></strong></span> <span class='ocrx_word' id='word_1_751' title='bbox 1259 5998 1450 6087; x_wconf 82' lang='lat' dir='ltr'><strong><em>spiritu</em></strong></span> <span class='ocrx_word' id='word_1_752' title='bbox 1496 6002 1727 6077; x_wconf 59' lang='lat' dir='ltr'><strong><em>aediﬁca-</em></strong></span> 
     </span>
    </p>
   </div>
   <div class='ocr_carea' id='block_1_94' title="bbox 1826 3521 3407 3595">
    <p class='ocr_par' dir='ltr' id='par_1_94' title="bbox 1826 3521 3407 3595">
     <span class='ocr_line' id='line_1_94' title="bbox 1826 3521 3407 3595; baseline 0.002 -18"><span class='ocrx_word' id='word_1_753' title='bbox 1826 3538 2098 3594; x_wconf 83' lang='lat' dir='ltr'><strong><em>omnesque</em></strong></span> <span class='ocrx_word' id='word_1_754' title='bbox 2118 3522 2181 3577; x_wconf 89' lang='lat' dir='ltr'><strong><em>de</em></strong></span> <span class='ocrx_word' id='word_1_755' title='bbox 2198 3539 2301 3577; x_wconf 90' lang='lat' dir='ltr'><strong><em>uno</em></strong></span> <span class='ocrx_word' id='word_1_756' title='bbox 2323 3539 2458 3592; x_wconf 90' lang='lat' dir='ltr'><strong><em>pane</em></strong></span> <span class='ocrx_word' id='word_1_757' title='bbox 2482 3524 2855 3593; x_wconf 81' lang='lat' dir='ltr'><strong><em>participantus</em></strong></span> <span class='ocrx_word' id='word_1_758' title='bbox 2878 3521 2932 3595; x_wconf 91' lang='grc' dir='ltr'><strong><em>(Ι</em></strong></span> <span class='ocrx_word' id='word_1_759' title='bbox 2953 3523 3072 3584; x_wconf 84' lang='lat' dir='ltr'><strong><em>Cor.</em></strong></span> <span class='ocrx_word' id='word_1_760' title='bbox 3115 3540 3167 3588; x_wconf 84' lang='lat' dir='ltr'><strong><em>x,</em></strong></span> <span class='ocrx_word' id='word_1_761' title='bbox 3199 3522 3309 3595; x_wconf 88' lang='grc'><strong>16).</strong></span> <span class='ocrx_word' id='word_1_762' title='bbox 3342 3523 3407 3581; x_wconf 83' lang='lat' dir='ltr'><strong><em>Et</em></strong></span> 
     </span>
    </p>
   </div>
   <div class='ocr_carea' id='block_1_95' title="bbox 1828 3606 3408 3687">
    <p class='ocr_par' dir='ltr' id='par_1_95' title="bbox 1828 3606 3408 3687">
     <span class='ocr_line' id='line_1_95' title="bbox 1828 3606 3408 3687; baseline 0.004 -17"><span class='ocrx_word' id='word_1_763' title='bbox 1828 3624 2114 3687; x_wconf 88' lang='lat' dir='ltr'><strong><em>pr0pterea</em></strong></span> <span class='ocrx_word' id='word_1_764' title='bbox 2164 3616 2395 3687; x_wconf 86' lang='lat' dir='ltr'><strong><em>petimus</em></strong></span> <span class='ocrx_word' id='word_1_765' title='bbox 2434 3624 2491 3671; x_wconf 93' lang='lat' dir='ltr'><strong><em>ut</em></strong></span> <span class='ocrx_word' id='word_1_766' title='bbox 2542 3617 2748 3672; x_wconf 89' lang='lat' dir='ltr'><strong><em>scilicet</em></strong></span> <span class='ocrx_word' id='word_1_767' title='bbox 2789 3633 2850 3673; x_wconf 87' lang='lat' dir='ltr'><strong><em>ea</em></strong></span> <span class='ocrx_word' id='word_1_768' title='bbox 2878 3619 3047 3686; x_wconf 81' lang='lat' dir='ltr'><strong><em>gratia</em></strong></span> <span class='ocrx_word' id='word_1_769' title='bbox 3077 3606 3181 3687; x_wconf 88' lang='lat' dir='ltr'><strong><em>qua</em></strong></span> <span class='ocrx_word' id='word_1_770' title='bbox 3209 3618 3408 3678; x_wconf 88' lang='lat' dir='ltr'><strong><em>factum</em></strong></span> 
     </span>
    </p>
   </div>
   <div class='ocr_carea' id='block_1_96' title="bbox 1828 3688 3408 3779">
    <p class='ocr_par' dir='ltr' id='par_1_96' title="bbox 1828 3688 3408 3779">
     <span class='ocr_line' id='line_1_96' title="bbox 1828 3688 3408 3779; baseline 0.003 -16"><span class='ocrx_word' id='word_1_771' title='bbox 1828 3718 1911 3763; x_wconf 91' lang='lat' dir='ltr'><strong><em>est</em></strong></span> <span class='ocrx_word' id='word_1_772' title='bbox 1946 3716 2005 3763; x_wconf 90' lang='lat' dir='ltr'><strong><em>ut</em></strong></span> <span class='ocrx_word' id='word_1_773' title='bbox 2032 3706 2272 3764; x_wconf 88' lang='lat' dir='ltr'><strong><em>Ecclesia</em></strong></span> <span class='ocrx_word' id='word_1_774' title='bbox 2299 3706 2499 3762; x_wconf 82' lang='lat' dir='ltr'><strong><em>Christi</em></strong></span> <span class='ocrx_word' id='word_1_775' title='bbox 2529 3688 2728 3778; x_wconf 65' lang='lat' dir='ltr'><strong><em>cdrpus</em></strong></span> <span class='ocrx_word' id='word_1_776' title='bbox 2776 3708 2965 3775; x_wconf 73' lang='lat' dir='ltr'><strong><em>ﬁeret,</em></strong></span> <span class='ocrx_word' id='word_1_777' title='bbox 3001 3709 3187 3764; x_wconf 84' lang='lat' dir='ltr'><strong><em>eadem</em></strong></span> <span class='ocrx_word' id='word_1_778' title='bbox 3240 3710 3408 3779; x_wconf 74' lang='lat' dir='ltr'><strong><em>gratia</em></strong></span> 
     </span>
    </p>
   </div>
   <div class='ocr_carea' id='block_1_97' title="bbox 1828 3798 3406 3870">
    <p class='ocr_par' dir='ltr' id='par_1_97' title="bbox 1828 3798 3406 3870">
     <span class='ocr_line' id='line_1_97' title="bbox 1828 3798 3406 3870; baseline 0.005 -19"><span class='ocrx_word' id='word_1_779' title='bbox 1828 3798 1923 3852; x_wconf 72' lang='lat' dir='ltr'><strong><em>ﬁat</em></strong></span> <span class='ocrx_word' id='word_1_780' title='bbox 1945 3807 2002 3853; x_wconf 91' lang='lat' dir='ltr'><strong><em>ut</em></strong></span> <span class='ocrx_word' id='word_1_781' title='bbox 2030 3800 2209 3854; x_wconf 88' lang='lat' dir='ltr'><strong><em>omnia</em></strong></span> <span class='ocrx_word' id='word_1_782' title='bbox 2254 3801 2491 3854; x_wconf 89' lang='lat' dir='ltr'><strong><em>membra</em></strong></span> <span class='ocrx_word' id='word_1_783' title='bbox 2534 3800 2795 3862; x_wconf 86' lang='lat' dir='ltr'><strong><em>caritatis,</em></strong></span> <span class='ocrx_word' id='word_1_784' title='bbox 2843 3808 3091 3855; x_wconf 88' lang='lat' dir='ltr'><strong><em>manente</em></strong></span> <span class='ocrx_word' id='word_1_785' title='bbox 3128 3814 3406 3870; x_wconf 66' lang='lat' dir='ltr'><strong><em>compage.</em></strong></span> 
     </span>
    </p>
   </div>
   <div class='ocr_carea' id='block_1_98' title="bbox 1829 3886 3408 3958">
    <p class='ocr_par' dir='ltr' id='par_1_98' title="bbox 1829 3886 3408 3958">
     <span class='ocr_line' id='line_1_98' title="bbox 1829 3886 3408 3958; baseline 0.001 -16"><span class='ocrx_word' id='word_1_786' title='bbox 1829 3888 1883 3942; x_wconf 89' lang='lat' dir='ltr'><strong><em>in</em></strong></span> <span class='ocrx_word' id='word_1_787' title='bbox 1906 3887 2110 3944; x_wconf 81' lang='lat' dir='ltr'><strong><em>unitate</em></strong></span> <span class='ocrx_word' id='word_1_788' title='bbox 2140 3888 2382 3958; x_wconf 89' lang='lat' dir='ltr'><strong><em>corporis</em></strong></span> <span class='ocrx_word' id='word_1_789' title='bbox 2408 3898 2775 3957; x_wconf 84' lang='lat' dir='ltr'><strong><em>perseverent.</em></strong></span> <span class='ocrx_word' id='word_1_790' title='bbox 2802 3886 2916 3943; x_wconf 80' lang='lat' dir='ltr'><strong><em>Hoc</em></strong></span> <span class='ocrx_word' id='word_1_791' title='bbox 2941 3896 3120 3943; x_wconf 84' lang='lat' dir='ltr'><strong><em>autem</em></strong></span> <span class='ocrx_word' id='word_1_792' title='bbox 3141 3888 3301 3956; x_wconf 80' lang='lat' dir='ltr'><strong><em>digne</em></strong></span> <span class='ocrx_word' id='word_1_793' title='bbox 3325 3903 3408 3958; x_wconf 81' lang='lat' dir='ltr'><strong><em>pe-</em></strong></span> 
     </span>
    </p>
   </div>
   <div class='ocr_carea' id='block_1_99' title="bbox 1832 3976 3410 4049">
    <p class='ocr_par' dir='ltr' id='par_1_99' title="bbox 1832 3976 3410 4049">
     <span class='ocr_line' id='line_1_99' title="bbox 1832 3976 3410 4049; baseline 0.003 -19"><span class='ocrx_word' id='word_1_794' title='bbox 1832 3978 1993 4049; x_wconf 84' lang='lat' dir='ltr'><strong><em>timus</em></strong></span> <span class='ocrx_word' id='word_1_795' title='bbox 2020 3978 2160 4033; x_wconf 91' lang='lat' dir='ltr'><strong><em>illius</em></strong></span> <span class='ocrx_word' id='word_1_796' title='bbox 2189 3980 2241 4031; x_wconf 92' lang='lat' dir='ltr'><strong><em>in</em></strong></span> <span class='ocrx_word' id='word_1_797' title='bbox 2274 3978 2428 4032; x_wconf 89' lang='lat' dir='ltr'><strong><em>nobis</em></strong></span> <span class='ocrx_word' id='word_1_798' title='bbox 2452 3977 2596 4047; x_wconf 90' lang='lat' dir='ltr'><strong><em>dono</em></strong></span> <span class='ocrx_word' id='word_1_799' title='bbox 2627 3976 2857 4046; x_wconf 89' lang='lat' dir='ltr'><strong><em>Spiritus</em></strong></span> <span class='ocrx_word' id='word_1_800' title='bbox 2885 3977 3018 4041; x_wconf 87' lang='lat' dir='ltr'><strong><em>lleri,</em></strong></span> <span class='ocrx_word' id='word_1_801' title='bbox 3043 3978 3133 4047; x_wconf 89' lang='lat' dir='ltr'><strong><em>qui</em></strong></span> <span class='ocrx_word' id='word_1_802' title='bbox 3164 3985 3246 4032; x_wconf 88' lang='lat' dir='ltr'><strong><em>est</em></strong></span> <span class='ocrx_word' id='word_1_803' title='bbox 3277 3990 3410 4035; x_wconf 78' lang='lat' dir='ltr'><strong><em>unus</em></strong></span> 
     </span>
    </p>
   </div>
   <div class='ocr_carea' id='block_1_100' title="bbox 1829 4054 3411 4139">
    <p class='ocr_par' dir='ltr' id='par_1_100' title="bbox 1829 4054 3411 4139">
     <span class='ocr_line' id='line_1_100' title="bbox 1829 4054 3411 4139; baseline 0 -16"><span class='ocrx_word' id='word_1_804' title='bbox 1829 4054 2060 4139; x_wconf 84' lang='lat' dir='ltr'><strong><em>Spiritus</em></strong></span> <span class='ocrx_word' id='word_1_805' title='bbox 2085 4077 2141 4124; x_wconf 90' lang='lat' dir='ltr'><strong><em>et</em></strong></span> <span class='ocrx_word' id='word_1_806' title='bbox 2169 4068 2345 4123; x_wconf 88' lang='lat' dir='ltr'><strong><em>Patris</em></strong></span> <span class='ocrx_word' id='word_1_807' title='bbox 2374 4076 2429 4123; x_wconf 87' lang='lat' dir='ltr'><strong><em>et</em></strong></span> <span class='ocrx_word' id='word_1_808' title='bbox 2449 4067 2566 4122; x_wconf 85' lang='lat' dir='ltr'><strong><em>Filii</em></strong></span> <span class='ocrx_word' id='word_1_809' title='bbox 2594 4087 2606 4121; x_wconf 90' lang='lat'><strong><em>:</em></strong></span> <span class='ocrx_word' id='word_1_810' title='bbox 2634 4070 2758 4138; x_wconf 90' lang='lat' dir='ltr'><strong><em>quia</em></strong></span> <span class='ocrx_word' id='word_1_811' title='bbox 2785 4076 2972 4122; x_wconf 81' lang='lat' dir='ltr'><strong><em>sancta</em></strong></span> <span class='ocrx_word' id='word_1_812' title='bbox 3004 4066 3264 4123; x_wconf 85' lang='lat' dir='ltr'><strong><em>naturalis</em></strong></span> <span class='ocrx_word' id='word_1_813' title='bbox 3293 4069 3411 4123; x_wconf 69' lang='lat' dir='ltr'><strong><em>uni~</em></strong></span> 
     </span>
    </p>
   </div>
   <div class='ocr_carea' id='block_1_101' title="bbox 1832 4144 3410 4230">
    <p class='ocr_par' dir='ltr' id='par_1_101' title="bbox 1832 4144 3410 4230">
     <span class='ocr_line' id='line_1_101' title="bbox 1832 4144 3410 4230; baseline -0.001 -17"><span class='ocrx_word' id='word_1_814' title='bbox 1832 4167 1913 4214; x_wconf 86' lang='lat' dir='ltr'><strong><em>tas</em></strong></span> <span class='ocrx_word' id='word_1_815' title='bbox 1935 4167 1989 4213; x_wconf 90' lang='lat' dir='ltr'><strong><em>et</em></strong></span> <span class='ocrx_word' id='word_1_816' title='bbox 2015 4144 2291 4228; x_wconf 70' lang='lat' dir='ltr'><strong><em>aequalitas</em></strong></span> <span class='ocrx_word' id='word_1_817' title='bbox 2321 4165 2374 4213; x_wconf 92' lang='lat' dir='ltr'><strong><em>et</em></strong></span> <span class='ocrx_word' id='word_1_818' title='bbox 2401 4158 2597 4213; x_wconf 88' lang='lat' dir='ltr'><strong><em>caritas</em></strong></span> <span class='ocrx_word' id='word_1_819' title='bbox 2626 4156 2924 4225; x_wconf 86' lang='lat' dir='ltr'><strong><em>Trinitatis,</em></strong></span> <span class='ocrx_word' id='word_1_820' title='bbox 2955 4173 3074 4230; x_wconf 69' lang='lat' dir='ltr'><strong><em>qua:</em></strong></span> <span class='ocrx_word' id='word_1_821' title='bbox 3104 4174 3241 4214; x_wconf 88' lang='lat' dir='ltr'><strong><em>unus</em></strong></span> <span class='ocrx_word' id='word_1_822' title='bbox 3267 4158 3410 4220; x_wconf 67' lang='lat' dir='ltr'><strong><em>solui</em></strong></span> 
     </span>
    </p>
   </div>
   <div class='ocr_carea' id='block_1_102' title="bbox 1831 4247 3411 4320">
    <p class='ocr_par' dir='ltr' id='par_1_102' title="bbox 1831 4247 3411 4320">
     <span class='ocr_line' id='line_1_102' title="bbox 1831 4247 3411 4320; baseline -0.002 -12"><span class='ocrx_word' id='word_1_823' title='bbox 1831 4260 1886 4308; x_wconf 89' lang='lat' dir='ltr'><strong><em>et</em></strong></span> <span class='ocrx_word' id='word_1_824' title='bbox 1916 4265 2073 4307; x_wconf 86' lang='lat' dir='ltr'><strong><em>verus</em></strong></span> <span class='ocrx_word' id='word_1_825' title='bbox 2110 4262 2193 4306; x_wconf 88' lang='lat' dir='ltr'><strong><em>est</em></strong></span> <span class='ocrx_word' id='word_1_826' title='bbox 2219 4250 2383 4317; x_wconf 85' lang='lat' dir='ltr'><strong><em>Deus,</em></strong></span> <span class='ocrx_word' id='word_1_827' title='bbox 2415 4249 2767 4305; x_wconf 87' lang='lat' dir='ltr'><strong><em>unanimitate</em></strong></span> <span class='ocrx_word' id='word_1_828' title='bbox 2794 4247 3117 4315; x_wconf 86' lang='lat' dir='ltr'><strong><em>sanetilicat,</em></strong></span> <span class='ocrx_word' id='word_1_829' title='bbox 3133 4264 3269 4320; x_wconf 88' lang='lat' dir='ltr'><strong><em>quos</em></strong></span> <span class='ocrx_word' id='word_1_830' title='bbox 3289 4250 3411 4306; x_wconf 81' lang='lat' dir='ltr'><strong><em>ado-</em></strong></span> 
     </span>
    </p>
   </div>
   <div class='ocr_carea' id='block_1_103' title="bbox 1831 4323 3410 4414">
    <p class='ocr_par' dir='ltr' id='par_1_103' title="bbox 1831 4323 3410 4414">
     <span class='ocr_line' id='line_1_103' title="bbox 1831 4323 3410 4414; baseline 0.001 -18"><span class='ocrx_word' id='word_1_831' title='bbox 1831 4350 1963 4414; x_wconf 87' lang='lat' dir='ltr'><strong><em>ptat.</em></strong></span> <span class='ocrx_word' id='word_1_832' title='bbox 1995 4341 2051 4397; x_wconf 92' lang='lat' dir='ltr'><strong><em>ln</em></strong></span> <span class='ocrx_word' id='word_1_833' title='bbox 2083 4341 2171 4396; x_wconf 89' lang='lat' dir='ltr'><strong><em>illa</em></strong></span> <span class='ocrx_word' id='word_1_834' title='bbox 2215 4342 2413 4412; x_wconf 88' lang='lat' dir='ltr'><strong><em>quippe</em></strong></span> <span class='ocrx_word' id='word_1_835' title='bbox 2443 4356 2545 4396; x_wconf 91' lang='lat' dir='ltr'><strong><em>una</em></strong></span> <span class='ocrx_word' id='word_1_836' title='bbox 2575 4340 2874 4395; x_wconf 84' lang='lat' dir='ltr'><strong><em>substantia</em></strong></span> <span class='ocrx_word' id='word_1_837' title='bbox 2904 4338 3201 4405; x_wconf 87' lang='lat' dir='ltr'><strong><em>Trinitatis,</em></strong></span> <span class='ocrx_word' id='word_1_838' title='bbox 3231 4323 3410 4397; x_wconf 72' lang='lat' dir='ltr'><strong><em>unitas</em></strong></span> 
     </span>
    </p>
   </div>
   <div class='ocr_carea' id='block_1_104' title="bbox 1831 4434 3410 4508">
    <p class='ocr_par' dir='ltr' id='par_1_104' title="bbox 1831 4434 3410 4508">
     <span class='ocr_line' id='line_1_104' title="bbox 1831 4434 3410 4508; baseline -0.001 -14"><span class='ocrx_word' id='word_1_839' title='bbox 1831 4448 1915 4495; x_wconf 93' lang='lat' dir='ltr'><strong><em>est</em></strong></span> <span class='ocrx_word' id='word_1_840' title='bbox 1944 4438 1996 4492; x_wconf 92' lang='lat' dir='ltr'><strong><em>in</em></strong></span> <span class='ocrx_word' id='word_1_841' title='bbox 2027 4437 2252 4508; x_wconf 79' lang='lat' dir='ltr'><strong><em>origine,</em></strong></span> <span class='ocrx_word' id='word_1_842' title='bbox 2294 4436 2573 4506; x_wconf 64' lang='lat' dir='ltr'><strong><em>inqualitas</em></strong></span> <span class='ocrx_word' id='word_1_843' title='bbox 2614 4437 2665 4490; x_wconf 91' lang='lat' dir='ltr'><strong><em>in</em></strong></span> <span class='ocrx_word' id='word_1_844' title='bbox 2697 4434 2868 4505; x_wconf 88' lang='lat' dir='ltr'><strong><em>prole,</em></strong></span> <span class='ocrx_word' id='word_1_845' title='bbox 2900 4435 2951 4489; x_wconf 85' lang='lat' dir='ltr'><strong><em>in</em></strong></span> <span class='ocrx_word' id='word_1_846' title='bbox 2982 4436 3209 4490; x_wconf 87' lang='lat' dir='ltr'><strong><em>caritate</em></strong></span> <span class='ocrx_word' id='word_1_847' title='bbox 3229 4440 3410 4493; x_wconf 84' lang='lat' dir='ltr'><strong><em>autem</em></strong></span> 
     </span>
    </p>
   </div>
   <div class='ocr_carea' id='block_1_105' title="bbox 1832 4511 3410 4613">
    <p class='ocr_par' dir='ltr' id='par_1_105' title="bbox 1832 4511 3410 4613">
     <span class='ocr_line' id='line_1_105' title="bbox 1832 4511 3410 4613; baseline -0.003 -27"><span class='ocrx_word' id='word_1_848' title='bbox 1832 4532 2054 4587; x_wconf 87' lang='lat' dir='ltr'><strong><em>unitatis</em></strong></span> <span class='ocrx_word' id='word_1_849' title='bbox 2085 4532 2512 4613; x_wconf 70' lang='lat' dir='ltr'><strong><em>requalitatisque</em></strong></span> <span class='ocrx_word' id='word_1_850' title='bbox 2547 4529 2884 4595; x_wconf 91' lang='lat' dir='ltr'><strong><em>communio;</em></strong></span> <span class='ocrx_word' id='word_1_851' title='bbox 2935 4529 3078 4583; x_wconf 89' lang='lat' dir='ltr'><strong><em>nulla</em></strong></span> <span class='ocrx_word' id='word_1_852' title='bbox 3110 4536 3193 4583; x_wconf 90' lang='lat' dir='ltr'><strong><em>est</em></strong></span> <span class='ocrx_word' id='word_1_853' title='bbox 3218 4511 3410 4583; x_wconf 74' lang='lat' dir='ltr'><strong><em>divisio</em></strong></span> 
     </span>
    </p>
   </div>
   <div class='ocr_carea' id='block_1_106' title="bbox 1832 4618 3410 4694">
    <p class='ocr_par' dir='ltr' id='par_1_106' title="bbox 1832 4618 3410 4694">
     <span class='ocr_line' id='line_1_106' title="bbox 1832 4618 3410 4694; baseline -0.004 -15"><span class='ocrx_word' id='word_1_854' title='bbox 1832 4624 1972 4679; x_wconf 85' lang='lat' dir='ltr'><strong><em>illius</em></strong></span> <span class='ocrx_word' id='word_1_855' title='bbox 2000 4623 2236 4688; x_wconf 88' lang='lat' dir='ltr'><strong><em>unitatis,</em></strong></span> <span class='ocrx_word' id='word_1_856' title='bbox 2270 4624 2412 4694; x_wconf 87' lang='lat' dir='ltr'><strong><em>nulla</em></strong></span> <span class='ocrx_word' id='word_1_857' title='bbox 2434 4622 2718 4677; x_wconf 87' lang='lat' dir='ltr'><strong><em>diversitas</em></strong></span> <span class='ocrx_word' id='word_1_858' title='bbox 2754 4622 2895 4677; x_wconf 90' lang='lat' dir='ltr'><strong><em>illius</em></strong></span> <span class='ocrx_word' id='word_1_859' title='bbox 2921 4620 3261 4690; x_wconf 78' lang='lat' dir='ltr'><strong><em>:equalitatis,</em></strong></span> <span class='ocrx_word' id='word_1_860' title='bbox 3285 4618 3410 4673; x_wconf 87' lang='lat' dir='ltr'><strong><em>nul-</em></strong></span> 
     </span>
    </p>
   </div>
   <div class='ocr_carea' id='block_1_107' title="bbox 1830 4700 3445 4791">
    <p class='ocr_par' dir='ltr' id='par_1_107' title="bbox 1830 4700 3445 4791">
     <span class='ocr_line' id='line_1_107' title="bbox 1830 4700 3445 4791; baseline -0.003 -20"><span class='ocrx_word' id='word_1_861' title='bbox 1830 4700 1941 4771; x_wconf 86' lang='lat' dir='ltr'><strong><em>lum</em></strong></span> <span class='ocrx_word' id='word_1_862' title='bbox 1972 4700 2241 4791; x_wconf 77' lang='lat' dir='ltr'><strong><em>faSIidium</em></strong></span> <span class='ocrx_word' id='word_1_863' title='bbox 2273 4715 2415 4770; x_wconf 89' lang='lat' dir='ltr'><strong><em>illius</em></strong></span> <span class='ocrx_word' id='word_1_864' title='bbox 2442 4715 2716 4769; x_wconf 87' lang='lat' dir='ltr'><strong><em>caritatis:</em></strong></span> <span class='ocrx_word' id='word_1_865' title='bbox 2751 4714 2822 4768; x_wconf 92' lang='lat' dir='ltr'><strong><em>ibi</em></strong></span> <span class='ocrx_word' id='word_1_866' title='bbox 2862 4706 3007 4768; x_wconf 75' lang='lat' dir='ltr'><strong><em>enim</em></strong></span> <span class='ocrx_word' id='word_1_867' title='bbox 3051 4712 3185 4768; x_wconf 92' lang='lat' dir='ltr'><strong><em>nihil</em></strong></span> <span class='ocrx_word' id='word_1_868' title='bbox 3213 4712 3411 4767; x_wconf 87' lang='lat' dir='ltr'><strong><em>discre-</em></strong></span> <span class='ocrx_word' id='word_1_869' title='bbox 3432 4742 3445 4751; x_wconf 82' lang='lat'><em>-</em></span> 
     </span>
    </p>
   </div>
   <div class='ocr_carea' id='block_1_108' title="bbox 1831 4790 3412 4894">
    <p class='ocr_par' dir='ltr' id='par_1_108' title="bbox 1831 4790 3412 4894">
     <span class='ocr_line' id='line_1_108' title="bbox 1831 4790 3412 4894; baseline 0.002 -31"><span class='ocrx_word' id='word_1_870' title='bbox 1831 4817 1942 4887; x_wconf 84' lang='lat' dir='ltr'><strong><em>pat,</em></strong></span> <span class='ocrx_word' id='word_1_871' title='bbox 1964 4810 2090 4894; x_wconf 77' lang='lat' dir='ltr'><strong><em>quia</em></strong></span> <span class='ocrx_word' id='word_1_872' title='bbox 2113 4790 2390 4880; x_wconf 80' lang='lat' dir='ltr'><strong><em>aequalitas</em></strong></span> <span class='ocrx_word' id='word_1_873' title='bbox 2418 4823 2540 4863; x_wconf 88' lang='lat' dir='ltr'><strong><em>cara</em></strong></span> <span class='ocrx_word' id='word_1_874' title='bbox 2574 4816 2623 4861; x_wconf 91' lang='lat' dir='ltr'><strong><em>et</em></strong></span> <span class='ocrx_word' id='word_1_875' title='bbox 2657 4822 2785 4872; x_wconf 90' lang='lat' dir='ltr'><strong><em>una,</em></strong></span> <span class='ocrx_word' id='word_1_876' title='bbox 2816 4815 2870 4862; x_wconf 90' lang='lat' dir='ltr'><strong><em>et</em></strong></span> <span class='ocrx_word' id='word_1_877' title='bbox 2901 4806 3075 4863; x_wconf 88' lang='lat' dir='ltr'><strong><em>unitas</em></strong></span> <span class='ocrx_word' id='word_1_878' title='bbox 3109 4806 3328 4877; x_wconf 68' lang='lat' dir='ltr'><strong><em>aequalis</em></strong></span> <span class='ocrx_word' id='word_1_879' title='bbox 3356 4812 3412 4866; x_wconf 75' lang='lat' dir='ltr'><strong><em>et</em></strong></span> 
     </span>
    </p>
   </div>
   <div class='ocr_carea' id='block_1_109' title="bbox 1830 4897 3413 4979">
    <p class='ocr_par' dir='ltr' id='par_1_109' title="bbox 1830 4897 3413 4979">
     <span class='ocr_line' id='line_1_109' title="bbox 1830 4897 3413 4979; baseline -0.004 -23"><span class='ocrx_word' id='word_1_880' title='bbox 1830 4916 1977 4969; x_wconf 89' lang='lat' dir='ltr'><strong><em>cara,</em></strong></span> <span class='ocrx_word' id='word_1_881' title='bbox 2006 4908 2060 4956; x_wconf 88' lang='lat' dir='ltr'><strong><em>et</em></strong></span> <span class='ocrx_word' id='word_1_882' title='bbox 2082 4899 2278 4955; x_wconf 86' lang='lat' dir='ltr'><strong><em>caritas</em></strong></span> <span class='ocrx_word' id='word_1_883' title='bbox 2305 4898 2526 4979; x_wconf 76' lang='lat' dir='ltr'><strong><em>aequalis</em></strong></span> <span class='ocrx_word' id='word_1_884' title='bbox 2555 4907 2716 4970; x_wconf 87' lang='lat' dir='ltr'><strong><em>atque</em></strong></span> <span class='ocrx_word' id='word_1_885' title='bbox 2743 4914 2869 4963; x_wconf 89' lang='lat' dir='ltr'><strong><em>una,</em></strong></span> <span class='ocrx_word' id='word_1_886' title='bbox 2903 4898 3221 4953; x_wconf 88' lang='lat' dir='ltr'><strong><em>naturaliter</em></strong></span> <span class='ocrx_word' id='word_1_887' title='bbox 3247 4905 3303 4952; x_wconf 94' lang='lat' dir='ltr'><strong><em>et</em></strong></span> <span class='ocrx_word' id='word_1_888' title='bbox 3331 4897 3413 4951; x_wconf 81' lang='lat' dir='ltr'><strong><em>in-</em></strong></span> 
     </span>
    </p>
   </div>
   <div class='ocr_carea' id='block_1_110' title="bbox 1831 4986 3412 5067">
    <p class='ocr_par' dir='ltr' id='par_1_110' title="bbox 1831 4986 3412 5067">
     <span class='ocr_line' id='line_1_110' title="bbox 1831 4986 3412 5067; baseline -0.003 -22"><span class='ocrx_word' id='word_1_889' title='bbox 1831 4989 2282 5045; x_wconf 85' lang='lat' dir='ltr'><strong><em>commutabiliter</em></strong></span> <span class='ocrx_word' id='word_1_890' title='bbox 2313 4998 2638 5058; x_wconf 87' lang='lat' dir='ltr'><strong><em>perseverat.</em></strong></span> <span class='ocrx_word' id='word_1_891' title='bbox 2682 4986 2816 5056; x_wconf 87' lang='lat' dir='ltr'><strong><em>Quia</em></strong></span> <span class='ocrx_word' id='word_1_892' title='bbox 2861 4989 3023 5057; x_wconf 77' lang='lat' dir='ltr'><strong><em>igitur</em></strong></span> <span class='ocrx_word' id='word_1_893' title='bbox 3068 5004 3136 5043; x_wconf 79' lang='lat' dir='ltr'><strong><em>cx</em></strong></span> <span class='ocrx_word' id='word_1_894' title='bbox 3179 4988 3293 5059; x_wconf 90' lang='lat' dir='ltr'><strong><em>ipsa</em></strong></span> <span class='ocrx_word' id='word_1_895' title='bbox 3346 4986 3412 5067; x_wconf 74' lang='lat' dir='ltr'><strong><em>(si</em></strong></span> 
     </span>
    </p>
   </div>
   <div class='ocr_carea' id='block_1_111' title="bbox 1830 5076 3412 5150">
    <p class='ocr_par' dir='ltr' id='par_1_111' title="bbox 1830 5076 3412 5150">
     <span class='ocr_line' id='line_1_111' title="bbox 1830 5076 3412 5150; baseline -0.002 -15"><span class='ocrx_word' id='word_1_896' title='bbox 1830 5079 2113 5136; x_wconf 88' lang='lat' dir='ltr'><strong><em>dicendum</em></strong></span> <span class='ocrx_word' id='word_1_897' title='bbox 2144 5080 2247 5149; x_wconf 89' lang='lat' dir='ltr'><strong><em>est)</em></strong></span> <span class='ocrx_word' id='word_1_898' title='bbox 2276 5081 2655 5134; x_wconf 89' lang='lat' dir='ltr'><strong><em>communione</em></strong></span> <span class='ocrx_word' id='word_1_899' title='bbox 2704 5079 2937 5150; x_wconf 87' lang='lat' dir='ltr'><strong><em>Spiritus</em></strong></span> <span class='ocrx_word' id='word_1_900' title='bbox 2981 5078 3173 5143; x_wconf 89' lang='lat' dir='ltr'><strong><em>sancti,</em></strong></span> <span class='ocrx_word' id='word_1_901' title='bbox 3217 5076 3412 5132; x_wconf 83' lang='lat' dir='ltr'><strong><em>caritas</em></strong></span> 
     </span>
    </p>
   </div>
   <div class='ocr_carea' id='block_1_112' title="bbox 1830 5169 3411 5243">
    <p class='ocr_par' dir='ltr' id='par_1_112' title="bbox 1830 5169 3411 5243">
     <span class='ocr_line' id='line_1_112' title="bbox 1830 5169 3411 5243; baseline -0.003 -16"><span class='ocrx_word' id='word_1_902' title='bbox 1830 5188 1935 5227; x_wconf 88' lang='lat' dir='ltr'><strong><em>una</em></strong></span> <span class='ocrx_word' id='word_1_903' title='bbox 1966 5172 2367 5227; x_wconf 89' lang='lat' dir='ltr'><strong><em>demonstratur</em></strong></span> <span class='ocrx_word' id='word_1_904' title='bbox 2396 5170 2571 5227; x_wconf 85' lang='lat' dir='ltr'><strong><em>Patris</em></strong></span> <span class='ocrx_word' id='word_1_905' title='bbox 2614 5182 2667 5228; x_wconf 89' lang='lat' dir='ltr'><strong><em>et</em></strong></span> <span class='ocrx_word' id='word_1_906' title='bbox 2708 5173 2848 5239; x_wconf 85' lang='lat' dir='ltr'><strong><em>Filii,</em></strong></span> <span class='ocrx_word' id='word_1_907' title='bbox 2880 5187 3042 5243; x_wconf 89' lang='lat' dir='ltr'><strong><em>quam</em></strong></span> <span class='ocrx_word' id='word_1_908' title='bbox 3079 5169 3411 5227; x_wconf 88' lang='lat' dir='ltr'><strong><em>communio-</em></strong></span> 
     </span>
    </p>
   </div>
   <div class='ocr_carea' id='block_1_113' title="bbox 1836 5258 3412 5336">
    <p class='ocr_par' dir='ltr' id='par_1_113' title="bbox 1836 5258 3412 5336">
     <span class='ocr_line' id='line_1_113' title="bbox 1836 5258 3412 5336; baseline -0.005 -14"><span class='ocrx_word' id='word_1_909' title='bbox 1836 5284 1954 5322; x_wconf 87' lang='lat' dir='ltr'><strong><em>nem</em></strong></span> <span class='ocrx_word' id='word_1_910' title='bbox 1976 5268 2165 5322; x_wconf 86' lang='lat' dir='ltr'><strong><em>beatus</em></strong></span> <span class='ocrx_word' id='word_1_911' title='bbox 2187 5266 2474 5336; x_wconf 80' lang='lat' dir='ltr'><strong><em>Apostolus</em></strong></span> <span class='ocrx_word' id='word_1_912' title='bbox 2492 5266 2581 5321; x_wconf 90' lang='lat' dir='ltr'><strong><em>tali</em></strong></span> <span class='ocrx_word' id='word_1_913' title='bbox 2612 5281 2860 5323; x_wconf 89' lang='lat' dir='ltr'><strong><em>sermone</em></strong></span> <span class='ocrx_word' id='word_1_914' title='bbox 2875 5261 3217 5322; x_wconf 86' lang='lat' dir='ltr'><strong><em>commendat</em></strong></span> <span class='ocrx_word' id='word_1_915' title='bbox 3242 5278 3255 5314; x_wconf 91' lang='lat'><strong><em>:</em></strong></span> <span class='ocrx_word' id='word_1_916' title='bbox 3287 5258 3412 5315; x_wconf 85' lang='lat' dir='ltr'><strong><em>Gra-</em></strong></span> 
     </span>
    </p>
   </div>
   <div class='ocr_carea' id='block_1_114' title="bbox 1833 5352 3412 5427">
    <p class='ocr_par' dir='ltr' id='par_1_114' title="bbox 1833 5352 3412 5427">
     <span class='ocr_line' id='line_1_114' title="bbox 1833 5352 3412 5427; baseline -0.004 -15"><span class='ocrx_word' id='word_1_917' title='bbox 1833 5360 1903 5414; x_wconf 88' lang='lat' dir='ltr'><strong><em>tia</em></strong></span> <span class='ocrx_word' id='word_1_918' title='bbox 1932 5358 2139 5413; x_wconf 90' lang='lat' dir='ltr'><strong><em>Domini</em></strong></span> <span class='ocrx_word' id='word_1_919' title='bbox 2166 5356 2286 5411; x_wconf 81' lang='lat' dir='ltr'><strong><em>Jesu</em></strong></span> <span class='ocrx_word' id='word_1_920' title='bbox 2315 5357 2527 5424; x_wconf 88' lang='lat' dir='ltr'><strong><em>Christi,</em></strong></span> <span class='ocrx_word' id='word_1_921' title='bbox 2552 5367 2600 5412; x_wconf 90' lang='lat' dir='ltr'><strong><em>et</em></strong></span> <span class='ocrx_word' id='word_1_922' title='bbox 2626 5359 2821 5412; x_wconf 86' lang='lat' dir='ltr'><strong><em>caritas</em></strong></span> <span class='ocrx_word' id='word_1_923' title='bbox 2844 5355 2959 5420; x_wconf 89' lang='lat' dir='ltr'><strong><em>Dei,</em></strong></span> <span class='ocrx_word' id='word_1_924' title='bbox 2994 5364 3043 5408; x_wconf 88' lang='lat' dir='ltr'><strong><em>et</em></strong></span> <span class='ocrx_word' id='word_1_925' title='bbox 3063 5352 3412 5427; x_wconf 76' lang='lat' dir='ltr'><strong><em>communica-</em></strong></span> 
     </span>
    </p>
   </div>
   <div class='ocr_carea' id='block_1_115' title="bbox 1835 5432 3406 5523">
    <p class='ocr_par' dir='ltr' id='par_1_115' title="bbox 1835 5432 3406 5523">
     <span class='ocr_line' id='line_1_115' title="bbox 1835 5432 3406 5523; baseline -0.006 -18"><span class='ocrx_word' id='word_1_926' title='bbox 1835 5453 1902 5505; x_wconf 91' lang='lat' dir='ltr'><strong><em>tio</em></strong></span> <span class='ocrx_word' id='word_1_927' title='bbox 1930 5432 2155 5523; x_wconf 79' lang='lat' dir='ltr'><strong><em>Spiritus</em></strong></span> <span class='ocrx_word' id='word_1_928' title='bbox 2183 5451 2348 5503; x_wconf 88' lang='lat' dir='ltr'><strong><em>sancti</em></strong></span> <span class='ocrx_word' id='word_1_929' title='bbox 2372 5452 2435 5504; x_wconf 88' lang='lat' dir='ltr'><strong><em>sit</em></strong></span> <span class='ocrx_word' id='word_1_930' title='bbox 2465 5466 2581 5503; x_wconf 89' lang='lat' dir='ltr'><strong><em>cum</em></strong></span> <span class='ocrx_word' id='word_1_931' title='bbox 2608 5448 2843 5504; x_wconf 87' lang='lat' dir='ltr'><strong><em>omnibus</em></strong></span> <span class='ocrx_word' id='word_1_932' title='bbox 2863 5443 3001 5500; x_wconf 85' lang='lat' dir='ltr'><strong><em>vobis</em></strong></span> <span class='ocrx_word' id='word_1_933' title='bbox 3031 5442 3118 5515; x_wconf 83' lang='lat' dir='ltr'><strong><em>(II</em></strong></span> <span class='ocrx_word' id='word_1_934' title='bbox 3147 5442 3406 5511; x_wconf 81' lang='lat' dir='ltr'><strong><em>Cor.ult.,</em></strong></span> 
     </span>
    </p>
   </div>
   <div class='ocr_carea' id='block_1_116' title="bbox 1836 5538 3410 5613">
    <p class='ocr_par' dir='ltr' id='par_1_116' title="bbox 1836 5538 3410 5613">
     <span class='ocr_line' id='line_1_116' title="bbox 1836 5538 3410 5613; baseline -0.003 -17"><span class='ocrx_word' id='word_1_935' title='bbox 1836 5542 1947 5613; x_wconf 75' lang='lat' dir='ltr'><strong><em>l3);</em></strong></span> <span class='ocrx_word' id='word_1_936' title='bbox 1984 5548 2040 5597; x_wconf 90' lang='lat' dir='ltr'><strong><em>et</em></strong></span> <span class='ocrx_word' id='word_1_937' title='bbox 2066 5542 2173 5596; x_wconf 90' lang='lat' dir='ltr'><strong><em>alio</em></strong></span> <span class='ocrx_word' id='word_1_938' title='bbox 2199 5542 2319 5597; x_wconf 91' lang='lat' dir='ltr'><strong><em>loco</em></strong></span> <span class='ocrx_word' id='word_1_939' title='bbox 2347 5561 2359 5595; x_wconf 91' lang='lat'><strong><em>:</em></strong></span> <span class='ocrx_word' id='word_1_940' title='bbox 2394 5542 2455 5597; x_wconf 92' lang='lat' dir='ltr'><strong><em>Si</em></strong></span> <span class='ocrx_word' id='word_1_941' title='bbox 2483 5543 2617 5613; x_wconf 86' lang='lat' dir='ltr'><strong><em>quod</em></strong></span> <span class='ocrx_word' id='word_1_942' title='bbox 2642 5541 2884 5596; x_wconf 88' lang='lat' dir='ltr'><strong><em>solatium</em></strong></span> <span class='ocrx_word' id='word_1_943' title='bbox 2911 5538 3168 5604; x_wconf 87' lang='lat' dir='ltr'><strong><em>caritatis,</em></strong></span> <span class='ocrx_word' id='word_1_944' title='bbox 3220 5539 3265 5593; x_wconf 85' lang='lat' dir='ltr'><strong><em>si</em></strong></span> <span class='ocrx_word' id='word_1_945' title='bbox 3311 5553 3410 5608; x_wconf 87' lang='lat' dir='ltr'><strong><em>qua</em></strong></span> 
     </span>
    </p>
   </div>
   <div class='ocr_carea' id='block_1_117' title="bbox 1831 5628 3409 5705">
    <p class='ocr_par' dir='ltr' id='par_1_117' title="bbox 1831 5628 3409 5705">
     <span class='ocr_line' id='line_1_117' title="bbox 1831 5628 3409 5705; baseline -0.004 -16"><span class='ocrx_word' id='word_1_946' title='bbox 1831 5634 2225 5691; x_wconf 86' lang='lat' dir='ltr'><strong><em>communicatio</em></strong></span> <span class='ocrx_word' id='word_1_947' title='bbox 2277 5633 2506 5705; x_wconf 85' lang='lat' dir='ltr'><strong><em>Spiritus</em></strong></span> <span class='ocrx_word' id='word_1_948' title='bbox 2559 5632 2780 5704; x_wconf 86' lang='lat' dir='ltr'><strong><em>(Philip.</em></strong></span> <span class='ocrx_word' id='word_1_949' title='bbox 2832 5646 2890 5696; x_wconf 86' lang='grc' dir='ltr'><strong><em>ιι,</em></strong></span> <span class='ocrx_word' id='word_1_950' title='bbox 2934 5631 3009 5700; x_wconf 86' lang='grc'><strong><em>1),</em></strong></span> <span class='ocrx_word' id='word_1_951' title='bbox 3055 5638 3278 5703; x_wconf 82' lang='lat' dir='ltr'><strong><em>prOpter</em></strong></span> <span class='ocrx_word' id='word_1_952' title='bbox 3306 5628 3409 5683; x_wconf 86' lang='lat' dir='ltr'><strong><em>hoc</em></strong></span> 
     </span>
    </p>
   </div>
   <div class='ocr_carea' id='block_1_118' title="bbox 1804 5719 3408 5791">
    <p class='ocr_par' dir='ltr' id='par_1_118' title="bbox 1804 5719 3408 5791">
     <span class='ocr_line' id='line_1_118' title="bbox 1804 5719 3408 5791; baseline -0.005 -10"><span class='ocrx_word' id='word_1_953' title='bbox 1804 5726 2061 5781; x_wconf 83' lang='lat' dir='ltr'><strong><em>dicitur:</em></strong></span> <span class='ocrx_word' id='word_1_954' title='bbox 2094 5722 2229 5790; x_wconf 86' lang='lat' dir='ltr'><strong><em>Quia</em></strong></span> <span class='ocrx_word' id='word_1_955' title='bbox 2257 5725 2446 5778; x_wconf 85' lang='lat' dir='ltr'><strong><em>caritas</em></strong></span> <span class='ocrx_word' id='word_1_956' title='bbox 2490 5721 2587 5776; x_wconf 87' lang='lat' dir='ltr'><strong><em>Dei</em></strong></span> <span class='ocrx_word' id='word_1_957' title='bbox 2624 5720 2818 5791; x_wconf 79' lang='lat' dir='ltr'><strong><em>diffusa</em></strong></span> <span class='ocrx_word' id='word_1_958' title='bbox 2842 5731 2920 5776; x_wconf 87' lang='lat' dir='ltr'><strong><em>est</em></strong></span> <span class='ocrx_word' id='word_1_959' title='bbox 2944 5721 2997 5776; x_wconf 89' lang='lat' dir='ltr'><strong><em>in</em></strong></span> <span class='ocrx_word' id='word_1_960' title='bbox 3028 5719 3269 5776; x_wconf 64' lang='lat' dir='ltr'><strong><em>cordibus</em></strong></span> <span class='ocrx_word' id='word_1_961' title='bbox 3310 5734 3408 5773; x_wconf 83' lang='lat' dir='ltr'><strong><em>na-</em></strong></span> 
     </span>
    </p>
   </div>
   <div class='ocr_carea' id='block_1_119' title="bbox 1830 5790 3415 5901">
    <p class='ocr_par' dir='ltr' id='par_1_119' title="bbox 1830 5790 3415 5901">
     <span class='ocr_line' id='line_1_119' title="bbox 1830 5790 3415 5901; baseline -0.003 -32"><span class='ocrx_word' id='word_1_962' title='bbox 1830 5817 1973 5899; x_wconf 77' lang='lat' dir='ltr'><strong><em>_stris,</em></strong></span> <span class='ocrx_word' id='word_1_963' title='bbox 1999 5833 2089 5887; x_wconf 89' lang='lat' dir='ltr'><strong><em>per</em></strong></span> <span class='ocrx_word' id='word_1_964' title='bbox 2110 5812 2373 5888; x_wconf 39' lang='lat' dir='ltr'><strong><em>&quot;Spiritum</em></strong></span> <span class='ocrx_word' id='word_1_965' title='bbox 2401 5823 2651 5880; x_wconf 88' lang='lat' dir='ltr'><strong><em>sanctum,</em></strong></span> <span class='ocrx_word' id='word_1_966' title='bbox 2680 5812 2768 5886; x_wconf 88' lang='lat' dir='ltr'><strong><em>qui</em></strong></span> <span class='ocrx_word' id='word_1_967' title='bbox 2786 5814 2939 5869; x_wconf 89' lang='lat' dir='ltr'><strong><em>datus</em></strong></span> <span class='ocrx_word' id='word_1_968' title='bbox 2961 5824 3035 5869; x_wconf 89' lang='lat' dir='ltr'><strong><em>est</em></strong></span> <span class='ocrx_word' id='word_1_969' title='bbox 3057 5813 3201 5869; x_wconf 81' lang='lat' dir='ltr'><strong><em>nobis</em></strong></span> <span class='ocrx_word' id='word_1_970' title='bbox 3232 5790 3415 5901; x_wconf 30' lang='lat' dir='ltr'><strong><em>(Romi</em></strong></span> 
     </span>
    </p>
   </div>
   <div class='ocr_carea' id='block_1_120' title="bbox 1833 5909 3400 5991">
    <p class='ocr_par' dir='ltr' id='par_1_120' title="bbox 1833 5909 3400 5991">
     <span class='ocr_line' id='line_1_120' title="bbox 1833 5909 3400 5991; baseline 0 -24"><span class='ocrx_word' id='word_1_971' title='bbox 1833 5930 1880 5976; x_wconf 89' lang='lat' dir='ltr'><strong><em>v,</em></strong></span> <span class='ocrx_word' id='word_1_972' title='bbox 1914 5913 1989 5967; x_wconf 55' lang='grc' dir='ltr'><strong>ἦ.</strong></span> <span class='ocrx_word' id='word_1_973' title='bbox 2025 5914 2257 5986; x_wconf 80' lang='lat' dir='ltr'><strong><em>Spiritus</em></strong></span> <span class='ocrx_word' id='word_1_974' title='bbox 2285 5913 2480 5982; x_wconf 84' lang='lat' dir='ltr'><strong><em>quippe</em></strong></span> <span class='ocrx_word' id='word_1_975' title='bbox 2512 5920 2750 5982; x_wconf 89' lang='lat' dir='ltr'><strong><em>sanctus,</em></strong></span> <span class='ocrx_word' id='word_1_976' title='bbox 2792 5917 2883 5991; x_wconf 89' lang='lat' dir='ltr'><strong><em>qui</em></strong></span> <span class='ocrx_word' id='word_1_977' title='bbox 2930 5930 3063 5970; x_wconf 88' lang='lat' dir='ltr'><strong><em>unus</em></strong></span> <span class='ocrx_word' id='word_1_978' title='bbox 3109 5921 3190 5968; x_wconf 86' lang='lat' dir='ltr'><strong><em>est</em></strong></span> <span class='ocrx_word' id='word_1_979' title='bbox 3234 5909 3400 5967; x_wconf 71' lang='lat' dir='ltr'><strong><em>Patris</em></strong></span> 
     </span>
    </p>
   </div>
   <div class='ocr_carea' id='block_1_121' title="bbox 1832 5998 3403 6091">
    <p class='ocr_par' dir='ltr' id='par_1_121' title="bbox 1832 5998 3403 6091">
     <span class='ocr_line' id='line_1_121' title="bbox 1832 5998 3403 6091; baseline -0.003 -30"><span class='ocrx_word' id='word_1_980' title='bbox 1832 5998 1886 6061; x_wconf 69' lang='lat' dir='ltr'><strong><em>e&#39;t</em></strong></span> <span class='ocrx_word' id='word_1_981' title='bbox 1916 6004 2051 6088; x_wconf 80' lang='lat' dir='ltr'><strong><em>Filii,</em></strong></span> <span class='ocrx_word' id='word_1_982' title='bbox 2084 6007 2186 6064; x_wconf 82' lang='lat' dir='ltr'><strong><em>hoc</em></strong></span> <span class='ocrx_word' id='word_1_983' title='bbox 2213 6010 2467 6075; x_wconf 87' lang='lat' dir='ltr'><strong><em>operatur</em></strong></span> <span class='ocrx_word' id='word_1_984' title='bbox 2509 6002 2564 6075; x_wconf 85' lang='lat' dir='ltr'><strong><em>in</em></strong></span> <span class='ocrx_word' id='word_1_985' title='bbox 2603 6003 2686 6065; x_wconf 86' lang='lat' dir='ltr'><strong><em>his</em></strong></span> <span class='ocrx_word' id='word_1_986' title='bbox 2731 6006 2925 6091; x_wconf 88' lang='lat' dir='ltr'><strong><em>quibus</em></strong></span> <span class='ocrx_word' id='word_1_987' title='bbox 2966 6008 3191 6079; x_wconf 76' lang='lat' dir='ltr'><strong><em>gratiam</em></strong></span> <span class='ocrx_word' id='word_1_988' title='bbox 3219 6002 3403 6061; x_wconf 76' lang='lat' dir='ltr'><strong><em>tribuit</em></strong></span> 
     </span>
    </p>
   </div>
  </div>
