4068 6478
662 415 760 477 191

1707 417 1765 475 8.
1802 414 2166 477 FULGENTII
2203 417 2505 478 EPISCOPI
2545 418 2918 480 RUSPENSIS

3858 434 3970 496 191

664 533 969 606 adoptionis
994 534 1216 601 divinae,
1242 533 1388 605 quod
1414 542 1672 608 operatus
1715 541 1800 590 est
1840 534 2003 590 etiam
2053 535 2107 591 in
2146 535 2253 591 illis
2281 544 2326 602 Α
2358 535 2411 590 in
2442 534 2556 592 sola
2579 536 2845 593 catholica
2887 536 3129 598 Ecclesia
3172 555 3271 614 per
3302 556 3495 603 manus
3532 545 3966 622 impositionem

663 625 755 696 qui
776 626 829 681 in
853 626 988 683 libro
1003 626 1234 683 Actuum
1248 627 1617 698 apostolorum
1630 624 1973 681 inveniuntur
1995 626 2244 682 eumdem

663 716 924 790 Spiritum
953 720 1243 789 accepisse.
1277 718 1353 775 De
1380 718 1575 789 quibus
1617 717 1854 774 dicitur:
1890 717 2244 777 Multitudinis

661 822 834 869 autem
852 813 1164 869 credentium
1196 822 1310 869 erat
1329 828 1418 868 cor
1435 820 1487 867 et
1511 812 1689 868 animo
1722 828 1827 868 una
1853 812 1986 885 (Act.
2013 828 2085 879 tv,
2115 811 2240 886 32):

658 916 827 959 unum
856 902 996 958 enim
1026 920 1123 960 cor
1149 912 1204 960 et
1230 904 1465 960 animam
1505 901 1711 959 fecerat
1739 902 2094 965 multitudinis
2119 918 2240 960 cre-

657 976 897 1048 dentium
926 993 978 1049 in
1009 994 1121 1051 Deo
1148 995 1238 1065 qui
1267 993 1442 1050 Patris
1479 1003 1535 1050 et
1566 994 1685 1050 Filii
1714 1010 1852 1050 unus
1871 1005 1953 1052 est
1988 994 2240 1067 Spiritus,

658 1097 859 1146 etcum
885 1088 1046 1147 Patre
1074 1105 1137 1146 ac
1167 1088 1302 1145 Filio
1328 1105 1466 1145 unus
1484 1095 1567 1146 est
1615 1089 1777 1146 Deus.
1824 1088 1976 1146 Unde
2002 1098 2057 1145 et
2087 1090 2239 1162 Apo-

657 1181 828 1237 stolus
849 1181 989 1237 hanc
1014 1181 1308 1253 spiritalem
1325 1176 1599 1238 'unitatem
1625 1181 1679 1236 in
1709 1181 1923 1238 vinculo
1950 1182 2098 1252 pacis
2126 1182 2236 1238 sol-

655 1273 805 1330 licite
850 1274 981 1330 dicit
1026 1288 1145 1329 esse
1197 1274 1537 1340 servandam,
1566 1274 1643 1330 sic
1670 1273 1932 1345 Ephesios
1969 1291 2233 1332 monens:

652 1354 880 1419 Obsecro
907 1366 1081 1438 itaque
1107 1381 1196 1421 vos
1220 1381 1316 1439 ego
1344 1364 1541 1419 vinctus
1586 1367 1642 1419 in
1691 1364 1940 1436 Domino,
1986 1377 2042 1420 ut
2083 1369 2236 1439 digne

648 1456 919 1512 ambuletis
942 1457 1205 1512 vocatione.
1232 1473 1335 1529 qua
1362 1457 1530 1511 vocati
1569 1458 1713 1521 estis,
1757 1474 1870 1511 cum
1898 1460 2039 1512 omni
2068 1459 2238 1513 humi-

646 1551 793 1605 litate
844 1559 895 1604 et
934 1550 1348 1616 mansuetudine,
1390 1566 1506 1604 cum
1552 1551 1826 1622 patientia,
1877 1560 2239 1622 supportantes

644 1641 862 1696 invicem
890 1642 944 1696 in
970 1643 1210 1708 caritate,
1238 1641 1451 1697 solliciti
1490 1658 1697 1697 servare
1726 1643 1978 1697 unitatem
2010 1643 2237 1715 Spiritus

641 1732 697 1787 in
718 1734 922 1788 vinculo
944 1735 1109 1804 pacis,
1136 1751 1296 1788 unum
1322 1751 1510 1806 corpus
1537 1742 1589 1788 et
1610 1750 1741 1789 unus
1774 1736 1989 1805 spiritus
2019 1734 2231 1809 (Ep/tes.

640 1839 715 1890 tv,
750 1824 826 1894 l).
877 1822 1035 1881 Hunc
1081 1825 1341 1897 Spiritum
1384 1825 1708 1881 discedendo
1757 1827 2027 1892 amittunt,
2070 1828 2116 1882 si
2143 1826 2235 1898 qui

2345 623 2463 681 dari
2512 624 2739 693 dicitur,
2774 627 3026 685 nimirum
3067 630 3172 688 hoc
3212 632 3436 706 intelligi
3489 637 3724 709 majores
3765 649 3965 701 nostri

2345 718 2631 776 voluerunt
2659 721 2803 790 quod
2844 721 3134 795 Apostolus
3179 726 3291 781 ait:
3328 730 3586 793 Quoniam
3615 736 3825 791 caritas
3861 736 3967 794 Det

2344 811 2538 884 diﬁ‘usa
2566 822 2643 870 est
2685 815 2741 868 in
2782 815 3023 872 cordibus
3062 821 3271 887 nostris,
3300 838 3393 893 per
3422 822 3678 894 Spiritum
3697 842 3963 886 sanctum

2342 907 2430 978 qui
2479 907 2632 962 datus
2680 919 2759 963 est
2804 908 2971 965 nobis.
3012 929 3032 962 ι
3068 910 3470 983 Subsequenter
3515 925 3695 975 autem
3742 924 3958 988 etiam,

2341 996 2489 1066 quod
2516 996 2683 1054 ludas
2708 1000 2985 1069 apostolus
3010 1001 3067 1056 in
3095 1000 3334 1074 Epistola
3358 1021 3451 1061 sua
3480 1010 3682 1077 posuit,
3713 1024 3958 1071 remoto

2341 1087 2695 1145 dubitationis
2722 1091 2995 1161 ambiguo,
3043 1104 3262 1150 sanctus
3290 1095 3615 1167 Augustinus
3658 1109 3958 1175 exposuit.

2340 1177 2505 1234 Judas
2534 1182 2676 1236 enim
2708 1183 2985 1253 apostolus
3006 1184 3137 1240 dicit
3162 1204 3173 1239 :
3208 1185 3283 1241 Hi
3304 1196 3424 1243 sunt
3447 1191 3535 1259 qui
3556 1206 3855 1267 segregant
3875 1216 3958 1253 se-

2340 1273 2602 1343 metipsos,
2636 1276 2907 1342 animales,
2941 1277 3193 1359 Spiritum
3212 1296 3315 1335 non
3346 1281 3610 1341 habentes.
3639 1285 3709 1342 Et
3734 1288 3957 1349 beatus

2341 1363 2672 1433 Augustinus
2694 1366 2762 1421 de
2786 1369 3011 1424 caritate
3046 1369 3160 1436 Dei,
3191 1386 3311 1443 quae
3346 1372 3536 1431 diﬁ'usa
3566 1386 3648 1434 est
3670 1380 3723 1435 in
3744 1384 3953 1439 cordi-

2340 1457 2442 1513 bus
2463 1458 2661 1514 nostris
2689 1475 2786 1530 per
2813 1460 3069 1532 Spiritum
3095 1475 3368 1537 sanctum,
3405 1469 3497 1539 qui
3540 1469 3694 1529 datus
3715 1486 3820 1531 est
3847 1493 3951 1531 no-

2340 1549 2445 1616 bis,
2476 1550 2607 1607 dicit
2633 1570 2645 1606 :
2678 1572 2697 1605 (
2728 1552 2851 1623 Ipsa
2879 1564 2964 1611 est
2991 1557 3133 1612 enim
3158 1560 3357 1616 caritas
3382 1577 3543 1633 quam
3571 1581 3679 1621 non
3727 1568 3951 1630 habent

2339 1642 2433 1713 qui
2454 1642 2522 1698 ab
2543 1641 2794 1699 Ecclesia:
2814 1647 3095 1704 catholica:
3108 1655 3487 1710 communione
3499 1657 3705 1726 praecisi
3723 1670 3893 1716 sunt.
3925 1682 3945 1716 ι

2340 1739 2421 1795 An
2451 1742 2733 1813 quisquam
2757 1745 2995 1802 dicturus
3025 1757 3128 1817 est,
3164 1751 3307 1808 aliud
3337 1770 3455 1811 esse
3479 1755 3737 1827 Spiritum
3768 1774 3945 1815 sanc-

2343 1841 2455 1886 tum
2487 1848 2585 1904 per
2609 1849 2800 1890 manus
2829 1830 3228 1908 impositionem
3270 1846 3616 1907 redeuntibus
3664 1850 3944 1911 btet-elicis

640 1924 735 1969 aut
762 1914 985 1985 perﬁdia
1016 1915 1312 1987 depravati,
1354 1916 1463 1987 33
1507 1925 1602 1971 aut
1647 1918 1897 1988 superbia
1940 1915 2126 1985 inﬁati,
2160 1920 2228 1974 ab
2258 1935 2306 1997 Β
2330 1923 2469 1992 dari,
2499 1938 2660 1994 quam
2703 1927 2931 1998 spiritali
2980 1932 3248 1990 sacriﬁcio
3287 1936 3545 1996 divinitus
3575 1942 3781 2003 tribui?
3819 1944 3940 2001 Hoc

638 2008 849 2062 unitate
876 2008 1121 2078 corporis
1160 2008 1419 2065 Ecclesia:
1465 2019 1833 2079 segregantur.
1880 2010 2027 2077 Quos
2066 2010 2231 2068 Judas

637 2099 916 2169 apostolus
955 2100 1072 2154 sine
1101 2100 1204 2156 hoc
1253 2100 1454 2171 Spiritu
1500 2117 1621 2157 esse
1659 2102 1937 2159 evidenter
1972 2106 2226 2173 ostendit,

637 2188 861 2245 dicens:
894 2188 970 2244 Hi
999 2200 1119 2245 sunt
1140 2192 1225 2262 qui
1258 2198 1531 2264 segregant
1576 2196 1900 2264 semetipsos,
1954 2197 2228 2262 animales,

634 2279 894 2352 Spiritum
921 2297 1024 2336 non
1066 2282 1311 2338 habentes
1341 2282 1487 2354 (Jud.
1532 2282 1641 2356 l9).
1675 2282 1741 2339 Hi
1765 2286 1907 2339 enim
1945 2286 2070 2356 quia
2110 2288 2221 2342 ani-

635 2372 806 2428 males
827 2380 971 2440 sunt,
1005 2373 1127 2430 ideo
1155 2373 1412 2445 Spiritum
1436 2391 1543 2430 non
1576 2376 1793 2432 habent.
1825 2375 2057 2448 Pr0pter
2083 2378 2229 2450 quod

634 2461 834 2520 Paulus
860 2466 1139 2536 apostolus
1165 2466 1295 2521 dicit
1320 2485 1334 2520 :
1360 2468 1623 2523 Animalia
1681 2470 1832 2524 homo
1880 2487 1985 2524 non
2014 2472 2229 2542 percipit

634 2572 750 2614 ante
769 2564 890 2611 sunt
918 2554 1153 2628 Spiritus
1184 2557 1279 2613 Dei
1307 2556 1361 2629 (I
1389 2556 1586 2624 Cor.n,
1620 2558 1729 2628 M).
1761 2559 1919 2617 Tales
1947 2560 2127 2630 itaque
2150 2560 2229 2617 la-

633 2647 766 2704 ciles
788 2657 916 2704 sunt
953 2649 1020 2703 ad
1049 2649 1387 2714 divisionem,
1412 2650 1537 2720 quia
1565 2650 1823 2722 Spiritum
1869 2669 1974 2709 non
2006 2654 2225 2723 habent,

632 2738 686 2795 in
734 2753 842 2809 quo
874 2755 981 2795 uno
1015 2742 1255 2804 membra
1283 2741 1482 2798 Christi
1509 2756 1689 2798 caram
1719 2752 1938 2798 servant
1968 2746 2225 2814 spiritali-

632 2837 718 2886 ter
736 2832 1019 2888 unitatem.
1056 2829 1207 2888 Unde
1245 2833 1584 2889 InanifeStum
1614 2843 1697 2895 est
1724 2836 1865 2906 apud
1892 2852 2083 2892 omnes
2110 2839 2223 2893 bac-

630 2923 831 2980 reticos
856 2922 1087 2996 Spiritus
1125 2926 1297 2982 sancti
1334 2928 1559 2995 gratiam
1594 2943 1701 2983 non
1730 2944 1870 2993 esse,
1905 2946 2004 2987 nec
2032 2947 2221 2989 eorum

628 3015 912 3084 sacriﬁcia,
937 3016 1175 3088 quandiu
1208 3018 1447 3074 haeretici
1486 3027 1631 3087 sunt,
1663 3036 1822 3091 posse
1852 3022 1962 3077 Deo
1984 3024 2217 3093 placere,

628 3117 804 3180 neque
823 3108 1080 3180 spiritalis
1107 3110 1293 3179 gratiae
1319 3108 1802 3166 sanctiﬁcationem
1829 3113 2107 3169 sacriﬁciis
2134 3130 2223 3170 eo-

627 3212 744 3255 rum
775 3202 934 3257 tribui
966 3202 1059 3273 qui
1088 3202 1322 3258 oﬁ'erunt
1349 3204 1417 3257 ab
1443 3203 1797 3260 ecclesiastici
1821 3207 2066 3275 corporis
2096 3208 2219 3263 uni-

628 3297 739 3346 tate
761 3291 1010 3360 disjuncti
1039 3311 1052 3345 :
1085 3292 1253 3349 solius
1281 3293 1424 3347 enim
1452 3292 1704 3349 Ecclesiae
1749 3294 1892 3350 Deus
1919 3296 2219 3355 delectatur

627 3380 923 3448 sacriﬁciis,
956 3398 1075 3453 qua:
1114 3382 1374 3439 sacriﬁcia
1403 3384 1498 3455 (al.
1535 3400 1698 3455 quam
1727 3386 2072 3455 sacriﬁcium)
2105 3389 2217 3447 Deo

628 3471 757 3527 facit
778 3474 955 3528 unitas
973 3474 1235 3549 spiritalis
1261 3493 1275 3530 :
1301 3475 1444 3532 unde
1467 3477 1602 3548 (ubi)
1620 3479 2221 3541 etlideiveritasnullam

628 3563 796 3618 credit
824 3565 878 3619 in
898 3563 1161 3621 Trinitate
1188 3564 1518 3633 distantiam,
1552 3577 1610 3624 et
1651 3571 1800 3640 pacis
1830 3572 2089 3629 tenacitas
2119 3573 2221 3630 fra-

628 3661 836 3710 ternam
858 3666 1040 3713 servat
1060 3658 1114 3712 in
1136 3661 1361 3715 caritate
1390 3656 1753 3716 cbncordiam.

522 3826 525 3829 λ
627 3764 810 3824 CAPUT
840 3784 933 3851 in:
968 3768 1181 3851 _Caritas
1204 3769 1304 3824 Dei
1345 3772 1537 3851 diﬁ‘usa
1559 3782 1638 3851 est
1658 3776 1714 3828 in
1744 3777 2217 3851 c_ordibus_noslris
2260 3844 2269 3851 ο

700 3856 792 3910 per
835 3839 1090 3910 Spiritum
1133 3839 1525 3907 sanctumeui
1567 3846 1638 3899 ad
1680 3847 1930 3903 unitatem
1972 3848 2221 3906 Ecclesia:

700 3909 933 3980 redeunt,
961 3911 1201 3966 exhibent
1225 3929 1279 3967 se
1307 3913 1527 3969 hostiam
1564 3918 1728 3971 vivam
1762 3917 1869 3974 Deo
1906 3919 2213 3991 placcnlem.

697 4012 774 4068 Ne
802 4013 924 4085 quis
951 4024 1131 4069 autem
1158 4030 1258 4070 nos
1285 4016 1603 4085 putet,dum
1630 4016 1865 4075 Ecclesia
1892 4021 1944 4076 in
1968 4023 2214 4079 sacriﬁcii

624 4119 786 4177 prece
825 4104 1058 4174 Spiritus
1084 4106 1258 4161 sancti
1303 4106 1548 4178 deposcit
1575 4109 1885 4177 adventum,
1921 4113 2214 4183 incongrue

623 4195 796 4251 sancti
840 4194 1071 4264 Spiritus
1110 4186 1372 4252 vocabulo
1415 4201 1697 4255 caritatem
1741 4202 2057 4272 intelligere,
2093 4221 2212 4274 qum

623 4284 812 4339 diﬁ'usa
833 4292 916 4341 est
943 4286 997 4340 in
1026 4287 1278 4341 cordibus
1308 4289 1506 4342 nostris
1530 4304 1627 4359 per
1654 4291 1914 4362 Spiritum
1944 4304 2209 4363 sanctum,

622 4376 712 4446 qui
743 4375 901 4430 datus
949 4384 1032 4431 est
1078 4377 1258 4446 nobis,
1313 4380 1654 4436 commodum
1693 4382 1943 4440 duximus
1972 4388 2240 4456 paternis

620 4466 989 4523 deﬁnitionem
1019 4476 1257 4524 nostram
1306 4472 1625 4539 prmmunire
1651 4476 1950 4531 sententiis.
1982 4478 2211 4537 Sanctus

570 4622 579 4633 ι
622 4560 765 4616 enim
799 4559 1121 4629 Augustinus
1162 4561 1213 4614 in
1260 4561 1408 4616 libris
1455 4561 1522 4616 de
1550 4562 1822 4634 Baptismo
1853 4566 1967 4633 (lib.
1990 4583 2068 4633 ιιι,
2090 4585 2206 4640 cap.

620 4650 736 4720 16),
765 4667 888 4707 cum
908 4652 1258 4722 quaestionem
1278 4652 1345 4708 de
1362 4654 1735 4711 haereticorum
1758 4658 2071 4734 receptione
2092 4660 2207 4716 sine

618 4743 961 4813 baptismatis
1011 4740 1297 4801 iteratione
1339 4756 1600 4812 versaret,
1661 4746 1714 4802 in
1766 4748 1924 4803 tertio
1970 4748 2211 4818 ejusdem

619 4832 800 4903 operis
849 4832 1006 4898 libro,
1051 4834 1191 4889 inter
1229 4835 1333 4888 alia
1373 4834 1450 4891 sic
1498 4835 1662 4892 dicit:
1701 4856 1719 4888 ι
1756 4836 1986 4909 Spiritus
2028 4850 2208 4896 autem

617 4933 858 4989 sanctus,
889 4924 1033 4994 quod
1064 4925 1116 4980 in
1158 4926 1272 4982 sola
1300 4927 1567 4984 catholica
1595 4928 1853 4993 Ecclesia,
1896 4946 1992 5001 per
2019 4948 2207 4989 manus

615 5015 1020 5087 lmpositionem
1049 5016 1166 5071 dari
1191 5017 1407 5083 dicitur,
1432 5019 1682 5074 nimirum
1716 5019 1822 5075 hoc
1848 5021 2069 5091 intelligi
2093 5040 2205 5079 ma~

612 5108 761 5180 jores
791 5108 959 5166 nostri
981 5108 1285 5172 voluerunt,
1315 5109 1458 5172 quod
1482 5110 1769 5180 Apostolus
1800 5114 1875 5168 ait
1903 5132 1915 5167 :
1947 5112 2204 5179 Quoniam

615 5204 807 5257 caritas
831 5200 928 5255 Dei
958 5200 1149 5271 ili/fusa
1177 5212 1253 5256 est
1280 5203 1333 5257 in
1364 5202 1602 5257 cordibus
1646 5206 1858 5270 nostris,
1900 5223 1990 5277 per
2033 5207 2206 5277 Spiri-

615 5301 723 5347 tum
750 5302 1006 5354 sanctum,
1061 5294 1147 5366 qui
1192 5293 1346 5348 datus
1391 5304 1468 5351 est
1505 5296 1655 5351 nobis
1686 5295 1863 5368 (Rom.
1897 5314 1947 5364 v,
1977 5284 2052 5368 5).
2083 5299 2202 5369 Ipsa

614 5392 697 5438 est
724 5385 867 5439 enim
890 5385 1106 5451 caritas,
1139 5401 1300 5456 quam
1330 5402 1437 5443 non
1469 5388 1668 5444 habent
1716 5390 1811 5458 qui
1850 5391 1918 5444 ab
1946 5388 2201 5445 Ecclesiae

613 5474 892 5532 Catholicae
905 5478 1285 5536 communione
1301 5480 1506 5551 praecisi
1522 5487 1666 5535 sunt.
1692 5500 1710 5532 ι
1732 5479 1981 5544 Attende,
1997 5495 2201 5549 quaeso,

611 5563 978 5622 beatissimum
1008 5568 1361 5638 Augustinum
1391 5572 1444 5627 in
1473 5573 1675 5628 sanctis
1687 5571 1978 5642 Scripturis
2007 5572 2202 5629 divini-

612 5668 701 5716 tus
729 5660 1021 5728 eruditum,
1050 5665 1326 5732 quomodo
1343 5681 1449 5721 uno
1477 5665 1674 5722 inloco
1700 5680 1807 5720 non
1828 5665 2002 5721 solum
2026 5669 2202 5723 sancti

613 5753 845 5823 apostoli
874 5750 1047 5822 Pauli,
1076 5756 1170 5811 sed
1211 5758 1375 5814 etiam
1420 5757 1591 5814 sancti
1631 5755 1782 5811 Judte
1811 5760 2041 5828 apostoli
2070 5775 2198 5815 sen-

611 5859 750 5909 sum,
778 5844 830 5900 in
860 5846 1033 5901 sancti
1064 5845 1296 5917 Spiritus
1336 5849 1573 5913 nomine,
1605 5849 1924 5903 mirabiliter
1964 5851 2194 5919 aperuit.

611 5935 700 5994 Ait
742 5939 885 5996 enim
914 5938 1199 6003 sinterius:
1240 5959 1258 5993 ι
1291 5941 1525 6002 Spiritus
1571 5949 1751 5995 autem
1781 5948 2020 6006 sanctus,
2051 5942 2196 6008 quod

2332 2023 2513 2069 autem
2538 2017 2631 2086 qui
2664 2019 2849 2086 sentit,
2893 2029 2985 2077 aut
3012 2023 3163 2099 dicit,
3196 2004 3445 2097 profecto,
3460 2032 3696 2088 nondum
3719 2035 3941 2091 intelli-

2329 2108 2427 2177 git,
2476 2109 2711 2178 qualiter
2756 2116 3079 2189 semetipsos
3128 2119 3418 2176 exhibeant
3463 2123 3693 2181 hostiam
3741 2127 3940 2186 vivam

2330 2208 2596 2267 sanctam,
2629 2202 2741 2260 Deo
2790 2207 3114 2276 placentem,
3163 2210 3209 2265 si
3256 2213 3347 2282 qui
3375 2215 3855 2275 schismaticomm
3882 2228 3938 2277 et

2330 2291 2726 2361 haereticorum,
2774 2298 3111 2355 mortiferum
3154 2302 3519 2375 relinquentes
3551 2323 3822 2379 errorem,
3865 2312 3935 2369 ad

2330 2387 2614 2444 catholicae
2654 2392 2901 2450 veritatis
2928 2395 3159 2451 redeunt
3186 2399 3470 2469 unitatem,
3501 2404 3591 2459 ubi
3630 2404 3934 2467 Oilei-entes

2331 2478 2657 2537 sacriﬁcium
2688 2483 2800 2541 Deo
2830 2488 3077 2557 spiritum
3105 2494 3520 2550 contribulatum
3546 2497 3647 2566 ipsi
3672 2509 3805 2556 sunt
3826 2503 3931 2558 ho-

2328 2572 2431 2626 stia
2455 2574 2591 2639 viva,
2621 2583 2826 2643 Sancta,
2878 2580 3097 2649 placens
3122 2584 3230 2655 39
3263 2585 3391 2641 Deo.
3426 2587 3561 2655 Quia
3586 2598 3685 2660 per
3710 2596 3928 2651 contri-

2332 2662 2530 2719 tionem
2561 2666 2822 2723 humiliati
2851 2671 3031 2727 cordis
3060 2673 3113 2729 in
3149 2676 3409 2733 unitatem
3436 2680 3806 2738 membrorum
3836 2701 3927 2741 re-

2328 2753 2495 2809 deunt
2538 2756 2678 2813 illius
2722 2763 3022 2817 Sacerdotis
3069 2766 3163 2833 qui
3215 2765 3406 2824 dilexit
3453 2785 3570 2834 nos,
3605 2772 3748 2828 sicut
3787 2776 3925 2831 dicit

2326 2845 2661 2916 Apotolus:
2694 2850 2763 2905 Et
2802 2852 2984 2909 obtulit
3002 2860 3327 2931 semetipsum
3368 2879 3463 2932 pro
3508 2863 3656 2920 nobis
3696 2866 3923 2923 oblatio-

2325 2954 2439 2993 nem
2457 2950 2506 2994 et
2526 2941 2750 2997 hostiam
2778 2943 2890 3000 Deo
2916 2947 2970 3001 in
2993 2948 3204 3004 odorem
3230 2954 3500 3011 suavitatis
3522 2955 3741 3027 (Ephes.
3760 2975 3820 3025 ν,
3838 2960 3920 3029 2}.

2328 3029 2398 3083 Ut
2425 3040 2604 3087 autem
2628 3035 2850 3091 redeant
2871 3046 2926 3093 et
2954 3039 3195 3119 spiritale
3208 3042 3529 3103 sacriﬁcium
3552 3048 3698 3115 ﬁant,
3717 3053 3923 3109 caritas

2323 3120 2419 3219 Dei
2452 3123 2580 3180 facit
2605 3143 2725 3197 quae
2753 3129 2942 3187 diﬁ‘usa
2964 3142 3049 3189 est
3071 3136 3122 3191 in
3145 3136 3399 3197 cordibus
3422 3142 3636 3209 nostris,
3666 3160 3769 3214 per
3796 3145 3921 3219 δρί-

2321 3215 2482 3271 ritum
2514 3229 2761 3276 sanctum
2788 3227 2878 3294 qui
2908 3223 3066 3283 datus
3093 3238 3178 3285 est
3207 3232 3381 3288 nobis.
3413 3233 3591 3291 Solius
3618 3237 3804 3308 itaque

2322 3306 2537 3364 tholicte
2584 3312 2932 3372 veritatiset
2976 3322 3372 3403 communionis
3407 3306 3731 3384 sacriﬁcium
3775 3331 3921 3392 Deus

2323 3397 2555 3456 libenter
2581 3404 2777 3475 accipit
2801 3425 2815 3461 :
2843 3410 2967 3478 quia
2996 3411 3123 3467 dum
3154 3397 3435 3473 caritatem
3475 3435 3629 3475 suain
3671 3438 3771 3493 per
3795 3424 3917 3496 Spi-

2321 3491 2484 3547 ritum
2513 3503 2759 3552 sanctum
2780 3498 3026 3557 diﬁ‘usam
3074 3504 3125 3559 in
3158 3520 3223 3561 ea
3251 3508 3503 3577 custodit,
3533 3491 3707 3581 ipsam
3729 3491 3917 3572 Eccle-

2320 3585 2457 3641 siam
2477 3587 2576 3643 sibi
2598 3599 2809 3658 gratum
2837 3596 3155 3657 sacriﬁcium
3187 3599 3333 3671 facit,
3356 3619 3472 3675 qua:
3502 3606 3680 3676 ipsum
3702 3624 3915 3683 semper

2319 3679 2494 3749 poscit
2521 3683 2748 3749 gratiam
2776 3686 3032 3757 spiritalis
3058 3690 3296 3748 caritatis
3337 3695 3586 3766 accipere
3629 3715 3729 3770 per
3751 3679 3914 3771 quam

2319 3784 2379 3826 se
2428 3774 2603 3842 poscit
2650 3775 2882 3833 hostiam
2924 3781 3122 3849 vivam,
3168 3794 3429 3853 sanctam,
3467 3787 3580 3845 Deo
3612 3791 3912 3861 placentem

2313 3863 2517 3935 jugiter
2541 3870 2817 3927 exhibere.

2316 3965 2499 4052 CAPUT
2559 3987 2675 4061 35m.
2704 3971 2922 4061 Quarta
2948 3978 3162 4061 maestis
3204 3978 3424 4061 Moiiimi
3464 3984 3909 4061 desuper-eroga-

2392 4042 2527 4122 tione
2553 4042 3117 4122 qustolial‘héositio
3143 4048 3279 4122 beati
3298 4051 3579 4122 Ambrosii,
3595 4042 3731 4113 libro
3759 4042 3910 4115 Vtilia

2390 4127 2441 4165 Iv
2469 4110 2609 4165 Luc.
2630 4111 2902 4182 Expositio
2930 4110 2995 4172 Β.
3021 4116 3198 4189 Optati
3219 4133 3338 4175 ante
3358 4110 3583 4179 medium
3605 4110 3731 4182 libri

2386 4200 2587 4258 Scribis
2618 4214 2879 4284 praeterea
2921 4206 2990 4263 de
3030 4209 3122 4263 illo
3159 4210 3402 4282 Apostoli
3430 4215 3593 4282 loco,
3646 4219 3738 4274 ubi
3786 4222 3903 4276 ait:

2315 4289 2396 4345 De
2440 4293 2722 4364 virginibus
2752 4308 2920 4353 autem
2961 4312 3274 4372 praereptum
3313 4302 3525 4361 Domini
3566 4325 3673 4364 non
3722 4311 3908 4379 habeo,

2314 4386 2589 4439 consilium
2638 4396 2806 4443 autem
2872 4389 2959 4446 do.
3033 4392 3189 4459 Quod
3237 4397 3518 4452 consilium
3567 4399 3632 4455 in
3674 4404 3906 4473 epistola

2315 4493 2475 4547 quam
2500 4479 2566 4533 ad
2598 4488 2651 4536 te
2681 4496 2853 4552 nuper
2892 4486 3079 4555 scripsi
3104 4486 3169 4541 ad
3192 4486 3317 4542 illud
3340 4489 3612 4559 pertinere
3634 4508 3905 4551 memora-

2310 4570 2364 4624 vi
2413 4574 2577 4643 quod,
2609 4574 2819 4646 duobus
2846 4578 3079 4635 denariis
3115 4595 3145 4633 a
3188 4581 3409 4638 Domino
3437 4586 3701 4656 acceptis,
3739 4586 3904 4648 ﬁdelis

2313 4663 2640 4721 stabularios
2681 4671 3086 4738 supererogavit
3127 4669 3278 4740 (Luc.
3310 4689 3378 4739 χ,
3418 4674 3530 4746 55).
3577 4674 3753 4748 Cujus
3800 4679 3905 4738 loci

2317 4767 2529 4809 sensum
2556 4795 2570 4821 ,
2623 4755 2750 4811 licet
2798 4774 2904 4811 non
2956 4760 3026 4813 ita
3056 4774 3087 4813 a
3115 4770 3302 4816 sancto
3329 4764 3632 4831 Augustino
3667 4770 3904 4839 positum

2316 4858 2528 4899 asseras
2553 4887 2567 4913 ,
2617 4846 2751 4900 alios
2782 4855 2960 4902 tamen
3004 4849 3238 4907 illustres
3266 4854 3409 4909 viros
3459 4856 3641 4912 taliter
3675 4859 3785 4916 hoc
3807 4878 3903 4933 po-

2311 4937 2484 4992 suisse
2523 4937 2827 4993 conﬁrmas.
2890 4938 2982 4994 Est
3005 4942 3220 5010 quidem
3258 4960 3483 5000 verum:
3513 4949 3646 5017 quia
3677 4962 3903 5007 sanctus

2313 5027 2641 5095 Augustinus
2687 5028 2790 5083 hoc
2834 5030 2970 5113 dixit
3012 5033 3079 5087 ab
3121 5031 3381 5103 Apostolo
3427 5052 3905 5113 supererogatum,

2310 5117 2458 5186 quod
2487 5134 2609 5173 cum
2631 5108 2922 5174 secundti'm
2945 5132 3269 5193 praeceptum
3302 5135 3501 5195 posset,
3532 5128 3577 5183 si
3610 5108 3802 5198 vellet,
3838 5134 3905 5193 de

2310 5207 2602 5277 Evangelia
2624 5210 2823 5274 vivere,
2868 5212 3054 5268 maluit
3084 5224 3259 5271 tamen
3286 5233 3391 5273 non
3422 5219 3596 5275 solum
3624 5224 3756 5287 sibi,
3808 5226 3907 5282 sed

2308 5308 2365 5354 et
2390 5301 2472 5355 his
2495 5303 2585 5371 qui
2615 5318 2735 5357 cum
2763 5302 2855 5357 illo
2883 5314 3057 5373 erant,
3087 5323 3213 5379 pro;
3225 5309 3319 5365 riis
3347 5311 3595 5368 manibus
3623 5314 3906 5388 laborare,

2308 5393 2446 5449 sicut
2473 5394 2717 5465 Ephesiis
2743 5397 3007 5452 veraciter
3050 5399 3225 5455 dixit:
3277 5401 3392 5473 Ipsi
3421 5406 3564 5459 scitis
3589 5447 3605 5474 ,
3652 5413 3907 5481 quoniam

2308 5483 2402 5555 (al.
2442 5485 2717 5555 quomodo)
2745 5486 2814 5539 ad
2839 5504 2899 5542 ea
2927 5505 3041 5562 qua:
3070 5491 3198 5545 mihi
3226 5508 3355 5563 Opus
3393 5503 3544 5549 erant
3565 5536 3582 5561 ,
3623 5508 3679 5551 et
3703 5500 3789 5556 Itis
3813 5503 3909 5572 qui

2306 5594 2501 5632 mecum
2528 5589 2685 5647 sunt,
2731 5574 3151 5638 ministraveruut
3196 5601 3378 5640 manus
3425 5588 3558 5643 ista.
3612 5588 3687 5646 Et
3725 5597 3908 5649 omnia

2305 5669 2503 5725 ostendi
2528 5668 2687 5734 vobis,
2718 5676 2960 5744 quoniam
2988 5677 3061 5729 sic
3088 5675 3385 5733 laborantes
3411 5690 3615 5751 oportet
3640 5688 3905 5755 uiscipere

2302 5761 2541 5831 inﬁrmos
2586 5762 2722 5834 (Act.
2765 5780 2866 5829 xx,
2909 5765 3021 5820 54-.
3052 5766 3182 5821 Nam
3231 5778 3285 5822 et
3316 5767 3931 5849 Thessalonicensibus‘

2301 5851 2848 5921 scribens,'Mcmores
2868 5858 3006 5912 enim
3037 5858 3180 5923 estis,
3211 5857 3415 5929 inquit,
3448 5862 3669 5940 fratres,
3701 5865 3903 5922 laboris

2302 5947 2399 6012 (al.
2429 5950 2684 6013 laborem,
2730 5952 2862 6017 etc.)
2894 5953 3057 6006 nostri
3081 5962 3130 6006 et
3160 5953 3507 6024 fatigationis,
3539 5967 3697 6013 nocte
3734 5969 3791 6025 et
3818 5959 3903 6020 die
