4068 6476
189 432 307 500 195

1472 439 1565 498 AD
1601 433 1916 496 MONIMUM
1954 438 2079 496 LIB.
2117 438 2178 499 ll.

3358 433 3464 494 ιθι

187 561 485 628 operantes,
507 567 575 608 ne
591 568 739 626 quem
761 561 978 608 uestrum
997 567 1326 626 gravarentur
1348 550 1404 625 (I
1417 551 1778 624 Thess.m,8),
1808 557 1854 616 Α
1885 555 2063 624 posuit
2106 553 2218 610 haec
2245 572 2258 607 :
2315 571 2336 607 ι
2362 551 2513 622 Quod
2552 552 2805 609 inferiora
2847 565 2986 607 arcas
3033 548 3360 605 bicamerata
3407 561 3466 606 et

191 668 320 708 nam
349 659 404 705 et
434 647 503 703 ad
529 647 836 704 Corinthios
863 647 996 702 hanc
1021 647 1146 702 dicit
1181 645 1464 702 mercedem
1491 663 1638 702 suam
1662 689 1677 711 ,
1721 654 1778 699 ut

191 741 535 814 Evangelium
553 741 867 812 prwdicans,
885 740 996 794 sine
1022 748 1224 811 sumptu
1253 749 1413 810 ponat
1444 737 1778 810 Evangelinm

189 849 246 890 ut
276 853 379 890 non
403 833 646 888 abutatur
667 841 917 903 potestate
947 833 1114 886 suain
1147 830 1432 903 Evangelia
1459 831 1511 902 (I
1542 829 1661 886 Cor.
1701 847 1773 896 Ix,

191 929 305 1000 18).
350 929 483 981 Cum
510 940 638 993 ergo
680 926 783 980 hoc
809 935 1026 981 sanctus
1056 925 1381 993 Augustinus
1406 932 1777 994 competenter

189 1028 247 1074 et
277 1031 513 1085 congrue
535 1015 830 1085 posuisset,
863 1030 968 1070 non
1002 1022 1180 1070 tamen
1212 1015 1583 1084 incompetens
1609 1011 1778 1068 videri

189 1121 284 1167 aut
321 1111 677 1177 incongruum
699 1107 878 1172 debet,
906 1107 1046 1177 quod
1067 1117 1286 1164 sanctus
1306 1108 1619 1162 Ambrosius
1633 1105 1779 1161 beati

195 1201 348 1256 Pauli
407 1200 942 1269 supererogationem
993 1199 1079 1254 vel
1128 1199 1180 1253 in
1227 1198 1564 1256 sermonibus
1618 1205 1780 1266 atque

189 1291 442 1360 epistolis
470 1290 606 1359 ejus,
641 1290 723 1345 vel
753 1291 804 1345 in
836 1289 1000 1345 nimio
1027 1289 1210 1345 labore
1239 1291 1434 1346 mentis
1463 1298 1518 1344 et
1538 1289 1779 1359 corporis

189 1381 502 1436 collocavit.
557 1380 784 1435 Sanctus
813 1389 992 1434 autem
1032 1378 1257 1451 Optatus
1299 1380 1673 1448 Milevitanus,
1726 1381 1780 1436 iu

190 1481 351 1527 sexto
399 1471 660 1527 adversus
708 1469 1118 1526 Parmenianum
1166 1473 1342 1538 libro,
1390 1474 1671 1529 consilium
1714 1472 1782 1529 de

191 1560 502 1632 Virginibus
521 1561 740 1616 Paulum
761 1578 1175 1633 supererogasse
1197 1571 1426 1618 testatur
1453 1565 1536 1619 bis
1563 1564 1740 1619 verbis
1765 1582 1778 1618 :

193 1650 483 1722 Virginitas
511 1653 653 1708 enim
681 1655 974 1708 voluntatis
1005 1669 1089 1710 res
1118 1665 1234 1722 est,
1278 1672 1383 1710 non
1424 1657 1779 1712 necessitatis.

193 1745 438 1815 Denique
465 1745 788 1801 stabularius
826 1745 916 1800 ille
944 1745 1224 1814 apostolus
1253 1743 1449 1802 Paulus
1472 1786 1487 1810 ,
1532 1746 1620 1800 cui
1647 1761 1780 1800 con-

191 1838 372 1894 fossus
398 1847 737 1908 peccatorum
777 1837 1086 1892 vulneribus
1116 1841 1344 1907 pepulus
1373 1835 1783 1893 commendatus

1884 645 2222 701 tricamerata
2263 653 2681 709 construuntur,
2723 648 2862 702 sicut
2899 663 2965 702 ex
3009 647 3257 702 omnibus
3286 647 3463 718 genti-

1879 738 1978 792 bus
2003 739 2088 794 vel
2116 738 2423 809 bipartitam
2455 740 2841 795 multitudinem
2871 749 3164 808 congregat
3190 737 3454 810 Ecclesia,

1880 840 2098 903 pmpter
2125 832 2586 889 circumcisionem
2617 843 2674 890 et
2705 834 3022 905 prm‘putium
3047 875 3061 897 ,
3101 834 3185 887 vel
3228 833 3466 904 triparti-

1881 930 1989 978 tam
2018 932 2241 996 propter
2267 933 2376 980 tres
2403 925 2542 981 tilios
2572 926 2682 980 Noe
2701 970 2716 994 ,
2747 942 2972 997 quorum
3003 927 3258 997 progenie
3287 926 3465 996 reple-

1883 1028 1968 1072 tus
1993 1027 2076 1072 est
2104 1018 2271 1076 orbis.
2304 1039 2323 1071 ι
2355 1017 2411 1072 In
2437 1019 2836 1088 quintodecimo
2869 1028 3046 1073 autem
3076 1018 3212 1072 libro
3237 1018 3304 1073 de
3330 1017 3468 1073 Civi-

1883 1115 1992 1162 tale
2024 1108 2136 1174 Dei,
2164 1118 2473 1164 memoratas
2502 1126 2640 1164 areae
2670 1127 2766 1180 pro
2798 1111 2900 1165 loci
2945 1109 3344 1184 opportunitate
3374 1122 3467 1177 ag-

1881 1213 2099 1270 gressus
2129 1217 2400 1272 exponere
2425 1212 2850 1268 sacramentum,
2886 1209 3006 1271 post
3035 1200 3208 1269 aliqua
3229 1238 3243 1263 ,
3278 1199 3329 1254 in
3362 1199 3468 1256 hoc

1881 1289 2025 1359 quod
2071 1290 2267 1346 dicitur
2317 1291 2697 1346 bicameratam
2745 1301 2801 1347 et
2845 1292 3240 1346 tricameratam
3283 1305 3464 1345 arcam

1882 1377 1995 1435 Noe
2023 1379 2222 1436 debere
2251 1383 2512 1443 construi,
2541 1381 2682 1436 illius
2711 1383 3061 1451 expositionis
3090 1399 3207 1453 qua:
3237 1381 3289 1436 in
3321 1382 3471 1439 libris

1884 1473 2141 1528 adversus
2183 1473 2437 1529 Faustum
2484 1473 2835 1530 Manichzeum
2878 1475 3226 1541 continetur,
3276 1473 3469 1529 indidit

1883 1567 2212 1622 mentionem
2238 1609 2252 1631 ,
2303 1567 2415 1622 hmo
2448 1567 2839 1637 subsequenter
2867 1567 3122 1638 adjiciens
3148 1587 3161 1620 :
3213 1589 3233 1619 ι
3261 1566 3327 1621 Et
3355 1565 3470 1622 lieri

1885 1657 2101 1728 quidem
2131 1666 2328 1728 potest,
2363 1667 2420 1713 ut
2445 1669 2501 1713 et
2531 1660 2685 1733 nobis
2707 1660 2971 1730 quispiam
3003 1669 3057 1715 et
3086 1661 3220 1714 alius
3244 1659 3348 1714 alio
3377 1675 3470 1714 ex-

1885 1761 2053 1822 ponat
2082 1752 2195 1807 baec
2224 1753 2418 1822 aptius.
2461 1754 2593 1807 Dum
2638 1763 2814 1808 tamen
2856 1771 2918 1808 ea
2957 1770 3076 1825 qua:
3124 1754 3378 1808 dicuntur
3402 1752 3468 1807 ad

1885 1842 2046 1908 hanc,
2071 1843 2136 1898 de
2163 1859 2266 1912 qua
2299 1845 2595 1914 loquimur,
2627 1845 2720 1899 Dei
2751 1847 3018 1900 civitatem
3051 1847 3103 1900 in
3135 1829 3236 1901 hoc
3272 1845 3469 1900 smculo

192 1940 313 1996 est,
363 1931 499 1988 duos
523 1931 773 1986 denarios
801 1947 937 2001 quos
965 1940 1241 2000 erogasset
1272 1931 1364 2003 (al.
1396 1929 1665 2002 erOgaret)
1694 1946 1784 1986 ac-
1814 1940 1862 2002 B
1889 1933 2151 2001 maligno,
2181 1944 2433 2002 tanquam
2462 1936 2512 1989 in
2538 1935 2740 1991 diluvio
2771 1938 3200 2007 peregrinantem
3228 1980 3243 2005 ,
3288 1937 3468 1992 omnia

192 2033 431 2097 ceperat,
455 2026 562 2080 duo
583 2025 788 2080 scilicet
804 2023 1168 2080 Testamenta.
1199 2023 1320 2080 Haec
1343 2040 1437 2095 per
1456 2024 1779 2093 doctrinam,

192 2122 351 2192 quasi
380 2132 621 2192 sumptus
649 2121 922 2191 impendit.
963 2119 1154 2176 Docuit
1177 2121 1450 2190 quomodo
1476 2121 1787 2190 conjugales

183 2213 488 2273 Christiani
518 2214 751 2270 debeant
775 2214 993 2278 vivere,
1033 2215 1100 2270 de
1131 2213 1227 2288 (al.
1262 2217 1316 2285 a)
1341 2232 1450 2286 quo
1479 2231 1602 2271 cum
1633 2231 1784 2286 quze-

196 2317 410 2364 reretur
451 2307 580 2376 quid
625 2308 696 2362 de
724 2306 1017 2376 virginibus
1063 2307 1384 2378 prteciperet
1410 2347 1426 2371 ,
1479 2307 1781 2377 respondit,

195 2400 296 2457 sibi
316 2401 379 2456 de
398 2399 676 2472 virginibus
697 2399 827 2454 nihil
851 2416 960 2454 esse
979 2400 1280 2464 mandatum
1313 2398 1366 2471 (ι
1389 2397 1509 2454 Cor.
1541 2415 1611 2453 vn
1627 2440 1642 2463 ,
1668 2396 1782 2467 9.5).

196 2493 488 2552 Confessus
515 2501 618 2560 est,
656 2509 717 2551 se
745 2493 850 2549 duo
867 2489 1254 2568 :Testameuta,
1287 2493 1390 2548 hoc
1418 2502 1500 2547 est
1528 2492 1664 2546 duos
1693 2492 1788 2546 de-

198 2587 384 2642 narios
411 2600 681 2655 erogasse.
725 2584 976 2654 Expliciti
1006 2594 1160 2639 erant
1185 2581 1582 2654 quodammodo
1605 2598 1788 2653 smnp-

197 2685 305 2740 tus,
332 2676 430 2732 sed
457 2676 548 2743 qui
577 2677 814 2730 saucium
837 2675 1310 2731 commendaverat
1330 2717 1344 2735 ,
1376 2676 1700 2744 promiserat
1729 2690 1787 2730 se

195 2765 535 2821 redditurum
565 2764 822 2834 quidquid
863 2768 916 2818 in
944 2781 1070 2821 cura
1101 2765 1331 2835 amplius
1359 2777 1636 2834 erogasset
1667 2773 1790 2835 post

195 2855 479 2926 impensos
518 2855 654 2911 duos
692 2855 964 2911 denarios.
1015 2856 1130 2912 Non
1169 2866 1468 2928 praecepta,
1525 2857 1619 2912 sed
1657 2874 1790 2912 con-

198 2947 380 3004 silium
445 2955 634 3016 erogat
668 2946 864 3003 Paulus
923 2948 990 3004 ad
1033 2949 1415 3018 virginitatem.
1467 2949 1575 3005 Nec
1621 2951 1793 3020 impe-

199 3035 441 3092 dimento
484 3045 569 3093 est
613 3037 959 3107 volentibus,
1010 3054 1113 3096 nec
1155 3040 1403 3097 nolentes
1443 3041 1670 3112 impellit
1698 3051 1791 3096 aut

199 3132 366 3202 cogit.

199 3243 385 3301 CAPUT
414 3261 522 3300 xxv.
556 3243 692 3300 Ecce
726 3263 861 3301 unus
891 3247 1033 3301 locus
1071 3246 1304 3314 Apostoli
1331 3264 1362 3299 a
1399 3245 1562 3300 tribas
1589 3247 1785 3300 sanctis

1888 2023 2192 2079 referantur
2212 2067 2226 2092 ,
2270 2025 2313 2078 si
2337 2027 2404 2079 ab
2433 2025 2549 2094 ejus
2573 2042 2730 2080 sensu
2753 2028 2843 2096 qui
2871 2028 2970 2082 ista
2995 2029 3331 2098 conscripsit,
3364 2043 3469 2088 non

1886 2115 2000 2170 vult
2027 2114 2185 2183 longe
2222 2114 2474 2170 aberrare
2518 2117 2610 2184 qui
2652 2119 2910 2186 exponit:
2983 2119 3214 2186 exempli
3255 2120 3466 2186 gratia,

1884 2207 2034 2262 velut
2072 2207 2116 2261 si
2157 2206 2418 2276 quispiam
2469 2207 2614 2276 quod
2671 2209 2755 2262 hic
2775 2209 3032 2276 Scriptum
3067 2216 3148 2263 est
3172 2251 3186 2275 ,
3218 2209 3469 2286 inferiora

1887 2299 2272 2353 bicameratam
2301 2306 2356 2353 et
2385 2297 2780 2354 tricameratam
2814 2299 2908 2369 (al.
2942 2299 3266 2354 hicamerata
3291 2309 3347 2355 et
3373 2301 3470 2354 tria

1887 2389 2181 2459 camerata)
2215 2389 2377 2445 facies
2405 2406 2523 2444 eam
2548 2431 2563 2455 ,
2619 2407 2726 2446 non
2751 2391 2894 2461 quod
2923 2406 3024 2460 ego
3073 2392 3125 2446 in
3176 2392 3268 2448 illo
3310 2407 3473 2462 opere

1887 2482 1999 2537 dixi
2038 2483 2166 2536 velit
2213 2483 2452 2554 intelligi,
2505 2485 2631 2554 quia
2664 2499 2730 2540 ex
2760 2485 3009 2564 omnibus
3031 2485 3279 2553 gentibus
3299 2482 3474 2540 Eccle-

1886 2575 1966 2629 sia
1995 2585 2384 2644 cougregatur,
2434 2575 2812 2632 bicameratam
2843 2576 3040 2631 dictam
3060 2617 3074 2640 ,
3123 2585 3344 2645 propter
3366 2575 3476 2632 duo

1887 2683 2087 2737 genera
2114 2670 2410 2731 hominum,
2443 2669 2908 2725 circumcisionem
2941 2669 3149 2723 scilicet
3177 2676 3234 2721 et
3261 2683 3474 2738 pmpu-

1890 2761 2042 2825 tium,
2082 2776 2218 2830 quos
2247 2762 2539 2830 Apostolus
2568 2763 2756 2833 etalio
2786 2763 2950 2816 modo
2979 2761 3139 2825 dicit,
3184 2759 3398 2815 ludam
3427 2768 3476 2816 et

1892 2848 2100 2905 Grecae
2140 2851 2337 2920 (Galat.
2379 2855 2456 2920 ιιι)
2490 2871 2504 2918 ;
2564 2855 2964 2908 tricameratam
3005 2869 3134 2908 vero
3159 2893 3174 2918 ,
3235 2870 3300 2909 eo
3328 2853 3474 2924 quod

1891 2959 2081 2998 omnes
2108 2953 2296 3012 gentes
2315 2945 2381 2999 de
2403 2946 2570 3000 tribus
2600 2946 2722 3000 tiliis
2752 2946 2864 3000 Noe
2915 2955 3038 3015 post
3073 2947 3330 3004 diluvium
3398 2961 3475 3002 re~

1891 3045 2092 3108 paratae
2120 3044 2264 3090 sunt.
2289 3036 2394 3092 Sed
2422 3037 2565 3092 aliud
2593 3038 2738 3092 dicat
2759 3037 2970 3106 aliquis,
2996 3038 3141 3106 quod
3170 3055 3198 3090 a
3237 3039 3356 3092 lidei
3389 3053 3474 3093 re-

1891 3129 2013 3198 gula
2047 3144 2150 3183 non
2181 3129 2252 3182 sit
2281 3129 2535 3183 alienum.
2578 3129 2711 3182 Nam
2750 3129 3002 3197 quoniam
3044 3143 3151 3183 non
3195 3128 3338 3183 solas
3381 3128 3472 3194 (al.

1891 3219 2101 3287 solum)
2142 3219 2194 3272 in
2226 3218 2570 3273 inferioribus
2601 3218 2907 3272 mansiones
2936 3217 3137 3272 habere
3166 3231 3349 3273 arcam
3378 3233 3475 3272 vo-

284 3317 552 3392 tripliciter
590 3319 971 3392 estexpositus.
1019 3309 1342 3392 Quinetiam
1374 3318 1509 3392 idern
1541 3318 1680 3392 locns
1721 3316 1784 3392 ab
1815 3327 1860 3392 ρ
1892 3311 2012 3377 luit,
2042 3326 2227 3365 verum
2259 3310 2422 3365 etiam
2447 3311 2497 3364 in
2529 3310 2919 3380 superioribus,
2949 3316 3005 3364 ει
3034 3309 3146 3364 ilth
3170 3309 3303 3364 dixit
3333 3309 3474 3366 hica-

273 3381 388 3457 ιιιιὸ
413 3387 621 3441 doctore
647 3381 984 3442 dit'ersimode
1012 3389 1263 3457 reperitur
1293 3389 1575 3457 expositus.
1625 3387 1784 3440 Varia

275 3456 546 3527 Augustini
576 3460 828 3527 expositio
859 3459 922 3511 de
943 3456 1073 3511 arca
1103 3456 1233 3512 Noe.
1281 3456 1418 3511 Utile
1449 3468 1526 3511 est
1557 3459 1784 3512 diversos

275 3527 413 3581 circa
436 3543 591 3581 unum
619 3544 798 3583 sensus
819 3530 1066 3600 allegare,
1091 3528 1181 3582 sed
1211 3545 1314 3581 non
1342 3529 1544 3582 diversa
1567 3529 1692 3599 ﬁde.

271 3646 382 3718 ω
407 3645 542 3702 Cum
571 3649 754 3718 itaque
782 3648 873 3704 hic
898 3648 1042 3702 beati
1073 3647 1314 3717 Apostoli
1348 3647 1496 3702 locus
1519 3647 1785 3715 tripartito

198 3741 272 3798 sit
297 3739 458 3797 modo
484 3757 513 3796 a
545 3742 715 3796 tribus
744 3757 880 3810 quos
911 3741 1303 3796 nominavimus
1325 3741 1451 3794 viris
1476 3741 1676 3794 sanctis
1701 3757 1788 3793 ex-

197 3832 428 3902 positus,
455 3831 694 3904 quisquis
714 3847 875 3901 unum
899 3832 1118 3885 modum
1140 3848 1206 3886 ex
1232 3832 1312 3884 his
1336 3831 1502 3884 tribus
1525 3832 1784 3900 posuerit,

195 3936 229 3976 ι
259 3922 488 3977 veritate
517 3925 700 3994 utique
730 3939 838 3977 non
862 3922 1142 3986 dissentit,
1186 3937 1360 3991 mque
1390 3923 1534 3976 enim
1565 3937 1788 3977 necesse

195 4021 283 4068 est
327 4022 390 4068 ut
427 4013 572 4083 quod
621 4014 985 4084 multipliciter
1034 4014 1384 4080 intelligitur,
1437 4014 1489 4067 in
1539 4014 1788 4070 omnibus

195 4104 414 4174 scriptis
449 4104 814 4174 multipliciter
844 4105 1130 4158 inseratur.
1184 4102 1316 4157 Nam
1366 4111 1421 4158 et
1466 4104 1565 4173 ipsi
1594 4104 1782 4170 sancti,

195 4210 429 4265 quorum
456 4195 752 4251 ministerio
776 4195 916 4250 Deus
940 4195 1334 4265 Scripturarum
1358 4211 1574 4249 suarum
1600 4194 1788 4263 digna-

196 4294 284 4342 tus
311 4295 397 4343 est
439 4287 649 4356 aperire.
692 4296 937 4352 secreta,
981 4287 1231 4342 dixerunt
1259 4287 1517 4356 pleraque
1544 4305 1651 4343 non
1679 4305 1785 4343 uno

200 4385 364 4441 modo
393 4391 621 4450 tantum,
652 4385 747 4443 sed
766 4385 1152 4456 multipliciter,
1175 4385 1291 4440 sine
1312 4386 1610 4442 offensione
1651 4388 1786 4443 dun-

197 4484 351 4532 taxat
377 4492 519 4534 vera:
549 4476 671 4533 tidei
710 4492 816 4532 non
858 4476 1169 4532 indecenter
1196 4477 1436 4545 intelligi.
1481 4477 1631 4532 Sicut
1671 4478 1788 4548 ipse

197 4569 388 4626 beatus
417 4571 742 4640 Augustinus
771 4571 823 4625 in
857 4571 1114 4642 mysterio
1142 4586 1280 4626 arcae
1321 4569 1434 4624 Noe
1467 4570 1658 4625 fecisse.
1691 4586 1785 4624 co-

169 4711 172 4714 .
196 4663 474 4735 gnoscitur
502 4661 760 4719 adversus
789 4661 1043 4742 Faustum
1068 4680 1082 4715 :
1114 4677 1354 4732 namque
1376 4660 1672 4716 Manichch
1702 4677 1787 4716 as-

196 4773 445 4830 serente,
477 4763 530 4818 in
555 4763 704 4819 libris
733 4761 940 4818 Veteris
967 4761 1296 4816 Testamenti
1332 4761 1463 4814 nihil
1492 4760 1558 4814 de
1587 4759 1784 4816 Christi

197 4857 255 4912 in
297 4871 462 4912 carne
502 4871 628 4912 vera
662 4855 841 4911 futuro
865 4855 1098 4911 adventu
1125 4854 1443 4925 prophetice
1494 4853 1782 4920 contineri,

197 4951 488 5008 ostendens
520 4950 664 5007 idem
692 4951 1034 5007 beatissimus
1062 4949 1390 5017 Augustinus
1421 4956 1658 5003 nostram
1687 4962 1784 5002 ve-

197 5051 371 5099 terem
397 5041 731 5113 Scripturam
759 5041 1087 5112 propheticis
1109 5038 1177 5094 de
1204 5037 1418 5094 Christo
1443 5035 1787 5106 signiﬁcatio-

197 5137 357 5208 nibus
383 5137 616 5208 plenam,
647 5144 703 5193 et
724 5137 794 5192 ob
817 5137 922 5191 hoc
946 5135 1198 5192 divinitus
1226 5133 1562 5204 inspiratam,
1590 5134 1669 5188 sic
1699 5133 1784 5188 in-

197 5237 286 5285 ter
331 5237 527 5284 cetera
566 5228 693 5285 illud
725 5227 983 5294 exponit,
1031 5226 1175 5297 quod
1221 5234 1573 5282 memoratam
1604 5240 1784 5282 arcam

196 5318 584 5375 bicameratam
629 5327 684 5376 et
731 5320 1122 5376 tricameratam
1179 5316 1318 5373 Deus
1376 5317 1605 5388 imperat
1655 5334 1786 5375 cou-

196 5410 513 5468 struendam
537 5449 555 5477 ,
585 5419 644 5468 ut
664 5411 718 5467 in
738 5411 874 5467 libro
896 5410 966 5465 de
983 5409 1211 5465 Civitate
1231 5409 1323 5464 Dei
1353 5409 1780 5478 quintodecimo,

197 5503 412 5561 duobus
433 5504 553 5560 aliis
579 5503 755 5560 modis
792 5501 1030 5572 ejusdem
1063 5501 1165 5558 loci
1213 5504 1491 5574 mysticam
1518 5503 1779 5574 explana-

195 5592 402 5650 tionem
425 5632 443 5656 .
489 5609 600 5650 non
636 5593 810 5650 doctis
849 5595 1093 5648 humana:
1119 5594 1396 5664 sapientia:
1431 5595 1611 5650 verbis
1635 5633 1652 5661 ,
1684 5593 1782 5653 sed

198 5702 325 5744 vere
346 5689 508 5759 (sicut
531 5687 820 5759 Apostolus
844 5675 992 5757 dicit)
1019 5687 1070 5740 in
1099 5685 1341 5742 doctrina
1373 5688 1625 5758 spiritus,
1671 5704 1779 5745 non

198 5780 378 5836 minus
405 5780 636 5838 dulciter
661 5795 819 5849 quam
850 5777 1164 5833 mirabiliter
1190 5778 1490 5847 explicarit.
1530 5775 1685 5846 Quod
1718 5789 1781 5837 ut

201 5871 412 5929 facilius
437 5879 776 5943 agnoscatur,
807 5871 1083 5940 utriusque
1111 5869 1310 5939 operis,
1338 5870 1474 5926 sicut
1501 5871 1568 5925 ab
1597 5890 1663 5928 eo
1686 5891 1782 5945 po-

201 5963 308 6026 tita
330 5974 478 6034 suat.
506 5967 670 6031 verba
694 5967 1023 6028 subuectant.
1064 5962 1225 6034 Igitur
1253 5961 1505 6026 adversus
1525 5964 1780 6027 Faustum

1816 4711 1869 4774 D

1888 3415 2112 3468 merata,
2146 3404 2272 3458 etin
2297 3404 2661 3474 superioribus
2687 3404 3044 3474 superiorum,
3078 3410 3131 3457 et
3157 3403 3268 3458 haec
3289 3402 3472 3473 appel-

1888 3496 2016 3550 lavit
2036 3495 2398 3560 tricamerata,
2423 3503 2481 3550 ut
2507 3496 2574 3552 ab
2601 3496 2708 3550 imo
2729 3511 2939 3550 sursum
2964 3510 3150 3549 versus
3171 3496 3326 3550 tertia
3349 3511 3472 3550 ρους

1887 3596 2131 3657 surgeret
2167 3588 2446 3652 habitatio,
2487 3595 2716 3658 possunt
2761 3587 2848 3642 hic
2895 3587 3115 3653 intelligi
3154 3594 3209 3641 et
3239 3587 3339 3640 tria
3384 3586 3472 3642 illa

1887 3694 2007 3748 qute.
2031 3679 2374 3734 commendat
2395 3679 2704 3748 Apostolus,
2726 3679 2874 3748 ﬁdes,
2899 3695 3038 3749 spes,
3060 3679 3255 3732 caritas
3273 3676 3327 3746 (I
3348 3676 3469 3733 Cor.

1888 3789 2008 3836 xm,
2044 3773 2150 3842 15).
2203 3771 2433 3828 Possunt
2471 3775 2630 3827 etiam
2687 3773 2857 3827 multo
2902 3771 3306 3827 convenientius
3356 3779 3466 3827 tres

1890 3863 1990 3917 illa:
2011 3863 2284 3920 ubertates
2303 3864 2646 3931 evangelicae,
2670 3863 2891 3928 tricena,
2912 3877 3198 3931 sexagena,
3223 3871 3473 3934 centena,

1890 3967 1947 4008 ut
1978 3956 2029 4009 in
2062 3953 2244 4010 intimo
2274 3957 2481 4011 habitet
2506 3955 2612 4028 ὧι
2641 3955 2896 4026 pudicitia
2935 3956 3231 4024 conjugalis
3251 3995 3268 4020 ,
3312 3971 3473 4025 supra

1890 4047 2152 4112 vidualis,
2203 4057 2364 4118 atque
2411 4048 2513 4104 hac
2553 4049 2801 4117 superior
2843 4048 3134 4115 virginalis,
3177 4054 3231 4101 et
3266 4046 3310 4101 si
3345 4046 3472 4116 (ιιιιύ

1893 4139 2035 4193 aliud
2073 4140 2365 4195 secundum
2402 4139 2558 4195 ﬁdem
2586 4140 2818 4195 civitatis
2847 4139 3007 4210 hujus
3037 4124 3257 4209 intelligi
3284 4148 3337 4194 et
3367 4137 3472 4197 dici

1889 4243 2087 4306 potest.
2153 4235 2267 4290 Hoc
2303 4235 2466 4291 etiam
2513 4236 2580 4292 de
2625 4235 2834 4290 caeteris
2864 4252 2982 4306 qua:
3028 4235 3114 4291 hic
3153 4235 3469 4305 exponenda

1889 4336 2014 4383 sunt
2041 4327 2266 4383 dixerim
2292 4368 2306 4391 ,
2352 4329 2479 4398 quia
2509 4327 2608 4384 etsi
2638 4343 2746 4382 non
2781 4344 2889 4384 uno
2916 4327 3254 4384 disseruntur
3288 4327 3473 4395 modo,

1890 4419 1956 4474 ad
1986 4437 2146 4474 unam
2175 4428 2354 4476 tamen
2385 4419 2664 4476 catholica:
2694 4419 2816 4476 tidei
2843 4419 3184 4476 concordiam
3216 4435 3472 4476 revocan-

1892 4511 1958 4567 da
1983 4522 2127 4569 sunt.
2164 4533 2181 4566 ι

1965 4604 2170 4661 Rursus
2217 4605 2355 4661 idem
2402 4607 2591 4662 beatus
2639 4605 2964 4675 Augustinus
3013 4607 3065 4661 in
3110 4607 3246 4662 libro
3293 4606 3470 4676 primo

1894 4695 2044 4766 (Cap.
2088 4698 2144 4763 3)
2170 4697 2237 4752 de
2273 4695 2534 4752 Trinitate
2571 4698 2764 4752 asserit
2789 4698 2916 4752 utile
2945 4713 3064 4753 esse
3105 4698 3282 4767 plures
3310 4697 3471 4752 libros

1891 4803 1919 4841 a
1939 4788 2179 4858 pluribus
2208 4787 2323 4842 ﬁeri
2349 4787 2561 4843 diverso
2588 4789 2747 4860 stylo,
2782 4805 2889 4843 non
2911 4789 3121 4844 diversa
3155 4788 3276 4850 lide,
3308 4787 3472 4844 etiam

1888 4881 1955 4936 de
1976 4881 2358 4950 quzestionibus
2379 4880 2604 4944 eisdem,
2627 4889 2684 4935 ut
2713 4882 2780 4937 ad
2809 4882 3064 4952 plurimos
3094 4897 3180 4936 res
3208 4882 3320 4952 ipsa
3351 4895 3472 4950 per-

1887 4975 2088 5040 veniat,
2120 4973 2188 5028 ad
2215 4975 2350 5029 alios
2373 4975 2469 5041 sic,
2501 4975 2569 5030 ad
2599 4975 2734 5030 alios
2761 4984 2942 5030 autem
2971 4977 3070 5032 sic.
3112 4976 3169 5031 Si
3203 4989 3333 5043 ergo
3361 4973 3469 5039 illa,

1888 5081 2008 5136 quas
2035 5067 2102 5121 de
2131 5081 2254 5122 arca
2286 5065 2398 5122 Noe
2427 5067 2618 5122 beatus
2646 5067 2970 5136 Augustinus
2992 5085 3097 5123 uno
3118 5068 3238 5122 loco
3263 5063 3470 5119 duobus

1887 5158 2066 5228 posuit
2088 5157 2291 5223 modis,
2322 5174 2352 5214 a
2381 5159 2590 5215 duobus
2617 5159 2927 5216 hominibus
2954 5159 3162 5229 singula
3194 5163 3468 5224 assumpta

1889 5249 2109 5318 singulis
2137 5260 2409 5321 ponantur
2433 5251 2486 5307 in
2516 5251 2684 5322 locis,
2715 5268 2895 5309 nonne
2925 5260 3152 5320 uterque
3194 5247 3354 5316 digne
3384 5254 3470 5302 tc-

1891 5357 1994 5398 nax
2025 5343 2458 5412 prouuntiabitur
2495 5344 2776 5410 veritatis;
2824 5345 2868 5400 si
2899 5352 3075 5396 tamen
3121 5338 3201 5395 sic
3241 5347 3470 5408 uterque

1890 5451 2055 5490 unum
2085 5436 2274 5490 horum
2305 5435 2414 5492 suis
2459 5435 2682 5491 inditum
2728 5435 2886 5490 dictis
2923 5431 3167 5486 videatur
3203 5438 3468 5497 astruere,

1888 5535 1949 5583 ut
1982 5527 2110 5582 illud
2137 5527 2281 5596 quod
2309 5528 2469 5584 aliter
2497 5527 2549 5582 in
2577 5528 2691 5583 suis
2718 5525 2875 5580 dictis
2901 5536 3055 5591 aeque
3085 5521 3298 5578 veritati
3332 5537 3468 5578 con-

1889 5634 2078 5689 gruum
2104 5621 2274 5691 ponit,
2308 5621 2476 5691 magis
2510 5629 2730 5692 pacatus
2757 5617 3020 5688 approbet
3047 5631 3208 5688 quam
3236 5623 3466 5672 conten—

1891 5713 2059 5768 tiosus
2084 5714 2378 5784 impugnet.

1888 5805 2068 5861 Csrrr
2099 5822 2184 5860 xv.
2233 5804 2516 5873 Responsio
2555 5803 2624 5856 ad
2664 5805 2994 5875 quastione»:
3037 5800 3257 5857 Honimi
3287 5798 3352 5854 de
3380 5814 3463 5854 stt-

2383 5873 2771 5947 pererogatibne
2794 5873 2967 5930 Pauli.

1959 5969 2242 6033 Quocirca,
2264 5965 2558 6034 carissime,
2586 5966 2710 6026 licet
2735 5967 2823 6026 ille
2845 5982 3058 6036 sensus,
3088 5963 3235 6038 quia
3259 5975 3352 6038 me
3375 5975 3452 6036 po

2350 6104 2441 6124 ἐιμι
