  <div class='ocr_page' id='page_1' title='image "/cluster/home/n/w/nwhite01/storage/ocr_20150623/65/hvd.32044015469315/107.png"; bbox 0 0 4068 6470; ppageno 0'>
   <div class='ocr_carea' id='block_1_1' title="bbox 1542 370 2751 448">
    <p class='ocr_par' dir='ltr' id='par_1_1' title="bbox 1542 370 2751 448">
     <span class='ocr_line' id='line_1_1' title="bbox 1542 370 2751 448; baseline -0.006 0"><span class='ocrx_word' id='word_1_1' title='bbox 1542 392 1600 448; x_wconf 91' lang='lat' dir='ltr'><strong>s.</strong></span> <span class='ocrx_word' id='word_1_2' title='bbox 1640 388 2003 447; x_wconf 80' lang='lat' dir='ltr'><strong>FULGENTII</strong></span> <span class='ocrx_word' id='word_1_3' title='bbox 2039 376 2345 448; x_wconf 84' lang='lat' dir='ltr'><strong>EPISCOPI</strong></span> <span class='ocrx_word' id='word_1_4' title='bbox 2382 370 2751 445; x_wconf 60' lang='lat' dir='ltr'><strong>abscessus.</strong></span> 
     </span>
    </p>
   </div>
   <div class='ocr_carea' id='block_1_2' title="bbox 3715 374 3844 435">
    <p class='ocr_par' dir='ltr' id='par_1_2' title="bbox 3715 374 3844 435">
     <span class='ocr_line' id='line_1_2' title="bbox 3715 374 3844 435; baseline 0 0"><span class='ocrx_word' id='word_1_5' title='bbox 3715 374 3844 435; x_wconf 70' lang='lat'><strong>200</strong></span> 
     </span>
    </p>
   </div>
   <div class='ocr_carea' id='block_1_3' title="bbox 555 494 3844 578">
    <p class='ocr_par' dir='ltr' id='par_1_3' title="bbox 555 494 3844 578">
     <span class='ocr_line' id='line_1_3' title="bbox 555 494 3844 578; baseline -0.004 -16"><span class='ocrx_word' id='word_1_6' title='bbox 555 509 724 578; x_wconf 86' lang='lat' dir='ltr'><strong>ipsum</strong></span> <span class='ocrx_word' id='word_1_7' title='bbox 752 506 898 577; x_wconf 92' lang='lat' dir='ltr'><strong>quod</strong></span> <span class='ocrx_word' id='word_1_8' title='bbox 949 504 1204 576; x_wconf 72' lang='lat' dir='ltr'><strong>cogitatio</strong></span> <span class='ocrx_word' id='word_1_9' title='bbox 1251 502 1448 561; x_wconf 87' lang='lat' dir='ltr'><strong>dicitur</strong></span> <span class='ocrx_word' id='word_1_10' title='bbox 1492 518 1599 558; x_wconf 91' lang='lat' dir='ltr'><strong>non</strong></span> <span class='ocrx_word' id='word_1_11' title='bbox 1629 502 1803 557; x_wconf 89' lang='lat' dir='ltr'><strong>solum</strong></span> <span class='ocrx_word' id='word_1_12' title='bbox 1842 516 1949 557; x_wconf 89' lang='lat' dir='ltr'><strong>non</strong></span> <span class='ocrx_word' id='word_1_13' title='bbox 1977 508 2132 556; x_wconf 84' lang='lat' dir='ltr'><strong>extra</strong></span> <span class='ocrx_word' id='word_1_14' title='bbox 2162 507 2214 568; x_wconf 79' lang='grc' dir='ltr'><strong>Α</strong></span> <span class='ocrx_word' id='word_1_15' title='bbox 2235 500 2377 554; x_wconf 84' lang='lat' dir='ltr'><strong>aliud</strong></span> <span class='ocrx_word' id='word_1_16' title='bbox 2408 515 2543 565; x_wconf 91' lang='lat' dir='ltr'><strong>esse,</strong></span> <span class='ocrx_word' id='word_1_17' title='bbox 2592 498 2732 570; x_wconf 87' lang='lat' dir='ltr'><strong>apud</strong></span> <span class='ocrx_word' id='word_1_18' title='bbox 2772 510 2832 555; x_wconf 90' lang='lat' dir='ltr'><strong>se</strong></span> <span class='ocrx_word' id='word_1_19' title='bbox 2857 510 3059 560; x_wconf 77' lang='lat' dir='ltr'><strong>dicere,</strong></span> <span class='ocrx_word' id='word_1_20' title='bbox 3090 494 3191 551; x_wconf 87' lang='lat' dir='ltr'><strong>nisi</strong></span> <span class='ocrx_word' id='word_1_21' title='bbox 3220 495 3275 551; x_wconf 91' lang='lat' dir='ltr'><strong>in</strong></span> <span class='ocrx_word' id='word_1_22' title='bbox 3303 494 3469 552; x_wconf 89' lang='lat' dir='ltr'><strong>corde</strong></span> <span class='ocrx_word' id='word_1_23' title='bbox 3493 494 3695 551; x_wconf 80' lang='lat' dir='ltr'><strong>dicere.</strong></span> <span class='ocrx_word' id='word_1_24' title='bbox 3731 494 3844 549; x_wconf 81' lang='lat' dir='ltr'><strong>Ait</strong></span> 
     </span>
    </p>
   </div>
   <div class='ocr_carea' id='block_1_4' title="bbox 553 594 2131 668">
    <p class='ocr_par' dir='ltr' id='par_1_4' title="bbox 553 594 2131 668">
     <span class='ocr_line' id='line_1_4' title="bbox 553 594 2131 668; baseline -0.004 -14"><span class='ocrx_word' id='word_1_25' title='bbox 553 596 847 663; x_wconf 72' lang='lat' dir='ltr'><strong>nominem,</strong></span> <span class='ocrx_word' id='word_1_26' title='bbox 895 597 990 654; x_wconf 89' lang='lat' dir='ltr'><strong>sed</strong></span> <span class='ocrx_word' id='word_1_27' title='bbox 1020 613 1118 653; x_wconf 91' lang='lat' dir='ltr'><strong>nec</strong></span> <span class='ocrx_word' id='word_1_28' title='bbox 1164 597 1217 652; x_wconf 93' lang='lat' dir='ltr'><strong>in</strong></span> <span class='ocrx_word' id='word_1_29' title='bbox 1248 596 1365 668; x_wconf 90' lang='lat' dir='ltr'><strong>ipso</strong></span> <span class='ocrx_word' id='word_1_30' title='bbox 1394 610 1623 666; x_wconf 87' lang='lat' dir='ltr'><strong>corpore</strong></span> <span class='ocrx_word' id='word_1_31' title='bbox 1652 594 1885 651; x_wconf 87' lang='lat' dir='ltr'><strong>hominis</strong></span> <span class='ocrx_word' id='word_1_32' title='bbox 1924 594 2131 649; x_wconf 85' lang='lat' dir='ltr'><strong>inveni-</strong></span> 
     </span>
    </p>
   </div>
   <div class='ocr_carea' id='block_1_5' title="bbox 554 688 2132 761">
    <p class='ocr_par' dir='ltr' id='par_1_5' title="bbox 554 688 2132 761">
     <span class='ocr_line' id='line_1_5' title="bbox 554 688 2132 761; baseline -0.002 -17"><span class='ocrx_word' id='word_1_33' title='bbox 554 698 658 758; x_wconf 87' lang='lat' dir='ltr'><strong>tur,</strong></span> <span class='ocrx_word' id='word_1_34' title='bbox 688 690 809 761; x_wconf 84' lang='lat' dir='ltr'><strong>quis</strong></span> <span class='ocrx_word' id='word_1_35' title='bbox 836 706 942 746; x_wconf 91' lang='lat' dir='ltr'><strong>non</strong></span> <span class='ocrx_word' id='word_1_36' title='bbox 970 690 1146 746; x_wconf 79' lang='lat' dir='ltr'><strong>videat</strong></span> <span class='ocrx_word' id='word_1_37' title='bbox 1177 690 1555 759; x_wconf 80' lang='lat' dir='ltr'><strong>cogitationem</strong></span> <span class='ocrx_word' id='word_1_38' title='bbox 1584 689 1750 743; x_wconf 87' lang='lat' dir='ltr'><strong>solius</strong></span> <span class='ocrx_word' id='word_1_39' title='bbox 1779 702 1897 743; x_wconf 90' lang='lat' dir='ltr'><strong>esse</strong></span> <span class='ocrx_word' id='word_1_40' title='bbox 1920 688 2132 756; x_wconf 62' lang='lat' dir='ltr'><strong>anima},</strong></span> 
     </span>
    </p>
   </div>
   <div class='ocr_carea' id='block_1_6' title="bbox 552 780 2130 854">
    <p class='ocr_par' dir='ltr' id='par_1_6' title="bbox 552 780 2130 854">
     <span class='ocr_line' id='line_1_6' title="bbox 552 780 2130 854; baseline -0.003 -14"><span class='ocrx_word' id='word_1_41' title='bbox 552 784 638 840; x_wconf 92' lang='lat' dir='ltr'><strong>cui</strong></span> <span class='ocrx_word' id='word_1_42' title='bbox 670 799 766 854; x_wconf 88' lang='lat' dir='ltr'><strong>per</strong></span> <span class='ocrx_word' id='word_1_43' title='bbox 792 782 1107 839; x_wconf 85' lang='lat' dir='ltr'><strong>rationalem</strong></span> <span class='ocrx_word' id='word_1_44' title='bbox 1141 782 1389 837; x_wconf 89' lang='lat' dir='ltr'><strong>virtutem</strong></span> <span class='ocrx_word' id='word_1_45' title='bbox 1418 781 1672 836; x_wconf 89' lang='lat' dir='ltr'><strong>divinitus</strong></span> <span class='ocrx_word' id='word_1_46' title='bbox 1706 780 1890 835; x_wconf 89' lang='lat' dir='ltr'><strong>datum</strong></span> <span class='ocrx_word' id='word_1_47' title='bbox 1924 788 2006 835; x_wconf 91' lang='lat' dir='ltr'><strong>est</strong></span> <span class='ocrx_word' id='word_1_48' title='bbox 2033 796 2130 835; x_wconf 87' lang='lat' dir='ltr'><strong>co-</strong></span> 
     </span>
    </p>
   </div>
   <div class='ocr_carea' id='block_1_7' title="bbox 448 871 2131 946">
    <p class='ocr_par' dir='ltr' id='par_1_7' title="bbox 448 871 2131 946">
     <span class='ocr_line' id='line_1_7' title="bbox 448 871 2131 946; baseline -0.004 -14"><span class='ocrx_word' id='word_1_49' title='bbox 448 931 459 941; x_wconf 76' lang='grc'><em>,</em></span> <span class='ocrx_word' id='word_1_50' title='bbox 550 875 755 945; x_wconf 83' lang='lat' dir='ltr'><strong>gitare?</strong></span> <span class='ocrx_word' id='word_1_51' title='bbox 798 875 856 931; x_wconf 84' lang='lat' dir='ltr'><strong>In</strong></span> <span class='ocrx_word' id='word_1_52' title='bbox 886 875 1105 931; x_wconf 84' lang='lat' dir='ltr'><strong>homine</strong></span> <span class='ocrx_word' id='word_1_53' title='bbox 1139 876 1336 946; x_wconf 86' lang='lat' dir='ltr'><strong>quippe</strong></span> <span class='ocrx_word' id='word_1_54' title='bbox 1364 871 1652 942; x_wconf 90' lang='lat' dir='ltr'><strong>cogitando</strong></span> <span class='ocrx_word' id='word_1_55' title='bbox 1677 872 1985 927; x_wconf 82' lang='lat' dir='ltr'><strong>dominatur</strong></span> <span class='ocrx_word' id='word_1_56' title='bbox 2012 871 2131 926; x_wconf 90' lang='lat' dir='ltr'><strong>ani-</strong></span> 
     </span>
    </p>
   </div>
   <div class='ocr_carea' id='block_1_8' title="bbox 551 949 2134 1037">
    <p class='ocr_par' dir='ltr' id='par_1_8' title="bbox 551 949 2134 1037">
     <span class='ocr_line' id='line_1_8' title="bbox 551 949 2134 1037; baseline -0.004 -15"><span class='ocrx_word' id='word_1_57' title='bbox 551 981 690 1032; x_wconf 86' lang='lat' dir='ltr'><strong>mus,</strong></span> <span class='ocrx_word' id='word_1_58' title='bbox 720 966 998 1037; x_wconf 87' lang='lat' dir='ltr'><strong>operando</strong></span> <span class='ocrx_word' id='word_1_59' title='bbox 1027 976 1206 1022; x_wconf 89' lang='lat' dir='ltr'><strong>autem</strong></span> <span class='ocrx_word' id='word_1_60' title='bbox 1236 964 1510 1021; x_wconf 84' lang='lat' dir='ltr'><strong>servitium</strong></span> <span class='ocrx_word' id='word_1_61' title='bbox 1539 954 1757 1019; x_wconf 79' lang='lat' dir='ltr'><strong>exhibet</strong></span> <span class='ocrx_word' id='word_1_62' title='bbox 1799 978 2013 1033; x_wconf 89' lang='lat' dir='ltr'><strong>corpus.</strong></span> <span class='ocrx_word' id='word_1_63' title='bbox 2034 949 2134 1016; x_wconf 34' lang='lat' dir='ltr'><strong>.lbi</strong></span> 
     </span>
    </p>
   </div>
   <div class='ocr_carea' id='block_1_9' title="bbox 549 1054 2133 1127">
    <p class='ocr_par' dir='ltr' id='par_1_9' title="bbox 549 1054 2133 1127">
     <span class='ocr_line' id='line_1_9' title="bbox 549 1054 2133 1127; baseline -0.003 -13"><span class='ocrx_word' id='word_1_64' title='bbox 549 1066 632 1114; x_wconf 90' lang='lat' dir='ltr'><strong>est</strong></span> <span class='ocrx_word' id='word_1_65' title='bbox 650 1059 791 1113; x_wconf 90' lang='lat' dir='ltr'><strong>enim</strong></span> <span class='ocrx_word' id='word_1_66' title='bbox 832 1057 1038 1113; x_wconf 91' lang='lat' dir='ltr'><strong>homini</strong></span> <span class='ocrx_word' id='word_1_67' title='bbox 1064 1056 1189 1113; x_wconf 90' lang='lat' dir='ltr'><strong>data</strong></span> <span class='ocrx_word' id='word_1_68' title='bbox 1223 1057 1495 1127; x_wconf 87' lang='lat' dir='ltr'><strong>cogitatio,</strong></span> <span class='ocrx_word' id='word_1_69' title='bbox 1537 1056 1629 1111; x_wconf 91' lang='lat' dir='ltr'><strong>ubi</strong></span> <span class='ocrx_word' id='word_1_70' title='bbox 1658 1063 1740 1111; x_wconf 91' lang='lat' dir='ltr'><strong>est</strong></span> <span class='ocrx_word' id='word_1_71' title='bbox 1768 1056 1967 1111; x_wconf 86' lang='lat' dir='ltr'><strong>inserta</strong></span> <span class='ocrx_word' id='word_1_72' title='bbox 2005 1054 2133 1109; x_wconf 91' lang='lat' dir='ltr'><strong>boni</strong></span> 
     </span>
    </p>
   </div>
   <div class='ocr_carea' id='block_1_10' title="bbox 550 1146 2161 1226">
    <p class='ocr_par' dir='ltr' id='par_1_10' title="bbox 550 1146 2161 1226">
     <span class='ocr_line' id='line_1_10' title="bbox 550 1146 2161 1226; baseline -0.002 -21"><span class='ocrx_word' id='word_1_73' title='bbox 550 1151 781 1220; x_wconf 88' lang='lat' dir='ltr'><strong>malique</strong></span> <span class='ocrx_word' id='word_1_74' title='bbox 810 1150 1080 1206; x_wconf 87' lang='lat' dir='ltr'><strong>discretio.</strong></span> <span class='ocrx_word' id='word_1_75' title='bbox 1134 1149 1364 1205; x_wconf 86' lang='lat' dir='ltr'><strong>Interior</strong></span> <span class='ocrx_word' id='word_1_76' title='bbox 1398 1149 1561 1219; x_wconf 82' lang='lat' dir='ltr'><strong>igitur</strong></span> <span class='ocrx_word' id='word_1_77' title='bbox 1588 1150 1750 1204; x_wconf 90' lang='lat' dir='ltr'><strong>homo</strong></span> <span class='ocrx_word' id='word_1_78' title='bbox 1793 1146 2161 1226; x_wconf 32' lang='lat' dir='ltr'><strong>cogitationis.</strong></span> 
     </span>
    </p>
   </div>
   <div class='ocr_carea' id='block_1_11' title="bbox 551 1236 2133 1311">
    <p class='ocr_par' dir='ltr' id='par_1_11' title="bbox 551 1236 2133 1311">
     <span class='ocr_line' id='line_1_11' title="bbox 551 1236 2133 1311; baseline -0.003 -14"><span class='ocrx_word' id='word_1_79' title='bbox 551 1239 785 1298; x_wconf 79' lang='lat' dir='ltr'><strong>olftcium</strong></span> <span class='ocrx_word' id='word_1_80' title='bbox 827 1242 998 1311; x_wconf 88' lang='lat' dir='ltr'><strong>gerit,</strong></span> <span class='ocrx_word' id='word_1_81' title='bbox 1062 1243 1149 1311; x_wconf 90' lang='lat' dir='ltr'><strong>qui</strong></span> <span class='ocrx_word' id='word_1_82' title='bbox 1193 1242 1354 1297; x_wconf 80' lang='lat' dir='ltr'><strong>etiam</strong></span> <span class='ocrx_word' id='word_1_83' title='bbox 1397 1241 1725 1309; x_wconf 80' lang='lat' dir='ltr'><strong>intelligendi</strong></span> <span class='ocrx_word' id='word_1_84' title='bbox 1765 1241 2018 1295; x_wconf 83' lang='lat' dir='ltr'><strong>virtutem</strong></span> <span class='ocrx_word' id='word_1_85' title='bbox 2066 1236 2133 1293; x_wconf 89' lang='lat' dir='ltr'><strong>ad</strong></span> 
     </span>
    </p>
   </div>
   <div class='ocr_carea' id='block_1_12' title="bbox 552 1330 2136 1402">
    <p class='ocr_par' dir='ltr' id='par_1_12' title="bbox 552 1330 2136 1402">
     <span class='ocr_line' id='line_1_12' title="bbox 552 1330 2136 1402; baseline -0.002 -15"><span class='ocrx_word' id='word_1_86' title='bbox 552 1333 835 1402; x_wconf 78' lang='lat' dir='ltr'><strong>imaginem</strong></span> <span class='ocrx_word' id='word_1_87' title='bbox 884 1333 977 1387; x_wconf 89' lang='lat' dir='ltr'><strong>Dei</strong></span> <span class='ocrx_word' id='word_1_88' title='bbox 1022 1343 1238 1389; x_wconf 90' lang='lat' dir='ltr'><strong>creatus</strong></span> <span class='ocrx_word' id='word_1_89' title='bbox 1283 1333 1510 1402; x_wconf 89' lang='lat' dir='ltr'><strong>accepit.</strong></span> <span class='ocrx_word' id='word_1_90' title='bbox 1558 1331 1692 1387; x_wconf 90' lang='lat' dir='ltr'><strong>Cum</strong></span> <span class='ocrx_word' id='word_1_91' title='bbox 1732 1345 1860 1399; x_wconf 89' lang='lat' dir='ltr'><strong>ergo</strong></span> <span class='ocrx_word' id='word_1_92' title='bbox 1901 1330 2041 1401; x_wconf 91' lang='lat' dir='ltr'><strong>apud</strong></span> <span class='ocrx_word' id='word_1_93' title='bbox 2076 1344 2136 1384; x_wconf 90' lang='lat' dir='ltr'><strong>se</strong></span> 
     </span>
    </p>
   </div>
   <div class='ocr_carea' id='block_1_13' title="bbox 552 1420 2134 1492">
    <p class='ocr_par' dir='ltr' id='par_1_13' title="bbox 552 1420 2134 1492">
     <span class='ocr_line' id='line_1_13' title="bbox 552 1420 2134 1492; baseline -0.003 -13"><span class='ocrx_word' id='word_1_94' title='bbox 552 1424 715 1480; x_wconf 90' lang='lat' dir='ltr'><strong>homo</strong></span> <span class='ocrx_word' id='word_1_95' title='bbox 742 1423 959 1492; x_wconf 89' lang='lat' dir='ltr'><strong>cogitat,</strong></span> <span class='ocrx_word' id='word_1_96' title='bbox 992 1440 1099 1479; x_wconf 91' lang='lat' dir='ltr'><strong>non</strong></span> <span class='ocrx_word' id='word_1_97' title='bbox 1128 1431 1281 1479; x_wconf 78' lang='lat' dir='ltr'><strong>extra</strong></span> <span class='ocrx_word' id='word_1_98' title='bbox 1313 1439 1391 1488; x_wconf 91' lang='lat' dir='ltr'><strong>se,</strong></span> <span class='ocrx_word' id='word_1_99' title='bbox 1415 1422 1510 1479; x_wconf 90' lang='lat' dir='ltr'><strong>sed</strong></span> <span class='ocrx_word' id='word_1_100' title='bbox 1539 1422 1677 1476; x_wconf 89' lang='lat' dir='ltr'><strong>intra</strong></span> <span class='ocrx_word' id='word_1_101' title='bbox 1707 1437 1767 1476; x_wconf 90' lang='lat' dir='ltr'><strong>se</strong></span> <span class='ocrx_word' id='word_1_102' title='bbox 1796 1420 2013 1490; x_wconf 79' lang='lat' dir='ltr'><strong>cogitat,</strong></span> <span class='ocrx_word' id='word_1_103' title='bbox 2042 1421 2134 1489; x_wconf 92' lang='lat' dir='ltr'><strong>qui</strong></span> 
     </span>
    </p>
   </div>
   <div class='ocr_carea' id='block_1_14' title="bbox 552 1510 2130 1582">
    <p class='ocr_par' dir='ltr' id='par_1_14' title="bbox 552 1510 2130 1582">
     <span class='ocr_line' id='line_1_14' title="bbox 552 1510 2130 1582; baseline -0.002 -15"><span class='ocrx_word' id='word_1_104' title='bbox 552 1529 659 1569; x_wconf 90' lang='lat' dir='ltr'><strong>non</strong></span> <span class='ocrx_word' id='word_1_105' title='bbox 688 1521 841 1568; x_wconf 82' lang='lat' dir='ltr'><strong>extra</strong></span> <span class='ocrx_word' id='word_1_106' title='bbox 870 1528 929 1568; x_wconf 89' lang='lat' dir='ltr'><strong>se</strong></span> <span class='ocrx_word' id='word_1_107' title='bbox 955 1515 1236 1582; x_wconf 82' lang='lat' dir='ltr'><strong>cogitaret,</strong></span> <span class='ocrx_word' id='word_1_108' title='bbox 1270 1512 1479 1568; x_wconf 90' lang='lat' dir='ltr'><strong>etiamsi</strong></span> <span class='ocrx_word' id='word_1_109' title='bbox 1502 1512 1568 1567; x_wconf 90' lang='lat' dir='ltr'><strong>ad</strong></span> <span class='ocrx_word' id='word_1_110' title='bbox 1595 1512 1918 1567; x_wconf 83' lang='lat' dir='ltr'><strong>exteriorem</strong></span> <span class='ocrx_word' id='word_1_111' title='bbox 1961 1510 2130 1566; x_wconf 81' lang='lat' dir='ltr'><strong>hami-</strong></span> 
     </span>
    </p>
   </div>
   <div class='ocr_carea' id='block_1_15' title="bbox 550 1606 2135 1676">
    <p class='ocr_par' dir='ltr' id='par_1_15' title="bbox 550 1606 2135 1676">
     <span class='ocr_line' id='line_1_15' title="bbox 550 1606 2135 1676; baseline -0.001 -14"><span class='ocrx_word' id='word_1_112' title='bbox 550 1620 671 1662; x_wconf 89' lang='lat' dir='ltr'><strong>nem</strong></span> <span class='ocrx_word' id='word_1_113' title='bbox 701 1606 956 1675; x_wconf 84' lang='lat' dir='ltr'><strong>cogitatio</strong></span> <span class='ocrx_word' id='word_1_114' title='bbox 994 1607 1305 1676; x_wconf 86' lang='lat' dir='ltr'><strong>pertineret.</strong></span> <span class='ocrx_word' id='word_1_115' title='bbox 1356 1606 1572 1673; x_wconf 89' lang='lat' dir='ltr'><strong>Quanto</strong></span> <span class='ocrx_word' id='word_1_116' title='bbox 1621 1606 1790 1674; x_wconf 84' lang='lat' dir='ltr'><strong>magis</strong></span> <span class='ocrx_word' id='word_1_117' title='bbox 1836 1620 1965 1674; x_wconf 91' lang='lat' dir='ltr'><strong>ergo</strong></span> <span class='ocrx_word' id='word_1_118' title='bbox 1995 1606 2135 1660; x_wconf 90' lang='lat' dir='ltr'><strong>intra</strong></span> 
     </span>
    </p>
   </div>
   <div class='ocr_carea' id='block_1_16' title="bbox 550 1697 2137 1770">
    <p class='ocr_par' dir='ltr' id='par_1_16' title="bbox 550 1697 2137 1770">
     <span class='ocr_line' id='line_1_16' title="bbox 550 1697 2137 1770; baseline -0.003 -13"><span class='ocrx_word' id='word_1_119' title='bbox 550 1714 610 1757; x_wconf 85' lang='lat' dir='ltr'><strong>se</strong></span> <span class='ocrx_word' id='word_1_120' title='bbox 635 1698 858 1768; x_wconf 85' lang='lat' dir='ltr'><strong>cogitat,</strong></span> <span class='ocrx_word' id='word_1_121' title='bbox 906 1697 1341 1770; x_wconf 87' lang='lat' dir='ltr'><strong>quandoquidem</strong></span> <span class='ocrx_word' id='word_1_122' title='bbox 1383 1715 1490 1755; x_wconf 92' lang='lat' dir='ltr'><strong>non</strong></span> <span class='ocrx_word' id='word_1_123' title='bbox 1531 1698 1769 1754; x_wconf 81' lang='lat' dir='ltr'><strong>exterior</strong></span> <span class='ocrx_word' id='word_1_124' title='bbox 1810 1699 1990 1763; x_wconf 90' lang='lat' dir='ltr'><strong>homo,</strong></span> <span class='ocrx_word' id='word_1_125' title='bbox 2040 1697 2137 1753; x_wconf 88' lang='lat' dir='ltr'><strong>sed</strong></span> 
     </span>
    </p>
   </div>
   <div class='ocr_carea' id='block_1_17' title="bbox 549 1789 2134 1861">
    <p class='ocr_par' dir='ltr' id='par_1_17' title="bbox 549 1789 2134 1861">
     <span class='ocr_line' id='line_1_17' title="bbox 549 1789 2134 1861; baseline -0.003 -14"><span class='ocrx_word' id='word_1_126' title='bbox 549 1791 775 1848; x_wconf 85' lang='lat' dir='ltr'><strong>interior</strong></span> <span class='ocrx_word' id='word_1_127' title='bbox 807 1794 1027 1861; x_wconf 85' lang='lat' dir='ltr'><strong>cogitat.</strong></span> <span class='ocrx_word' id='word_1_128' title='bbox 1068 1790 1169 1858; x_wconf 85' lang='lat' dir='ltr'><strong>Qui</strong></span> <span class='ocrx_word' id='word_1_129' title='bbox 1199 1801 1379 1847; x_wconf 90' lang='lat' dir='ltr'><strong>tamen</strong></span> <span class='ocrx_word' id='word_1_130' title='bbox 1409 1792 1699 1847; x_wconf 87' lang='lat' dir='ltr'><strong>secundum</strong></span> <span class='ocrx_word' id='word_1_131' title='bbox 1730 1789 2022 1859; x_wconf 70' lang='lat' dir='ltr'><strong>Scriptura:</strong></span> <span class='ocrx_word' id='word_1_132' title='bbox 2053 1801 2134 1843; x_wconf 84' lang='lat' dir='ltr'><strong>te-</strong></span> 
     </span>
    </p>
   </div>
   <div class='ocr_carea' id='block_1_18' title="bbox 2236 584 3838 657">
    <p class='ocr_par' dir='ltr' id='par_1_18' title="bbox 2236 584 3838 657">
     <span class='ocr_line' id='line_1_18' title="bbox 2236 584 3838 657; baseline -0.005 -10"><span class='ocrx_word' id='word_1_133' title='bbox 2236 592 2378 647; x_wconf 89' lang='lat' dir='ltr'><strong>euim</strong></span> <span class='ocrx_word' id='word_1_134' title='bbox 2411 609 2424 645; x_wconf 89' lang='lat'><strong>:</strong></span> <span class='ocrx_word' id='word_1_135' title='bbox 2460 590 2586 655; x_wconf 74' lang='lat' dir='ltr'><strong>Qua:</strong></span> <span class='ocrx_word' id='word_1_136' title='bbox 2631 590 2802 646; x_wconf 78' lang='lat' dir='ltr'><strong>dicitis</strong></span> <span class='ocrx_word' id='word_1_137' title='bbox 2843 591 2899 645; x_wconf 87' lang='lat' dir='ltr'><strong>in</strong></span> <span class='ocrx_word' id='word_1_138' title='bbox 2939 588 3177 644; x_wconf 80' lang='lat' dir='ltr'><strong>cordibus</strong></span> <span class='ocrx_word' id='word_1_139' title='bbox 3215 587 3397 657; x_wconf 75' lang='lat' dir='ltr'><strong>vestris</strong></span> <span class='ocrx_word' id='word_1_140' title='bbox 3439 585 3610 654; x_wconf 78' lang='lat' dir='ltr'><strong>(Psal.</strong></span> <span class='ocrx_word' id='word_1_141' title='bbox 3635 584 3838 654; x_wconf 69' lang='lat'><strong>&quot;,5).</strong></span> 
     </span>
    </p>
   </div>
   <div class='ocr_carea' id='block_1_19' title="bbox 2235 678 3843 754">
    <p class='ocr_par' dir='ltr' id='par_1_19' title="bbox 2235 678 3843 754">
     <span class='ocr_line' id='line_1_19' title="bbox 2235 678 3843 754; baseline -0.006 -13"><span class='ocrx_word' id='word_1_142' title='bbox 2235 685 2389 754; x_wconf 84' lang='lat' dir='ltr'><strong>Quod</strong></span> <span class='ocrx_word' id='word_1_143' title='bbox 2414 686 2458 741; x_wconf 91' lang='lat' dir='ltr'><strong>si</strong></span> <span class='ocrx_word' id='word_1_144' title='bbox 2487 686 2642 741; x_wconf 88' lang='lat' dir='ltr'><strong>aliter</strong></span> <span class='ocrx_word' id='word_1_145' title='bbox 2666 684 3001 754; x_wconf 88' lang='lat' dir='ltr'><strong>distinguere</strong></span> <span class='ocrx_word' id='word_1_146' title='bbox 3043 680 3332 747; x_wconf 86' lang='lat' dir='ltr'><strong>voluerint,</strong></span> <span class='ocrx_word' id='word_1_147' title='bbox 3381 688 3441 735; x_wconf 93' lang='lat' dir='ltr'><strong>ut</strong></span> <span class='ocrx_word' id='word_1_148' title='bbox 3468 680 3643 751; x_wconf 87' lang='lat' dir='ltr'><strong>ipsum</strong></span> <span class='ocrx_word' id='word_1_149' title='bbox 3681 678 3843 750; x_wconf 85' lang='lat' dir='ltr'><strong>apud</strong></span> 
     </span>
    </p>
   </div>
   <div class='ocr_carea' id='block_1_20' title="bbox 2234 771 3847 850">
    <p class='ocr_par' dir='ltr' id='par_1_20' title="bbox 2234 771 3847 850">
     <span class='ocr_line' id='line_1_20' title="bbox 2234 771 3847 850; baseline -0.009 -13"><span class='ocrx_word' id='word_1_150' title='bbox 2234 788 2312 845; x_wconf 83' lang='lat' dir='ltr'><strong>se,</strong></span> <span class='ocrx_word' id='word_1_151' title='bbox 2342 796 2449 834; x_wconf 90' lang='lat' dir='ltr'><strong>nou</strong></span> <span class='ocrx_word' id='word_1_152' title='bbox 2481 777 2801 850; x_wconf 65' lang='lat' dir='ltr'><strong>praecedenti</strong></span> <span class='ocrx_word' id='word_1_153' title='bbox 2829 775 3086 841; x_wconf 85' lang='lat' dir='ltr'><strong>sermoni,</strong></span> <span class='ocrx_word' id='word_1_154' title='bbox 3108 775 3203 830; x_wconf 88' lang='lat' dir='ltr'><strong>sed</strong></span> <span class='ocrx_word' id='word_1_155' title='bbox 3225 772 3571 842; x_wconf 87' lang='lat' dir='ltr'><strong>subsequenti</strong></span> <span class='ocrx_word' id='word_1_156' title='bbox 3595 771 3847 841; x_wconf 78' lang='lat' dir='ltr'><strong>conjun—</strong></span> 
     </span>
    </p>
   </div>
   <div class='ocr_carea' id='block_1_21' title="bbox 2234 861 3845 941">
    <p class='ocr_par' dir='ltr' id='par_1_21' title="bbox 2234 861 3845 941">
     <span class='ocr_line' id='line_1_21' title="bbox 2234 861 3845 941; baseline -0.004 -17"><span class='ocrx_word' id='word_1_157' title='bbox 2234 879 2380 941; x_wconf 89' lang='lat' dir='ltr'><strong>gant,</strong></span> <span class='ocrx_word' id='word_1_158' title='bbox 2433 878 2491 925; x_wconf 93' lang='lat' dir='ltr'><strong>ut</strong></span> <span class='ocrx_word' id='word_1_159' title='bbox 2516 871 2903 941; x_wconf 68' lang='lat' dir='ltr'><strong>prmmittentes</strong></span> <span class='ocrx_word' id='word_1_160' title='bbox 2929 868 3202 934; x_wconf 83' lang='lat' dir='ltr'><strong>dixerunt,</strong></span> <span class='ocrx_word' id='word_1_161' title='bbox 3252 865 3535 934; x_wconf 90' lang='lat' dir='ltr'><strong>interjecto</strong></span> <span class='ocrx_word' id='word_1_162' title='bbox 3583 861 3845 931; x_wconf 81' lang='lat' dir='ltr'><strong>silentio,</strong></span> 
     </span>
    </p>
   </div>
   <div class='ocr_carea' id='block_1_22' title="bbox 2236 952 3847 1033">
    <p class='ocr_par' dir='ltr' id='par_1_22' title="bbox 2236 952 3847 1033">
     <span class='ocr_line' id='line_1_22' title="bbox 2236 952 3847 1033; baseline -0.006 -17"><span class='ocrx_word' id='word_1_163' title='bbox 2236 960 2575 1033; x_wconf 86' lang='lat' dir='ltr'><strong>postmodum</strong></span> <span class='ocrx_word' id='word_1_164' title='bbox 2620 960 2849 1014; x_wconf 84' lang='lat' dir='ltr'><strong>inierant</strong></span> <span class='ocrx_word' id='word_1_165' title='bbox 2878 956 3006 1013; x_wconf 88' lang='lat' dir='ltr'><strong>illud</strong></span> <span class='ocrx_word' id='word_1_166' title='bbox 3053 953 3197 1027; x_wconf 88' lang='lat' dir='ltr'><strong>quod</strong></span> <span class='ocrx_word' id='word_1_167' title='bbox 3225 952 3427 1010; x_wconf 90' lang='lat' dir='ltr'><strong>dictum</strong></span> <span class='ocrx_word' id='word_1_168' title='bbox 3456 961 3560 1019; x_wconf 86' lang='lat' dir='ltr'><strong>est,</strong></span> <span class='ocrx_word' id='word_1_169' title='bbox 3593 952 3749 1024; x_wconf 78' lang='lat' dir='ltr'><strong>Apud</strong></span> <span class='ocrx_word' id='word_1_170' title='bbox 3779 967 3847 1006; x_wconf 73' lang='lat' dir='ltr'><strong>se</strong></span> 
     </span>
    </p>
   </div>
   <div class='ocr_carea' id='block_1_23' title="bbox 2235 1042 3846 1125">
    <p class='ocr_par' dir='ltr' id='par_1_23' title="bbox 2235 1042 3846 1125">
     <span class='ocr_line' id='line_1_23' title="bbox 2235 1042 3846 1125; baseline -0.004 -22"><span class='ocrx_word' id='word_1_171' title='bbox 2235 1052 2519 1121; x_wconf 77' lang='lat' dir='ltr'><strong>cogitantes</strong></span> <span class='ocrx_word' id='word_1_172' title='bbox 2544 1067 2645 1125; x_wconf 84' lang='lat' dir='ltr'><strong>non</strong></span> <span class='ocrx_word' id='word_1_173' title='bbox 2674 1057 2807 1103; x_wconf 88' lang='lat' dir='ltr'><strong>recte</strong></span> <span class='ocrx_word' id='word_1_174' title='bbox 2831 1047 2983 1119; x_wconf 87' lang='lat' dir='ltr'><strong>(Sap.</strong></span> <span class='ocrx_word' id='word_1_175' title='bbox 3017 1062 3073 1110; x_wconf 89' lang='grc' dir='ltr'>ιι,</span> <span class='ocrx_word' id='word_1_176' title='bbox 3108 1045 3131 1097; x_wconf 76' lang='grc'><strong>1</strong></span> <span class='ocrx_word' id='word_1_177' title='bbox 3149 1054 3161 1107; x_wconf 81' lang='lat'><strong>)</strong></span> <span class='ocrx_word' id='word_1_178' title='bbox 3181 1082 3198 1109; x_wconf 91' lang='lat'><strong>,</strong></span> <span class='ocrx_word' id='word_1_179' title='bbox 3231 1042 3393 1098; x_wconf 83' lang='lat' dir='ltr'><strong>etiam</strong></span> <span class='ocrx_word' id='word_1_180' title='bbox 3420 1043 3549 1098; x_wconf 90' lang='lat' dir='ltr'><strong>hinc</strong></span> <span class='ocrx_word' id='word_1_181' title='bbox 3580 1043 3846 1111; x_wconf 82' lang='lat' dir='ltr'><strong>increpa-</strong></span> 
     </span>
    </p>
   </div>
   <div class='ocr_carea' id='block_1_24' title="bbox 2233 1133 3846 1204">
    <p class='ocr_par' dir='ltr' id='par_1_24' title="bbox 2233 1133 3846 1204">
     <span class='ocr_line' id='line_1_24' title="bbox 2233 1133 3846 1204; baseline -0.004 -8"><span class='ocrx_word' id='word_1_182' title='bbox 2233 1143 2439 1197; x_wconf 86' lang='lat' dir='ltr'><strong>tionem</strong></span> <span class='ocrx_word' id='word_1_183' title='bbox 2459 1141 2753 1195; x_wconf 87' lang='lat' dir='ltr'><strong>Salvatoris</strong></span> <span class='ocrx_word' id='word_1_184' title='bbox 2777 1139 3016 1202; x_wconf 86' lang='lat' dir='ltr'><strong>audiant,</strong></span> <span class='ocrx_word' id='word_1_185' title='bbox 3045 1147 3099 1193; x_wconf 91' lang='lat' dir='ltr'><strong>et</strong></span> <span class='ocrx_word' id='word_1_186' title='bbox 3124 1137 3304 1194; x_wconf 88' lang='lat' dir='ltr'><strong>cordis</strong></span> <span class='ocrx_word' id='word_1_187' title='bbox 3329 1150 3448 1192; x_wconf 88' lang='lat' dir='ltr'><strong>esse</strong></span> <span class='ocrx_word' id='word_1_188' title='bbox 3470 1133 3846 1204; x_wconf 72' lang='lat' dir='ltr'><strong>cogitationes</strong></span> 
     </span>
    </p>
   </div>
   <div class='ocr_carea' id='block_1_25' title="bbox 2236 1222 3843 1301">
    <p class='ocr_par' dir='ltr' id='par_1_25' title="bbox 2236 1222 3843 1301">
     <span class='ocr_line' id='line_1_25' title="bbox 2236 1222 3843 1301; baseline -0.004 -16"><span class='ocrx_word' id='word_1_189' title='bbox 2236 1240 2562 1300; x_wconf 77' lang='lat' dir='ltr'><strong>agnoscant;</strong></span> <span class='ocrx_word' id='word_1_190' title='bbox 2594 1232 2670 1286; x_wconf 90' lang='lat' dir='ltr'><strong>ait</strong></span> <span class='ocrx_word' id='word_1_191' title='bbox 2698 1231 2841 1286; x_wconf 90' lang='lat' dir='ltr'><strong>enim</strong></span> <span class='ocrx_word' id='word_1_192' title='bbox 2866 1248 2880 1285; x_wconf 87' lang='lat'><strong>:</strong></span> <span class='ocrx_word' id='word_1_193' title='bbox 2910 1225 3048 1294; x_wconf 84' lang='lat' dir='ltr'><strong>Quid</strong></span> <span class='ocrx_word' id='word_1_194' title='bbox 3076 1229 3317 1301; x_wconf 80' lang='lat' dir='ltr'><strong>cogitatis</strong></span> <span class='ocrx_word' id='word_1_195' title='bbox 3343 1226 3484 1281; x_wconf 86' lang='lat' dir='ltr'><strong>mala</strong></span> <span class='ocrx_word' id='word_1_196' title='bbox 3500 1228 3557 1297; x_wconf 84' lang='lat' dir='ltr'><strong>in</strong></span> <span class='ocrx_word' id='word_1_197' title='bbox 3582 1222 3843 1280; x_wconf 72' lang='lat' dir='ltr'><strong>cordibus</strong></span> 
     </span>
    </p>
   </div>
   <div class='ocr_carea' id='block_1_26' title="bbox 2235 1322 3841 1397">
    <p class='ocr_par' dir='ltr' id='par_1_26' title="bbox 2235 1322 3841 1397">
     <span class='ocr_line' id='line_1_26' title="bbox 2235 1322 3841 1397; baseline -0.002 -15"><span class='ocrx_word' id='word_1_198' title='bbox 2235 1329 2412 1383; x_wconf 84' lang='lat' dir='ltr'><strong>vestris</strong></span> <span class='ocrx_word' id='word_1_199' title='bbox 2444 1326 2590 1397; x_wconf 89' lang='lat' dir='ltr'><strong>(Luc.</strong></span> <span class='ocrx_word' id='word_1_200' title='bbox 2623 1343 2677 1393; x_wconf 72' lang='grc' dir='ltr'><strong>ν,</strong></span> <span class='ocrx_word' id='word_1_201' title='bbox 2701 1326 2833 1397; x_wconf 74' lang='lat'><strong>22)?</strong></span> <span class='ocrx_word' id='word_1_202' title='bbox 2863 1325 2980 1381; x_wconf 90' lang='lat' dir='ltr'><strong>Alio</strong></span> <span class='ocrx_word' id='word_1_203' title='bbox 3014 1340 3231 1397; x_wconf 89' lang='lat' dir='ltr'><strong>quoque</strong></span> <span class='ocrx_word' id='word_1_204' title='bbox 3254 1325 3376 1380; x_wconf 90' lang='lat' dir='ltr'><strong>loco</strong></span> <span class='ocrx_word' id='word_1_205' title='bbox 3402 1322 3539 1378; x_wconf 90' lang='lat' dir='ltr'><strong>idem</strong></span> <span class='ocrx_word' id='word_1_206' title='bbox 3567 1322 3841 1378; x_wconf 81' lang='lat' dir='ltr'><strong>Dominus</strong></span> 
     </span>
    </p>
   </div>
   <div class='ocr_carea' id='block_1_27' title="bbox 2235 1411 3836 1488">
    <p class='ocr_par' dir='ltr' id='par_1_27' title="bbox 2235 1411 3836 1488">
     <span class='ocr_line' id='line_1_27' title="bbox 2235 1411 3836 1488; baseline -0.003 -16"><span class='ocrx_word' id='word_1_207' title='bbox 2235 1416 2424 1473; x_wconf 90' lang='lat' dir='ltr'><strong>docet:</strong></span> <span class='ocrx_word' id='word_1_208' title='bbox 2445 1416 2580 1483; x_wconf 80' lang='lat' dir='ltr'><strong>Quia</strong></span> <span class='ocrx_word' id='word_1_209' title='bbox 2608 1420 2671 1471; x_wconf 89' lang='lat' dir='ltr'><strong>de</strong></span> <span class='ocrx_word' id='word_1_210' title='bbox 2692 1418 2847 1472; x_wconf 87' lang='lat' dir='ltr'><strong>corde</strong></span> <span class='ocrx_word' id='word_1_211' title='bbox 2869 1425 3057 1472; x_wconf 73' lang='lat' dir='ltr'><strong>exeunt</strong></span> <span class='ocrx_word' id='word_1_212' title='bbox 3079 1416 3415 1488; x_wconf 83' lang='lat' dir='ltr'><strong>cogitationes</strong></span> <span class='ocrx_word' id='word_1_213' title='bbox 3436 1416 3589 1469; x_wconf 74' lang='lat' dir='ltr'><strong>mala:</strong></span> <span class='ocrx_word' id='word_1_214' title='bbox 3607 1411 3836 1486; x_wconf 77' lang='lat' dir='ltr'><strong>(Matth.</strong></span> 
     </span>
    </p>
   </div>
   <div class='ocr_carea' id='block_1_28' title="bbox 2239 1501 3837 1578">
    <p class='ocr_par' dir='ltr' id='par_1_28' title="bbox 2239 1501 3837 1578">
     <span class='ocr_line' id='line_1_28' title="bbox 2239 1501 3837 1578; baseline -0.004 -16"><span class='ocrx_word' id='word_1_215' title='bbox 2239 1524 2325 1574; x_wconf 77' lang='lat' dir='ltr'><strong>xv,</strong></span> <span class='ocrx_word' id='word_1_216' title='bbox 2358 1508 2469 1578; x_wconf 80' lang='lat'><strong>19).</strong></span> <span class='ocrx_word' id='word_1_217' title='bbox 2515 1508 2582 1564; x_wconf 86' lang='lat' dir='ltr'><strong>Et</strong></span> <span class='ocrx_word' id='word_1_218' title='bbox 2608 1508 2786 1564; x_wconf 88' lang='lat' dir='ltr'><strong>denuo</strong></span> <span class='ocrx_word' id='word_1_219' title='bbox 2813 1507 2987 1563; x_wconf 89' lang='lat' dir='ltr'><strong>dicit:</strong></span> <span class='ocrx_word' id='word_1_220' title='bbox 3027 1504 3162 1570; x_wconf 88' lang='lat' dir='ltr'><strong>Quia</strong></span> <span class='ocrx_word' id='word_1_221' title='bbox 3202 1504 3363 1561; x_wconf 89' lang='lat' dir='ltr'><strong>bonus</strong></span> <span class='ocrx_word' id='word_1_222' title='bbox 3404 1504 3556 1559; x_wconf 87' lang='lat' dir='ltr'><strong>homo</strong></span> <span class='ocrx_word' id='word_1_223' title='bbox 3597 1503 3663 1557; x_wconf 84' lang='lat' dir='ltr'><strong>de</strong></span> <span class='ocrx_word' id='word_1_224' title='bbox 3693 1501 3837 1557; x_wconf 70' lang='lat' dir='ltr'><strong>bona</strong></span> 
     </span>
    </p>
   </div>
   <div class='ocr_carea' id='block_1_29' title="bbox 2239 1592 3840 1671">
    <p class='ocr_par' dir='ltr' id='par_1_29' title="bbox 2239 1592 3840 1671">
     <span class='ocr_line' id='line_1_29' title="bbox 2239 1592 3840 1671; baseline -0.006 -16"><span class='ocrx_word' id='word_1_225' title='bbox 2239 1601 2477 1657; x_wconf 83' lang='lat' dir='ltr'><strong>thesauro</strong></span> <span class='ocrx_word' id='word_1_226' title='bbox 2508 1601 2682 1656; x_wconf 86' lang='lat' dir='ltr'><strong>cordis</strong></span> <span class='ocrx_word' id='word_1_227' title='bbox 2708 1601 2789 1654; x_wconf 88' lang='lat' dir='ltr'><strong>sui</strong></span> <span class='ocrx_word' id='word_1_228' title='bbox 2819 1600 3016 1671; x_wconf 78' lang='lat' dir='ltr'><strong>profert</strong></span> <span class='ocrx_word' id='word_1_229' title='bbox 3055 1596 3233 1651; x_wconf 88' lang='lat' dir='ltr'><strong>bona:</strong></span> <span class='ocrx_word' id='word_1_230' title='bbox 3263 1604 3313 1651; x_wconf 86' lang='lat' dir='ltr'><strong>et</strong></span> <span class='ocrx_word' id='word_1_231' title='bbox 3354 1597 3521 1651; x_wconf 87' lang='lat' dir='ltr'><strong>malus</strong></span> <span class='ocrx_word' id='word_1_232' title='bbox 3562 1595 3718 1648; x_wconf 86' lang='lat' dir='ltr'><strong>homo</strong></span> <span class='ocrx_word' id='word_1_233' title='bbox 3767 1592 3840 1646; x_wconf 82' lang='lat' dir='ltr'><strong>de</strong></span> 
     </span>
    </p>
   </div>
   <div class='ocr_carea' id='block_1_30' title="bbox 2237 1679 3833 1762">
    <p class='ocr_par' dir='ltr' id='par_1_30' title="bbox 2237 1679 3833 1762">
     <span class='ocr_line' id='line_1_30' title="bbox 2237 1679 3833 1762; baseline -0.005 -16"><span class='ocrx_word' id='word_1_234' title='bbox 2237 1693 2376 1747; x_wconf 87' lang='lat' dir='ltr'><strong>malo</strong></span> <span class='ocrx_word' id='word_1_235' title='bbox 2399 1693 2637 1748; x_wconf 85' lang='lat' dir='ltr'><strong>thesauro</strong></span> <span class='ocrx_word' id='word_1_236' title='bbox 2666 1692 2837 1747; x_wconf 84' lang='lat' dir='ltr'><strong>cordis</strong></span> <span class='ocrx_word' id='word_1_237' title='bbox 2864 1691 2946 1746; x_wconf 87' lang='lat' dir='ltr'><strong>sui</strong></span> <span class='ocrx_word' id='word_1_238' title='bbox 2969 1692 3166 1762; x_wconf 71' lang='lat' dir='ltr'><strong>profert</strong></span> <span class='ocrx_word' id='word_1_239' title='bbox 3193 1688 3335 1743; x_wconf 87' lang='lat' dir='ltr'><strong>mala</strong></span> <span class='ocrx_word' id='word_1_240' title='bbox 3355 1679 3569 1759; x_wconf 70' lang='lat' dir='ltr'><strong>(Matth.</strong></span> <span class='ocrx_word' id='word_1_241' title='bbox 3600 1701 3694 1751; x_wconf 72' lang='grc' dir='ltr'>ιιι,</span> <span class='ocrx_word' id='word_1_242' title='bbox 3712 1682 3833 1755; x_wconf 75' lang='lat'><strong>35).</strong></span> 
     </span>
    </p>
   </div>
   <div class='ocr_carea' id='block_1_31' title="bbox 2236 1774 3838 1856">
    <p class='ocr_par' dir='ltr' id='par_1_31' title="bbox 2236 1774 3838 1856">
     <span class='ocr_line' id='line_1_31' title="bbox 2236 1774 3838 1856; baseline -0.006 -16"><span class='ocrx_word' id='word_1_243' title='bbox 2236 1784 2426 1841; x_wconf 68' lang='lat' dir='ltr'><strong>iamne</strong></span> <span class='ocrx_word' id='word_1_244' title='bbox 2446 1792 2777 1856; x_wconf 71' lang='lat' dir='ltr'><strong>cognoscunt</strong></span> <span class='ocrx_word' id='word_1_245' title='bbox 2822 1786 2875 1839; x_wconf 91' lang='lat' dir='ltr'><strong>in</strong></span> <span class='ocrx_word' id='word_1_246' title='bbox 2916 1792 3117 1853; x_wconf 90' lang='lat' dir='ltr'><strong>quanto</strong></span> <span class='ocrx_word' id='word_1_247' title='bbox 3155 1794 3341 1837; x_wconf 90' lang='lat' dir='ltr'><strong>errore</strong></span> <span class='ocrx_word' id='word_1_248' title='bbox 3390 1786 3677 1835; x_wconf 77' lang='lat' dir='ltr'><strong>versentur</strong></span> <span class='ocrx_word' id='word_1_249' title='bbox 3738 1774 3838 1847; x_wconf 85' lang='lat' dir='ltr'><strong>qui</strong></span> 
     </span>
    </p>
   </div>
   <div class='ocr_carea' id='block_1_32' title="bbox 551 1868 3836 1958">
    <p class='ocr_par' dir='ltr' id='par_1_32' title="bbox 551 1868 3836 1958">
     <span class='ocr_line' id='line_1_32' title="bbox 551 1868 3836 1958; baseline -0.004 -21"><span class='ocrx_word' id='word_1_250' title='bbox 551 1880 859 1937; x_wconf 87' lang='lat' dir='ltr'><strong>stimonium</strong></span> <span class='ocrx_word' id='word_1_251' title='bbox 888 1881 1032 1953; x_wconf 87' lang='lat' dir='ltr'><strong>apud</strong></span> <span class='ocrx_word' id='word_1_252' title='bbox 1060 1896 1119 1937; x_wconf 90' lang='lat' dir='ltr'><strong>se</strong></span> <span class='ocrx_word' id='word_1_253' title='bbox 1146 1882 1385 1951; x_wconf 83' lang='lat' dir='ltr'><strong>cogitare</strong></span> <span class='ocrx_word' id='word_1_254' title='bbox 1411 1881 1627 1947; x_wconf 79' lang='lat' dir='ltr'><strong>dcitur,</strong></span> <span class='ocrx_word' id='word_1_255' title='bbox 1651 1881 1796 1949; x_wconf 88' lang='lat' dir='ltr'><strong>quod</strong></span> <span class='ocrx_word' id='word_1_256' title='bbox 1826 1881 2008 1949; x_wconf 89' lang='lat' dir='ltr'><strong>utique</strong></span> <span class='ocrx_word' id='word_1_257' title='bbox 2030 1895 2135 1935; x_wconf 91' lang='lat' dir='ltr'><strong>non</strong></span> <span class='ocrx_word' id='word_1_258' title='bbox 2167 1896 2214 1958; x_wconf 75' lang='grc' dir='ltr'><strong>Β</strong></span> <span class='ocrx_word' id='word_1_259' title='bbox 2240 1878 2473 1934; x_wconf 82' lang='lat' dir='ltr'><strong>Verbum</strong></span> <span class='ocrx_word' id='word_1_260' title='bbox 2504 1877 2642 1947; x_wconf 88' lang='lat' dir='ltr'><strong>apud</strong></span> <span class='ocrx_word' id='word_1_261' title='bbox 2672 1876 2861 1944; x_wconf 90' lang='lat' dir='ltr'><strong>Deum,</strong></span> <span class='ocrx_word' id='word_1_262' title='bbox 2893 1868 3274 1941; x_wconf 48' lang='lat' dir='ltr'><strong>non&#39;iuterius,</strong></span> <span class='ocrx_word' id='word_1_263' title='bbox 3299 1870 3394 1928; x_wconf 87' lang='lat' dir='ltr'><strong>sed</strong></span> <span class='ocrx_word' id='word_1_264' title='bbox 3422 1870 3662 1927; x_wconf 79' lang='lat' dir='ltr'><strong>exterius</strong></span> <span class='ocrx_word' id='word_1_265' title='bbox 3683 1881 3836 1924; x_wconf 84' lang='lat' dir='ltr'><strong>asse-</strong></span> 
     </span>
    </p>
   </div>
   <div class='ocr_carea' id='block_1_33' title="bbox 551 1970 2132 2042">
    <p class='ocr_par' dir='ltr' id='par_1_33' title="bbox 551 1970 2132 2042">
     <span class='ocr_line' id='line_1_33' title="bbox 551 1970 2132 2042; baseline 0 -16"><span class='ocrx_word' id='word_1_266' title='bbox 551 1970 606 2026; x_wconf 86' lang='lat' dir='ltr'><strong>in</strong></span> <span class='ocrx_word' id='word_1_267' title='bbox 635 1973 939 2038; x_wconf 72' lang='lat' dir='ltr'><strong>exterioris,</strong></span> <span class='ocrx_word' id='word_1_268' title='bbox 969 1972 1064 2027; x_wconf 89' lang='lat' dir='ltr'><strong>sed</strong></span> <span class='ocrx_word' id='word_1_269' title='bbox 1091 1973 1364 2028; x_wconf 88' lang='lat' dir='ltr'><strong>interioris</strong></span> <span class='ocrx_word' id='word_1_270' title='bbox 1387 1974 1617 2029; x_wconf 84' lang='lat' dir='ltr'><strong>hominis</strong></span> <span class='ocrx_word' id='word_1_271' title='bbox 1646 1971 1823 2028; x_wconf 86' lang='lat' dir='ltr'><strong>ollicio</strong></span> <span class='ocrx_word' id='word_1_272' title='bbox 1850 1972 2132 2042; x_wconf 88' lang='lat' dir='ltr'><strong>reperitur.</strong></span> 
     </span>
    </p>
   </div>
   <div class='ocr_carea' id='block_1_34' title="bbox 550 2064 2135 2137">
    <p class='ocr_par' dir='ltr' id='par_1_34' title="bbox 550 2064 2135 2137">
     <span class='ocr_line' id='line_1_34' title="bbox 550 2064 2135 2137; baseline 0 -18"><span class='ocrx_word' id='word_1_273' title='bbox 550 2064 643 2119; x_wconf 76' lang='lat' dir='ltr'><strong>Ait</strong></span> <span class='ocrx_word' id='word_1_274' title='bbox 667 2065 807 2120; x_wconf 89' lang='lat' dir='ltr'><strong>enim</strong></span> <span class='ocrx_word' id='word_1_275' title='bbox 849 2065 1147 2135; x_wconf 88' lang='lat' dir='ltr'><strong>Scriptura,</strong></span> <span class='ocrx_word' id='word_1_276' title='bbox 1197 2066 1335 2122; x_wconf 86' lang='lat' dir='ltr'><strong>sicut</strong></span> <span class='ocrx_word' id='word_1_277' title='bbox 1379 2082 1540 2137; x_wconf 85' lang='lat' dir='ltr'><strong>supra</strong></span> <span class='ocrx_word' id='word_1_278' title='bbox 1578 2066 1688 2135; x_wconf 87' lang='lat' dir='ltr'><strong>jam</strong></span> <span class='ocrx_word' id='word_1_279' title='bbox 1733 2066 1968 2136; x_wconf 90' lang='lat' dir='ltr'><strong>positum</strong></span> <span class='ocrx_word' id='word_1_280' title='bbox 2015 2072 2135 2120; x_wconf 89' lang='lat' dir='ltr'><strong>est:</strong></span> 
     </span>
    </p>
   </div>
   <div class='ocr_carea' id='block_1_35' title="bbox 555 2144 2163 2230">
    <p class='ocr_par' dir='ltr' id='par_1_35' title="bbox 555 2144 2163 2230">
     <span class='ocr_line' id='line_1_35' title="bbox 555 2144 2163 2230; baseline 0.001 -20"><span class='ocrx_word' id='word_1_281' title='bbox 555 2144 812 2212; x_wconf 71' lang='lat' dir='ltr'><strong>Dixerunt</strong></span> <span class='ocrx_word' id='word_1_282' title='bbox 833 2158 972 2228; x_wconf 79' lang='lat' dir='ltr'><strong>apud</strong></span> <span class='ocrx_word' id='word_1_283' title='bbox 990 2175 1045 2212; x_wconf 90' lang='lat' dir='ltr'><strong>se</strong></span> <span class='ocrx_word' id='word_1_284' title='bbox 1066 2158 1350 2230; x_wconf 85' lang='lat' dir='ltr'><strong>cogitantes</strong></span> <span class='ocrx_word' id='word_1_285' title='bbox 1370 2176 1471 2213; x_wconf 81' lang='lat' dir='ltr'><strong>non</strong></span> <span class='ocrx_word' id='word_1_286' title='bbox 1494 2168 1647 2213; x_wconf 88' lang='lat' dir='ltr'><strong>recte.</strong></span> <span class='ocrx_word' id='word_1_287' title='bbox 1680 2144 1819 2225; x_wconf 77' lang='lat' dir='ltr'><strong>Quid</strong></span> <span class='ocrx_word' id='word_1_288' title='bbox 1843 2166 1928 2214; x_wconf 88' lang='lat' dir='ltr'><strong>est</strong></span> <span class='ocrx_word' id='word_1_289' title='bbox 1959 2167 2163 2219; x_wconf 84' lang='lat' dir='ltr'><strong>autem,</strong></span> 
     </span>
    </p>
   </div>
   <div class='ocr_carea' id='block_1_36' title="bbox 554 2247 2142 2320">
    <p class='ocr_par' dir='ltr' id='par_1_36' title="bbox 554 2247 2142 2320">
     <span class='ocr_line' id='line_1_36' title="bbox 554 2247 2142 2320; baseline 0.001 -17"><span class='ocrx_word' id='word_1_290' title='bbox 554 2247 695 2319; x_wconf 89' lang='lat' dir='ltr'><strong>apud</strong></span> <span class='ocrx_word' id='word_1_291' title='bbox 737 2262 798 2302; x_wconf 89' lang='lat' dir='ltr'><strong>se</strong></span> <span class='ocrx_word' id='word_1_292' title='bbox 843 2248 1041 2312; x_wconf 85' lang='lat' dir='ltr'><strong>dicere,</strong></span> <span class='ocrx_word' id='word_1_293' title='bbox 1090 2250 1193 2304; x_wconf 88' lang='lat' dir='ltr'><strong>nisi</strong></span> <span class='ocrx_word' id='word_1_294' title='bbox 1239 2250 1293 2305; x_wconf 92' lang='lat' dir='ltr'><strong>in</strong></span> <span class='ocrx_word' id='word_1_295' title='bbox 1335 2251 1498 2305; x_wconf 88' lang='lat' dir='ltr'><strong>corde</strong></span> <span class='ocrx_word' id='word_1_296' title='bbox 1526 2265 1624 2305; x_wconf 92' lang='lat' dir='ltr'><strong>suo</strong></span> <span class='ocrx_word' id='word_1_297' title='bbox 1652 2251 1870 2306; x_wconf 87' lang='lat' dir='ltr'><strong>dicere?</strong></span> <span class='ocrx_word' id='word_1_298' title='bbox 1913 2247 2142 2320; x_wconf 82' lang='lat' dir='ltr'><strong>Propter</strong></span> 
     </span>
    </p>
   </div>
   <div class='ocr_carea' id='block_1_37' title="bbox 556 2341 2142 2411">
    <p class='ocr_par' dir='ltr' id='par_1_37' title="bbox 556 2341 2142 2411">
     <span class='ocr_line' id='line_1_37' title="bbox 556 2341 2142 2411; baseline 0.002 -15"><span class='ocrx_word' id='word_1_299' title='bbox 556 2341 693 2411; x_wconf 90' lang='lat' dir='ltr'><strong>quod</strong></span> <span class='ocrx_word' id='word_1_300' title='bbox 720 2341 846 2398; x_wconf 86' lang='lat' dir='ltr'><strong>alibi</strong></span> <span class='ocrx_word' id='word_1_301' title='bbox 873 2341 1095 2399; x_wconf 89' lang='lat' dir='ltr'><strong>dicitur:</strong></span> <span class='ocrx_word' id='word_1_302' title='bbox 1118 2345 1245 2411; x_wconf 71' lang='lat' dir='ltr'><strong>Qua:</strong></span> <span class='ocrx_word' id='word_1_303' title='bbox 1265 2345 1435 2399; x_wconf 83' lang='lat' dir='ltr'><strong>dicitis</strong></span> <span class='ocrx_word' id='word_1_304' title='bbox 1454 2347 1510 2399; x_wconf 89' lang='lat' dir='ltr'><strong>in</strong></span> <span class='ocrx_word' id='word_1_305' title='bbox 1532 2345 1770 2399; x_wconf 85' lang='lat' dir='ltr'><strong>cordibus</strong></span> <span class='ocrx_word' id='word_1_306' title='bbox 1793 2346 1991 2411; x_wconf 82' lang='lat' dir='ltr'><strong>vestris,</strong></span> <span class='ocrx_word' id='word_1_307' title='bbox 2015 2345 2142 2400; x_wconf 84' lang='lat' dir='ltr'><strong>etin</strong></span> 
     </span>
    </p>
   </div>
   <div class='ocr_carea' id='block_1_38' title="bbox 489 2422 1855 2506">
    <p class='ocr_par' dir='ltr' id='par_1_38' title="bbox 489 2422 1855 2506">
     <span class='ocr_line' id='line_1_38' title="bbox 489 2422 1855 2506; baseline 0.003 -21"><span class='ocrx_word' id='word_1_308' title='bbox 489 2422 497 2429; x_wconf 64' lang='grc'><em>’</em></span> <span class='ocrx_word' id='word_1_309' title='bbox 556 2430 804 2488; x_wconf 84' lang='lat' dir='ltr'><strong>cubilibus</strong></span> <span class='ocrx_word' id='word_1_310' title='bbox 831 2435 1013 2489; x_wconf 77' lang='lat' dir='ltr'><strong>vestris</strong></span> <span class='ocrx_word' id='word_1_311' title='bbox 1049 2435 1455 2506; x_wconf 79' lang='lat' dir='ltr'><strong>compungimini</strong></span> <span class='ocrx_word' id='word_1_312' title='bbox 1478 2433 1649 2506; x_wconf 84' lang='lat' dir='ltr'><strong>(Psal.</strong></span> <span class='ocrx_word' id='word_1_313' title='bbox 1675 2452 1746 2500; x_wconf 80' lang='lat' dir='ltr'><strong>tv,</strong></span> <span class='ocrx_word' id='word_1_314' title='bbox 1777 2434 1855 2505; x_wconf 82' lang='lat'><strong>5).</strong></span> 
     </span>
    </p>
   </div>
   <div class='ocr_carea' id='block_1_39' title="bbox 626 2523 2143 2597">
    <p class='ocr_par' dir='ltr' id='par_1_39' title="bbox 626 2523 2143 2597">
     <span class='ocr_line' id='line_1_39' title="bbox 626 2523 2143 2597; baseline 0.002 -18"><span class='ocrx_word' id='word_1_315' title='bbox 626 2523 743 2581; x_wconf 80' lang='lat' dir='ltr'><strong>Hoc</strong></span> <span class='ocrx_word' id='word_1_316' title='bbox 770 2534 851 2582; x_wconf 90' lang='lat' dir='ltr'><strong>est</strong></span> <span class='ocrx_word' id='word_1_317' title='bbox 872 2540 1002 2595; x_wconf 85' lang='lat' dir='ltr'><strong>ergo</strong></span> <span class='ocrx_word' id='word_1_318' title='bbox 1031 2524 1175 2596; x_wconf 87' lang='lat' dir='ltr'><strong>apud</strong></span> <span class='ocrx_word' id='word_1_319' title='bbox 1201 2541 1259 2581; x_wconf 92' lang='lat' dir='ltr'><strong>se</strong></span> <span class='ocrx_word' id='word_1_320' title='bbox 1286 2526 1485 2591; x_wconf 87' lang='lat' dir='ltr'><strong>dicere,</strong></span> <span class='ocrx_word' id='word_1_321' title='bbox 1519 2527 1661 2597; x_wconf 90' lang='lat' dir='ltr'><strong>quod</strong></span> <span class='ocrx_word' id='word_1_322' title='bbox 1691 2536 1772 2581; x_wconf 85' lang='lat' dir='ltr'><strong>est</strong></span> <span class='ocrx_word' id='word_1_323' title='bbox 1802 2524 1942 2582; x_wconf 83' lang='lat' dir='ltr'><strong>intra</strong></span> <span class='ocrx_word' id='word_1_324' title='bbox 1973 2542 2031 2583; x_wconf 90' lang='lat' dir='ltr'><strong>se</strong></span> <span class='ocrx_word' id='word_1_325' title='bbox 2052 2527 2143 2582; x_wconf 84' lang='lat' dir='ltr'><strong>di-</strong></span> 
     </span>
    </p>
   </div>
   <div class='ocr_carea' id='block_1_40' title="bbox 558 2614 2145 2690">
    <p class='ocr_par' dir='ltr' id='par_1_40' title="bbox 558 2614 2145 2690">
     <span class='ocr_line' id='line_1_40' title="bbox 558 2614 2145 2690; baseline 0.001 -17"><span class='ocrx_word' id='word_1_326' title='bbox 558 2630 699 2673; x_wconf 86' lang='lat' dir='ltr'><strong>cere.</strong></span> <span class='ocrx_word' id='word_1_327' title='bbox 732 2615 885 2672; x_wconf 84' lang='lat' dir='ltr'><strong>Unde</strong></span> <span class='ocrx_word' id='word_1_328' title='bbox 909 2624 965 2672; x_wconf 91' lang='lat' dir='ltr'><strong>et</strong></span> <span class='ocrx_word' id='word_1_329' title='bbox 986 2614 1286 2671; x_wconf 68' lang='lat' dir='ltr'><strong>Pharisaeus</strong></span> <span class='ocrx_word' id='word_1_330' title='bbox 1314 2618 1404 2673; x_wconf 89' lang='lat' dir='ltr'><strong>ille</strong></span> <span class='ocrx_word' id='word_1_331' title='bbox 1431 2618 1524 2688; x_wconf 91' lang='lat' dir='ltr'><strong>qui</strong></span> <span class='ocrx_word' id='word_1_332' title='bbox 1551 2618 1833 2674; x_wconf 91' lang='lat' dir='ltr'><strong>Dominum</strong></span> <span class='ocrx_word' id='word_1_333' title='bbox 1881 2633 2145 2690; x_wconf 87' lang='lat' dir='ltr'><strong>poposce-</strong></span> 
     </span>
    </p>
   </div>
   <div class='ocr_carea' id='block_1_41' title="bbox 559 2706 2145 2780">
    <p class='ocr_par' dir='ltr' id='par_1_41' title="bbox 559 2706 2145 2780">
     <span class='ocr_line' id='line_1_41' title="bbox 559 2706 2145 2780; baseline 0 -17"><span class='ocrx_word' id='word_1_334' title='bbox 559 2715 642 2763; x_wconf 87' lang='lat' dir='ltr'><strong>rat</strong></span> <span class='ocrx_word' id='word_1_335' title='bbox 666 2706 733 2762; x_wconf 89' lang='lat' dir='ltr'><strong>ad</strong></span> <span class='ocrx_word' id='word_1_336' title='bbox 764 2706 1086 2764; x_wconf 87' lang='lat' dir='ltr'><strong>vescendum</strong></span> <span class='ocrx_word' id='word_1_337' title='bbox 1113 2749 1128 2771; x_wconf 92' lang='lat'><strong>,</strong></span> <span class='ocrx_word' id='word_1_338' title='bbox 1180 2724 1303 2763; x_wconf 90' lang='lat' dir='ltr'><strong>cum</strong></span> <span class='ocrx_word' id='word_1_339' title='bbox 1351 2709 1588 2777; x_wconf 87' lang='lat' dir='ltr'><strong>ingressa</strong></span> <span class='ocrx_word' id='word_1_340' title='bbox 1629 2710 1822 2766; x_wconf 83' lang='lat' dir='ltr'><strong>mulier</strong></span> <span class='ocrx_word' id='word_1_341' title='bbox 1871 2711 2145 2780; x_wconf 82' lang='lat' dir='ltr'><strong>peccatrix</strong></span> 
     </span>
    </p>
   </div>
   <div class='ocr_carea' id='block_1_42' title="bbox 560 2798 2143 2872">
    <p class='ocr_par' dir='ltr' id='par_1_42' title="bbox 560 2798 2143 2872">
     <span class='ocr_line' id='line_1_42' title="bbox 560 2798 2143 2872; baseline 0.001 -19"><span class='ocrx_word' id='word_1_342' title='bbox 560 2798 808 2871; x_wconf 83' lang='lat' dir='ltr'><strong>lacrymis</strong></span> <span class='ocrx_word' id='word_1_343' title='bbox 835 2800 1054 2868; x_wconf 85' lang='lat' dir='ltr'><strong>rigaret,</strong></span> <span class='ocrx_word' id='word_1_344' title='bbox 1084 2808 1139 2855; x_wconf 92' lang='lat' dir='ltr'><strong>et</strong></span> <span class='ocrx_word' id='word_1_345' title='bbox 1157 2800 1362 2871; x_wconf 84' lang='lat' dir='ltr'><strong>capillis</strong></span> <span class='ocrx_word' id='word_1_346' title='bbox 1390 2801 1555 2870; x_wconf 85' lang='lat' dir='ltr'><strong>pedes</strong></span> <span class='ocrx_word' id='word_1_347' title='bbox 1577 2807 1809 2872; x_wconf 86' lang='lat' dir='ltr'><strong>tergeret</strong></span> <span class='ocrx_word' id='word_1_348' title='bbox 1828 2802 2143 2868; x_wconf 80' lang='lat' dir='ltr'><strong>Salvatoris,</strong></span> 
     </span>
    </p>
   </div>
   <div class='ocr_carea' id='block_1_43' title="bbox 560 2889 2147 2963">
    <p class='ocr_par' dir='ltr' id='par_1_43' title="bbox 560 2889 2147 2963">
     <span class='ocr_line' id='line_1_43' title="bbox 560 2889 2147 2963; baseline 0.001 -18"><span class='ocrx_word' id='word_1_349' title='bbox 560 2889 651 2960; x_wconf 89' lang='lat' dir='ltr'><strong>qui</strong></span> <span class='ocrx_word' id='word_1_350' title='bbox 686 2890 823 2945; x_wconf 88' lang='lat' dir='ltr'><strong>intra</strong></span> <span class='ocrx_word' id='word_1_351' title='bbox 853 2905 912 2947; x_wconf 91' lang='lat' dir='ltr'><strong>se</strong></span> <span class='ocrx_word' id='word_1_352' title='bbox 940 2891 1227 2959; x_wconf 88' lang='lat' dir='ltr'><strong>cogitabat,</strong></span> <span class='ocrx_word' id='word_1_353' title='bbox 1281 2891 1416 2946; x_wconf 90' lang='lat' dir='ltr'><strong>intra</strong></span> <span class='ocrx_word' id='word_1_354' title='bbox 1445 2908 1503 2947; x_wconf 91' lang='lat' dir='ltr'><strong>se</strong></span> <span class='ocrx_word' id='word_1_355' title='bbox 1533 2893 1716 2963; x_wconf 90' lang='lat' dir='ltr'><strong>utique</strong></span> <span class='ocrx_word' id='word_1_356' title='bbox 1745 2893 1955 2949; x_wconf 89' lang='lat' dir='ltr'><strong>dicebat</strong></span> <span class='ocrx_word' id='word_1_357' title='bbox 2000 2891 2147 2962; x_wconf 90' lang='lat' dir='ltr'><strong>quod</strong></span> 
     </span>
    </p>
   </div>
   <div class='ocr_carea' id='block_1_44' title="bbox 561 2984 2148 3056">
    <p class='ocr_par' dir='ltr' id='par_1_44' title="bbox 561 2984 2148 3056">
     <span class='ocr_line' id='line_1_44' title="bbox 561 2984 2148 3056; baseline 0.001 -16"><span class='ocrx_word' id='word_1_358' title='bbox 561 2984 846 3053; x_wconf 82' lang='lat' dir='ltr'><strong>cogitando</strong></span> <span class='ocrx_word' id='word_1_359' title='bbox 888 2984 1125 3039; x_wconf 86' lang='lat' dir='ltr'><strong>dicebat.</strong></span> <span class='ocrx_word' id='word_1_360' title='bbox 1176 2984 1266 3038; x_wconf 85' lang='lat' dir='ltr'><strong>Ait</strong></span> <span class='ocrx_word' id='word_1_361' title='bbox 1318 2985 1459 3040; x_wconf 90' lang='lat' dir='ltr'><strong>enim</strong></span> <span class='ocrx_word' id='word_1_362' title='bbox 1510 2987 1838 3056; x_wconf 66' lang='lat' dir='ltr'><strong>evangelista</strong></span> <span class='ocrx_word' id='word_1_363' title='bbox 1888 3005 1900 3038; x_wconf 89' lang='lat'><strong>:</strong></span> <span class='ocrx_word' id='word_1_364' title='bbox 1957 2985 2148 3041; x_wconf 79' lang='lat' dir='ltr'><strong>Videas</strong></span> 
     </span>
    </p>
   </div>
   <div class='ocr_carea' id='block_1_45' title="bbox 563 3077 2150 3151">
    <p class='ocr_par' dir='ltr' id='par_1_45' title="bbox 563 3077 2150 3151">
     <span class='ocr_line' id='line_1_45' title="bbox 563 3077 2150 3151; baseline 0 -19"><span class='ocrx_word' id='word_1_365' title='bbox 563 3088 729 3134; x_wconf 82' lang='lat' dir='ltr'><strong>autem</strong></span> <span class='ocrx_word' id='word_1_366' title='bbox 758 3077 1075 3149; x_wconf 80' lang='lat' dir='ltr'><strong>Phariswus,</strong></span> <span class='ocrx_word' id='word_1_367' title='bbox 1099 3081 1185 3151; x_wconf 87' lang='lat' dir='ltr'><strong>qui</strong></span> <span class='ocrx_word' id='word_1_368' title='bbox 1214 3090 1481 3134; x_wconf 83' lang='lat' dir='ltr'><strong>vocaverat</strong></span> <span class='ocrx_word' id='word_1_369' title='bbox 1512 3096 1650 3148; x_wconf 90' lang='lat' dir='ltr'><strong>eum,</strong></span> <span class='ocrx_word' id='word_1_370' title='bbox 1693 3082 1767 3136; x_wconf 86' lang='lat' dir='ltr'><strong>ait</strong></span> <span class='ocrx_word' id='word_1_371' title='bbox 1797 3081 1937 3134; x_wconf 89' lang='lat' dir='ltr'><strong>intra</strong></span> <span class='ocrx_word' id='word_1_372' title='bbox 1975 3096 2029 3134; x_wconf 85' lang='lat' dir='ltr'><strong>se</strong></span> <span class='ocrx_word' id='word_1_373' title='bbox 2069 3080 2150 3132; x_wconf 82' lang='lat' dir='ltr'><strong>di-</strong></span> 
     </span>
    </p>
   </div>
   <div class='ocr_carea' id='block_1_46' title="bbox 564 3155 2150 3241">
    <p class='ocr_par' dir='ltr' id='par_1_46' title="bbox 564 3155 2150 3241">
     <span class='ocr_line' id='line_1_46' title="bbox 564 3155 2150 3241; baseline 0.001 -17"><span class='ocrx_word' id='word_1_374' title='bbox 564 3186 680 3224; x_wconf 85' lang='lat' dir='ltr'><strong>cens</strong></span> <span class='ocrx_word' id='word_1_375' title='bbox 704 3168 854 3241; x_wconf 87' lang='lat' dir='ltr'><strong>(Luc.</strong></span> <span class='ocrx_word' id='word_1_376' title='bbox 886 3186 980 3238; x_wconf 85' lang='lat' dir='ltr'><strong>vn,</strong></span> <span class='ocrx_word' id='word_1_377' title='bbox 1010 3155 1126 3240; x_wconf 78' lang='lat'><strong>39).</strong></span> <span class='ocrx_word' id='word_1_378' title='bbox 1177 3171 1315 3238; x_wconf 83' lang='lat' dir='ltr'><strong>Quid</strong></span> <span class='ocrx_word' id='word_1_379' title='bbox 1345 3181 1429 3227; x_wconf 89' lang='lat' dir='ltr'><strong>est</strong></span> <span class='ocrx_word' id='word_1_380' title='bbox 1468 3173 1634 3240; x_wconf 90' lang='lat' dir='ltr'><strong>enim,</strong></span> <span class='ocrx_word' id='word_1_381' title='bbox 1680 3174 1755 3225; x_wconf 88' lang='lat' dir='ltr'><strong>ait</strong></span> <span class='ocrx_word' id='word_1_382' title='bbox 1777 3174 1915 3226; x_wconf 86' lang='lat' dir='ltr'><strong>intra</strong></span> <span class='ocrx_word' id='word_1_383' title='bbox 1941 3189 2013 3231; x_wconf 85' lang='lat' dir='ltr'><strong>se,</strong></span> <span class='ocrx_word' id='word_1_384' title='bbox 2048 3172 2150 3226; x_wconf 82' lang='lat' dir='ltr'><strong>nisi</strong></span> 
     </span>
    </p>
   </div>
   <div class='ocr_carea' id='block_1_47' title="bbox 2238 1969 2720 2025">
    <p class='ocr_par' dir='ltr' id='par_1_47' title="bbox 2238 1969 2720 2025">
     <span class='ocr_line' id='line_1_47' title="bbox 2238 1969 2720 2025; baseline -0.004 0"><span class='ocrx_word' id='word_1_385' title='bbox 2238 1985 2359 2025; x_wconf 90' lang='lat' dir='ltr'><strong>rere</strong></span> <span class='ocrx_word' id='word_1_386' title='bbox 2383 1969 2720 2025; x_wconf 86' lang='lat' dir='ltr'><strong>moliuntur?</strong></span> 
     </span>
    </p>
   </div>
   <div class='ocr_carea' id='block_1_48' title="bbox 2239 2077 3829 2154">
    <p class='ocr_par' dir='ltr' id='par_1_48' title="bbox 2239 2077 3829 2154">
     <span class='ocr_line' id='line_1_48' title="bbox 2239 2077 3829 2154; baseline -0.007 -15"><span class='ocrx_word' id='word_1_387' title='bbox 2239 2082 2417 2139; x_wconf 69' lang='lat' dir='ltr'><strong>CAPUT</strong></span> <span class='ocrx_word' id='word_1_388' title='bbox 2448 2102 2499 2138; x_wconf 73' lang='grc' dir='ltr'><strong>ν.</strong></span> <span class='ocrx_word' id='word_1_389' title='bbox 2532 2083 2682 2154; x_wconf 79' lang='lat' dir='ltr'><strong>Apud</strong></span> <span class='ocrx_word' id='word_1_390' title='bbox 2711 2081 2871 2154; x_wconf 82' lang='lat' dir='ltr'><strong>Deum</strong></span> <span class='ocrx_word' id='word_1_391' title='bbox 2901 2090 3024 2135; x_wconf 91' lang='lat' dir='ltr'><strong>nota</strong></span> <span class='ocrx_word' id='word_1_392' title='bbox 3044 2090 3120 2136; x_wconf 84' lang='lat' dir='ltr'><strong>est</strong></span> <span class='ocrx_word' id='word_1_393' title='bbox 3148 2090 3196 2135; x_wconf 90' lang='lat' dir='ltr'><strong>et</strong></span> <span class='ocrx_word' id='word_1_394' title='bbox 3216 2079 3357 2152; x_wconf 86' lang='lat' dir='ltr'><strong>apud</strong></span> <span class='ocrx_word' id='word_1_395' title='bbox 3377 2077 3609 2154; x_wconf 72' lang='lat' dir='ltr'><strong>homines</strong></span> <span class='ocrx_word' id='word_1_396' title='bbox 3633 2089 3829 2154; x_wconf 41' lang='lat' dir='ltr'><strong>mentas</strong></span> 
     </span>
    </p>
   </div>
   <div class='ocr_carea' id='block_1_49' title="bbox 2248 2147 3838 2226">
    <p class='ocr_par' dir='ltr' id='par_1_49' title="bbox 2248 2147 3838 2226">
     <span class='ocr_line' id='line_1_49' title="bbox 2248 2147 3838 2226; baseline -0.007 -16"><span class='ocrx_word' id='word_1_397' title='bbox 2248 2158 2254 2169; x_wconf 91' lang='lat'><strong><em>&#39;</em></strong></span> <span class='ocrx_word' id='word_1_398' title='bbox 2310 2156 2389 2209; x_wconf 82' lang='lat' dir='ltr'><strong>ria</strong></span> <span class='ocrx_word' id='word_1_399' title='bbox 2416 2157 2546 2226; x_wconf 84' lang='lat' dir='ltr'><strong>ejus.</strong></span> <span class='ocrx_word' id='word_1_400' title='bbox 2578 2147 2827 2226; x_wconf 44' lang='lat' dir='ltr'><strong>&quot;Introibo</strong></span> <span class='ocrx_word' id='word_1_401' title='bbox 2870 2154 2940 2206; x_wconf 84' lang='lat' dir='ltr'><strong>ad</strong></span> <span class='ocrx_word' id='word_1_402' title='bbox 2978 2169 3111 2226; x_wconf 82' lang='lat' dir='ltr'><strong>eum,</strong></span> <span class='ocrx_word' id='word_1_403' title='bbox 3143 2161 3193 2206; x_wconf 90' lang='lat' dir='ltr'><strong>et</strong></span> <span class='ocrx_word' id='word_1_404' title='bbox 3223 2147 3442 2226; x_wconf 54' lang='lat' dir='ltr'><strong>adeunt</strong></span> <span class='ocrx_word' id='word_1_405' title='bbox 3480 2147 3741 2226; x_wconf 62' lang='lat' dir='ltr'><strong>veniemus</strong></span> 
     </span>
    </p>
   </div>
   <div class='ocr_carea' id='block_1_50' title="bbox 2312 2212 3839 2295">
    <p class='ocr_par' dir='ltr' id='par_1_50' title="bbox 2312 2212 3839 2295">
     <span class='ocr_line' id='line_1_50' title="bbox 2312 2212 3839 2295; baseline -0.008 -16"><span class='ocrx_word' id='word_1_406' title='bbox 2312 2212 2631 2279; x_wconf 64' lang='lat' dir='ltr'><strong>man&#39;sionem</strong></span> <span class='ocrx_word' id='word_1_407' title='bbox 2650 2224 2796 2295; x_wconf 69' lang='lat' dir='ltr'><strong>apud</strong></span> <span class='ocrx_word' id='word_1_408' title='bbox 2814 2240 2935 2295; x_wconf 76' lang='lat' dir='ltr'><strong>cum</strong></span> <span class='ocrx_word' id='word_1_409' title='bbox 2963 2212 3345 2295; x_wconf 11' lang='lat' dir='ltr'><strong>faciemus.‘Si_e</strong></span> <span class='ocrx_word' id='word_1_410' title='bbox 3382 2218 3605 2273; x_wconf 83' lang='lat' dir='ltr'><strong>Verbum</strong></span> <span class='ocrx_word' id='word_1_411' title='bbox 3625 2212 3839 2295; x_wconf 40' lang='lat' dir='ltr'><strong>etaptsd</strong></span> 
     </span>
    </p>
   </div>
   <div class='ocr_carea' id='block_1_51' title="bbox 2247 2284 3836 2358">
    <p class='ocr_par' dir='ltr' id='par_1_51' title="bbox 2247 2284 3836 2358">
     <span class='ocr_line' id='line_1_51' title="bbox 2247 2284 3836 2358; baseline -0.008 -8"><span class='ocrx_word' id='word_1_412' title='bbox 2247 2348 2258 2357; x_wconf 86' lang='grc'><em>,</em></span> <span class='ocrx_word' id='word_1_413' title='bbox 2310 2295 2476 2349; x_wconf 86' lang='lat' dir='ltr'><strong>Deum</strong></span> <span class='ocrx_word' id='word_1_414' title='bbox 2499 2306 2547 2349; x_wconf 88' lang='lat' dir='ltr'><strong>et</strong></span> <span class='ocrx_word' id='word_1_415' title='bbox 2567 2296 2620 2348; x_wconf 90' lang='lat' dir='ltr'><strong>in</strong></span> <span class='ocrx_word' id='word_1_416' title='bbox 2636 2284 2744 2348; x_wconf 74' lang='lat' dir='ltr'><strong>Deo</strong></span> <span class='ocrx_word' id='word_1_417' title='bbox 2763 2303 2859 2348; x_wconf 86' lang='lat' dir='ltr'><strong>est.</strong></span> <span class='ocrx_word' id='word_1_418' title='bbox 2876 2284 2972 2348; x_wconf 76' lang='lat' dir='ltr'><strong>Sic</strong></span> <span class='ocrx_word' id='word_1_419' title='bbox 2981 2295 3117 2347; x_wconf 88' lang='lat' dir='ltr'><strong>idem</strong></span> <span class='ocrx_word' id='word_1_420' title='bbox 3137 2304 3213 2347; x_wconf 87' lang='lat' dir='ltr'><strong>est</strong></span> <span class='ocrx_word' id='word_1_421' title='bbox 3234 2293 3286 2346; x_wconf 85' lang='lat' dir='ltr'><strong>in</strong></span> <span class='ocrx_word' id='word_1_422' title='bbox 3299 2290 3431 2357; x_wconf 86' lang='lat' dir='ltr'><strong>Deo,</strong></span> <span class='ocrx_word' id='word_1_423' title='bbox 3445 2299 3495 2344; x_wconf 88' lang='lat' dir='ltr'><strong>et</strong></span> <span class='ocrx_word' id='word_1_424' title='bbox 3508 2288 3653 2358; x_wconf 81' lang='lat' dir='ltr'><strong>apud</strong></span> <span class='ocrx_word' id='word_1_425' title='bbox 3662 2284 3836 2358; x_wconf 66' lang='lat' dir='ltr'><strong>Deum</strong></span> 
     </span>
    </p>
   </div>
   <div class='ocr_carea' id='block_1_52' title="bbox 2315 2355 3835 2436">
    <p class='ocr_par' dir='ltr' id='par_1_52' title="bbox 2315 2355 3835 2436">
     <span class='ocr_line' id='line_1_52' title="bbox 2315 2355 3835 2436; baseline -0.009 -15"><span class='ocrx_word' id='word_1_426' title='bbox 2315 2384 2417 2421; x_wconf 89' lang='lat' dir='ltr'><strong>non</strong></span> <span class='ocrx_word' id='word_1_427' title='bbox 2446 2376 2523 2419; x_wconf 87' lang='lat' dir='ltr'><strong>est</strong></span> <span class='ocrx_word' id='word_1_428' title='bbox 2552 2365 2816 2436; x_wconf 84' lang='lat' dir='ltr'><strong>iniquitas.</strong></span> <span class='ocrx_word' id='word_1_429' title='bbox 2867 2362 3009 2418; x_wconf 87' lang='lat' dir='ltr'><strong>Unus</strong></span> <span class='ocrx_word' id='word_1_430' title='bbox 3034 2374 3082 2417; x_wconf 89' lang='lat' dir='ltr'><strong>et</strong></span> <span class='ocrx_word' id='word_1_431' title='bbox 3111 2362 3251 2417; x_wconf 85' lang='lat' dir='ltr'><strong>idem</strong></span> <span class='ocrx_word' id='word_1_432' title='bbox 3287 2355 3502 2434; x_wconf 79' lang='lat' dir='ltr'><strong>spiritus</strong></span> <span class='ocrx_word' id='word_1_433' title='bbox 3542 2355 3596 2412; x_wconf 87' lang='lat' dir='ltr'><strong>in</strong></span> <span class='ocrx_word' id='word_1_434' title='bbox 3627 2355 3835 2427; x_wconf 75' lang='lat' dir='ltr'><strong>Moyse,</strong></span> 
     </span>
    </p>
   </div>
   <div class='ocr_carea' id='block_1_53' title="bbox 2316 2436 2782 2491">
    <p class='ocr_par' dir='ltr' id='par_1_53' title="bbox 2316 2436 2782 2491">
     <span class='ocr_line' id='line_1_53' title="bbox 2316 2436 2782 2491; baseline -0.004 -1"><span class='ocrx_word' id='word_1_435' title='bbox 2316 2436 2487 2491; x_wconf 79' lang='lat' dir='ltr'><strong>Darid</strong></span> <span class='ocrx_word' id='word_1_436' title='bbox 2515 2445 2565 2490; x_wconf 90' lang='lat' dir='ltr'><strong>et</strong></span> <span class='ocrx_word' id='word_1_437' title='bbox 2600 2436 2782 2490; x_wconf 81' lang='lat' dir='ltr'><strong>l&#39;aulo.</strong></span> 
     </span>
    </p>
   </div>
   <div class='ocr_carea' id='block_1_54' title="bbox 2315 2519 3828 2597">
    <p class='ocr_par' dir='ltr' id='par_1_54' title="bbox 2315 2519 3828 2597">
     <span class='ocr_line' id='line_1_54' title="bbox 2315 2519 3828 2597; baseline -0.006 -13"><span class='ocrx_word' id='word_1_438' title='bbox 2315 2530 2521 2585; x_wconf 81' lang='lat' dir='ltr'><strong>Rursus</strong></span> <span class='ocrx_word' id='word_1_439' title='bbox 2545 2530 2597 2583; x_wconf 93' lang='lat' dir='ltr'><strong>in</strong></span> <span class='ocrx_word' id='word_1_440' title='bbox 2627 2528 2816 2583; x_wconf 87' lang='lat' dir='ltr'><strong>eodem</strong></span> <span class='ocrx_word' id='word_1_441' title='bbox 2841 2527 2980 2583; x_wconf 92' lang='lat' dir='ltr'><strong>libro</strong></span> <span class='ocrx_word' id='word_1_442' title='bbox 3009 2527 3265 2597; x_wconf 91' lang='lat' dir='ltr'><strong>scriptum</strong></span> <span class='ocrx_word' id='word_1_443' title='bbox 3303 2524 3371 2581; x_wconf 90' lang='lat' dir='ltr'><strong>de</strong></span> <span class='ocrx_word' id='word_1_444' title='bbox 3397 2522 3662 2595; x_wconf 86' lang='lat' dir='ltr'><strong>sapientia</strong></span> <span class='ocrx_word' id='word_1_445' title='bbox 3691 2519 3828 2590; x_wconf 81' lang='lat' dir='ltr'><strong>legi-</strong></span> 
     </span>
    </p>
   </div>
   <div class='ocr_carea' id='block_1_55' title="bbox 2245 2610 3831 2687">
    <p class='ocr_par' dir='ltr' id='par_1_55' title="bbox 2245 2610 3831 2687">
     <span class='ocr_line' id='line_1_55' title="bbox 2245 2610 3831 2687; baseline -0.008 -9"><span class='ocrx_word' id='word_1_446' title='bbox 2245 2640 2363 2678; x_wconf 85' lang='lat' dir='ltr'><strong>mus</strong></span> <span class='ocrx_word' id='word_1_447' title='bbox 2390 2640 2403 2674; x_wconf 85' lang='lat'><strong>:</strong></span> <span class='ocrx_word' id='word_1_448' title='bbox 2429 2621 2752 2675; x_wconf 83' lang='lat' dir='ltr'><strong>Immortalis</strong></span> <span class='ocrx_word' id='word_1_449' title='bbox 2780 2620 2916 2674; x_wconf 89' lang='lat' dir='ltr'><strong>enim</strong></span> <span class='ocrx_word' id='word_1_450' title='bbox 2948 2627 3025 2674; x_wconf 89' lang='lat' dir='ltr'><strong>est</strong></span> <span class='ocrx_word' id='word_1_451' title='bbox 3047 2610 3292 2673; x_wconf 88' lang='lat' dir='ltr'><strong>memoria</strong></span> <span class='ocrx_word' id='word_1_452' title='bbox 3318 2616 3476 2682; x_wconf 86' lang='lat' dir='ltr'><strong>illius,</strong></span> <span class='ocrx_word' id='word_1_453' title='bbox 3510 2614 3759 2687; x_wconf 74' lang='lat' dir='ltr'><strong>quoniam</strong></span> <span class='ocrx_word' id='word_1_454' title='bbox 3779 2620 3831 2667; x_wconf 87' lang='lat' dir='ltr'><strong>et</strong></span> 
     </span>
    </p>
   </div>
   <div class='ocr_carea' id='block_1_56' title="bbox 2248 2702 3831 2787">
    <p class='ocr_par' dir='ltr' id='par_1_56' title="bbox 2248 2702 3831 2787">
     <span class='ocr_line' id='line_1_56' title="bbox 2248 2702 3831 2787; baseline -0.008 -19"><span class='ocrx_word' id='word_1_455' title='bbox 2248 2715 2385 2787; x_wconf 78' lang='lat' dir='ltr'><strong>apud</strong></span> <span class='ocrx_word' id='word_1_456' title='bbox 2423 2714 2591 2768; x_wconf 84' lang='lat' dir='ltr'><strong>Deum</strong></span> <span class='ocrx_word' id='word_1_457' title='bbox 2634 2722 2757 2767; x_wconf 87' lang='lat' dir='ltr'><strong>nota</strong></span> <span class='ocrx_word' id='word_1_458' title='bbox 2800 2721 2897 2774; x_wconf 89' lang='lat' dir='ltr'><strong>est,</strong></span> <span class='ocrx_word' id='word_1_459' title='bbox 2931 2721 2981 2767; x_wconf 91' lang='lat' dir='ltr'><strong>et</strong></span> <span class='ocrx_word' id='word_1_460' title='bbox 3018 2710 3158 2783; x_wconf 85' lang='lat' dir='ltr'><strong>apud</strong></span> <span class='ocrx_word' id='word_1_461' title='bbox 3187 2710 3416 2765; x_wconf 86' lang='lat' dir='ltr'><strong>homines</strong></span> <span class='ocrx_word' id='word_1_462' title='bbox 3459 2707 3616 2778; x_wconf 84' lang='lat' dir='ltr'><strong>(Sap.</strong></span> <span class='ocrx_word' id='word_1_463' title='bbox 3651 2721 3726 2772; x_wconf 82' lang='lat' dir='ltr'><strong>tv,</strong></span> <span class='ocrx_word' id='word_1_464' title='bbox 3759 2702 3831 2773; x_wconf 80' lang='lat' dir='ltr'><strong>i).</strong></span> 
     </span>
    </p>
   </div>
   <div class='ocr_carea' id='block_1_57' title="bbox 2248 2796 3838 2877">
    <p class='ocr_par' dir='ltr' id='par_1_57' title="bbox 2248 2796 3838 2877">
     <span class='ocr_line' id='line_1_57' title="bbox 2248 2796 3838 2877; baseline -0.006 -16"><span class='ocrx_word' id='word_1_465' title='bbox 2248 2807 2531 2877; x_wconf 88' lang='lat' dir='ltr'><strong>Quomodo</strong></span> <span class='ocrx_word' id='word_1_466' title='bbox 2562 2814 2742 2860; x_wconf 89' lang='lat' dir='ltr'><strong>autem</strong></span> <span class='ocrx_word' id='word_1_467' title='bbox 2774 2804 2912 2875; x_wconf 89' lang='lat' dir='ltr'><strong>apud</strong></span> <span class='ocrx_word' id='word_1_468' title='bbox 2936 2800 3183 2859; x_wconf 88' lang='lat' dir='ltr'><strong>homines</strong></span> <span class='ocrx_word' id='word_1_469' title='bbox 3209 2808 3334 2856; x_wconf 87' lang='lat' dir='ltr'><strong>nota</strong></span> <span class='ocrx_word' id='word_1_470' title='bbox 3366 2807 3468 2864; x_wconf 88' lang='lat' dir='ltr'><strong>est,</strong></span> <span class='ocrx_word' id='word_1_471' title='bbox 3499 2799 3545 2852; x_wconf 89' lang='lat' dir='ltr'><strong>si</strong></span> <span class='ocrx_word' id='word_1_472' title='bbox 3568 2812 3675 2851; x_wconf 89' lang='lat' dir='ltr'><strong>non</strong></span> <span class='ocrx_word' id='word_1_473' title='bbox 3698 2796 3838 2851; x_wconf 80' lang='lat' dir='ltr'><strong>intra</strong></span> 
     </span>
    </p>
   </div>
   <div class='ocr_carea' id='block_1_58' title="bbox 2248 2888 3841 2964">
    <p class='ocr_par' dir='ltr' id='par_1_58' title="bbox 2248 2888 3841 2964">
     <span class='ocr_line' id='line_1_58' title="bbox 2248 2888 3841 2964; baseline -0.009 -8"><span class='ocrx_word' id='word_1_474' title='bbox 2248 2900 2513 2964; x_wconf 77' lang='lat' dir='ltr'><strong>homines,</strong></span> <span class='ocrx_word' id='word_1_475' title='bbox 2538 2898 2637 2954; x_wconf 90' lang='lat' dir='ltr'><strong>sed</strong></span> <span class='ocrx_word' id='word_1_476' title='bbox 2664 2907 2815 2953; x_wconf 79' lang='lat' dir='ltr'><strong>extra</strong></span> <span class='ocrx_word' id='word_1_477' title='bbox 2839 2896 3081 2951; x_wconf 88' lang='lat' dir='ltr'><strong>homines</strong></span> <span class='ocrx_word' id='word_1_478' title='bbox 3103 2895 3220 2951; x_wconf 89' lang='lat' dir='ltr'><strong>est?</strong></span> <span class='ocrx_word' id='word_1_479' title='bbox 3247 2892 3379 2949; x_wconf 91' lang='lat' dir='ltr'><strong>Cum</strong></span> <span class='ocrx_word' id='word_1_480' title='bbox 3405 2890 3508 2946; x_wconf 87' lang='lat' dir='ltr'><strong>nisi</strong></span> <span class='ocrx_word' id='word_1_481' title='bbox 3530 2890 3584 2944; x_wconf 92' lang='lat' dir='ltr'><strong>in</strong></span> <span class='ocrx_word' id='word_1_482' title='bbox 3607 2888 3841 2944; x_wconf 86' lang='lat' dir='ltr'><strong>animam</strong></span> 
     </span>
    </p>
   </div>
   <div class='ocr_carea' id='block_1_59' title="bbox 2251 2980 3843 3057">
    <p class='ocr_par' dir='ltr' id='par_1_59' title="bbox 2251 2980 3843 3057">
     <span class='ocr_line' id='line_1_59' title="bbox 2251 2980 3843 3057; baseline -0.012 -4"><span class='ocrx_word' id='word_1_483' title='bbox 2251 2996 2485 3053; x_wconf 89' lang='lat' dir='ltr'><strong>hominis</strong></span> <span class='ocrx_word' id='word_1_484' title='bbox 2514 2994 2814 3057; x_wconf 89' lang='lat' dir='ltr'><strong>intraverit,</strong></span> <span class='ocrx_word' id='word_1_485' title='bbox 2846 3000 2974 3047; x_wconf 86' lang='lat' dir='ltr'><strong>nota</strong></span> <span class='ocrx_word' id='word_1_486' title='bbox 3019 2989 3223 3053; x_wconf 88' lang='lat' dir='ltr'><strong>homini</strong></span> <span class='ocrx_word' id='word_1_487' title='bbox 3253 3002 3372 3045; x_wconf 87' lang='lat' dir='ltr'><strong>esse</strong></span> <span class='ocrx_word' id='word_1_488' title='bbox 3400 3001 3509 3041; x_wconf 91' lang='lat' dir='ltr'><strong>non</strong></span> <span class='ocrx_word' id='word_1_489' title='bbox 3541 2983 3738 3054; x_wconf 88' lang='lat' dir='ltr'><strong>possit.</strong></span> <span class='ocrx_word' id='word_1_490' title='bbox 3769 2980 3843 3036; x_wconf 84' lang='lat' dir='ltr'><strong>De</strong></span> 
     </span>
    </p>
   </div>
   <div class='ocr_carea' id='block_1_60' title="bbox 2252 3074 3845 3161">
    <p class='ocr_par' dir='ltr' id='par_1_60' title="bbox 2252 3074 3845 3161">
     <span class='ocr_line' id='line_1_60' title="bbox 2252 3074 3845 3161; baseline -0.013 -16"><span class='ocrx_word' id='word_1_491' title='bbox 2252 3091 2366 3161; x_wconf 84' lang='lat' dir='ltr'><strong>ipsa</strong></span> <span class='ocrx_word' id='word_1_492' title='bbox 2396 3089 2593 3160; x_wconf 81' lang='lat' dir='ltr'><strong>quippe</strong></span> <span class='ocrx_word' id='word_1_493' title='bbox 2622 3086 2701 3142; x_wconf 88' lang='lat' dir='ltr'><strong>sic</strong></span> <span class='ocrx_word' id='word_1_494' title='bbox 2724 3085 2939 3150; x_wconf 85' lang='lat' dir='ltr'><strong>dicitur,</strong></span> <span class='ocrx_word' id='word_1_495' title='bbox 2989 3092 3037 3137; x_wconf 90' lang='lat' dir='ltr'><strong>et</strong></span> <span class='ocrx_word' id='word_1_496' title='bbox 3056 3096 3366 3154; x_wconf 72' lang='lat' dir='ltr'><strong>permanens</strong></span> <span class='ocrx_word' id='word_1_497' title='bbox 3394 3080 3450 3134; x_wconf 86' lang='lat' dir='ltr'><strong>in</strong></span> <span class='ocrx_word' id='word_1_498' title='bbox 3478 3094 3535 3131; x_wconf 85' lang='lat' dir='ltr'><strong>se</strong></span> <span class='ocrx_word' id='word_1_499' title='bbox 3563 3075 3747 3157; x_wconf 77' lang='lat' dir='ltr'><strong>omnia</strong></span> <span class='ocrx_word' id='word_1_500' title='bbox 3762 3074 3845 3126; x_wconf 85' lang='lat' dir='ltr'><strong>in-</strong></span> 
     </span>
    </p>
   </div>
   <div class='ocr_carea' id='block_1_61' title="bbox 2252 3165 3848 3249">
    <p class='ocr_par' dir='ltr' id='par_1_61' title="bbox 2252 3165 3848 3249">
     <span class='ocr_line' id='line_1_61' title="bbox 2252 3165 3848 3249; baseline -0.011 -15"><span class='ocrx_word' id='word_1_501' title='bbox 2252 3191 2427 3244; x_wconf 81' lang='lat' dir='ltr'><strong>norat,</strong></span> <span class='ocrx_word' id='word_1_502' title='bbox 2457 3190 2507 3233; x_wconf 85' lang='lat' dir='ltr'><strong>et</strong></span> <span class='ocrx_word' id='word_1_503' title='bbox 2536 3195 2627 3249; x_wconf 87' lang='lat' dir='ltr'><strong>per</strong></span> <span class='ocrx_word' id='word_1_504' title='bbox 2655 3177 2893 3230; x_wconf 87' lang='lat' dir='ltr'><strong>nationes</strong></span> <span class='ocrx_word' id='word_1_505' title='bbox 2931 3177 2987 3229; x_wconf 88' lang='lat' dir='ltr'><strong>in</strong></span> <span class='ocrx_word' id='word_1_506' title='bbox 3028 3175 3231 3228; x_wconf 84' lang='lat' dir='ltr'><strong>animos</strong></span> <span class='ocrx_word' id='word_1_507' title='bbox 3271 3179 3482 3227; x_wconf 88' lang='lat' dir='ltr'><strong>sanctas</strong></span> <span class='ocrx_word' id='word_1_508' title='bbox 3512 3184 3566 3223; x_wconf 87' lang='lat' dir='ltr'><strong>se</strong></span> <span class='ocrx_word' id='word_1_509' title='bbox 3595 3165 3848 3236; x_wconf 70' lang='lat' dir='ltr'><strong>transfert</strong></span> 
     </span>
    </p>
   </div>
   <div class='ocr_carea' id='block_1_62' title="bbox 564 3255 3848 3351">
    <p class='ocr_par' dir='ltr' id='par_1_62' title="bbox 564 3255 3848 3351">
     <span class='ocr_line' id='line_1_62' title="bbox 564 3255 3848 3351; baseline -0.006 -33"><span class='ocrx_word' id='word_1_510' title='bbox 564 3262 816 3331; x_wconf 87' lang='lat' dir='ltr'><strong>cogitavit</strong></span> <span class='ocrx_word' id='word_1_511' title='bbox 844 3261 981 3317; x_wconf 89' lang='lat' dir='ltr'><strong>intra</strong></span> <span class='ocrx_word' id='word_1_512' title='bbox 1023 3264 1121 3317; x_wconf 75' lang='lat' dir='ltr'><strong>Se?</strong></span> <span class='ocrx_word' id='word_1_513' title='bbox 1169 3263 1553 3327; x_wconf 81' lang='lat' dir='ltr'><strong>Verumtamen</strong></span> <span class='ocrx_word' id='word_1_514' title='bbox 1594 3262 1870 3332; x_wconf 57' lang='lat' dir='ltr'><strong>Scriptura</strong></span> <span class='ocrx_word' id='word_1_515' title='bbox 1920 3263 2149 3339; x_wconf 82' lang='lat' dir='ltr'><strong>docente</strong></span> <span class='ocrx_word' id='word_1_516' title='bbox 2175 3291 2220 3351; x_wconf 64' lang='grc' dir='ltr'><strong>ρ</strong></span> <span class='ocrx_word' id='word_1_517' title='bbox 2255 3274 2407 3347; x_wconf 51' lang='lat' dir='ltr'><strong>(gap.</strong></span> <span class='ocrx_word' id='word_1_518' title='bbox 2445 3288 2531 3333; x_wconf 57' lang='grc' dir='ltr'><strong>γη,</strong></span> <span class='ocrx_word' id='word_1_519' title='bbox 2566 3269 2678 3339; x_wconf 64' lang='grc'><strong>27),</strong></span> <span class='ocrx_word' id='word_1_520' title='bbox 2731 3268 2798 3322; x_wconf 83' lang='grc' dir='ltr'>Ει</span> <span class='ocrx_word' id='word_1_521' title='bbox 2841 3276 2903 3323; x_wconf 82' lang='grc' dir='ltr'><strong>ιιι</strong></span> <span class='ocrx_word' id='word_1_522' title='bbox 2932 3282 3039 3322; x_wconf 71' lang='lat' dir='ltr'><strong>non</strong></span> <span class='ocrx_word' id='word_1_523' title='bbox 3080 3264 3222 3320; x_wconf 68' lang='lat' dir='ltr'><strong>aliud</strong></span> <span class='ocrx_word' id='word_1_524' title='bbox 3251 3269 3592 3334; x_wconf 56' lang='lat' dir='ltr'><strong>agnoscatur,</strong></span> <span class='ocrx_word' id='word_1_525' title='bbox 3642 3258 3699 3313; x_wconf 73' lang='lat' dir='ltr'><strong>in</strong></span> <span class='ocrx_word' id='word_1_526' title='bbox 3728 3255 3848 3310; x_wconf 71' lang='lat' dir='ltr'><strong>ani-</strong></span> 
     </span>
    </p>
   </div>
   <div class='ocr_carea' id='block_1_63' title="bbox 564 3353 2149 3424">
    <p class='ocr_par' dir='ltr' id='par_1_63' title="bbox 564 3353 2149 3424">
     <span class='ocr_line' id='line_1_63' title="bbox 564 3353 2149 3424; baseline 0 -15"><span class='ocrx_word' id='word_1_527' title='bbox 564 3354 937 3422; x_wconf 82' lang='lat' dir='ltr'><strong>cognoscimus</strong></span> <span class='ocrx_word' id='word_1_528' title='bbox 961 3353 1084 3424; x_wconf 88' lang='lat' dir='ltr'><strong>quia</strong></span> <span class='ocrx_word' id='word_1_529' title='bbox 1112 3357 1202 3424; x_wconf 89' lang='lat' dir='ltr'><strong>qui</strong></span> <span class='ocrx_word' id='word_1_530' title='bbox 1224 3355 1429 3423; x_wconf 86' lang='lat' dir='ltr'><strong>cogitat</strong></span> <span class='ocrx_word' id='word_1_531' title='bbox 1456 3354 1595 3409; x_wconf 89' lang='lat' dir='ltr'><strong>intra</strong></span> <span class='ocrx_word' id='word_1_532' title='bbox 1641 3370 1723 3424; x_wconf 89' lang='lat' dir='ltr'><strong>se,</strong></span> <span class='ocrx_word' id='word_1_533' title='bbox 1766 3362 1966 3423; x_wconf 71' lang='lat' dir='ltr'><strong>cogdat</strong></span> <span class='ocrx_word' id='word_1_534' title='bbox 2009 3356 2149 3424; x_wconf 81' lang='lat' dir='ltr'><strong>apud</strong></span> 
     </span>
    </p>
   </div>
   <div class='ocr_carea' id='block_1_64' title="bbox 565 3442 2153 3520">
    <p class='ocr_par' dir='ltr' id='par_1_64' title="bbox 565 3442 2153 3520">
     <span class='ocr_line' id='line_1_64' title="bbox 565 3442 2153 3520; baseline 0 -19"><span class='ocrx_word' id='word_1_535' title='bbox 565 3459 644 3501; x_wconf 83' lang='lat' dir='ltr'><strong>se.</strong></span> <span class='ocrx_word' id='word_1_536' title='bbox 673 3442 800 3502; x_wconf 90' lang='lat' dir='ltr'><strong>ldeo</strong></span> <span class='ocrx_word' id='word_1_537' title='bbox 843 3445 1028 3517; x_wconf 90' lang='lat' dir='ltr'><strong>utique</strong></span> <span class='ocrx_word' id='word_1_538' title='bbox 1056 3445 1250 3519; x_wconf 78' lang='lat' dir='ltr'><strong>dicitur</strong></span> <span class='ocrx_word' id='word_1_539' title='bbox 1275 3463 1289 3500; x_wconf 91' lang='lat'><strong>:</strong></span> <span class='ocrx_word' id='word_1_540' title='bbox 1317 3445 1575 3502; x_wconf 55' lang='lat' dir='ltr'><strong>Dixerunt</strong></span> <span class='ocrx_word' id='word_1_541' title='bbox 1605 3447 1745 3520; x_wconf 87' lang='lat' dir='ltr'><strong>apud</strong></span> <span class='ocrx_word' id='word_1_542' title='bbox 1774 3462 1829 3501; x_wconf 89' lang='lat' dir='ltr'><strong>se</strong></span> <span class='ocrx_word' id='word_1_543' title='bbox 1869 3447 2153 3517; x_wconf 84' lang='lat' dir='ltr'><strong>cogitantes</strong></span> 
     </span>
    </p>
   </div>
   <div class='ocr_carea' id='block_1_65' title="bbox 566 3536 2153 3608">
    <p class='ocr_par' dir='ltr' id='par_1_65' title="bbox 566 3536 2153 3608">
     <span class='ocr_line' id='line_1_65' title="bbox 566 3536 2153 3608; baseline -0.001 -16"><span class='ocrx_word' id='word_1_544' title='bbox 566 3551 673 3592; x_wconf 85' lang='lat' dir='ltr'><strong>non</strong></span> <span class='ocrx_word' id='word_1_545' title='bbox 710 3547 862 3591; x_wconf 83' lang='lat' dir='ltr'><strong>recte.</strong></span> <span class='ocrx_word' id='word_1_546' title='bbox 914 3536 1164 3592; x_wconf 86' lang='lat' dir='ltr'><strong>Attamen</strong></span> <span class='ocrx_word' id='word_1_547' title='bbox 1210 3552 1281 3593; x_wconf 83' lang='lat' dir='ltr'><strong>ne</strong></span> <span class='ocrx_word' id='word_1_548' title='bbox 1327 3536 1431 3594; x_wconf 88' lang='lat' dir='ltr'><strong>hoc</strong></span> <span class='ocrx_word' id='word_1_549' title='bbox 1468 3538 1611 3608; x_wconf 90' lang='lat' dir='ltr'><strong>quod</strong></span> <span class='ocrx_word' id='word_1_550' title='bbox 1647 3539 1845 3593; x_wconf 87' lang='lat' dir='ltr'><strong>dictum</strong></span> <span class='ocrx_word' id='word_1_551' title='bbox 1893 3546 1977 3591; x_wconf 89' lang='lat' dir='ltr'><strong>est</strong></span> <span class='ocrx_word' id='word_1_552' title='bbox 2013 3536 2153 3606; x_wconf 89' lang='lat' dir='ltr'><strong>apud</strong></span> 
     </span>
    </p>
   </div>
   <div class='ocr_carea' id='block_1_66' title="bbox 565 3627 2157 3701">
    <p class='ocr_par' dir='ltr' id='par_1_66' title="bbox 565 3627 2157 3701">
     <span class='ocr_line' id='line_1_66' title="bbox 565 3627 2157 3701; baseline -0.001 -16"><span class='ocrx_word' id='word_1_553' title='bbox 565 3642 646 3694; x_wconf 75' lang='lat' dir='ltr'><strong>se,</strong></span> <span class='ocrx_word' id='word_1_554' title='bbox 696 3643 804 3685; x_wconf 92' lang='lat' dir='ltr'><strong>non</strong></span> <span class='ocrx_word' id='word_1_555' title='bbox 834 3628 1076 3699; x_wconf 69' lang='lat' dir='ltr'><strong>prmcede</strong></span> <span class='ocrx_word' id='word_1_556' title='bbox 1116 3627 1155 3683; x_wconf 90' lang='lat' dir='ltr'><strong>ti</strong></span> <span class='ocrx_word' id='word_1_557' title='bbox 1190 3630 1450 3698; x_wconf 72' lang='lat' dir='ltr'><strong>tartnoni,</strong></span> <span class='ocrx_word' id='word_1_558' title='bbox 1493 3630 1585 3685; x_wconf 80' lang='lat' dir='ltr'><strong>sed</strong></span> <span class='ocrx_word' id='word_1_559' title='bbox 1614 3629 1959 3701; x_wconf 87' lang='lat' dir='ltr'><strong>subsequenti</strong></span> <span class='ocrx_word' id='word_1_560' title='bbox 1990 3630 2157 3683; x_wconf 59' lang='lat' dir='ltr'><strong>velint</strong></span> 
     </span>
    </p>
   </div>
   <div class='ocr_carea' id='block_1_67' title="bbox 569 3717 2151 3791">
    <p class='ocr_par' dir='ltr' id='par_1_67' title="bbox 569 3717 2151 3791">
     <span class='ocr_line' id='line_1_67' title="bbox 569 3717 2151 3791; baseline 0.001 -18"><span class='ocrx_word' id='word_1_561' title='bbox 569 3717 751 3773; x_wconf 78' lang='lat' dir='ltr'><strong>Ariani</strong></span> <span class='ocrx_word' id='word_1_562' title='bbox 781 3719 1133 3790; x_wconf 86' lang='lat' dir='ltr'><strong>conjungere,</strong></span> <span class='ocrx_word' id='word_1_563' title='bbox 1156 3727 1216 3775; x_wconf 91' lang='lat' dir='ltr'><strong>ut</strong></span> <span class='ocrx_word' id='word_1_564' title='bbox 1248 3737 1355 3776; x_wconf 88' lang='lat' dir='ltr'><strong>non</strong></span> <span class='ocrx_word' id='word_1_565' title='bbox 1378 3720 1607 3788; x_wconf 76' lang='lat' dir='ltr'><strong>dicatur,</strong></span> <span class='ocrx_word' id='word_1_566' title='bbox 1634 3720 1887 3777; x_wconf 79' lang='lat' dir='ltr'><strong>dixerunt</strong></span> <span class='ocrx_word' id='word_1_567' title='bbox 1912 3721 2053 3791; x_wconf 90' lang='lat' dir='ltr'><strong>apud</strong></span> <span class='ocrx_word' id='word_1_568' title='bbox 2074 3736 2151 3786; x_wconf 86' lang='lat' dir='ltr'><strong>se,</strong></span> 
     </span>
    </p>
   </div>
   <div class='ocr_carea' id='block_1_68' title="bbox 573 3810 2145 3891">
    <p class='ocr_par' dir='ltr' id='par_1_68' title="bbox 573 3810 2145 3891">
     <span class='ocr_line' id='line_1_68' title="bbox 573 3810 2145 3891; baseline 0.002 -25"><span class='ocrx_word' id='word_1_569' title='bbox 573 3810 671 3866; x_wconf 88' lang='lat' dir='ltr'><strong>sed</strong></span> <span class='ocrx_word' id='word_1_570' title='bbox 716 3810 951 3876; x_wconf 85' lang='lat' dir='ltr'><strong>dicatur,</strong></span> <span class='ocrx_word' id='word_1_571' title='bbox 1007 3811 1294 3891; x_wconf 80' lang='lat' dir='ltr'><strong>dixerunt,</strong></span> <span class='ocrx_word' id='word_1_572' title='bbox 1355 3819 1411 3867; x_wconf 88' lang='lat' dir='ltr'><strong>et</strong></span> <span class='ocrx_word' id='word_1_573' title='bbox 1467 3814 1810 3884; x_wconf 87' lang='lat' dir='ltr'><strong>postmodum</strong></span> <span class='ocrx_word' id='word_1_574' title='bbox 1861 3814 2145 3883; x_wconf 81' lang='lat' dir='ltr'><strong>inferatur,</strong></span> 
     </span>
    </p>
   </div>
   <div class='ocr_carea' id='block_1_69' title="bbox 568 3903 2156 3976">
    <p class='ocr_par' dir='ltr' id='par_1_69' title="bbox 568 3903 2156 3976">
     <span class='ocr_line' id='line_1_69' title="bbox 568 3903 2156 3976; baseline 0.001 -16"><span class='ocrx_word' id='word_1_575' title='bbox 568 3903 709 3976; x_wconf 89' lang='lat' dir='ltr'><strong>apud</strong></span> <span class='ocrx_word' id='word_1_576' title='bbox 737 3919 797 3961; x_wconf 88' lang='lat' dir='ltr'><strong>se</strong></span> <span class='ocrx_word' id='word_1_577' title='bbox 834 3905 1160 3974; x_wconf 89' lang='lat' dir='ltr'><strong>cogitantes;</strong></span> <span class='ocrx_word' id='word_1_578' title='bbox 1199 3905 1421 3960; x_wconf 90' lang='lat' dir='ltr'><strong>audiant</strong></span> <span class='ocrx_word' id='word_1_579' title='bbox 1471 3908 1633 3961; x_wconf 90' lang='lat' dir='ltr'><strong>etiam</strong></span> <span class='ocrx_word' id='word_1_580' title='bbox 1680 3907 1807 3962; x_wconf 89' lang='lat' dir='ltr'><strong>hinc</strong></span> <span class='ocrx_word' id='word_1_581' title='bbox 1853 3906 2156 3961; x_wconf 81' lang='lat' dir='ltr'><strong>divinarum</strong></span> 
     </span>
    </p>
   </div>
   <div class='ocr_carea' id='block_1_70' title="bbox 569 3995 2155 4070">
    <p class='ocr_par' dir='ltr' id='par_1_70' title="bbox 569 3995 2155 4070">
     <span class='ocr_line' id='line_1_70' title="bbox 569 3995 2155 4070; baseline 0.001 -18"><span class='ocrx_word' id='word_1_582' title='bbox 569 3995 680 4069; x_wconf 67' lang='grc' dir='ltr'>ω</span> <span class='ocrx_word' id='word_1_583' title='bbox 707 3996 1012 4053; x_wconf 88' lang='lat' dir='ltr'><strong>testimonia</strong></span> <span class='ocrx_word' id='word_1_584' title='bbox 1039 3996 1459 4068; x_wconf 82' lang='lat' dir='ltr'><strong>Scripturarum,</strong></span> <span class='ocrx_word' id='word_1_585' title='bbox 1490 4005 1547 4054; x_wconf 82' lang='lat' dir='ltr'><strong>et’</strong></span> <span class='ocrx_word' id='word_1_586' title='bbox 1567 4009 1898 4070; x_wconf 82' lang='lat' dir='ltr'><strong>cognoscant</strong></span> <span class='ocrx_word' id='word_1_587' title='bbox 1922 3998 2155 4056; x_wconf 73' lang='lat' dir='ltr'><strong>cilicium</strong></span> 
     </span>
    </p>
   </div>
   <div class='ocr_carea' id='block_1_71' title="bbox 570 4089 2156 4159">
    <p class='ocr_par' dir='ltr' id='par_1_71' title="bbox 570 4089 2156 4159">
     <span class='ocr_line' id='line_1_71' title="bbox 570 4089 2156 4159; baseline 0 -13"><span class='ocrx_word' id='word_1_588' title='bbox 570 4089 909 4159; x_wconf 88' lang='lat' dir='ltr'><strong>cogitationis</strong></span> <span class='ocrx_word' id='word_1_589' title='bbox 937 4089 1201 4151; x_wconf 69' lang='lat' dir='ltr'><strong>humanm,</strong></span> <span class='ocrx_word' id='word_1_590' title='bbox 1236 4107 1342 4146; x_wconf 91' lang='lat' dir='ltr'><strong>non</strong></span> <span class='ocrx_word' id='word_1_591' title='bbox 1373 4092 1440 4147; x_wconf 91' lang='lat' dir='ltr'><strong>ad</strong></span> <span class='ocrx_word' id='word_1_592' title='bbox 1470 4093 1815 4158; x_wconf 73' lang='lat' dir='ltr'><strong>exteriorem,</strong></span> <span class='ocrx_word' id='word_1_593' title='bbox 1861 4093 1954 4147; x_wconf 86' lang='lat' dir='ltr'><strong>sed</strong></span> <span class='ocrx_word' id='word_1_594' title='bbox 1986 4093 2049 4146; x_wconf 88' lang='lat' dir='ltr'><strong>ad</strong></span> <span class='ocrx_word' id='word_1_595' title='bbox 2073 4093 2156 4146; x_wconf 73' lang='lat' dir='ltr'><strong>in~</strong></span> 
     </span>
    </p>
   </div>
   <div class='ocr_carea' id='block_1_72' title="bbox 572 4180 2159 4254">
    <p class='ocr_par' dir='ltr' id='par_1_72' title="bbox 572 4180 2159 4254">
     <span class='ocr_line' id='line_1_72' title="bbox 572 4180 2159 4254; baseline 0.003 -19"><span class='ocrx_word' id='word_1_596' title='bbox 572 4180 824 4235; x_wconf 88' lang='lat' dir='ltr'><strong>teriorem</strong></span> <span class='ocrx_word' id='word_1_597' title='bbox 856 4181 1127 4237; x_wconf 88' lang='lat' dir='ltr'><strong>hominem</strong></span> <span class='ocrx_word' id='word_1_598' title='bbox 1149 4186 1441 4252; x_wconf 81' lang='lat' dir='ltr'><strong>pertinere.</strong></span> <span class='ocrx_word' id='word_1_599' title='bbox 1469 4182 1807 4253; x_wconf 67' lang='lat' dir='ltr'><strong>Evangelista</strong></span> <span class='ocrx_word' id='word_1_600' title='bbox 1848 4186 2002 4247; x_wconf 81' lang='lat' dir='ltr'><strong>dicit;</strong></span> <span class='ocrx_word' id='word_1_601' title='bbox 2033 4186 2159 4254; x_wconf 89' lang='lat' dir='ltr'><strong>quia</strong></span> 
     </span>
    </p>
   </div>
   <div class='ocr_carea' id='block_1_73' title="bbox 572 4256 2158 4343">
    <p class='ocr_par' dir='ltr' id='par_1_73' title="bbox 572 4256 2158 4343">
     <span class='ocr_line' id='line_1_73' title="bbox 572 4256 2158 4343; baseline -0.001 -16"><span class='ocrx_word' id='word_1_602' title='bbox 572 4284 695 4327; x_wconf 90' lang='lat' dir='ltr'><strong>cum</strong></span> <span class='ocrx_word' id='word_1_603' title='bbox 725 4256 950 4324; x_wconf 87' lang='lat' dir='ltr'><strong>Domino</strong></span> <span class='ocrx_word' id='word_1_604' title='bbox 981 4272 1304 4343; x_wconf 78' lang='lat' dir='ltr'><strong>paralyticos</strong></span> <span class='ocrx_word' id='word_1_605' title='bbox 1329 4272 1636 4340; x_wconf 55' lang='lat' dir='ltr'><strong>orl‘erretur,</strong></span> <span class='ocrx_word' id='word_1_606' title='bbox 1684 4274 1876 4328; x_wconf 86' lang='lat' dir='ltr'><strong>Videns</strong></span> <span class='ocrx_word' id='word_1_607' title='bbox 1907 4273 2158 4328; x_wconf 82' lang='lat' dir='ltr'><strong>Dominus</strong></span> 
     </span>
    </p>
   </div>
   <div class='ocr_carea' id='block_1_74' title="bbox 573 4360 2157 4434">
    <p class='ocr_par' dir='ltr' id='par_1_74' title="bbox 573 4360 2157 4434">
     <span class='ocr_line' id='line_1_74' title="bbox 573 4360 2157 4434; baseline 0.003 -18"><span class='ocrx_word' id='word_1_608' title='bbox 573 4360 728 4434; x_wconf 73' lang='lat' dir='ltr'><strong>ﬁdem</strong></span> <span class='ocrx_word' id='word_1_609' title='bbox 746 4362 972 4429; x_wconf 82' lang='lat' dir='ltr'><strong>illorum,</strong></span> <span class='ocrx_word' id='word_1_610' title='bbox 995 4363 1087 4431; x_wconf 91' lang='lat' dir='ltr'><strong>qui</strong></span> <span class='ocrx_word' id='word_1_611' title='bbox 1108 4378 1231 4417; x_wconf 91' lang='lat' dir='ltr'><strong>eum</strong></span> <span class='ocrx_word' id='word_1_612' title='bbox 1254 4377 1349 4433; x_wconf 89' lang='lat' dir='ltr'><strong>per</strong></span> <span class='ocrx_word' id='word_1_613' title='bbox 1371 4364 1575 4432; x_wconf 81' lang='lat' dir='ltr'><strong>tegulas</strong></span> <span class='ocrx_word' id='word_1_614' title='bbox 1593 4367 1968 4429; x_wconf 81' lang='lat' dir='ltr'><strong>submiserant,</strong></span> <span class='ocrx_word' id='word_1_615' title='bbox 1983 4366 2113 4420; x_wconf 71' lang='lat' dir='ltr'><strong>dixit</strong></span> <span class='ocrx_word' id='word_1_616' title='bbox 2139 4383 2157 4422; x_wconf 91' lang='lat'><strong><em>:</em></strong></span> 
     </span>
    </p>
   </div>
   <div class='ocr_carea' id='block_1_75' title="bbox 574 4451 2161 4528">
    <p class='ocr_par' dir='ltr' id='par_1_75' title="bbox 574 4451 2161 4528">
     <span class='ocr_line' id='line_1_75' title="bbox 574 4451 2161 4528; baseline 0.002 -20"><span class='ocrx_word' id='word_1_617' title='bbox 574 4451 815 4522; x_wconf 74' lang='lat' dir='ltr'><strong>Conﬁde,</strong></span> <span class='ocrx_word' id='word_1_618' title='bbox 867 4452 973 4523; x_wconf 77' lang='lat' dir='ltr'><strong>ﬁli,</strong></span> <span class='ocrx_word' id='word_1_619' title='bbox 1022 4454 1351 4507; x_wconf 87' lang='lat' dir='ltr'><strong>remittuntur</strong></span> <span class='ocrx_word' id='word_1_620' title='bbox 1396 4464 1609 4524; x_wconf 84' lang='lat' dir='ltr'><strong>peccata</strong></span> <span class='ocrx_word' id='word_1_621' title='bbox 1638 4464 1755 4521; x_wconf 85' lang='lat' dir='ltr'><strong>tua;</strong></span> <span class='ocrx_word' id='word_1_622' title='bbox 1804 4466 1852 4510; x_wconf 90' lang='lat' dir='ltr'><strong>et</strong></span> <span class='ocrx_word' id='word_1_623' title='bbox 1890 4472 2005 4510; x_wconf 88' lang='lat' dir='ltr'><strong>ecce</strong></span> <span class='ocrx_word' id='word_1_624' title='bbox 2046 4458 2161 4528; x_wconf 83' lang='lat' dir='ltr'><strong>qui-</strong></span> 
     </span>
    </p>
   </div>
   <div class='ocr_carea' id='block_1_76' title="bbox 576 4540 2159 4617">
    <p class='ocr_par' dir='ltr' id='par_1_76' title="bbox 576 4540 2159 4617">
     <span class='ocr_line' id='line_1_76' title="bbox 576 4540 2159 4617; baseline 0.003 -20"><span class='ocrx_word' id='word_1_625' title='bbox 576 4543 696 4598; x_wconf 90' lang='lat' dir='ltr'><strong>dam</strong></span> <span class='ocrx_word' id='word_1_626' title='bbox 718 4542 783 4597; x_wconf 88' lang='lat' dir='ltr'><strong>de</strong></span> <span class='ocrx_word' id='word_1_627' title='bbox 808 4542 991 4598; x_wconf 86' lang='lat' dir='ltr'><strong>scribis</strong></span> <span class='ocrx_word' id='word_1_628' title='bbox 1033 4544 1275 4599; x_wconf 77' lang='lat' dir='ltr'><strong>dixerunt</strong></span> <span class='ocrx_word' id='word_1_629' title='bbox 1302 4546 1442 4598; x_wconf 86' lang='lat' dir='ltr'><strong>intra</strong></span> <span class='ocrx_word' id='word_1_630' title='bbox 1467 4560 1522 4599; x_wconf 89' lang='lat' dir='ltr'><strong>se</strong></span> <span class='ocrx_word' id='word_1_631' title='bbox 1549 4562 1568 4600; x_wconf 93' lang='grc'><strong>.·</strong></span> <span class='ocrx_word' id='word_1_632' title='bbox 1592 4544 1640 4600; x_wconf 83' lang='grc' dir='ltr'><em>Η</em></span> <span class='ocrx_word' id='word_1_633' title='bbox 1650 4548 1695 4601; x_wconf 85' lang='lat' dir='ltr'><strong>ic</strong></span> <span class='ocrx_word' id='word_1_634' title='bbox 1718 4546 2056 4617; x_wconf 82' lang='lat' dir='ltr'><strong>blasphemat.</strong></span> <span class='ocrx_word' id='word_1_635' title='bbox 2091 4540 2159 4602; x_wconf 81' lang='lat' dir='ltr'><strong>Et</strong></span> 
     </span>
    </p>
   </div>
   <div class='ocr_carea' id='block_1_77' title="bbox 576 4635 2159 4711">
    <p class='ocr_par' dir='ltr' id='par_1_77' title="bbox 576 4635 2159 4711">
     <span class='ocr_line' id='line_1_77' title="bbox 576 4635 2159 4711; baseline 0.003 -22"><span class='ocrx_word' id='word_1_636' title='bbox 576 4652 690 4690; x_wconf 87' lang='lat' dir='ltr'><strong>cum</strong></span> <span class='ocrx_word' id='word_1_637' title='bbox 730 4635 936 4690; x_wconf 84' lang='lat' dir='ltr'><strong>vidisset</strong></span> <span class='ocrx_word' id='word_1_638' title='bbox 976 4635 1129 4691; x_wconf 75' lang='lat' dir='ltr'><strong>Iesus</strong></span> <span class='ocrx_word' id='word_1_639' title='bbox 1158 4638 1497 4708; x_wconf 81' lang='lat' dir='ltr'><strong>cogitationes</strong></span> <span class='ocrx_word' id='word_1_640' title='bbox 1536 4655 1711 4694; x_wconf 86' lang='lat' dir='ltr'><strong>eorum</strong></span> <span class='ocrx_word' id='word_1_641' title='bbox 1760 4640 1933 4707; x_wconf 73' lang='lat' dir='ltr'><strong>dixit:</strong></span> <span class='ocrx_word' id='word_1_642' title='bbox 1967 4637 2159 4711; x_wconf 85' lang='lat' dir='ltr'><strong>thuid</strong></span> 
     </span>
    </p>
   </div>
   <div class='ocr_carea' id='block_1_78' title="bbox 577 4726 2157 4808">
    <p class='ocr_par' dir='ltr' id='par_1_78' title="bbox 577 4726 2157 4808">
     <span class='ocr_line' id='line_1_78' title="bbox 577 4726 2157 4808; baseline 0.005 -29"><span class='ocrx_word' id='word_1_643' title='bbox 577 4727 815 4796; x_wconf 88' lang='lat' dir='ltr'><strong>cogitatis</strong></span> <span class='ocrx_word' id='word_1_644' title='bbox 844 4726 984 4780; x_wconf 85' lang='lat' dir='ltr'><strong>mata</strong></span> <span class='ocrx_word' id='word_1_645' title='bbox 1023 4728 1076 4781; x_wconf 86' lang='lat' dir='ltr'><strong>in</strong></span> <span class='ocrx_word' id='word_1_646' title='bbox 1116 4727 1351 4783; x_wconf 89' lang='lat' dir='ltr'><strong>cordibus</strong></span> <span class='ocrx_word' id='word_1_647' title='bbox 1398 4732 1576 4785; x_wconf 89' lang='lat' dir='ltr'><strong>vestris</strong></span> <span class='ocrx_word' id='word_1_648' title='bbox 1627 4729 1840 4805; x_wconf 81' lang='lat' dir='ltr'><strong>(Matth.</strong></span> <span class='ocrx_word' id='word_1_649' title='bbox 1882 4748 1957 4808; x_wconf 48' lang='lat' dir='ltr'><strong>1x,</strong></span> <span class='ocrx_word' id='word_1_650' title='bbox 1999 4731 2050 4795; x_wconf 73' lang='grc'><strong>2,</strong></span> <span class='ocrx_word' id='word_1_651' title='bbox 2091 4730 2157 4799; x_wconf 75' lang='lat'><strong>5;</strong></span> 
     </span>
    </p>
   </div>
   <div class='ocr_carea' id='block_1_79' title="bbox 579 4815 2161 4893">
    <p class='ocr_par' dir='ltr' id='par_1_79' title="bbox 579 4815 2161 4893">
     <span class='ocr_line' id='line_1_79' title="bbox 579 4815 2161 4893; baseline 0.003 -23"><span class='ocrx_word' id='word_1_652' title='bbox 579 4815 748 4871; x_wconf 85' lang='lat' dir='ltr'><strong>Marc.</strong></span> <span class='ocrx_word' id='word_1_653' title='bbox 778 4833 835 4883; x_wconf 80' lang='grc' dir='ltr'>ιι,</span> <span class='ocrx_word' id='word_1_654' title='bbox 860 4820 916 4885; x_wconf 75' lang='grc'><strong>4,</strong></span> <span class='ocrx_word' id='word_1_655' title='bbox 943 4815 1002 4884; x_wconf 83' lang='grc'><strong>5;</strong></span> <span class='ocrx_word' id='word_1_656' title='bbox 1047 4816 1174 4873; x_wconf 87' lang='lat' dir='ltr'><strong>Luc.</strong></span> <span class='ocrx_word' id='word_1_657' title='bbox 1206 4836 1257 4885; x_wconf 90' lang='lat' dir='ltr'><strong>v,</strong></span> <span class='ocrx_word' id='word_1_658' title='bbox 1296 4820 1386 4891; x_wconf 80' lang='grc'><strong>18,</strong></span> <span class='ocrx_word' id='word_1_659' title='bbox 1420 4820 1544 4893; x_wconf 82' lang='lat' dir='ltr'><strong>l9)?</strong></span> <span class='ocrx_word' id='word_1_660' title='bbox 1590 4821 1737 4889; x_wconf 88' lang='lat' dir='ltr'><strong>Quos</strong></span> <span class='ocrx_word' id='word_1_661' title='bbox 1765 4822 1901 4876; x_wconf 79' lang='lat' dir='ltr'><strong>dixit</strong></span> <span class='ocrx_word' id='word_1_662' title='bbox 1924 4836 2161 4891; x_wconf 82' lang='lat' dir='ltr'><strong>evange-</strong></span> 
     </span>
    </p>
   </div>
   <div class='ocr_carea' id='block_1_80' title="bbox 579 4906 2161 4983">
    <p class='ocr_par' dir='ltr' id='par_1_80' title="bbox 579 4906 2161 4983">
     <span class='ocr_line' id='line_1_80' title="bbox 579 4906 2161 4983; baseline 0.004 -20"><span class='ocrx_word' id='word_1_663' title='bbox 579 4906 698 4963; x_wconf 84' lang='lat' dir='ltr'><strong>lista</strong></span> <span class='ocrx_word' id='word_1_664' title='bbox 725 4908 863 4963; x_wconf 87' lang='lat' dir='ltr'><strong>intra</strong></span> <span class='ocrx_word' id='word_1_665' title='bbox 891 4925 950 4964; x_wconf 91' lang='lat' dir='ltr'><strong>se</strong></span> <span class='ocrx_word' id='word_1_666' title='bbox 971 4909 1197 4979; x_wconf 83' lang='lat' dir='ltr'><strong>dixisse,</strong></span> <span class='ocrx_word' id='word_1_667' title='bbox 1251 4914 1398 4983; x_wconf 90' lang='lat' dir='ltr'><strong>ipsos</strong></span> <span class='ocrx_word' id='word_1_668' title='bbox 1427 4913 1684 4971; x_wconf 89' lang='lat' dir='ltr'><strong>Dominus</strong></span> <span class='ocrx_word' id='word_1_669' title='bbox 1710 4915 1841 4971; x_wconf 90' lang='lat' dir='ltr'><strong>dicit</strong></span> <span class='ocrx_word' id='word_1_670' title='bbox 1887 4915 1938 4969; x_wconf 91' lang='lat' dir='ltr'><strong>in</strong></span> <span class='ocrx_word' id='word_1_671' title='bbox 1977 4914 2161 4980; x_wconf 83' lang='lat' dir='ltr'><strong>cordi-</strong></span> 
     </span>
    </p>
   </div>
   <div class='ocr_carea' id='block_1_81' title="bbox 544 4999 2162 5071">
    <p class='ocr_par' dir='ltr' id='par_1_81' title="bbox 544 4999 2162 5071">
     <span class='ocr_line' id='line_1_81' title="bbox 544 4999 2162 5071; baseline 0.004 -15"><span class='ocrx_word' id='word_1_672' title='bbox 544 5045 548 5049; x_wconf 94' lang='lat'><strong>.</strong></span> <span class='ocrx_word' id='word_1_673' title='bbox 579 5000 679 5057; x_wconf 89' lang='lat' dir='ltr'><strong>bus</strong></span> <span class='ocrx_word' id='word_1_674' title='bbox 704 4999 844 5056; x_wconf 88' lang='lat' dir='ltr'><strong>mala</strong></span> <span class='ocrx_word' id='word_1_675' title='bbox 869 5002 1151 5070; x_wconf 81' lang='lat' dir='ltr'><strong>cogitasse.</strong></span> <span class='ocrx_word' id='word_1_676' title='bbox 1183 5002 1320 5071; x_wconf 89' lang='lat' dir='ltr'><strong>Quid</strong></span> <span class='ocrx_word' id='word_1_677' title='bbox 1349 5014 1433 5061; x_wconf 87' lang='lat' dir='ltr'><strong>est</strong></span> <span class='ocrx_word' id='word_1_678' title='bbox 1461 5016 1640 5061; x_wconf 90' lang='lat' dir='ltr'><strong>autem</strong></span> <span class='ocrx_word' id='word_1_679' title='bbox 1670 5007 1810 5065; x_wconf 80' lang='lat' dir='ltr'><strong>mala</strong></span> <span class='ocrx_word' id='word_1_680' title='bbox 1839 5007 1894 5060; x_wconf 86' lang='lat' dir='ltr'><strong>in</strong></span> <span class='ocrx_word' id='word_1_681' title='bbox 1923 5006 2162 5062; x_wconf 84' lang='lat' dir='ltr'><strong>cordibus</strong></span> 
     </span>
    </p>
   </div>
   <div class='ocr_carea' id='block_1_82' title="bbox 580 5096 2163 5169">
    <p class='ocr_par' dir='ltr' id='par_1_82' title="bbox 580 5096 2163 5169">
     <span class='ocr_line' id='line_1_82' title="bbox 580 5096 2163 5169; baseline 0.002 -17"><span class='ocrx_word' id='word_1_682' title='bbox 580 5098 828 5169; x_wconf 86' lang='lat' dir='ltr'><strong>cogitare,</strong></span> <span class='ocrx_word' id='word_1_683' title='bbox 860 5096 962 5151; x_wconf 89' lang='lat' dir='ltr'><strong>nisi</strong></span> <span class='ocrx_word' id='word_1_684' title='bbox 989 5096 1226 5164; x_wconf 84' lang='lat' dir='ltr'><strong>cogitare</strong></span> <span class='ocrx_word' id='word_1_685' title='bbox 1250 5098 1389 5169; x_wconf 85' lang='lat' dir='ltr'><strong>apud</strong></span> <span class='ocrx_word' id='word_1_686' title='bbox 1415 5116 1470 5153; x_wconf 89' lang='lat' dir='ltr'><strong>se</strong></span> <span class='ocrx_word' id='word_1_687' title='bbox 1502 5101 1819 5169; x_wconf 56' lang='lat' dir='ltr'><strong>nonres-te?</strong></span> <span class='ocrx_word' id='word_1_688' title='bbox 1850 5098 2163 5166; x_wconf 86' lang='lat' dir='ltr'><strong>Quomodo—</strong></span> 
     </span>
    </p>
   </div>
   <div class='ocr_carea' id='block_1_83' title="bbox 580 5184 2165 5261">
    <p class='ocr_par' dir='ltr' id='par_1_83' title="bbox 580 5184 2165 5261">
     <span class='ocr_line' id='line_1_83' title="bbox 580 5184 2165 5261; baseline 0.003 -20"><span class='ocrx_word' id='word_1_689' title='bbox 580 5185 710 5242; x_wconf 86' lang='lat' dir='ltr'><strong>libet</strong></span> <span class='ocrx_word' id='word_1_690' title='bbox 736 5200 866 5257; x_wconf 88' lang='lat' dir='ltr'><strong>ergo</strong></span> <span class='ocrx_word' id='word_1_691' title='bbox 891 5184 1049 5257; x_wconf 85' lang='lat' dir='ltr'><strong>hujus</strong></span> <span class='ocrx_word' id='word_1_692' title='bbox 1078 5186 1183 5242; x_wconf 94' lang='lat' dir='ltr'><strong>loci</strong></span> <span class='ocrx_word' id='word_1_693' title='bbox 1218 5203 1434 5257; x_wconf 81' lang='lat' dir='ltr'><strong>sensum</strong></span> <span class='ocrx_word' id='word_1_694' title='bbox 1466 5191 1649 5245; x_wconf 84' lang='lat' dir='ltr'><strong>Ariani</strong></span> <span class='ocrx_word' id='word_1_695' title='bbox 1696 5191 2041 5261; x_wconf 88' lang='lat' dir='ltr'><strong>distinguant,</strong></span> <span class='ocrx_word' id='word_1_696' title='bbox 2090 5190 2165 5246; x_wconf 88' lang='lat' dir='ltr'><strong>ibi</strong></span> 
     </span>
    </p>
   </div>
   <div class='ocr_carea' id='block_1_84' title="bbox 570 5279 2160 5355">
    <p class='ocr_par' dir='ltr' id='par_1_84' title="bbox 570 5279 2160 5355">
     <span class='ocr_line' id='line_1_84' title="bbox 570 5279 2160 5355; baseline 0.006 -23"><span class='ocrx_word' id='word_1_697' title='bbox 570 5293 802 5353; x_wconf 81' lang='lat' dir='ltr'><strong>necesse</strong></span> <span class='ocrx_word' id='word_1_698' title='bbox 831 5288 936 5349; x_wconf 91' lang='lat' dir='ltr'><strong>est,</strong></span> <span class='ocrx_word' id='word_1_699' title='bbox 982 5279 1352 5336; x_wconf 84' lang='lat' dir='ltr'><strong>confusionem</strong></span> <span class='ocrx_word' id='word_1_700' title='bbox 1396 5299 1506 5338; x_wconf 67' lang='lat' dir='ltr'><strong>sua:</strong></span> <span class='ocrx_word' id='word_1_701' title='bbox 1547 5285 1824 5355; x_wconf 86' lang='lat' dir='ltr'><strong>pravitatis</strong></span> <span class='ocrx_word' id='word_1_702' title='bbox 1867 5285 2160 5341; x_wconf 84' lang='lat' dir='ltr'><strong>inveniant.</strong></span> 
     </span>
    </p>
   </div>
   <div class='ocr_carea' id='block_1_85' title="bbox 582 5365 2161 5444">
    <p class='ocr_par' dir='ltr' id='par_1_85' title="bbox 582 5365 2161 5444">
     <span class='ocr_line' id='line_1_85' title="bbox 582 5365 2161 5444; baseline 0.006 -22"><span class='ocrx_word' id='word_1_703' title='bbox 582 5365 644 5423; x_wconf 85' lang='lat' dir='ltr'><strong>Et</strong></span> <span class='ocrx_word' id='word_1_704' title='bbox 679 5370 880 5424; x_wconf 88' lang='lat' dir='ltr'><strong>utinam</strong></span> <span class='ocrx_word' id='word_1_705' title='bbox 910 5371 988 5427; x_wconf 84' lang='lat' dir='ltr'><strong>sic</strong></span> <span class='ocrx_word' id='word_1_706' title='bbox 1016 5370 1082 5428; x_wconf 91' lang='lat' dir='ltr'><strong>de</strong></span> <span class='ocrx_word' id='word_1_707' title='bbox 1110 5388 1297 5431; x_wconf 90' lang='lat' dir='ltr'><strong>errore</strong></span> <span class='ocrx_word' id='word_1_708' title='bbox 1320 5372 1734 5444; x_wconf 85' lang='lat' dir='ltr'><strong>confundantur,</strong></span> <span class='ocrx_word' id='word_1_709' title='bbox 1780 5386 1838 5431; x_wconf 91' lang='lat' dir='ltr'><strong>ut</strong></span> <span class='ocrx_word' id='word_1_710' title='bbox 1865 5378 1932 5431; x_wconf 87' lang='lat' dir='ltr'><strong>ad</strong></span> <span class='ocrx_word' id='word_1_711' title='bbox 1965 5379 2161 5434; x_wconf 88' lang='lat' dir='ltr'><strong>verita-</strong></span> 
     </span>
    </p>
   </div>
   <div class='ocr_carea' id='block_1_86' title="bbox 584 5465 2175 5534">
    <p class='ocr_par' dir='ltr' id='par_1_86' title="bbox 584 5465 2175 5534">
     <span class='ocr_line' id='line_1_86' title="bbox 584 5465 2175 5534; baseline 0.006 -18"><span class='ocrx_word' id='word_1_712' title='bbox 584 5471 691 5517; x_wconf 87' lang='lat' dir='ltr'><strong>tem</strong></span> <span class='ocrx_word' id='word_1_713' title='bbox 721 5472 1123 5521; x_wconf 90' lang='lat' dir='ltr'><strong>convertantur.</strong></span> <span class='ocrx_word' id='word_1_714' title='bbox 1170 5465 1227 5522; x_wconf 89' lang='lat' dir='ltr'><strong>Si</strong></span> <span class='ocrx_word' id='word_1_715' title='bbox 1256 5470 1397 5523; x_wconf 91' lang='lat' dir='ltr'><strong>enim</strong></span> <span class='ocrx_word' id='word_1_716' title='bbox 1424 5468 1670 5534; x_wconf 84' lang='lat' dir='ltr'><strong>dixerint,</strong></span> <span class='ocrx_word' id='word_1_717' title='bbox 1723 5470 1799 5525; x_wconf 90' lang='lat' dir='ltr'><strong>sic</strong></span> <span class='ocrx_word' id='word_1_718' title='bbox 1828 5470 1987 5524; x_wconf 91' lang='lat' dir='ltr'><strong>istum</strong></span> <span class='ocrx_word' id='word_1_719' title='bbox 2017 5468 2175 5525; x_wconf 82' lang='lat' dir='ltr'><strong>Scri-‘</strong></span> 
     </span>
    </p>
   </div>
   <div class='ocr_carea' id='block_1_87' title="bbox 584 5558 2161 5633">
    <p class='ocr_par' dir='ltr' id='par_1_87' title="bbox 584 5558 2161 5633">
     <span class='ocr_line' id='line_1_87' title="bbox 584 5558 2161 5633; baseline 0.003 -22"><span class='ocrx_word' id='word_1_720' title='bbox 584 5565 753 5629; x_wconf 70' lang='lat' dir='ltr'><strong>ptum:</strong></span> <span class='ocrx_word' id='word_1_721' title='bbox 798 5558 1125 5615; x_wconf 79' lang='lat' dir='ltr'><strong>versiculum</strong></span> <span class='ocrx_word' id='word_1_722' title='bbox 1166 5560 1523 5629; x_wconf 89' lang='lat' dir='ltr'><strong>dividendum,</strong></span> <span class='ocrx_word' id='word_1_723' title='bbox 1572 5563 1714 5633; x_wconf 91' lang='lat' dir='ltr'><strong>quod</strong></span> <span class='ocrx_word' id='word_1_724' title='bbox 1763 5563 2020 5632; x_wconf 89' lang='lat' dir='ltr'><strong>scriptum</strong></span> <span class='ocrx_word' id='word_1_725' title='bbox 2060 5569 2161 5630; x_wconf 90' lang='lat' dir='ltr'><strong>est,</strong></span> 
     </span>
    </p>
   </div>
   <div class='ocr_carea' id='block_1_88' title="bbox 586 5645 2164 5724">
    <p class='ocr_par' dir='ltr' id='par_1_88' title="bbox 586 5645 2164 5724">
     <span class='ocr_line' id='line_1_88' title="bbox 586 5645 2164 5724; baseline 0.003 -21"><span class='ocrx_word' id='word_1_726' title='bbox 586 5645 845 5705; x_wconf 74' lang='lat' dir='ltr'><strong>Dixerunt</strong></span> <span class='ocrx_word' id='word_1_727' title='bbox 873 5648 1014 5719; x_wconf 85' lang='lat' dir='ltr'><strong>apud</strong></span> <span class='ocrx_word' id='word_1_728' title='bbox 1038 5667 1113 5718; x_wconf 90' lang='lat' dir='ltr'><strong>se,</strong></span> <span class='ocrx_word' id='word_1_729' title='bbox 1137 5655 1422 5724; x_wconf 88' lang='lat' dir='ltr'><strong>cogitantes</strong></span> <span class='ocrx_word' id='word_1_730' title='bbox 1445 5672 1544 5709; x_wconf 86' lang='lat' dir='ltr'><strong>non</strong></span> <span class='ocrx_word' id='word_1_731' title='bbox 1567 5665 1724 5721; x_wconf 84' lang='lat' dir='ltr'><strong>recte,</strong></span> <span class='ocrx_word' id='word_1_732' title='bbox 1752 5661 1809 5708; x_wconf 91' lang='lat' dir='ltr'><strong>ut</strong></span> <span class='ocrx_word' id='word_1_733' title='bbox 1832 5653 2005 5724; x_wconf 85' lang='lat' dir='ltr'><strong>ipsum</strong></span> <span class='ocrx_word' id='word_1_734' title='bbox 2026 5654 2164 5723; x_wconf 84' lang='lat' dir='ltr'><strong>apud</strong></span> 
     </span>
    </p>
   </div>
   <div class='ocr_carea' id='block_1_89' title="bbox 586 5740 2164 5815">
    <p class='ocr_par' dir='ltr' id='par_1_89' title="bbox 586 5740 2164 5815">
     <span class='ocr_line' id='line_1_89' title="bbox 586 5740 2164 5815; baseline 0.004 -21"><span class='ocrx_word' id='word_1_735' title='bbox 586 5756 658 5808; x_wconf 75' lang='lat' dir='ltr'><strong>se,</strong></span> <span class='ocrx_word' id='word_1_736' title='bbox 708 5740 1034 5815; x_wconf 69' lang='lat' dir='ltr'><strong>pt-azcedenti</strong></span> <span class='ocrx_word' id='word_1_737' title='bbox 1078 5745 1310 5799; x_wconf 87' lang='lat' dir='ltr'><strong>sermoni</strong></span> <span class='ocrx_word' id='word_1_738' title='bbox 1337 5746 1641 5815; x_wconf 89' lang='lat' dir='ltr'><strong>jungentes,</strong></span> <span class='ocrx_word' id='word_1_739' title='bbox 1690 5748 1769 5801; x_wconf 90' lang='lat' dir='ltr'><strong>sic</strong></span> <span class='ocrx_word' id='word_1_740' title='bbox 1792 5745 2164 5814; x_wconf 87' lang='lat' dir='ltr'><strong>distinguant:</strong></span> 
     </span>
    </p>
   </div>
   <div class='ocr_carea' id='block_1_90' title="bbox 587 5833 2167 5911">
    <p class='ocr_par' dir='ltr' id='par_1_90' title="bbox 587 5833 2167 5911">
     <span class='ocr_line' id='line_1_90' title="bbox 587 5833 2167 5911; baseline 0.003 -23"><span class='ocrx_word' id='word_1_741' title='bbox 587 5833 849 5892; x_wconf 57' lang='lat' dir='ltr'><strong>Dixerunt</strong></span> <span class='ocrx_word' id='word_1_742' title='bbox 877 5833 1016 5907; x_wconf 87' lang='lat' dir='ltr'><strong>apud</strong></span> <span class='ocrx_word' id='word_1_743' title='bbox 1038 5850 1111 5897; x_wconf 87' lang='lat' dir='ltr'><strong>se,</strong></span> <span class='ocrx_word' id='word_1_744' title='bbox 1150 5844 1209 5888; x_wconf 88' lang='lat' dir='ltr'><strong>ut</strong></span> <span class='ocrx_word' id='word_1_745' title='bbox 1239 5846 1421 5905; x_wconf 80' lang='lat' dir='ltr'><strong>postea</strong></span> <span class='ocrx_word' id='word_1_746' title='bbox 1454 5840 1703 5907; x_wconf 82' lang='lat' dir='ltr'><strong>inferant,</strong></span> <span class='ocrx_word' id='word_1_747' title='bbox 1750 5841 2034 5911; x_wconf 80' lang='lat' dir='ltr'><strong>cogitantes</strong></span> <span class='ocrx_word' id='word_1_748' title='bbox 2061 5854 2167 5895; x_wconf 85' lang='lat' dir='ltr'><strong>non</strong></span> 
     </span>
    </p>
   </div>
   <div class='ocr_carea' id='block_1_91' title="bbox 590 5926 2163 6002">
    <p class='ocr_par' dir='ltr' id='par_1_91' title="bbox 590 5926 2163 6002">
     <span class='ocr_line' id='line_1_91' title="bbox 590 5926 2163 6002; baseline 0.004 -20"><span class='ocrx_word' id='word_1_749' title='bbox 590 5936 747 5987; x_wconf 80' lang='lat' dir='ltr'><strong>recte.</strong></span> <span class='ocrx_word' id='word_1_750' title='bbox 803 5926 1057 5986; x_wconf 84' lang='lat' dir='ltr'><strong>Davidico</strong></span> <span class='ocrx_word' id='word_1_751' title='bbox 1098 5927 1279 5984; x_wconf 85' lang='lat' dir='ltr'><strong>statim</strong></span> <span class='ocrx_word' id='word_1_752' title='bbox 1321 5933 1708 5991; x_wconf 76' lang='lat' dir='ltr'><strong>convincuntur</strong></span> <span class='ocrx_word' id='word_1_753' title='bbox 1752 5933 1993 6002; x_wconf 76' lang='lat' dir='ltr'><strong>eloquio,</strong></span> <span class='ocrx_word' id='word_1_754' title='bbox 2053 5948 2163 5989; x_wconf 89' lang='lat' dir='ltr'><strong>non</strong></span> 
     </span>
    </p>
   </div>
   <div class='ocr_carea' id='block_1_92' title="bbox 2254 3355 3851 3429">
    <p class='ocr_par' dir='ltr' id='par_1_92' title="bbox 2254 3355 3851 3429">
     <span class='ocr_line' id='line_1_92' title="bbox 2254 3355 3851 3429; baseline -0.011 -8"><span class='ocrx_word' id='word_1_755' title='bbox 2254 3383 2367 3421; x_wconf 87' lang='lat' dir='ltr'><strong>mas</strong></span> <span class='ocrx_word' id='word_1_756' title='bbox 2395 3382 2454 3421; x_wconf 87' lang='lat' dir='ltr'><strong>se</strong></span> <span class='ocrx_word' id='word_1_757' title='bbox 2498 3362 2811 3429; x_wconf 79' lang='lat' dir='ltr'><strong>transferre,</strong></span> <span class='ocrx_word' id='word_1_758' title='bbox 2859 3375 3022 3429; x_wconf 88' lang='lat' dir='ltr'><strong>quam</strong></span> <span class='ocrx_word' id='word_1_759' title='bbox 3054 3358 3105 3413; x_wconf 91' lang='lat' dir='ltr'><strong>in</strong></span> <span class='ocrx_word' id='word_1_760' title='bbox 3132 3357 3340 3412; x_wconf 88' lang='lat' dir='ltr'><strong>animas</strong></span> <span class='ocrx_word' id='word_1_761' title='bbox 3379 3355 3582 3410; x_wconf 89' lang='lat' dir='ltr'><strong>intrare</strong></span> <span class='ocrx_word' id='word_1_762' title='bbox 3615 3368 3629 3404; x_wconf 91' lang='lat'>:</span> <span class='ocrx_word' id='word_1_763' title='bbox 3663 3361 3851 3405; x_wconf 85' lang='lat' dir='ltr'><strong>rursus</strong></span> 
     </span>
    </p>
   </div>
   <div class='ocr_carea' id='block_1_93' title="bbox 2253 3441 3851 3522">
    <p class='ocr_par' dir='ltr' id='par_1_93' title="bbox 2253 3441 3851 3522">
     <span class='ocr_line' id='line_1_93' title="bbox 2253 3441 3851 3522; baseline -0.011 -8"><span class='ocrx_word' id='word_1_764' title='bbox 2253 3460 2320 3515; x_wconf 89' lang='lat' dir='ltr'><strong>de</strong></span> <span class='ocrx_word' id='word_1_765' title='bbox 2361 3458 2446 3511; x_wconf 85' lang='lat' dir='ltr'><strong>illa</strong></span> <span class='ocrx_word' id='word_1_766' title='bbox 2478 3463 2656 3509; x_wconf 81' lang='lat' dir='ltr'><strong>textus</strong></span> <span class='ocrx_word' id='word_1_767' title='bbox 2693 3452 2989 3522; x_wconf 71' lang='lat' dir='ltr'><strong>Scriptum</strong></span> <span class='ocrx_word' id='word_1_768' title='bbox 3013 3458 3216 3506; x_wconf 80' lang='lat' dir='ltr'><strong>sancta:</strong></span> <span class='ocrx_word' id='word_1_769' title='bbox 3258 3448 3337 3505; x_wconf 84' lang='lat' dir='ltr'><strong>sic</strong></span> <span class='ocrx_word' id='word_1_770' title='bbox 3373 3452 3684 3503; x_wconf 77' lang='lat' dir='ltr'><strong>memorat:</strong></span> <span class='ocrx_word' id='word_1_771' title='bbox 3720 3441 3851 3497; x_wconf 72' lang='lat' dir='ltr'><strong>Hice</strong></span> 
     </span>
    </p>
   </div>
   <div class='ocr_carea' id='block_1_94' title="bbox 2255 3534 3854 3625">
    <p class='ocr_par' dir='ltr' id='par_1_94' title="bbox 2255 3534 3854 3625">
     <span class='ocr_line' id='line_1_94' title="bbox 2255 3534 3854 3625; baseline -0.009 -22"><span class='ocrx_word' id='word_1_772' title='bbox 2255 3555 2498 3620; x_wconf 79' lang='lat' dir='ltr'><strong>populant</strong></span> <span class='ocrx_word' id='word_1_773' title='bbox 2512 3547 2711 3618; x_wconf 84' lang='lat' dir='ltr'><strong>justum</strong></span> <span class='ocrx_word' id='word_1_774' title='bbox 2731 3553 2778 3597; x_wconf 86' lang='lat' dir='ltr'><strong>et</strong></span> <span class='ocrx_word' id='word_1_775' title='bbox 2807 3559 2977 3598; x_wconf 88' lang='lat' dir='ltr'><strong>semen</strong></span> <span class='ocrx_word' id='word_1_776' title='bbox 3001 3542 3113 3597; x_wconf 86' lang='lat' dir='ltr'><strong>sine</strong></span> <span class='ocrx_word' id='word_1_777' title='bbox 3131 3539 3336 3611; x_wconf 84' lang='lat' dir='ltr'><strong>querela</strong></span> <span class='ocrx_word' id='word_1_778' title='bbox 3359 3536 3596 3592; x_wconf 87' lang='lat' dir='ltr'><strong>liberavit</strong></span> <span class='ocrx_word' id='word_1_779' title='bbox 3623 3551 3659 3589; x_wconf 84' lang='lat' dir='ltr'><strong>a</strong></span> <span class='ocrx_word' id='word_1_780' title='bbox 3680 3534 3854 3625; x_wconf 54' lang='lat'><strong>“(1.150.</strong></span> 
     </span>
    </p>
   </div>
   <div class='ocr_carea' id='block_1_95' title="bbox 2254 3628 3853 3725">
    <p class='ocr_par' dir='ltr' id='par_1_95' title="bbox 2254 3628 3853 3725">
     <span class='ocr_line' id='line_1_95' title="bbox 2254 3628 3853 3725; baseline -0.011 -30"><span class='ocrx_word' id='word_1_781' title='bbox 2254 3641 2404 3696; x_wconf 86' lang='lat' dir='ltr'><strong>nibus</strong></span> <span class='ocrx_word' id='word_1_782' title='bbox 2451 3657 2564 3712; x_wconf 73' lang='lat' dir='ltr'><strong>qua’</strong></span> <span class='ocrx_word' id='word_1_783' title='bbox 2592 3639 2742 3725; x_wconf 64' lang='lat' dir='ltr'><strong>illum</strong></span> <span class='ocrx_word' id='word_1_784' title='bbox 2791 3632 3212 3707; x_wconf 87' lang='lat' dir='ltr'><strong>comprimebant.</strong></span> <span class='ocrx_word' id='word_1_785' title='bbox 3261 3629 3484 3686; x_wconf 82' lang='lat' dir='ltr'><strong>Intravit</strong></span> <span class='ocrx_word' id='word_1_786' title='bbox 3521 3629 3578 3682; x_wconf 85' lang='lat' dir='ltr'><strong>in</strong></span> <span class='ocrx_word' id='word_1_787' title='bbox 3618 3628 3853 3680; x_wconf 71' lang='lat' dir='ltr'><strong>animant</strong></span> 
     </span>
    </p>
   </div>
   <div class='ocr_carea' id='block_1_96' title="bbox 2256 3718 3879 3799">
    <p class='ocr_par' dir='ltr' id='par_1_96' title="bbox 2256 3718 3879 3799">
     <span class='ocr_line' id='line_1_96' title="bbox 2256 3718 3879 3799; baseline -0.012 -10"><span class='ocrx_word' id='word_1_788' title='bbox 2256 3734 2387 3789; x_wconf 72' lang='lat' dir='ltr'><strong>servi</strong></span> <span class='ocrx_word' id='word_1_789' title='bbox 2412 3718 2643 3799; x_wconf 74' lang='lat' dir='ltr'><strong>Domini,</strong></span> <span class='ocrx_word' id='word_1_790' title='bbox 2669 3739 2717 3783; x_wconf 89' lang='lat' dir='ltr'><strong>et</strong></span> <span class='ocrx_word' id='word_1_791' title='bbox 2747 3729 2884 3783; x_wconf 89' lang='lat' dir='ltr'><strong>stetit</strong></span> <span class='ocrx_word' id='word_1_792' title='bbox 2904 3734 3083 3781; x_wconf 86' lang='lat' dir='ltr'><strong>contra</strong></span> <span class='ocrx_word' id='word_1_793' title='bbox 3112 3740 3254 3795; x_wconf 82' lang='lat' dir='ltr'><strong>reges</strong></span> <span class='ocrx_word' id='word_1_794' title='bbox 3285 3719 3569 3777; x_wconf 86' lang='lat' dir='ltr'><strong>horrendos</strong></span> <span class='ocrx_word' id='word_1_795' title='bbox 3612 3718 3673 3772; x_wconf 85' lang='lat' dir='ltr'><strong>in</strong></span> <span class='ocrx_word' id='word_1_796' title='bbox 3715 3732 3841 3787; x_wconf 77' lang='grc' dir='ltr'><strong>μοι·-</strong></span> <span class='ocrx_word' id='word_1_797' title='bbox 3866 3724 3879 3741; x_wconf 85' lang='grc'><strong>⁸</strong></span> 
     </span>
    </p>
   </div>
   <div class='ocr_carea' id='block_1_97' title="bbox 2242 3812 3853 3895">
    <p class='ocr_par' dir='ltr' id='par_1_97' title="bbox 2242 3812 3853 3895">
     <span class='ocr_line' id='line_1_97' title="bbox 2242 3812 3853 3895; baseline -0.009 -18"><span class='ocrx_word' id='word_1_798' title='bbox 2242 3827 2409 3880; x_wconf 83' lang='lat' dir='ltr'><strong>.tcntis</strong></span> <span class='ocrx_word' id='word_1_799' title='bbox 2443 3834 2491 3879; x_wconf 88' lang='lat' dir='ltr'><strong>et</strong></span> <span class='ocrx_word' id='word_1_800' title='bbox 2519 3824 2683 3895; x_wconf 86' lang='lat' dir='ltr'><strong>signis</strong></span> <span class='ocrx_word' id='word_1_801' title='bbox 2723 3819 2878 3891; x_wconf 85' lang='lat' dir='ltr'><strong>(Sap.</strong></span> <span class='ocrx_word' id='word_1_802' title='bbox 2914 3835 2967 3885; x_wconf 85' lang='lat' dir='ltr'><strong>x,</strong></span> <span class='ocrx_word' id='word_1_803' title='bbox 3004 3816 3115 3889; x_wconf 68' lang='lat'><strong>15).</strong></span> <span class='ocrx_word' id='word_1_804' title='bbox 3159 3814 3312 3870; x_wconf 82' lang='lat' dir='ltr'><strong>Hunc</strong></span> <span class='ocrx_word' id='word_1_805' title='bbox 3347 3812 3853 3895; x_wconf 10' lang='lat' dir='ltr'><strong>iutroitumrsuum,</strong></span> 
     </span>
    </p>
   </div>
   <div class='ocr_carea' id='block_1_98' title="bbox 2257 3894 3858 3986">
    <p class='ocr_par' dir='ltr' id='par_1_98' title="bbox 2257 3894 3858 3986">
     <span class='ocr_line' id='line_1_98' title="bbox 2257 3894 3858 3986; baseline -0.013 -16"><span class='ocrx_word' id='word_1_806' title='bbox 2257 3933 2364 3986; x_wconf 87' lang='lat' dir='ltr'><strong>quo</strong></span> <span class='ocrx_word' id='word_1_807' title='bbox 2396 3917 2446 3968; x_wconf 94' lang='lat' dir='ltr'><strong>iu</strong></span> <span class='ocrx_word' id='word_1_808' title='bbox 2487 3894 2691 3969; x_wconf 78' lang='lat' dir='ltr'><strong>animas</strong></span> <span class='ocrx_word' id='word_1_809' title='bbox 2732 3910 2914 3973; x_wconf 88' lang='lat' dir='ltr'><strong>intrat,</strong></span> <span class='ocrx_word' id='word_1_810' title='bbox 2955 3906 3117 3961; x_wconf 89' lang='lat' dir='ltr'><strong>etiam</strong></span> <span class='ocrx_word' id='word_1_811' title='bbox 3158 3904 3212 3958; x_wconf 92' lang='lat' dir='ltr'><strong>in</strong></span> <span class='ocrx_word' id='word_1_812' title='bbox 3256 3899 3579 3973; x_wconf 82' lang='lat' dir='ltr'><strong>Apocalypsi</strong></span> <span class='ocrx_word' id='word_1_813' title='bbox 3626 3894 3858 3986; x_wconf 84' lang='lat' dir='ltr'><strong>Joannis</strong></span> 
     </span>
    </p>
   </div>
   <div class='ocr_carea' id='block_1_99' title="bbox 2261 3985 3860 4068">
    <p class='ocr_par' dir='ltr' id='par_1_99' title="bbox 2261 3985 3860 4068">
     <span class='ocr_line' id='line_1_99' title="bbox 2261 3985 3860 4068; baseline -0.013 -7"><span class='ocrx_word' id='word_1_814' title='bbox 2261 3985 2508 4068; x_wconf 82' lang='lat' dir='ltr'><strong>insinuat,</strong></span> <span class='ocrx_word' id='word_1_815' title='bbox 2540 4002 2722 4058; x_wconf 85' lang='lat' dir='ltr'><strong>dicens</strong></span> <span class='ocrx_word' id='word_1_816' title='bbox 2746 4017 2759 4052; x_wconf 89' lang='lat'>:</span> <span class='ocrx_word' id='word_1_817' title='bbox 2785 3997 2921 4053; x_wconf 79' lang='lat' dir='ltr'><strong>Ecce</strong></span> <span class='ocrx_word' id='word_1_818' title='bbox 2946 4005 3024 4052; x_wconf 87' lang='lat' dir='ltr'><strong>sto</strong></span> <span class='ocrx_word' id='word_1_819' title='bbox 3052 3995 3121 4050; x_wconf 91' lang='lat' dir='ltr'><strong>ad</strong></span> <span class='ocrx_word' id='word_1_820' title='bbox 3137 3995 3359 4066; x_wconf 88' lang='lat' dir='ltr'><strong>januam</strong></span> <span class='ocrx_word' id='word_1_821' title='bbox 3385 3999 3434 4045; x_wconf 89' lang='lat' dir='ltr'><strong>et</strong></span> <span class='ocrx_word' id='word_1_822' title='bbox 3454 3990 3606 4062; x_wconf 87' lang='lat' dir='ltr'><strong>pulso</strong></span> <span class='ocrx_word' id='word_1_823' title='bbox 3629 4007 3648 4043; x_wconf 80' lang='lat'><strong>.&#39;</strong></span> <span class='ocrx_word' id='word_1_824' title='bbox 3668 3990 3717 4043; x_wconf 89' lang='lat' dir='ltr'><strong>si</strong></span> <span class='ocrx_word' id='word_1_825' title='bbox 3747 3985 3860 4061; x_wconf 81' lang='lat' dir='ltr'><strong>quis</strong></span> 
     </span>
    </p>
   </div>
   <div class='ocr_carea' id='block_1_100' title="bbox 2260 4080 3861 4161">
    <p class='ocr_par' dir='ltr' id='par_1_100' title="bbox 2260 4080 3861 4161">
     <span class='ocr_line' id='line_1_100' title="bbox 2260 4080 3861 4161; baseline -0.012 -7"><span class='ocrx_word' id='word_1_826' title='bbox 2260 4100 2482 4153; x_wconf 85' lang='lat' dir='ltr'><strong>audierit</strong></span> <span class='ocrx_word' id='word_1_827' title='bbox 2510 4110 2681 4151; x_wconf 89' lang='lat' dir='ltr'><strong>vocem</strong></span> <span class='ocrx_word' id='word_1_828' title='bbox 2705 4108 2873 4146; x_wconf 87' lang='lat' dir='ltr'><strong>meam</strong></span> <span class='ocrx_word' id='word_1_829' title='bbox 2896 4099 2944 4145; x_wconf 87' lang='lat' dir='ltr'><strong>et</strong></span> <span class='ocrx_word' id='word_1_830' title='bbox 2973 4087 3230 4161; x_wconf 87' lang='lat' dir='ltr'><strong>aperuerit</strong></span> <span class='ocrx_word' id='word_1_831' title='bbox 3250 4086 3497 4159; x_wconf 86' lang='lat' dir='ltr'><strong>januam,</strong></span> <span class='ocrx_word' id='word_1_832' title='bbox 3523 4081 3763 4139; x_wconf 87' lang='lat' dir='ltr'><strong>introibo</strong></span> <span class='ocrx_word' id='word_1_833' title='bbox 3792 4080 3861 4135; x_wconf 88' lang='lat' dir='ltr'><strong>ad</strong></span> 
     </span>
    </p>
   </div>
   <div class='ocr_carea' id='block_1_101' title="bbox 2234 4169 3859 4251">
    <p class='ocr_par' dir='ltr' id='par_1_101' title="bbox 2234 4169 3859 4251">
     <span class='ocr_line' id='line_1_101' title="bbox 2234 4169 3859 4251; baseline -0.008 -12"><span class='ocrx_word' id='word_1_834' title='bbox 2234 4236 2235 4239; x_wconf 44' lang='grc' dir='ltr'><strong>η</strong></span> <span class='ocrx_word' id='word_1_835' title='bbox 2259 4205 2393 4251; x_wconf 86' lang='lat' dir='ltr'><strong>eum,</strong></span> <span class='ocrx_word' id='word_1_836' title='bbox 2416 4196 2464 4239; x_wconf 87' lang='lat' dir='ltr'><strong>et</strong></span> <span class='ocrx_word' id='word_1_837' title='bbox 2485 4183 2696 4239; x_wconf 69' lang='lat' dir='ltr'><strong>cienabo</strong></span> <span class='ocrx_word' id='word_1_838' title='bbox 2717 4198 2830 4235; x_wconf 89' lang='lat' dir='ltr'><strong>cum</strong></span> <span class='ocrx_word' id='word_1_839' title='bbox 2857 4180 2966 4245; x_wconf 86' lang='lat' dir='ltr'><strong>illo,</strong></span> <span class='ocrx_word' id='word_1_840' title='bbox 2996 4187 3045 4233; x_wconf 90' lang='lat' dir='ltr'><strong>et</strong></span> <span class='ocrx_word' id='word_1_841' title='bbox 3071 4180 3181 4249; x_wconf 85' lang='lat' dir='ltr'><strong>ipse</strong></span> <span class='ocrx_word' id='word_1_842' title='bbox 3200 4193 3397 4231; x_wconf 84' lang='lat' dir='ltr'><strong>mecum</strong></span> <span class='ocrx_word' id='word_1_843' title='bbox 3419 4176 3605 4246; x_wconf 82' lang='lat' dir='ltr'><strong>(Apoc.</strong></span> <span class='ocrx_word' id='word_1_844' title='bbox 3634 4189 3718 4240; x_wconf 77' lang='lat' dir='ltr'><strong>In,</strong></span> <span class='ocrx_word' id='word_1_845' title='bbox 3743 4169 3859 4244; x_wconf 54' lang='grc' dir='ltr'><strong>Ἦ).</strong></span> 
     </span>
    </p>
   </div>
   <div class='ocr_carea' id='block_1_102' title="bbox 2264 4266 3862 4345">
    <p class='ocr_par' dir='ltr' id='par_1_102' title="bbox 2264 4266 3862 4345">
     <span class='ocr_line' id='line_1_102' title="bbox 2264 4266 3862 4345; baseline -0.006 -16"><span class='ocrx_word' id='word_1_846' title='bbox 2264 4276 2375 4330; x_wconf 86' lang='lat' dir='ltr'><strong>Hoc</strong></span> <span class='ocrx_word' id='word_1_847' title='bbox 2407 4276 2628 4345; x_wconf 61' lang='lat' dir='ltr'><strong>introitu</strong></span> <span class='ocrx_word' id='word_1_848' title='bbox 2659 4272 2821 4326; x_wconf 82' lang='lat' dir='ltr'><strong>Pater</strong></span> <span class='ocrx_word' id='word_1_849' title='bbox 2848 4278 2903 4324; x_wconf 89' lang='lat' dir='ltr'><strong>ct</strong></span> <span class='ocrx_word' id='word_1_850' title='bbox 2930 4267 3096 4323; x_wconf 85' lang='lat' dir='ltr'><strong>Filius</strong></span> <span class='ocrx_word' id='word_1_851' title='bbox 3125 4267 3194 4322; x_wconf 90' lang='lat' dir='ltr'><strong>ad</strong></span> <span class='ocrx_word' id='word_1_852' title='bbox 3220 4266 3534 4345; x_wconf 80' lang='lat' dir='ltr'><strong>dilectorem</strong></span> <span class='ocrx_word' id='word_1_853' title='bbox 3567 4280 3733 4319; x_wconf 90' lang='lat' dir='ltr'><strong>suum</strong></span> <span class='ocrx_word' id='word_1_854' title='bbox 3766 4278 3862 4319; x_wconf 78' lang='lat' dir='ltr'><strong>ve-</strong></span> 
     </span>
    </p>
   </div>
   <div class='ocr_carea' id='block_1_103' title="bbox 2264 4341 3864 4436">
    <p class='ocr_par' dir='ltr' id='par_1_103' title="bbox 2264 4341 3864 4436">
     <span class='ocr_line' id='line_1_103' title="bbox 2264 4341 3864 4436; baseline -0.006 -11"><span class='ocrx_word' id='word_1_855' title='bbox 2264 4372 2434 4434; x_wconf 89' lang='lat' dir='ltr'><strong>niunt,</strong></span> <span class='ocrx_word' id='word_1_856' title='bbox 2453 4378 2508 4424; x_wconf 88' lang='lat' dir='ltr'><strong>et</strong></span> <span class='ocrx_word' id='word_1_857' title='bbox 2524 4341 2853 4422; x_wconf 70' lang='lat' dir='ltr'><strong>mansionem</strong></span> <span class='ocrx_word' id='word_1_858' title='bbox 2869 4364 3006 4436; x_wconf 90' lang='lat' dir='ltr'><strong>apud</strong></span> <span class='ocrx_word' id='word_1_859' title='bbox 3022 4380 3142 4419; x_wconf 91' lang='lat' dir='ltr'><strong>eum</strong></span> <span class='ocrx_word' id='word_1_860' title='bbox 3158 4341 3385 4418; x_wconf 77' lang='lat' dir='ltr'><strong>faciunt:</strong></span> <span class='ocrx_word' id='word_1_861' title='bbox 3404 4362 3544 4418; x_wconf 85' lang='lat' dir='ltr'><strong>sicut</strong></span> <span class='ocrx_word' id='word_1_862' title='bbox 3561 4362 3683 4432; x_wconf 87' lang='lat' dir='ltr'><strong>ipse</strong></span> <span class='ocrx_word' id='word_1_863' title='bbox 3699 4360 3864 4416; x_wconf 84' lang='lat' dir='ltr'><strong>Filius</strong></span> 
     </span>
    </p>
   </div>
   <div class='ocr_carea' id='block_1_104' title="bbox 2264 4453 3864 4532">
    <p class='ocr_par' dir='ltr' id='par_1_104' title="bbox 2264 4453 3864 4532">
     <span class='ocr_line' id='line_1_104' title="bbox 2264 4453 3864 4532; baseline -0.006 -15"><span class='ocrx_word' id='word_1_864' title='bbox 2264 4463 2535 4531; x_wconf 87' lang='lat' dir='ltr'><strong>loquitur:</strong></span> <span class='ocrx_word' id='word_1_865' title='bbox 2557 4460 2617 4516; x_wconf 89' lang='lat' dir='ltr'><strong>Si</strong></span> <span class='ocrx_word' id='word_1_866' title='bbox 2650 4461 2761 4532; x_wconf 74' lang='lat' dir='ltr'><strong>quis</strong></span> <span class='ocrx_word' id='word_1_867' title='bbox 2783 4459 2953 4529; x_wconf 86' lang='lat' dir='ltr'><strong>diligit</strong></span> <span class='ocrx_word' id='word_1_868' title='bbox 2975 4474 3073 4520; x_wconf 87' lang='lat' dir='ltr'><strong>me,</strong></span> <span class='ocrx_word' id='word_1_869' title='bbox 3097 4472 3382 4511; x_wconf 88' lang='lat' dir='ltr'><strong>sermonem</strong></span> <span class='ocrx_word' id='word_1_870' title='bbox 3409 4470 3579 4509; x_wconf 81' lang='lat' dir='ltr'><strong>meum</strong></span> <span class='ocrx_word' id='word_1_871' title='bbox 3610 4453 3864 4519; x_wconf 79' lang='lat' dir='ltr'><strong>servabit,</strong></span> 
     </span>
    </p>
   </div>
   <div class='ocr_carea' id='block_1_105' title="bbox 2264 4546 3866 4621">
    <p class='ocr_par' dir='ltr' id='par_1_105' title="bbox 2264 4546 3866 4621">
     <span class='ocr_line' id='line_1_105' title="bbox 2264 4546 3866 4621; baseline -0.004 -14"><span class='ocrx_word' id='word_1_872' title='bbox 2264 4564 2311 4607; x_wconf 87' lang='lat' dir='ltr'><strong>et</strong></span> <span class='ocrx_word' id='word_1_873' title='bbox 2331 4552 2488 4606; x_wconf 82' lang='lat' dir='ltr'><strong>Pater</strong></span> <span class='ocrx_word' id='word_1_874' title='bbox 2508 4568 2650 4605; x_wconf 88' lang='lat' dir='ltr'><strong>meus</strong></span> <span class='ocrx_word' id='word_1_875' title='bbox 2664 4551 2843 4621; x_wconf 87' lang='lat' dir='ltr'><strong>diliget</strong></span> <span class='ocrx_word' id='word_1_876' title='bbox 2871 4564 3004 4607; x_wconf 88' lang='lat' dir='ltr'><strong>eum.</strong></span> <span class='ocrx_word' id='word_1_877' title='bbox 3032 4556 3082 4602; x_wconf 86' lang='lat' dir='ltr'><strong>et</strong></span> <span class='ocrx_word' id='word_1_878' title='bbox 3104 4546 3173 4601; x_wconf 90' lang='lat' dir='ltr'><strong>ad</strong></span> <span class='ocrx_word' id='word_1_879' title='bbox 3204 4563 3320 4602; x_wconf 88' lang='lat' dir='ltr'><strong>eum</strong></span> <span class='ocrx_word' id='word_1_880' title='bbox 3348 4547 3630 4609; x_wconf 83' lang='lat' dir='ltr'><strong>veniemus,</strong></span> <span class='ocrx_word' id='word_1_881' title='bbox 3650 4555 3703 4602; x_wconf 84' lang='lat' dir='ltr'><strong>et</strong></span> <span class='ocrx_word' id='word_1_882' title='bbox 3724 4563 3866 4601; x_wconf 80' lang='lat' dir='ltr'><strong>matt-</strong></span> 
     </span>
    </p>
   </div>
   <div class='ocr_carea' id='block_1_106' title="bbox 2188 4637 3868 4726">
    <p class='ocr_par' dir='ltr' id='par_1_106' title="bbox 2188 4637 3868 4726">
     <span class='ocr_line' id='line_1_106' title="bbox 2188 4637 3868 4726; baseline -0.004 -25"><span class='ocrx_word' id='word_1_883' title='bbox 2188 4665 2238 4726; x_wconf 81' lang='lat' dir='ltr'><strong>D</strong></span> <span class='ocrx_word' id='word_1_884' title='bbox 2263 4647 2459 4702; x_wconf 88' lang='lat' dir='ltr'><strong>sionem</strong></span> <span class='ocrx_word' id='word_1_885' title='bbox 2482 4644 2619 4714; x_wconf 86' lang='lat' dir='ltr'><strong>apud</strong></span> <span class='ocrx_word' id='word_1_886' title='bbox 2641 4660 2756 4698; x_wconf 87' lang='lat' dir='ltr'><strong>eum</strong></span> <span class='ocrx_word' id='word_1_887' title='bbox 2778 4644 3027 4712; x_wconf 79' lang='lat' dir='ltr'><strong>faciemus</strong></span> <span class='ocrx_word' id='word_1_888' title='bbox 3050 4637 3230 4708; x_wconf 80' lang='lat' dir='ltr'><strong>(Joun.</strong></span> <span class='ocrx_word' id='word_1_889' title='bbox 3251 4655 3358 4705; x_wconf 80' lang='lat' dir='ltr'><strong>xw,</strong></span> <span class='ocrx_word' id='word_1_890' title='bbox 3377 4637 3491 4709; x_wconf 75' lang='lat'><strong>2&#39;5).</strong></span> <span class='ocrx_word' id='word_1_891' title='bbox 3515 4637 3679 4705; x_wconf 87' lang='lat' dir='ltr'><strong>Quod</strong></span> <span class='ocrx_word' id='word_1_892' title='bbox 3704 4638 3754 4694; x_wconf 83' lang='lat' dir='ltr'><strong>si</strong></span> <span class='ocrx_word' id='word_1_893' title='bbox 3776 4652 3868 4694; x_wconf 79' lang='lat' dir='ltr'><strong>ve-</strong></span> 
     </span>
    </p>
   </div>
   <div class='ocr_carea' id='block_1_107' title="bbox 2234 4730 3868 4802">
    <p class='ocr_par' dir='ltr' id='par_1_107' title="bbox 2234 4730 3868 4802">
     <span class='ocr_line' id='line_1_107' title="bbox 2234 4730 3868 4802; baseline -0.004 -9"><span class='ocrx_word' id='word_1_894' title='bbox 2234 4789 2241 4793; x_wconf 83' lang='lat'><strong>.</strong></span> <span class='ocrx_word' id='word_1_895' title='bbox 2270 4742 2478 4795; x_wconf 90' lang='lat' dir='ltr'><strong>nientes</strong></span> <span class='ocrx_word' id='word_1_896' title='bbox 2495 4736 2654 4792; x_wconf 85' lang='lat' dir='ltr'><strong>Pater</strong></span> <span class='ocrx_word' id='word_1_897' title='bbox 2673 4744 2731 4793; x_wconf 90' lang='lat' dir='ltr'><strong>et</strong></span> <span class='ocrx_word' id='word_1_898' title='bbox 2743 4734 2908 4790; x_wconf 85' lang='lat' dir='ltr'><strong>Filius</strong></span> <span class='ocrx_word' id='word_1_899' title='bbox 2926 4732 2992 4787; x_wconf 92' lang='lat' dir='ltr'><strong>ad</strong></span> <span class='ocrx_word' id='word_1_900' title='bbox 3017 4747 3160 4798; x_wconf 89' lang='lat' dir='ltr'><strong>eum,</strong></span> <span class='ocrx_word' id='word_1_901' title='bbox 3178 4732 3319 4802; x_wconf 87' lang='lat' dir='ltr'><strong>apud</strong></span> <span class='ocrx_word' id='word_1_902' title='bbox 3332 4747 3493 4802; x_wconf 89' lang='lat' dir='ltr'><strong>quem</strong></span> <span class='ocrx_word' id='word_1_903' title='bbox 3520 4730 3868 4787; x_wconf 84' lang='lat' dir='ltr'><strong>mansionem</strong></span> 
     </span>
    </p>
   </div>
   <div class='ocr_carea' id='block_1_108' title="bbox 2266 4822 3867 4897">
    <p class='ocr_par' dir='ltr' id='par_1_108' title="bbox 2266 4822 3867 4897">
     <span class='ocr_line' id='line_1_108' title="bbox 2266 4822 3867 4897; baseline -0.006 -12"><span class='ocrx_word' id='word_1_904' title='bbox 2266 4831 2488 4897; x_wconf 68' lang='lat' dir='ltr'><strong>faciunt,</strong></span> <span class='ocrx_word' id='word_1_905' title='bbox 2512 4847 2619 4885; x_wconf 91' lang='lat' dir='ltr'><strong>non</strong></span> <span class='ocrx_word' id='word_1_906' title='bbox 2643 4827 2886 4893; x_wconf 89' lang='lat' dir='ltr'><strong>interius,</strong></span> <span class='ocrx_word' id='word_1_907' title='bbox 2908 4825 3004 4881; x_wconf 91' lang='lat' dir='ltr'><strong>sed</strong></span> <span class='ocrx_word' id='word_1_908' title='bbox 3029 4824 3270 4881; x_wconf 83' lang='lat' dir='ltr'><strong>exterius</strong></span> <span class='ocrx_word' id='word_1_909' title='bbox 3287 4831 3433 4888; x_wconf 89' lang='lat' dir='ltr'><strong>sunt,</strong></span> <span class='ocrx_word' id='word_1_910' title='bbox 3453 4822 3669 4878; x_wconf 86' lang='lat' dir='ltr'><strong>dicatur</strong></span> <span class='ocrx_word' id='word_1_911' title='bbox 3683 4823 3867 4888; x_wconf 86' lang='lat' dir='ltr'><strong>nobis,</strong></span> 
     </span>
    </p>
   </div>
   <div class='ocr_carea' id='block_1_109' title="bbox 2268 4911 3871 4983">
    <p class='ocr_par' dir='ltr' id='par_1_109' title="bbox 2268 4911 3871 4983">
     <span class='ocr_line' id='line_1_109' title="bbox 2268 4911 3871 4983; baseline -0.007 -5"><span class='ocrx_word' id='word_1_912' title='bbox 2268 4924 2357 4978; x_wconf 92' lang='lat' dir='ltr'><strong>ubi</strong></span> <span class='ocrx_word' id='word_1_913' title='bbox 2384 4922 2449 4976; x_wconf 88' lang='lat' dir='ltr'><strong>ad</strong></span> <span class='ocrx_word' id='word_1_914' title='bbox 2481 4936 2603 4977; x_wconf 90' lang='lat' dir='ltr'><strong>eum</strong></span> <span class='ocrx_word' id='word_1_915' title='bbox 2626 4918 2846 4975; x_wconf 86' lang='lat' dir='ltr'><strong>veniant</strong></span> <span class='ocrx_word' id='word_1_916' title='bbox 2866 4923 2923 4972; x_wconf 93' lang='lat' dir='ltr'><strong>et</strong></span> <span class='ocrx_word' id='word_1_917' title='bbox 2943 4927 3280 4969; x_wconf 82' lang='lat' dir='ltr'><strong>mausmnem</strong></span> <span class='ocrx_word' id='word_1_918' title='bbox 3302 4911 3596 4983; x_wconf 64' lang='lat' dir='ltr'><strong>apudeum</strong></span> <span class='ocrx_word' id='word_1_919' title='bbox 3626 4911 3871 4967; x_wconf 74' lang='lat' dir='ltr'><strong>faciant?</strong></span> 
     </span>
    </p>
   </div>
   <div class='ocr_carea' id='block_1_110' title="bbox 2268 5004 3872 5087">
    <p class='ocr_par' dir='ltr' id='par_1_110' title="bbox 2268 5004 3872 5087">
     <span class='ocr_line' id='line_1_110' title="bbox 2268 5004 3872 5087; baseline -0.004 -17"><span class='ocrx_word' id='word_1_920' title='bbox 2268 5015 2374 5087; x_wconf 61' lang='grc'><strong>47</strong></span> <span class='ocrx_word' id='word_1_921' title='bbox 2407 5013 2622 5069; x_wconf 90' lang='lat' dir='ltr'><strong>Interim</strong></span> <span class='ocrx_word' id='word_1_922' title='bbox 2651 5010 2794 5080; x_wconf 90' lang='lat' dir='ltr'><strong>quod</strong></span> <span class='ocrx_word' id='word_1_923' title='bbox 2840 5006 3150 5065; x_wconf 17' lang='lat' dir='ltr'><strong>interiusiin</strong></span> <span class='ocrx_word' id='word_1_924' title='bbox 3186 5006 3300 5081; x_wconf 78' lang='lat' dir='ltr'><strong>suis</strong></span> <span class='ocrx_word' id='word_1_925' title='bbox 3328 5004 3572 5060; x_wconf 82' lang='lat' dir='ltr'><strong>ﬁdelibus</strong></span> <span class='ocrx_word' id='word_1_926' title='bbox 3602 5004 3872 5063; x_wconf 82' lang='lat' dir='ltr'><strong>inhabitet</strong></span> 
     </span>
    </p>
   </div>
   <div class='ocr_carea' id='block_1_111' title="bbox 2267 5094 3873 5171">
    <p class='ocr_par' dir='ltr' id='par_1_111' title="bbox 2267 5094 3873 5171">
     <span class='ocr_line' id='line_1_111' title="bbox 2267 5094 3873 5171; baseline -0.006 -11"><span class='ocrx_word' id='word_1_927' title='bbox 2267 5105 2534 5170; x_wconf 85' lang='lat' dir='ltr'><strong>Christus,</strong></span> <span class='ocrx_word' id='word_1_928' title='bbox 2566 5101 2735 5157; x_wconf 88' lang='lat' dir='ltr'><strong>Paulo</strong></span> <span class='ocrx_word' id='word_1_929' title='bbox 2764 5099 3093 5171; x_wconf 68' lang='lat' dir='ltr'><strong>prtedicaute</strong></span> <span class='ocrx_word' id='word_1_930' title='bbox 3120 5097 3492 5166; x_wconf 87' lang='lat' dir='ltr'><strong>cognovimus,</strong></span> <span class='ocrx_word' id='word_1_931' title='bbox 3537 5096 3632 5166; x_wconf 92' lang='lat' dir='ltr'><strong>qui</strong></span> <span class='ocrx_word' id='word_1_932' title='bbox 3660 5096 3782 5151; x_wconf 89' lang='lat' dir='ltr'><strong>ait:</strong></span> <span class='ocrx_word' id='word_1_933' title='bbox 3809 5094 3873 5152; x_wconf 85' lang='lat' dir='ltr'><strong>In</strong></span> 
     </span>
    </p>
   </div>
   <div class='ocr_carea' id='block_1_112' title="bbox 2264 5188 3873 5262">
    <p class='ocr_par' dir='ltr' id='par_1_112' title="bbox 2264 5188 3873 5262">
     <span class='ocr_line' id='line_1_112' title="bbox 2264 5188 3873 5262; baseline -0.006 -8"><span class='ocrx_word' id='word_1_934' title='bbox 2264 5197 2513 5254; x_wconf 83' lang='lat' dir='ltr'><strong>interiore</strong></span> <span class='ocrx_word' id='word_1_935' title='bbox 2541 5195 2745 5250; x_wconf 87' lang='lat' dir='ltr'><strong>homine</strong></span> <span class='ocrx_word' id='word_1_936' title='bbox 2784 5191 3017 5247; x_wconf 87' lang='lat' dir='ltr'><strong>habitare</strong></span> <span class='ocrx_word' id='word_1_937' title='bbox 3042 5188 3305 5246; x_wconf 83' lang='lat' dir='ltr'><strong>Christum</strong></span> <span class='ocrx_word' id='word_1_938' title='bbox 3333 5207 3426 5262; x_wconf 83' lang='lat' dir='ltr'><strong>per</strong></span> <span class='ocrx_word' id='word_1_939' title='bbox 3465 5189 3628 5262; x_wconf 79' lang='lat' dir='ltr'><strong>ﬁdem</strong></span> <span class='ocrx_word' id='word_1_940' title='bbox 3656 5189 3717 5244; x_wconf 83' lang='lat' dir='ltr'><strong>in</strong></span> <span class='ocrx_word' id='word_1_941' title='bbox 3752 5206 3873 5245; x_wconf 85' lang='lat' dir='ltr'><strong>cor-</strong></span> 
     </span>
    </p>
   </div>
   <div class='ocr_carea' id='block_1_113' title="bbox 2271 5281 3871 5360">
    <p class='ocr_par' dir='ltr' id='par_1_113' title="bbox 2271 5281 3871 5360">
     <span class='ocr_line' id='line_1_113' title="bbox 2271 5281 3871 5360; baseline -0.002 -17"><span class='ocrx_word' id='word_1_942' title='bbox 2271 5289 2422 5344; x_wconf 88' lang='lat' dir='ltr'><strong>dibus</strong></span> <span class='ocrx_word' id='word_1_943' title='bbox 2450 5290 2629 5344; x_wconf 88' lang='lat' dir='ltr'><strong>vestris</strong></span> <span class='ocrx_word' id='word_1_944' title='bbox 2661 5284 2878 5360; x_wconf 75' lang='lat' dir='ltr'><strong>(Ephes.</strong></span> <span class='ocrx_word' id='word_1_945' title='bbox 2907 5301 2986 5355; x_wconf 88' lang='grc' dir='ltr'>ιιι,</span> <span class='ocrx_word' id='word_1_946' title='bbox 3012 5286 3126 5357; x_wconf 79' lang='grc'><strong>17).</strong></span> <span class='ocrx_word' id='word_1_947' title='bbox 3149 5285 3230 5340; x_wconf 84' lang='lat' dir='ltr'><strong>An</strong></span> <span class='ocrx_word' id='word_1_948' title='bbox 3254 5281 3480 5341; x_wconf 86' lang='lat' dir='ltr'><strong>forsitan</strong></span> <span class='ocrx_word' id='word_1_949' title='bbox 3499 5282 3703 5339; x_wconf 85' lang='lat' dir='ltr'><strong>dicturi</strong></span> <span class='ocrx_word' id='word_1_950' title='bbox 3723 5290 3871 5348; x_wconf 82' lang='lat' dir='ltr'><strong>sunt.</strong></span> 
     </span>
    </p>
   </div>
   <div class='ocr_carea' id='block_1_114' title="bbox 2270 5373 3871 5436">
    <p class='ocr_par' dir='ltr' id='par_1_114' title="bbox 2270 5373 3871 5436">
     <span class='ocr_line' id='line_1_114' title="bbox 2270 5373 3871 5436; baseline -0.003 0"><span class='ocrx_word' id='word_1_951' title='bbox 2270 5381 2428 5436; x_wconf 88' lang='lat' dir='ltr'><strong>aliter</strong></span> <span class='ocrx_word' id='word_1_952' title='bbox 2469 5381 2523 5435; x_wconf 91' lang='lat' dir='ltr'><strong>in</strong></span> <span class='ocrx_word' id='word_1_953' title='bbox 2564 5378 2824 5435; x_wconf 79' lang='lat' dir='ltr'><strong>interiore</strong></span> <span class='ocrx_word' id='word_1_954' title='bbox 2850 5377 3071 5433; x_wconf 89' lang='lat' dir='ltr'><strong>homine</strong></span> <span class='ocrx_word' id='word_1_955' title='bbox 3098 5385 3285 5433; x_wconf 90' lang='lat' dir='ltr'><strong>nostro</strong></span> <span class='ocrx_word' id='word_1_956' title='bbox 3314 5376 3563 5432; x_wconf 86' lang='lat' dir='ltr'><strong>habitare</strong></span> <span class='ocrx_word' id='word_1_957' title='bbox 3589 5373 3871 5433; x_wconf 85' lang='lat' dir='ltr'><strong>Christum</strong></span> 
     </span>
    </p>
   </div>
   <div class='ocr_carea' id='block_1_115' title="bbox 2271 5464 3873 5542">
    <p class='ocr_par' dir='ltr' id='par_1_115' title="bbox 2271 5464 3873 5542">
     <span class='ocr_line' id='line_1_115' title="bbox 2271 5464 3873 5542; baseline -0.001 -15"><span class='ocrx_word' id='word_1_958' title='bbox 2271 5487 2371 5542; x_wconf 90' lang='lat' dir='ltr'><strong>per</strong></span> <span class='ocrx_word' id='word_1_959' title='bbox 2400 5470 2577 5533; x_wconf 82' lang='lat' dir='ltr'><strong>ﬁdem,</strong></span> <span class='ocrx_word' id='word_1_960' title='bbox 2608 5477 2664 5524; x_wconf 90' lang='lat' dir='ltr'><strong>et</strong></span> <span class='ocrx_word' id='word_1_961' title='bbox 2691 5468 2852 5523; x_wconf 86' lang='lat' dir='ltr'><strong>aliter</strong></span> <span class='ocrx_word' id='word_1_962' title='bbox 2876 5483 3001 5524; x_wconf 90' lang='lat' dir='ltr'><strong>eum</strong></span> <span class='ocrx_word' id='word_1_963' title='bbox 3028 5483 3152 5527; x_wconf 87' lang='lat' dir='ltr'><strong>cum</strong></span> <span class='ocrx_word' id='word_1_964' title='bbox 3182 5466 3341 5524; x_wconf 87' lang='lat' dir='ltr'><strong>Patre</strong></span> <span class='ocrx_word' id='word_1_965' title='bbox 3365 5467 3680 5524; x_wconf 81' lang='lat' dir='ltr'><strong>venientem</strong></span> <span class='ocrx_word' id='word_1_966' title='bbox 3729 5464 3873 5539; x_wconf 87' lang='lat' dir='ltr'><strong>apud</strong></span> 
     </span>
    </p>
   </div>
   <div class='ocr_carea' id='block_1_116' title="bbox 2273 5559 3873 5629">
    <p class='ocr_par' dir='ltr' id='par_1_116' title="bbox 2273 5559 3873 5629">
     <span class='ocr_line' id='line_1_116' title="bbox 2273 5559 3873 5629; baseline -0.004 -8"><span class='ocrx_word' id='word_1_967' title='bbox 2273 5563 2589 5621; x_wconf 89' lang='lat' dir='ltr'><strong>dilectorem</strong></span> <span class='ocrx_word' id='word_1_968' title='bbox 2637 5576 2792 5617; x_wconf 89' lang='lat' dir='ltr'><strong>suum</strong></span> <span class='ocrx_word' id='word_1_969' title='bbox 2822 5559 3001 5619; x_wconf 78' lang='lat' dir='ltr'><strong>facere</strong></span> <span class='ocrx_word' id='word_1_970' title='bbox 3023 5560 3381 5629; x_wconf 82' lang='lat' dir='ltr'><strong>mansionem,</strong></span> <span class='ocrx_word' id='word_1_971' title='bbox 3419 5568 3481 5617; x_wconf 92' lang='lat' dir='ltr'><strong>ut</strong></span> <span class='ocrx_word' id='word_1_972' title='bbox 3506 5559 3765 5616; x_wconf 84' lang='lat' dir='ltr'><strong>Christus</strong></span> <span class='ocrx_word' id='word_1_973' title='bbox 3792 5559 3873 5615; x_wconf 85' lang='lat' dir='ltr'><strong>in-</strong></span> 
     </span>
    </p>
   </div>
   <div class='ocr_carea' id='block_1_117' title="bbox 2270 5648 3874 5709">
    <p class='ocr_par' dir='ltr' id='par_1_117' title="bbox 2270 5648 3874 5709">
     <span class='ocr_line' id='line_1_117' title="bbox 2270 5648 3874 5709; baseline -0.002 0"><span class='ocrx_word' id='word_1_974' title='bbox 2270 5654 2433 5709; x_wconf 86' lang='lat' dir='ltr'><strong>terim</strong></span> <span class='ocrx_word' id='word_1_975' title='bbox 2471 5651 2621 5707; x_wconf 89' lang='lat' dir='ltr'><strong>solus</strong></span> <span class='ocrx_word' id='word_1_976' title='bbox 2663 5649 2718 5705; x_wconf 91' lang='lat' dir='ltr'><strong>in</strong></span> <span class='ocrx_word' id='word_1_977' title='bbox 2762 5650 3021 5709; x_wconf 88' lang='lat' dir='ltr'><strong>interiore</strong></span> <span class='ocrx_word' id='word_1_978' title='bbox 3064 5650 3280 5706; x_wconf 91' lang='lat' dir='ltr'><strong>homine</strong></span> <span class='ocrx_word' id='word_1_979' title='bbox 3331 5658 3521 5705; x_wconf 89' lang='lat' dir='ltr'><strong>nostro</strong></span> <span class='ocrx_word' id='word_1_980' title='bbox 3563 5648 3874 5706; x_wconf 79' lang='lat' dir='ltr'><strong>inhabitare</strong></span> 
     </span>
    </p>
   </div>
   <div class='ocr_carea' id='block_1_118' title="bbox 2269 5738 3871 5817">
    <p class='ocr_par' dir='ltr' id='par_1_118' title="bbox 2269 5738 3871 5817">
     <span class='ocr_line' id='line_1_118' title="bbox 2269 5738 3871 5817; baseline -0.005 -13"><span class='ocrx_word' id='word_1_981' title='bbox 2269 5746 2461 5817; x_wconf 89' lang='lat' dir='ltr'><strong>possit,</strong></span> <span class='ocrx_word' id='word_1_982' title='bbox 2508 5743 2672 5797; x_wconf 83' lang='lat' dir='ltr'><strong>Pater</strong></span> <span class='ocrx_word' id='word_1_983' title='bbox 2711 5750 2893 5798; x_wconf 90' lang='lat' dir='ltr'><strong>autem</strong></span> <span class='ocrx_word' id='word_1_984' title='bbox 2922 5742 3157 5799; x_wconf 82' lang='lat' dir='ltr'><strong>exterius</strong></span> <span class='ocrx_word' id='word_1_985' title='bbox 3185 5755 3493 5808; x_wconf 86' lang='lat' dir='ltr'><strong>remanens,</strong></span> <span class='ocrx_word' id='word_1_986' title='bbox 3536 5738 3682 5813; x_wconf 86' lang='lat' dir='ltr'><strong>apud</strong></span> <span class='ocrx_word' id='word_1_987' title='bbox 3712 5754 3871 5810; x_wconf 85' lang='lat' dir='ltr'><strong>quem</strong></span> 
     </span>
    </p>
   </div>
   <div class='ocr_carea' id='block_1_119' title="bbox 2271 5832 3870 5904">
    <p class='ocr_par' dir='ltr' id='par_1_119' title="bbox 2271 5832 3870 5904">
     <span class='ocr_line' id='line_1_119' title="bbox 2271 5832 3870 5904; baseline -0.002 -12"><span class='ocrx_word' id='word_1_988' title='bbox 2271 5840 2605 5894; x_wconf 88' lang='lat' dir='ltr'><strong>mansionem</strong></span> <span class='ocrx_word' id='word_1_989' title='bbox 2634 5834 2782 5901; x_wconf 76' lang='lat' dir='ltr'><strong>facit,</strong></span> <span class='ocrx_word' id='word_1_990' title='bbox 2834 5850 2941 5890; x_wconf 90' lang='lat' dir='ltr'><strong>non</strong></span> <span class='ocrx_word' id='word_1_991' title='bbox 2987 5834 3160 5891; x_wconf 89' lang='lat' dir='ltr'><strong>solum</strong></span> <span class='ocrx_word' id='word_1_992' title='bbox 3208 5833 3324 5904; x_wconf 85' lang='lat' dir='ltr'><strong>ipse</strong></span> <span class='ocrx_word' id='word_1_993' title='bbox 3370 5832 3601 5891; x_wconf 88' lang='lat' dir='ltr'><strong>interius</strong></span> <span class='ocrx_word' id='word_1_994' title='bbox 3647 5845 3870 5890; x_wconf 78' lang='lat' dir='ltr'><strong>manere</strong></span> 
     </span>
    </p>
   </div>
   <div class='ocr_carea' id='block_1_120' title="bbox 2272 5921 3870 6005">
    <p class='ocr_par' dir='ltr' id='par_1_120' title="bbox 2272 5921 3870 6005">
     <span class='ocr_line' id='line_1_120' title="bbox 2272 5921 3870 6005; baseline 0.003 -21"><span class='ocrx_word' id='word_1_995' title='bbox 2272 5937 2519 6005; x_wconf 77' lang='lat' dir='ltr'><strong>nequeat,</strong></span> <span class='ocrx_word' id='word_1_996' title='bbox 2569 5928 2665 5986; x_wconf 89' lang='lat' dir='ltr'><strong>sed</strong></span> <span class='ocrx_word' id='word_1_997' title='bbox 2688 5927 2849 5985; x_wconf 86' lang='lat' dir='ltr'><strong>etiam</strong></span> <span class='ocrx_word' id='word_1_998' title='bbox 2874 5924 3063 5982; x_wconf 75' lang='lat' dir='ltr'><strong>Filium</strong></span> <span class='ocrx_word' id='word_1_999' title='bbox 3080 5925 3466 5985; x_wconf 82' lang='lat' dir='ltr'><strong>communione</strong></span> <span class='ocrx_word' id='word_1_1000' title='bbox 3494 5925 3766 5987; x_wconf 76' lang='lat' dir='ltr'><strong>adventus</strong></span> <span class='ocrx_word' id='word_1_1001' title='bbox 3786 5921 3870 5989; x_wconf 74' lang='lat' dir='ltr'><strong>sui</strong></span> 
     </span>
    </p>
   </div>
  </div>
