4068 6456
190 384 285 442 »οι

1431 381 1522 438 ΑΙ)
1557 379 1876 440 MONIMUM
1917 381 2042 441 LIB.
2082 383 2166 442 ΠΙ.

190 512 254 552 ne
280 495 332 548 in
360 491 619 550 interiore
637 492 855 550 homine
883 491 1128 550 habitare
1147 493 1319 564 possit
1345 493 1618 566 impediat.
1642 495 1766 566 Spi-
1790 500 1844 560 Α
1870 495 2032 552 dicit:
2070 496 2403 571 Iniquitatem
2425 501 2562 571 apud
2594 499 2760 555 Deum
2789 513 2894 556 non
2923 517 3058 558 esse.
3088 501 3246 570 Quod
3279 505 3326 559 si
3374 506 3456 562 eis

191 577 342 641 ritum
371 599 588 654 quoque
617 592 861 641 sanctum
885 585 965 640 sic
995 584 1158 640 Filius
1184 584 1279 641 Dei
1318 587 1561 656 promisit
1590 586 1762 655 ﬁdeli-

192 677 284 732 bus
311 673 440 739 suis,
470 683 527 729 ut
554 675 695 746 apud
733 690 830 731 eos
871 683 1107 746 maneat,
1156 683 1212 732 et
1251 677 1304 731 in
1336 678 1463 749 ipsis
1491 679 1578 734 sit.
1626 679 1766 734 Dicit

191 756 326 823 enim
352 785 364 821 :
396 767 456 823 Si
478 769 694 842 diligitis
717 771 1094 839 me,‘mandata
1117 789 1231 826 mea
1252 784 1469 843 servate,
1491 784 1541 829 et
1563 792 1656 847 ego
1676 791 1766 830 ro-

190 859 311 932 gabo
341 858 574 918 Patrem.
606 870 656 915 et
683 862 844 916 alium
869 861 1202 919 Paracletum
1229 863 1372 919 dabit
1396 865 1556 934 vobis,
1583 875 1640 920 ut
1659 883 1766 921 ma-

188 961 300 1006 neat
334 950 591 1006 vobiscum
628 954 683 1007 in
725 962 994 1022 (sternam,
1029 955 1282 1026 Spiritum
1323 959 1572 1025 veritatis,
1617 975 1766 1030 quem

146 1032 155 1038 ’
188 1041 401 1096 mundus
441 1059 546 1098 non
573 1053 742 1112 potest
765 1045 1017 1117 accipere,
1065 1047 1186 1118 quia
1214 1065 1320 1104 non
1345 1050 1471 1104 vidit
1505 1068 1638 1118 eum,
1671 1068 1766 1106 nec

186 1131 272 1184 scit
309 1149 456 1198 eum;
491 1149 577 1188 vos
604 1144 775 1189 autem
811 1138 1131 1207 cognoscetis
1157 1155 1290 1205 eum,
1340 1143 1461 1212 quia
1499 1143 1640 1213 apud
1677 1160 1767 1199 vos

187 1221 430 1289 manebit,
478 1233 528 1279 et
566 1226 622 1280 in
649 1225 788 1281 vobis
827 1229 923 1281 erit
954 1226 1133 1298 (Joan.
1169 1247 1274 1294 xiv,
1319 1230 1430 1305 15).
1459 1232 1598 1290 Ecce
1623 1233 1767 1304 apud

185 1328 312 1382 quos
333 1323 541 1382 manet,
572 1315 628 1372 in
655 1317 734 1374 eis
761 1327 846 1373 est
872 1317 1103 1389 Spiritus
1129 1330 1367 1380 sanctus.
1397 1324 1616 1381 Dicatur
1637 1340 1765 1396 ergo

185 1419 295 1474 qua:
322 1405 414 1460 hic
439 1415 618 1475 potest
644 1423 765 1464 esse
803 1409 1084 1468 diversitas
1114 1413 1167 1468 in
1207 1430 1274 1471 eo
1302 1417 1455 1486 ‘quod
1499 1419 1639 1487 apud
1678 1437 1766 1475 eos

185 1504 367 1564 manet,
395 1505 451 1551 et
477 1498 531 1552 in
560 1501 634 1554 eis
655 1501 764 1554 est?
786 1499 998 1557 Etenim
1029 1505 1083 1559 in
1105 1522 1214 1561 uno
1240 1506 1362 1564 loco
1385 1517 1609 1580 utraque
1629 1527 1768 1581 pra:-

184 1587 369 1657 positio
405 1588 642 1658 ponitur,
673 1598 730 1646 ct
758 1591 984 1662 Spiritui
1020 1605 1209 1652 sancto
1239 1599 1514 1669 utriusque
1541 1602 1619 1656 rei
1641 1618 1768 1672 pos-

182 1676 404 1734 sibilitas
444 1681 765 1749 assignatur,
817 1692 875 1738 ut
918 1687 1058 1756 apud
1083 1705 1210 1757 quos
1247 1698 1440 1757 manet,
1489 1691 1544 1745 in
1572 1693 1646 1746 eis
1673 1695 1763 1750 sit.

181 1766 320 1826 Itane
347 1786 487 1826 vero
512 1771 742 1843 Spiritus
769 1784 989 1833 sanctus
1017 1779 1095 1834 sic
1123 1780 1263 1850 apud
1291 1779 1475 1838 ﬁdeles
1497 1792 1681 1840 manet
1707 1793 1766 1841 ut

1870 588 2092 646 forsitan
2123 592 2334 648 videtur
2365 600 2423 649 ut
2452 609 2520 649 ex
2542 594 2768 650 adverso
2794 594 2939 650 aliud
2971 595 3192 665 dicant,
3245 595 3351 652 hoc
3375 597 3457 655 eis

1867 680 2132 751 reliquum
2155 691 2256 747 est,
2290 691 2348 739 ut
2375 694 2469 740 aut
2500 685 2778 756 prophetis
2806 695 2899 740 aut
2941 685 3200 756 Apostolo
3241 693 3458 743 contra.

1867 767 2079 826 dicant.’

1867 871 2048 930 CAPUT
2088 892 2158 931 γι.
2190 878 2356 958 Apud
2381 895 2530 958 quem
2578 897 2691 958 non_
2725 888 2802 935 est
2837 882 3228 958 transmutatio.
3281 881 3476 958 Multa_

2157 951 2413 1019 exempla,
2438 949 2523 1005 ubi
2553 951 2694 1021 apud
2721 968 2814 1022 pro
2835 951 2887 1005 in
2913 953 3142 1023 ponitur.

1938 1035 2007 1092 Et
2035 1038 2161 1094 licet
2189 1047 2271 1094 tot
2299 1041 2569 1111 tantisque
2610 1041 2932 1098 testimoniis
2967 1042 3240 1098 confutata
3283 1043 3456 1097 haere-

1864 1129 2093 1186 ticorum
2109 1132 2376 1187 sententia
2389 1143 2745 1204 cognoscatur
2757 1133 2900 1189 nulla
2923 1135 3147 1190 veritate
3194 1135 3419 1191 subnixa
3435 1176 3453 1201 ,

1865 1220 2228 1291 respondeant
2257 1230 2435 1278 tamen
2463 1224 2592 1293 quid
2623 1223 2692 1280 de
2721 1225 2814 1280 illo
2851 1227 3081 1296 apostoli
3109 1225 3297 1282 Jacobi
3326 1227 3452 1282 loco

1866 1312 2126 1381 sentiunt,
2170 1313 2261 1368 ubi
2298 1313 2465 1370 dicit:
2498 1313 2664 1370 Omne
2705 1316 2884 1370 datum
2924 1318 3170 1388 Optimum
3209 1327 3260 1372 et
3306 1333 3460 1372 omne

1867 1403 2058 1458 donum
2097 1408 2383 1477 perfectum
2421 1407 2689 1462 desursum
2735 1417 2812 1463 est
2859 1410 3174 1465 descendens
3213 1427 3247 1464 a
3293 1409 3459 1464 Patre

1865 1494 2138 1562 luminum,
2160 1497 2300 1567 apud
2320 1515 2468 1570 quem
2491 1515 2595 1554 non
2621 1507 2699 1553 est
2725 1503 3112 1562 transmutatio,
3146 1517 3237 1554 nec
3265 1500 3459 1555 vicissi-

1867 1587 2060 1641 tudinis
2088 1587 2410 1644 obumbratio
2459 1588 2663 1661 (Jacob.
2695 1606 2731 1655 ι,
2762 1589 2872 1662 l7).
2905 1591 3059 1661 Apud
3083 1605 3242 1660 quem
3275 1599 3458 1645 autem

1867 1680 2245 1735 transmutatio
2271 1695 2378 1734 non
2407 1689 2510 1743 est,
2548 1679 2792 1751 profecto
2834 1681 3162 1736 mutabilitas
3193 1697 3299 1736 non
3335 1687 3454 1747 ,est:

1864 1777 1921 1823 et
1951 1769 2092 1839 apud
2128 1785 2291 1838 quem
2339 1771 2669 1828 mutabilitas
2722 1788 2831 1828 non
2887 1781 2992 1840 est,
3053 1772 3459 1828 immutabilitas

183 1858 233 1915 in
258 1860 386 1930 ipsis
440 1861 685 1919 fidelibus
731 1880 851 1922 esse
895 1869 1109 1938 possit:
1140 1870 1371 1927 Verbum
1412 1881 1591 1929 autem
1622 1875 1765 1933 Deus

1869 1869 1971 1916 est.
2000 1860 2126 1917 Haec
2152 1862 2314 1931 igitur
2344 1863 2772 1933 immutabilitas,
2812 1880 2930 1934 qua:
2969 1865 3109 1936 apud
3145 1865 3310 1920 Deum
3353 1873 3455 1932 est,

181 1951 254 2008 sic
278 1953 425 2024 apud
452 1954 621 2011 Deum
650 1966 750 2021 est,
803 1967 862 2014 ut
890 1959 943 2015 in
973 1961 1084 2017 Deo
1108 1977 1228 2018 esse
1257 1979 1365 2019 non
1394 1966 1597 2035 possit?
1625 1966 1765 2034 Quid

181 2045 345 2102 dicam
379 2047 470 2103 his
503 2049 595 2118 qui
622 2049 690 2105 de
715 2049 1008 2123 Scripturis
1035 2055 1113 2111 sic
1137 2055 1412 2126 disputare
1433 2057 1759 2126 desiderant,

130 2150 142 2161 '
182 2145 237 2193 ut
261 2138 628 2208 intelligentiae
651 2143 907 2213 spiritalis
932 2146 1073 2201 viam
1098 2147 1402 2204 nullatenus
1421 2160 1684 2219 quaerant,
1708 2160 1766 2208 et

183 2239 485 2287 avertentes
513 2233 697 2289 oculos
724 2251 756 2290 a
784 2219 914 2292 vero
953 2237 1174 2309 lumine,
1215 2239 1417 2312 jugiter
1442 2243 1494 2299 in
1525 2245 1764 2302 tenebris

182 2317 513 2380 delectentur
562 2328 785 2382 errare?
843 2327 959 2384 Hoc
1009 2329 1148 2386 idem
1199 2333 1399 2404 quippe
1448 2349 1567 2390 esse
1620 2335 1763 2408 apud

182 2409 368 2480 Deum,
416 2415 561 2484 quod
589 2425 672 2471 est
709 2432 827 2474 esse
856 2418 910 2473 in
940 2419 1070 2487 Deo,
1117 2431 1301 2478 sancta
1339 2423 1616 2496 Scriptura
1644 2429 1764 2484 aliis

180 2519 392 2574 quoque
417 2506 549 2562 locis
576 2509 828 2564 ostendit.
861 2509 999 2566 Dicit
1023 2514 1168 2568 enim
1190 2513 1400 2588 Moyses
1421 2534 1439 2570 :
1465 2517 1606 2573 Deus
1625 2521 1762 2590 ﬁde-

178 2594 261 2662 lis,
287 2599 342 2651 in
364 2616 463 2670 quo
489 2617 593 2655 non
625 2611 702 2655 est
731 2604 993 2674 iniquitas,
1010 2608 1184 2676 justus
1203 2616 1252 2662 et
1274 2619 1486 2665 sanctus
1509 2611 1762 2671 Dominus

176 2684 356 2774 (Deut.
384 2705 554 2754 χχχιι,
588 2691 665 2758 4).
697 2690 866 2746 David
897 2696 1060 2750 etiam
1087 2699 1234 2753 canit
1266 2717 1279 2751 :
1316 2697 1575 2764 Quoniam
1590 2705 1764 2774 justus

173 2773 438 2832 Dominus
461 2777 600 2833 Deus
628 2790 817 2848 noster,
840 2791 891 2837 et
911 2801 1015 2839 non
1044 2797 1122 2840 est
1148 2789 1392 2859 iniquitas
1422 2792 1475 2844 in
1505 2808 1564 2846 eo
1587 2773 1760 2864 (Psal.

172 2882 283 2934 ιρι,
320 2866 435 2938 16).
485 2869 682 2928 Paulus
719 2881 898 2928 autem
937 2877 1214 2946 apostolus
1265 2880 1406 2950 apud
1447 2882 1617 2938 Deum
1656 2899 1766 2942 non

175 2974 294 3016 esse
315 2959 656 3028 iniquitatem
681 2961 832 3019 dicit.
863 2963 954 3021 Sic
979 2967 1125 3022 enim
1151 2969 1228 3024 ait
1262 2988 1274 3023 :
1300 2968 1551 3044 Nunquid
1577 2975 1768 3046 iniqui-

179 3059 256 3105 tas
284 3050 430 3122 apud
456 3050 660 3107 Deum?
691 3053 828 3109 absit
855 3055 1036 3125 (Rom.
1067 3073 1140 3125 ιι,
1167 3059 1276 3132 14).
1327 3059 1542 3134 Eligant
1584 3066 1637 3119 in
1665 3066 1770 3121 hoc

181 3138 298 3198 loco
319 3140 466 3212 quod
493 3143 763 3198 voluerint
792 3145 993 3213 Ariani,
1046 3156 1120 3216 et,
1168 3159 1227 3205 ut
1266 3167 1416 3208 suam
1443 3154 1764 3223 sapientiam

1864 1954 2067 2020 dicant,
2096 1963 2276 2010 utrum
2306 1959 2542 2012 exterius
2569 1975 2636 2012 an
2668 1960 2894 2014 interius
2921 1968 3034 2024 est;
3067 1961 3111 2014 si
3139 1961 3283 2015 enim
3321 1961 3457 2016 inte-

1863 2045 1975 2099 rius
2003 2053 2104 2110 est,
2133 2060 2259 2101 ecce
2283 2047 2388 2102 hoc
2416 2057 2502 2104 est
2555 2050 2608 2103 in
2631 2051 2742 2104 Deo
2768 2065 2910 2118 esse,
2938 2051 3081 2119 quod
3115 2051 3255 2120 apud
3287 2050 3458 2109 Deum

1863 2151 2003 2193 esse.
2037 2138 2296 2194 Desinant
2336 2139 2498 2210 igitur
2536 2157 2793 2212 perversa
2836 2143 3060 2209 sentire,
3103 2152 3160 2198 et
3199 2143 3458 2199 festinent

1862 2228 2143 2283 catholica:
2177 2230 2490 2286 rectitudini
2525 2234 2852 2290 consentire.
2891 2234 2949 2291 Si
2983 2244 3164 2292 autem
3203 2236 3318 2292 haec
3366 2237 3457 2293 iur

1862 2324 2212 2392 mutabilitas,
2237 2340 2358 2396 quae
2387 2327 2529 2398 apud
2555 2327 2723 2384 Deum
2755 2337 2858 2397 est,
2893 2346 3003 2386 non
3047 2331 3274 2387 interius
3313 2346 3456 2399 esse,

1861 2416 1959 2472 sed
1986 2419 2226 2474 exterius
2255 2419 2518 2489 creditur,
2547 2420 2794 2490 profecto
2825 2422 2879 2476 in
2910 2421 3020 2478 Deo
3049 2437 3170 2478 esse
3208 2437 3315 2477 non
3345 2437 3459 2479 cre-

1862 2509 2026 2564 ditur.
2051 2507 2122 2563 Et
2148 2510 2196 2566 si
2227 2510 2280 2564 in
2309 2510 2422 2567 Deo
2456 2512 2864 2567 immutabilitas
2900 2527 3021 2568 esse
3056 2528 3165 2568 non
3198 2512 3458 2581 creditur,

1861 2610 2259 2672 consequenter
2287 2603 2426 2658 Deus
2455 2604 2568 2674 ipse
2597 2604 2869 2660 mutabilis
2907 2605 3248 2675 praedicatur.
3279 2604 3346 2660 Et
3384 2620 3458 2662 ne

1863 2690 1971 2746 hoc
1999 2691 2225 2748 inFilio
2254 2695 2528 2762 assignare
2565 2695 2799 2750 audeant
2838 2696 2935 2768 (al.
2977 2696 3186 2769 velint),
3227 2697 3452 2752 audiant

1865 2780 1922 2836 in
1948 2782 2142 2836 eodem
2169 2782 2290 2838 loco
2332 2782 2546 2838 Patrem
2569 2785 2830 2840 luminum
2849 2786 3204 2843 nominatum.
3224 2786 3458 2844 Proinde

1866 2885 1990 2925 cum
2014 2871 2258 2925 audimus
2312 2872 2438 2940 quia
2458 2873 2600 2941 apud
2621 2875 2789 2929 Deum
2814 2892 2922 2930 non
2949 2884 3030 2931 est
3057 2877 3458 2944 transmutatio,

1867 2959 1972 3015 hoc
2003 2961 2300 3015 sentiamus
2331 2961 2624 3017 secundum
2664 2965 2940 3020 catholica:
2993 2965 3116 3022 tidei
3152 2967 3458 3031 veritatem,

1867 3050 1992 3118 quia
2025 3049 2168 3105 nulla
2197 3059 2280 3105 est
2303 3051 2358 3105 in
2387 3051 2498 3107 Deo
2529 3053 2778 3108 mutatio.
2822 3053 2889 3108 Et
2910 3070 3030 3109 cum
3073 3053 3286 3122 dicitur,
3326 3054 3459 3110 Ver-

1869 3139 1986 3195 bum
2027 3151 2143 3196 erat
2194 3143 2334 3213 apud
2384 3141 2575 3209 Deum,
2628 3159 2735 3200 non
2781 3145 2921 3199 aliud
2963 3147 3256 3203 sentiamus
3294 3161 3460 3216 quam

183 3233 454 3290 evidenter
473 3235 779 3304 ostendant,
802 3237 868 3293 de
893 3237 1154 3309 legalibus
1173 3252 1228 3298 et
1248 3246 1574 3316 propheticis
1601 3257 1765 3320 atque

1878 3232 2101 3288 Verbum
2125 3244 2238 3289 erat
2276 3235 2331 3288 in
2360 3233 2506 3300 Deo;
2550 3244 2606 3292 et
2643 3252 2766 3292 cum
2811 3236 3084 3308 Sapientia
3127 3239 3180 3294 in
3227 3239 3460 3295 Prover-

186 3325 490 3395 apostolicis
515 3325 673 3382 dictis
695 3327 953 3396 judicium
984 3331 1176 3388 ferant.
1202 3333 1414 3409 Moyses
1435 3338 1599 3394 dicit:
1623 3338 1767 3396 Deus

188 3413 368 3483 ﬁdelis,
416 3416 473 3470 in
503 3433 601 3487 quo
635 3434 741 3473 non
762 3429 839 3474 est
865 3422 1130 3493 iniquitas.
1163 3425 1330 3482 David
1353 3443 1570 3501 quoque
1597 3431 1762 3486 dicit:

188 3502 355 3560 Iustus
383 3505 638 3562 Dominus
662 3507 800 3565 Deus
825 3521 1018 3578 noster,
1043 3523 1090 3568 et
1115 3531 1218 3570 non
1247 3526 1321 3571 est
1342 3519 1587 3590 iniquitas
1605 3523 1661 3576 in
1681 3538 1760 3578 eo.

189 3592 373 3654 Paulus
417 3614 548 3654 vero
593 3599 724 3655 dicit
768 3619 782 3654 :
829 3600 1080 3675 Nunquid
1106 3607 1352 3678 iniquitas
1398 3611 1537 3680 apud
1563 3611 1767 3668 Deum?

189 3685 330 3744 absit.
360 3689 466 3745 Aut
499 3691 660 3760 igitur
681 3692 952 3749 fateantur
978 3698 1332 3766 apostolicum
1364 3716 1581 3757 sensum
1604 3704 1764 3774 legali

190 3783 803 3854 propheticoquesensui
822 3787 1133 3854 convenire,
1156 3796 1249 3842 aut
1265 3789 1443 3845 dicant
1463 3795 1766 3862 apostolum

193 3869 402 3930 Paulum
439 3891 470 3930 a
533 3875 690 3944 legali
737 3885 794 3932 et
824 3879 1138 3947 prophetica
1180 3880 1531 3949 intelligentia
1568 3885 1769 3940 discre-

191 3979 325 4035 pare.
358 3966 561 4024 Paulus
589 3969 837 4039 equidem
867 3971 1140 4042 apostolus
1162 3973 1408 4030 eumdem
1436 3990 1494 4031 se
1522 3977 1767 4046 spiritum

194 4054 303 4112 fidei
322 4058 529 4116 habere
565 4059 710 4127 dicit,
752 4076 911 4131 quem
950 4061 1114 4117 David
1145 4063 1335 4120 beatus
1363 4065 1566 4132 habuit,
1609 4084 1769 4138 quem

195 4147 342 4203 etiam
370 4148 585 4221 Moyses
613 4157 830 4205 sanctus
857 4153 1088 4222 accepit,
1114 4153 1251 4208 sicut
1281 4154 1395 4224 ipse
1423 4162 1672 4224 testatur,
1694 4158 1769 4214 di-

161 4250 336 4316 cens:
365 4237 638 4294 Habentes
681 4251 854 4295 autem
891 4243 1123 4296 eumdem
1169 4245 1407 4314 spiritum
1447 4247 1592 4316 ﬁdei,
1637 4249 1770 4304 sicut

197 4330 426 4398 scriptum
451 4340 536 4387 est
567 4347 586 4386 :
625 4330 853 4399 Credidi,
881 4343 1090 4405 propter
1117 4336 1253 4408 quod
1292 4338 1489 4393 locutus
1525 4356 1680 4395 sum:
1719 4350 1770 4396 et

197 4438 282 4478 nos
306 4427 582 4493 credimus,
605 4438 814 4499 propter
832 4430 968 4500 quod
989 4430 1244 4502 loquimur
1273 4431 1362 4504 (II
1404 4433 1525 4490 Cor.
1553 4451 1626 4501 tv,
1655 4435 1765 4506 15).

1867 3325 1970 3382 biis
2015 3325 2144 3382 dicit
2176 3345 2189 3380 :
2229 3323 2394 3380 Eram
2423 3328 2562 3397 apud
2606 3328 2753 3382 illum
2793 3346 3102 3400 componens
3143 3329 3320 3400 (Prov.
3346 3347 3458 3398 vni,

1867 3416 1980 3489 '50),
2013 3433 2122 3472 non
2152 3417 2292 3472 aliud
2322 3418 2615 3473 sentiamus
2666 3433 2830 3488 quam
2857 3434 3007 3475 eram
3038 3421 3090 3474 in
3121 3420 3212 3475 illo
3232 3435 3461 3492 compo-

1867 3521 2023 3562 nens.
2068 3505 2135 3560 Et
2172 3523 2295 3563 cum
2339 3508 2450 3562 Deo
2483 3509 2716 3564 dicitur:
2765 3510 2916 3580 Apud
2969 3520 3017 3564 te
3063 3520 3140 3566 est
3181 3513 3297 3583 fons
3342 3515 3463 3568 vitia

1870 3599 2042 3670 (Psal.
2068 3616 2143 3667 ιιι,
2177 3599 2250 3672 5),
2282 3617 2391 3656 non
2427 3601 2571 3656 aliud
2614 3603 2977 3672 intelligamus
3005 3619 3165 3673 quam
3209 3606 3264 3659 in
3302 3614 3348 3660 te
3383 3613 3462 3660 ess

1867 3691 1985 3760 fons
2023 3689 2160 3744 vitae.
2191 3689 2259 3744 Et
2286 3705 2404 3746 cum
2434 3689 2670 3747 Joannes
2697 3693 2826 3748 dicit
2851 3711 2864 3746 :
2895 3695 3280 3749 Annuntiamus
3317 3696 3462 3751 vobis

1867 3781 2023 3833 vitam
2052 3787 2320 3846 aeternam,
2343 3797 2457 3851 qua:
2482 3792 2596 3836 erat
2613 3783 2752 3850 apud
2780 3782 3013 3849 Patrem,
3039 3795 3088 3838 et
3120 3786 3296 3856 palam
3319 3789 3463 3858 facta

1867 3881 1944 3924 est
1965 3869 2108 3926 nobis
2132 3869 2189 3942 (Ι
2211 3869 2367 3926 Joon.
2393 3887 2429 3938 ι,
2457 3873 2542 3940 2):
2577 3889 2685 3929 non
2711 3875 2855 3929 aliud
2889 3875 3250 3943 intelligamus
3295 3893 3462 3946 quam
3523 3942 3530 3946 _

1867 3963 2034 4016 vitam
2054 3971 2312 4018 aeternam
2341 3978 2462 4032 quas
2501 3973 2620 4019 erat
2655 3966 2709 4018 in
2741 3964 2939 4020 Patre:
2980 3981 3107 4021 vere
3139 3968 3283 4021 cnim
3315 3968 3462 4036 apud

1868 4050 2039 4107 Deum
2068 4060 2152 4108 est
2179 4051 2320 4107 Deus
2348 4051 2606 4120 Verbum,
2644 4054 2770 4122 quia
2811 4053 2865 4109 in
2895 4054 3008 4110 Deo
3038 4063 3121 4111 est
3158 4055 3298 4112 Deus
3326 4056 3466 4112 Ver-

1869 4143 2016 4199 bum.
2049 4141 2119 4198 Et
2146 4157 2274 4198 vere
2310 4143 2455 4214 apud
2502 4143 2669 4200 Deum
2709 4146 3008 4216 sapientem
3055 4155 3139 4202 est
3175 4147 3459 4218 sapientia,

1868 4236 1994 4306 quia
2024 4236 2077 4291 in
2099 4237 2342 4308 sapiente
2372 4237 2482 4294 Deo
2498 4245 2581 4293 est
2604 4238 2886 4310 sapientia.
2903 4236 3112 4296 Etvere
3126 4240 3268 4311 apud
3291 4239 3464 4298 Deum

1870 4328 2050 4383 vivum
2079 4336 2162 4384 est
2191 4329 2318 4395 vita,
2357 4329 2485 4399 quia
2526 4329 2581 4384 in
2621 4329 2735 4386 Deo
2766 4331 2892 4386 vivo
2921 4339 3005 4387 est
3045 4331 3185 4388 Deus
3222 4334 3352 4388 vita.
3397 4331 3466 4392 Et

1873 4433 1999 4474 vere
2019 4419 2160 4490 apud
2188 4419 2356 4476 Deum
2385 4435 2571 4476 verum
2596 4429 2681 4476 est
2701 4419 2842 4476 Deus
2864 4422 3082 4486 veritas,
3114 4423 3240 4494 quia
3267 4424 3321 4477 in
3348 4422 3464 4479 Deo

200 4510 462 4581 Quomodo
501 4527 685 4574 autem
723 4535 887 4575 unum
927 4521 1174 4592 spiritum
1206 4521 1328 4579 ﬁdei
1368 4525 1692 4593 habuerunt,
1722 4529 1768 4584 εί
1871 4524 2001 4564 vero
2029 4518 2112 4565 est
2136 4508 2279 4565 Deus
2304 4510 2522 4566 veritas.
2551 4507 2619 4564 Et
2637 4525 2767 4566 vere
2791 4511 2932 4581 apud
2959 4510 3130 4567 Deum
3158 4512 3350 4568 fortem
3378 4522 3464 4569 est

201 4602 261 4660 de
295 4605 430 4666 ﬁdeli
469 4609 590 4666 Deo
635 4610 844 4667 diversa
884 4615 1201 4668 senserunt?
1229 4613 1419 4684 Magna
1461 4625 1543 4674 est
1588 4627 1768 4675 autem
1793 4613 1850 4676 D
1872 4601 2014 4659 Deus
2041 4604 2233 4672 νίηυευ
2259 4603 2384 4674 quia
2414 4604 2467 4658 ίη
2497 4603 2609 4659 Deo
2647 4603 2774 4661 ίοηί
2811 4612 2895 4661 εει
2936 4605 3078 4662 Deus
3115 4607 3306 4662 νίτιυδ·
3351 4605 3464 4662 sed

202 4698 447 4757 sentiendi
472 4701 780 4766 diversitas,
815 4702 860 4758 si
885 4701 1155 4759 diversum
1184 4713 1268 4760 est
1293 4706 1437 4777 quod
1466 4707 1596 4764 dicit
1633 4707 1774 4765 Pau-
1869 4694 1997 4764 (ιιιίἀ
2023 4695 2237 4762 mirum,
2268 4695 2314 4750 εί
2341 4694 2447 4750 hoc
2470 4703 2554 4750 εει
2580 4693 2717 4752 Filio
2745 4710 2865 4752 esse
2887 4697 3031 4768 apud
3060 4696 3292 4763 Patrem:
3315 4695 3462 4766 (ἰυοίι

203 4783 276 4842 las
297 4830 314 4857 ,
341 4788 462 4847 Non
500 4809 619 4848 εηε
655 4793 976 4864 iniquitatem
1006 4795 1144 4864 apud
1179 4792 1367 4862 Deum,
1415 4797 1484 4852 ab
1517 4812 1584 4854 eo
1629 4798 1775 4868 quod
1871 4791 1954 4840 est
1980 4785 2056 4839 illi
2082 4799 2201 4840 esse
2238 4784 2293 4840 in
2321 4782 2502 4849 Patre,
2540 4784 2666 4856 quia
2703 4785 2912 4841 scilicet
2949 4787 3268 4843 naturaliter
3301 4793 3463 4842 natus

204 4872 396 4950 Moyses
417 4892 470 4939 et
499 4883 672 4938 David
691 4883 907 4953 dicunt,
932 4883 1054 4939 Non
1075 4902 1187 4940 esse
1204 4886 1527 4957 iniquitatem
1553 4888 1609 4942 in
1637 4887 1765 4946 Deo.

1869 4877 1937 4934 de
1967 4876 2125 4933 Patre
2180 4884 2461 4950 permanet
2495 4891 2707 4948 semper
2735 4877 2788 4932 in
2819 4877 3009 4935 Patre:
3041 4895 3163 4935 cum
3190 4879 3355 4935 etiam
3395 4879 3466 4936 de

205 4962 266 5022 Et
296 4971 338 5025 si
378 4973 595 5030 dicente
629 4972 819 5040 Paulo,
867 4975 1118 5030 eumdem
1168 4990 1228 5032 se
1280 4976 1482 5032 habere
1522 4977 1768 5047 spiritum
1875 4971 2182 5026 hominibus
2209 4969 2450 5039 legamus
2478 4969 2758 5040 (quantum
2780 4969 2848 5025 ad
2876 4969 3228 5026 substantiam
3249 4970 3460 5036 attinet,

208 5052 334 5126 ﬁdei,
357 5078 513 5134 quem
545 5071 602 5120 et
625 5063 902 5135 propheta:
931 5065 1255 5132 habuerunt,
1278 5066 1330 5121 in
1354 5082 1541 5122 eorum
1569 5065 1675 5123 ﬁde
1696 5067 1774 5124 di-
1877 5079 1984 5134 qua
2021 5062 2339 5118 naturaliter
2385 5063 2631 5120 homines
2665 5064 2812 5136 sunt)
2847 5079 2956 5120 non
2997 5063 3139 5120 aliud
3173 5077 3310 5127 esse,
3336 5075 3463 5115 cum

207 5162 376 5208 versus
418 5165 501 5212 est
536 5171 756 5225 sensus,
803 5155 1036 5212 mendax
1075 5155 1240 5229 (quod
1283 5156 1441 5228 absit)
1481 5156 1771 5226 Apostolus
1878 5155 2078 5211 dicitur
2119 5155 2319 5225 aliquid
2363 5155 2503 5226 apud
2541 5155 2662 5212 illos
2690 5172 2832 5223 esse,
2861 5171 3024 5227 quam
3070 5157 3124 5211 in
3167 5155 3271 5210 illis
3307 5154 3465 5209 esse?

211 5249 584 5315 pronuntietur,
609 5250 702 5319 qui
733 5249 786 5304 in
823 5265 884 5305 se
919 5247 1191 5305 Christum
1225 5249 1372 5320 loqui
1399 5251 1661 5305 testatur?
1687 5255 1770 5304 An
1880 5246 2034 5304 Unde
2066 5248 2372 5304 testimonia
2397 5247 2832 5305 manifestissima
2858 5248 3210 5320 proferemus.
3241 5243 3462 5302 ln-libro

212 5340 618 5409 experimentum,
648 5340 902 5412 inquiens,
927 5342 1158 5414 quarritis
1180 5343 1291 5414 ejus
1325 5341 1413 5413 qui
1438 5341 1494 5395 in
1517 5358 1598 5396 me
1615 5341 1776 5414 loqui-
1875 5337 2026 5395 lsaiu:
2047 5339 2354 5395 continetur
2375 5338 2618 5397 Ezechia:
2643 5343 2786 5410 regis
2815 5340 3011 5404 oratio,
3041 5351 3201 5408 quam
3230 5345 3354 5408 post
3373 5337 3464 5392 ad-

215 5433 286 5480 tur
307 5430 492 5488 Christi
523 5431 613 5505 (II
641 5431 764 5488 Cor.
795 5449 908 5500 xm,
942 5433 1032 5505 3)?
1059 5433 1165 5490 Sed
1192 5435 1448 5504 quoniam
1472 5449 1597 5492 vere
1623 5433 1775 5490 Chri—
1823 5503 1832 5512 ’
1869 5432 2048 5502 jectos
2067 5432 2169 5488 sibi
2190 5432 2258 5488 ad
2281 5433 2447 5489 vitam
2476 5449 2648 5491 annos
2674 5433 2999 5504 quindecim,
3032 5431 3100 5487 ad
3128 5429 3297 5487 Deum
3321 5432 3460 5488 effu-

214 5525 316 5576 stus
334 5523 384 5577 in
411 5522 579 5581 Paulo
607 5525 818 5581 locutus
853 5533 956 5592 est,
981 5523 1177 5580 Paulus
1203 5525 1390 5595 utique
1414 5525 1645 5580 mendax
1663 5539 1774 5581 non
1873 5525 1972 5592 dit,
2005 5525 2093 5581 ubi
2120 5525 2260 5582 inter
2285 5534 2480 5582 cmtera
2507 5529 2586 5585 sie
2611 5528 2768 5583 dicit:
2795 5525 3024 5596 Spiritus
3051 5543 3194 5582 meus
3220 5528 3360 5599 apud
3378 5544 3462 5582 me

216 5620 303 5664 est.
332 5613 394 5669 Et
417 5618 545 5686 quia
571 5633 693 5673 cum
724 5617 972 5674 eumdem
1021 5617 1265 5688 spiritum
1304 5617 1427 5673 lidei
1472 5632 1532 5672 se
1574 5614 1774 5670 habere
1877 5618 2045 5688 {actus
2065 5627 2162 5682 est,
2187 5618 2317 5670 sicut
2336 5618 2550 5688 laniﬁca
2571 5619 2875 5689 proximam
2898 5617 3100 5674 demere
3123 5620 3278 5673 telam
3299 5617 3454 5688 (Issi.

216 5700 350 5772 dicit,
382 5723 488 5763 non
536 5696 824 5775 mentitur;
853 5719 1080 5779 uterque
1119 5709 1228 5780 48
1255 5723 1443 5765 sensus
1470 5720 1774 5764 consonans
1877 5709 2383 5792 xxxvnl,li).)Quid
2407 5718 2584 5765 autem
2607 5710 2693 5764 hic
2706 5708 2851 5764 aliud
2863 5711 3199 5782 intelligitur:
3225 5709 3458 5780 Spiritus

220 5792 493 5853 invenitur:
526 5807 585 5854 ut
610 5799 756 5870 quod
784 5800 993 5872 Moyses
1019 5811 1074 5854 et
1103 5798 1269 5853 David
1291 5799 1539 5854 dixerunt
1575 5796 1772 5868 iniqui-
1875 5815 2026 5855 meus
2055 5800 2195 5870 apud
2219 5816 2328 5868 me,
2354 5801 2475 5864 nisi,
2507 5799 2736 5868 Spiritus
2766 5816 2918 5858 meus
2946 5803 3000 5858 in
3025 5804 3152 5858 me?
3181 5801 3260 5856 Αη
3292 5807 3346 5852 et
3371 5799 3461 5854 hie

221 5895 368 5950 tatem
395 5890 448 5945 in
473 5888 585 5946 Deo
612 5907 720 5947 non
748 5907 887 5956 esse,
935 5891 1050 5946 hoc.
1075 5891 1165 5956 sit,
1197 5888 1342 5960 quod
1382 5887 1546 5945 etiam
1575 5885 1771 5945 Paulus
1874 5889 2082 5949 dicetur
2108 5891 2353 5960 spiritum
2409 5890 2640 5949 hominis
2666 5891 2808 5963 apud
2833 5894 3106 5951 hominem
3127 5895 3265 5956 esse,
3290 5889 3345 5943 in
3365 5891 3462 5942 ho-

559 5983 824 6047 Ριτιιοι..
870 5981 1058 6045 LXV.

3064 5985 3101 6040 7
