4068 6466
578 376 686 436 eos

1605 377 1662 435 S.
1692 375 2056 434 FULGENTII
2095 371 2396 437 EPIBCOPI
2434 376 2806 438 IUSPENSIS

3748 376 3866 436 204

577 457 722 550 mine
743 501 924 551 autem
951 507 1062 551 non
1089 493 1399 550 saeuitiam
1435 494 1716 550 evidenter
1754 492 2041 565 Apostolus
2077 493 2163 549 di-
2192 501 2242 559 Α
2268 498 2408 569 apud
2447 498 2748 570 Apostolum
2793 493 3007 549 Petrum
3054 492 3344 567 quindecim
3391 480 3570 547 diebus
3605 492 3865 546 mansisse

577 594 698 643 cat:
729 585 857 651 Quis
885 589 1024 644 enim
1069 591 1169 645 scit
1209 589 1474 644 hominum
1497 605 1611 662 qua
1635 596 1756 642 sunt
1792 588 2036 654 hominis,
2068 587 2174 643 nisi

576 679 791 748 spiritus
812 679 1037 734 hominis
1055 681 1143 752 qui
1170 682 1229 735 in
1250 682 1365 752 ipso
1393 690 1472 735 est
1494 680 1546 750 (I
1576 681 1694 734 Cor.
1725 695 1782 742 ιι,
1816 679 1942 750 ll)?
1973 679 2084 736 Sed
2115 689 2170 736 et

577 771 708 825 illud
737 773 882 842 quod
911 789 1071 842 supra
1101 775 1377 844 posuimus
1405 775 1693 844 scriptum:
1735 755 1995 843 Dixerunt
2032 776 2170 846 apud

574 877 650 925 se,
684 864 968 934 cogitantes
1008 881 1113 922 non
1142 875 1278 922 recte
1308 865 1462 937 (Sep.
1515 881 1574 927 ιι.
1619 864 1676 932 i)
1701 905 1716 930 ,
1760 863 1870 936 49
1911 866 2038 934 quid
2087 874 2173 922 est

575 941 720 1008 aliud
737 957 1183 1023 quam,dixerunt
1212 957 1348 1010 intra
1375 955 1468 1010 se?
1491 954 1694 1011 Rursus
1715 956 1767 1009 in
1793 956 1927 1010 libro
1950 955 2170 1026 Sapien-

576 1044 666 1097 tiae
693 1043 891 1099 dicitur
914 1063 928 1099 :
964 1045 1094 1102 Hae
1122 1049 1356 1120 cogitans
1375 1046 1513 1116 apud
1533 1063 1636 1114 me,
1672 1055 1723 1101 et
1761 1063 2167 1104 commemorans

576 1134 632 1187 in
661 1136 818 1190 corde
842 1153 976 1203 meo,
999 1140 1243 1210 quoniam
1269 1138 1632 1192 immortalitas
1660 1146 1736 1193 est
1758 1140 1812 1193 in
1853 1140 2168 1211 cogitatione

573 1225 851 1293 sapientia:
882 1227 1037 1297 (δαν.
1071 1244 1182 1296 vni,
1216 1227 1327 1299 l7).
1354 1226 1511 1294 Quod
1548 1229 1688 1299 apud
1714 1243 1774 1284 se
1803 1230 2021 1298 cogitat,
2063 1230 2168 1286 hoc

572 1322 629 1376 in
654 1323 818 1378 corde
839 1339 938 1379 suo
961 1333 1367 1392 commemorat,
1393 1324 1538 1395 quod
1561 1334 1846 1398 utrquue
1867 1327 1990 1381 dum
2011 1326 2164 1396 dicit,

576 1411 724 1467 illam
767 1415 948 1484 utique
980 1416 1367 1484 cogitationem
1417 1424 1473 1471 et
1514 1417 1658 1471 illam
1701 1419 2167 1474 commemoratio-

570 1517 715 1570 nem,
751 1519 856 1559 non
887 1509 1142 1573 exterius,
1174 1497 1269 1562 sed
1312 1508 1536 1563 interius
1570 1509 1670 1563 sibi
1701 1509 1876 1566 inesse
1907 1519 2167 1566 monstra-

569 1595 663 1649 vit.
690 1595 896 1651 Dicitur
917 1599 1081 1652 etiam
1110 1599 1166 1653 in
1197 1597 1504 1654 Proverbiis
1536 1618 1549 1654 :
1575 1599 1705 1670 Fili,
1737 1617 1841 1656 non
1871 1609 1922 1657 te
1939 1618 2167 1673 compre-

567 1687 760 1742 hendat
789 1689 1035 1760 cogitatio
1057 1691 1219 1757 mala,
1241 1708 1356 1764 quis
1383 1693 1693 1768 derelinquit
1713 1695 2007 1752 doctrinam
2029 1697 2164 1751 ado-

566 1777 845 1845 lescentia,
871 1790 921 1835 et
953 1785 1245 1838 testamenti
1275 1785 1437 1839 divini
1477 1785 1636 1842 oblita
1666 1797 1778 1853 est;
1815 1791 1988 1859 posuit
2024 1791 2164 1844 enim

2277 589 2418 663 (Gal.
2448 606 2498 657 ι,
2541 589 2631 660 18)
2659 632 2674 658 ,
2701 589 2822 658 jure
2850 587 3056 643 scilicet
3079 585 3462 657 hospitalitatis
3483 626 3498 651 ,
3547 592 3604 641 et
3627 584 3866 656 puritate

2273 681 2596 746 dilectionis,
2623 695 2852 750 quorum
2881 679 3007 736 licet
3032 694 3132 750 per
3158 680 3417 733 unitatem
3449 675 3569 732 fidei
3595 685 3651 732 et
3671 677 3865 732 caritao

2273 775 2342 828 tis
2371 772 2530 830 fuerit
2565 773 2741 828 anima
2769 787 2876 827 una
2901 815 2916 840 ,
2963 779 3018 826 et
3058 786 3155 827 cor
3181 786 3347 825 unum
3371 809 3386 835 ,
3439 783 3546 823 non
3577 777 3755 823 tamen
3781 768 3866 824 sic

2271 867 2470 922 mansit
2495 865 2691 921 Paulus
2721 865 2863 937 apud
2899 863 3118 920 Petrum
3143 907 3160 933 ,
3207 864 3350 919 sicut
3393 857 3629 918 Verbum
3680 869 3867 917 manet

2272 960 2412 1031 apud
2443 959 2630 1026 Deum,
2663 960 2787 1029 quia
2817 974 2918 1014 nec
2939 958 3018 1014 sic
3047 963 3227 1029 potest
3255 971 3374 1012 esse
3400 955 3565 1010 homo
3587 953 3728 1025 apud
3759 953 3866 1008 ho-

2272 1052 2492 1116 minem,
2518 1051 2657 1105 sicut
2684 1049 2921 1106 Verbum
2952 1049 3093 1105 Deus
3127 1056 3211 1104 est
3240 1045 3380 1118 apud
3403 1048 3572 1102 Deum
3603 1045 3820 1100 Patrem
3847 1063 3862 1099 :

2271 1143 2436 1199 homo
2461 1143 2604 1198 enim
2627 1143 2768 1213 apud
2795 1142 3068 1199 hominem
3094 1141 3173 1198 sic
3184 1150 3288 1210 est,
3310 1148 3498 1196 utnon
3523 1138 3694 1195 solum
3721 1135 3866 1208 apud

2271 1253 2395 1293 eum
2421 1254 2530 1292 non
2560 1253 2678 1293 esse
2707 1237 2899 1308 possit,
2933 1235 3028 1292 sed
3057 1236 3218 1291 etiam
3238 1276 3252 1302 ,
3284 1249 3404 1290 cum
3436 1232 3575 1306 apud
3605 1247 3730 1287 eum
3759 1239 3862 1298 εει,

2271 1330 2326 1385 in
2369 1331 2485 1400 ipso
2531 1329 2958 1384 substantialiter
3005 1343 3123 1384 esse
3165 1343 3274 1383 non
3302 1325 3491 1397 possit.
3532 1324 3673 1381 Vere
3720 1325 3869 1380 enim

2269 1423 2362 1491 qui
2391 1423 2468 1478 sic
2496 1421 2638 1493 apud
2663 1421 2824 1476 alium
2853 1429 2955 1487 est,
2986 1427 3137 1476 extra
3170 1419 3319 1475 illum
3345 1426 3448 1484 est,
3479 1417 3603 1488 quia
3631 1432 3756 1472 cum
3784 1421 3868 1471 est

2269 1514 2412 1584 apud
2446 1513 2593 1568 illum
2616 1557 2631 1581 ,
2660 1513 2973 1568 sinceritate
2996 1511 3332 1580 dilectionis,
3367 1510 3488 1566 loco
3516 1508 3864 1575 discernitur,

2268 1605 2607 1675 quantolibet
2652 1604 2846 1660 aii‘ectu
2888 1603 3117 1658 invicem
3163 1603 3266 1658 sibi
3316 1610 3542 1672 uterque
3586 1600 3864 1670 jungatur.

2269 1696 2377 1753 Sed
2407 1698 2483 1752 sic
2530 1706 2619 1752 est
2642 1695 2879 1752 Verbum
2923 1695 3028 1766 50
3058 1693 3199 1764 apud
3230 1693 3399 1748 Deum
3427 1731 3443 1757 ,
3498 1692 3638 1746 sicut
3681 1698 3768 1745 est
3815 1690 3866 1746 in

2270 1797 2454 1846 mente
2483 1789 2728 1854 verbum,
2771 1787 2910 1843 sicut
2934 1787 2987 1840 in
3010 1784 3174 1841 corde
3201 1785 3485 1841 consilium
3510 1800 3524 1836 :
3574 1797 3696 1839 cum
3722 1782 3866 1837 enim

565 1873 707 1942 apud
726 1883 941 1929 mortem
971 1875 1179 1931 domum
1206 1893 1378 1945 suum,
1402 1886 1451 1931 et
1483 1879 1623 1948 apud
1643 1881 1842 1953 inferos
1868 1895 1982 1935 cum
2014 1882 2166 1958 terri-
2195 1887 2246 1950 Β
2270 1899 2426 1938 mens
2456 1882 2594 1952 apud
2617 1897 2675 1936 se
2700 1879 2924 1936 verbum
2949 1877 3132 1946 habet,
3165 1878 3351 1947 utique
3372 1875 3657 1945 cogitando
3678 1873 3864 1941 habet,

564 1964 860 2034 genis'axes
881 1983 1000 2022 suos
1025 1966 1203 2037 (Prov.
1235 1984 1293 2032 ιι,
1323 1968 1436 2039 ib“).
1471 1968 1528 2022 Si
1558 1984 1687 2037 ergo
1709 1970 1968 2040 cogitatio
1999 1970 2160 2038 mala,

565 2068 690 2123 quae
717 2057 859 2126 apud
888 2066 1120 2112 mortem
1149 2059 1331 2127 posuit
1370 2058 1589 2113 domum
1627 2073 1800 2126 suam,
1839 2065 1991 2114 extra
2020 2075 2167 2115 more

559 2150 674 2200 tem
697 2153 802 2212 est,
826 2163 939 2202 non
967 2149 1023 2203 in
1044 2157 1240 2213 morte,
1276 2147 1520 2219 profecto
1551 2148 1700 2204 vivit.
1737 2149 1806 2203 Et
1834 2151 1880 2205 si
1906 2149 2050 2220 apud
2077 2151 2163 2205 in-

564 2233 712 2293 feros
738 2238 913 2309 posita
940 2253 1050 2295 non
1078 2248 1163 2295 est
1187 2241 1242 2294 in
1272 2239 1504 2306 interno,
1538 2248 1786 2314 superest
1815 2246 1878 2296 ut
1915 2241 2004 2296 illa
2043 2256 2166 2312 qua:

561 2344 668 2387 nec
689 2331 744 2386 in
770 2340 950 2388 morte
986 2342 1089 2400 est,
1134 2349 1239 2388 nec
1269 2333 1324 2388 in
1362 2333 1594 2400 inferno,
1635 2335 1801 2388 vitam
1834 2333 2036 2389 habere
2077 2335 2164 2388 di-

563 2432 721 2480 catur
747 2425 804 2480 in
832 2425 991 2482 coelo.
1023 2426 1151 2482 ideo
1173 2426 1318 2481 enim
1345 2425 1458 2481 Deo
1488 2427 1716 2482 dicitur:
1755 2426 1891 2491 Quia
1920 2428 2159 2499 eripuisti

562 2521 797 2575 animum
821 2536 989 2575 meam
1018 2521 1084 2575 de
1109 2529 1272 2576 morte
1301 2521 1476 2590 (Psal.
1519 2535 1663 2589 cxxv,
1697 2520 1774 2590 8),
1807 2521 1933 2590 quia
1969 2521 2165 2575 animo:

560 2620 662 2681 per
689 2611 849 2666 ﬁdem
883 2613 1047 2667 vitam
1102 2614 1321 2668 donavit
1357 2614 1543 2668 dicens
1566 2631 1582 2667 :
1604 2612 1793 2675 Justus.
1825 2621 1994 2667 autem
2021 2629 2166 2667 meus

559 2718 628 2757 ea:
655 2703 762 2774 ﬁde
787 2705 908 2759 vivit
935 2704 1112 2778 (Rom.
1142 2721 1178 2770 ι,
1207 2703 1316 2776 17).
1349 2704 1417 2760 Ει
1454 2721 1642 2761 rursus
1667 2705 1866 2760 idcirco
1895 2705 1993 2775 ipsi
2024 2704 2162 2760 dici-

559 2804 692 2851 tur:
744 2796 1001 2868 Eripuisti
1054 2799 1284 2853 animam
1324 2814 1490 2854 meam
1528 2815 1594 2853 ex
1662 2799 1868 2871 inferno
1915 2797 2158 2868 inferiori

565 2887 742 2956 (Ρεαι.
775 2902 973 2954 ιιιιν,
1027 2888 1137 2960 is),
1183 2871 1543 2959 quiaideirco
1598 2889 1787 2944 anima:
1845 2889 1913 2944 ab
1948 2889 2160 2946 inferno

558 2982 730 3050 gratia
759 2981 858 3037 Dei
878 2982 1198 3054 eripiuntur,
1229 2991 1288 3038 ut
1317 2983 1369 3038 in
1391 2983 1542 3040 cmlis
1571 2991 1978 3040 conversentur.
2007 2979 2162 3039 Unde

558 3081 691 3138 dicit
719 3083 1044 3153 Apostolus:
1080 3083 1282 3139 Nostra
1309 3094 1478 3140 autem
1505 3088 1825 3141 conversatio
1845 3088 1900 3141 in
1923 3085 2062 3140 celis
2082 3094 2162 3141 est

558 3173 782 3245 (Philip.
815 3190 891 3242 ιιι,
919 3173 1032 3247 20).
1067 3173 1238 3230 Porro
1269 3177 1468 3242 anima,
1498 3192 1618 3246 qua:
1647 3193 1744 3248 per
1771 3177 2158 3244 cogitationem

2270 1977 2398 2047 quia
2429 1975 2561 2030 nihil
2591 1973 2739 2028 aliud
2759 1979 2851 2028 est
2874 1971 3013 2043 apud
3030 1987 3089 2028 se
3118 1970 3297 2026 dicere
3326 1985 3486 2040 quam
3515 1965 3654 2039 apud
3683 1982 3746 2022 se
3774 1983 3864 2022 co-

2271 2069 2465 2136 gitare.
2506 2065 2640 2121 Cum
2669 2079 2798 2134 ergo
2829 2079 2982 2119 mens
3008 2063 3228 2133 cogitat,
3255 2069 3309 2118 et
3335 2061 3621 2130 cogitando
3642 2059 3864 2114 verbum
3920 2132 3931 2142 .

2272 2158 2414 2212 intra
2438 2171 2496 2210 se
2523 2164 2765 2224 generat,
2820 2155 2886 2210 de
2917 2170 3013 2209 sua
3043 2153 3342 2210 substantia
3372 2159 3595 2223 generat
3615 2151 3864 2220 verbum,

2271 2254 2328 2303 et
2358 2247 2436 2303 sic
2465 2246 2595 2302 illud
2619 2245 2841 2302 verbum
2862 2253 3085 2314 generat
3112 2245 3178 2301 de
3207 2261 3286 2309 se,
3320 2253 3378 2298 ut
3401 2243 3639 2313 genitum
3668 2241 3864 2302 habeat

2272 2338 2416 2409 apud
2441 2355 2517 2394 se.
2561 2338 2670 2394 Nec
2718 2338 2895 2391 minus
2924 2335 3126 2405 aliquid
3154 2335 3318 2390 habet
3356 2335 3577 2389 verbum
3622 2332 3769 2404 quod
3802 2345 3864 2389 ex

2271 2439 2454 2487 mente
2483 2431 2737 2497 nascitur,
2772 2445 2932 2499 quam
2956 2437 3037 2484 est
3057 2443 3207 2484 mens
3231 2427 3300 2483 de
3325 2443 3430 2497 qua
3451 2429 3706 2493 nascitur,
3738 2427 3863 2496 quia

2271 2535 2470 2597 quanta
2501 2533 2584 2582 est
2622 2541 2775 2580 mens
2803 2538 2922 2594 qua:
2951 2529 3174 2592 generat
3220 2521 3442 2576 verbum
3467 2561 3483 2588 ,
3535 2528 3743 2574 tantum
3787 2525 3864 2580 est

2271 2623 2435 2677 etiam
2465 2621 2637 2691 ipsum
2664 2619 2911 2674 verbum.
2953 2615 3102 2672 Sicut
3133 2615 3275 2672 enim
3326 2615 3392 2670 de
3417 2623 3528 2670 tota
3559 2622 3740 2669 mente
3772 2627 3863 2668 na‘

2270 2713 2439 2768 scitur
2463 2712 2687 2767 verbum
2713 2753 2729 2779 ,
2773 2710 2850 2764 sic
2874 2709 3013 2763 intra
3047 2715 3212 2762 totam
3244 2712 3527 2777 permanet
3553 2714 3761 2759 natum.
3801 2701 3863 2760 Et

2273 2802 2399 2872 quia
2428 2801 2704 2872 cogitante
2728 2807 2912 2856 mente
2937 2842 2953 2869 ,
3001 2814 3109 2854 non
3140 2806 3224 2853 est
3259 2797 3373 2868 ejus
3398 2795 3596 2866 aliquid
3619 2837 3634 2861 ,
3686 2795 3783 2852 ubi
3813 2796 3861 2852 in

2269 2913 2334 2952 ea
2355 2896 2578 2952 verbum
2606 2912 2715 2951 non
2737 2896 2845 2959 sit,
2900 2893 3020 2948 ideo
3044 2887 3270 2948 vei-bum
3299 2897 3501 2946 tantum
3525 2898 3625 2956 est,
3657 2897 3862 2961 quanta

2267 2999 2355 3046 est
2383 3005 2536 3046 mens
2558 2991 2670 3060 ipsa
2703 2989 2771 3044 de
2796 3003 2903 3058 qua
2933 2996 3034 3054 est,
3075 2997 3129 3042 et
3151 2999 3271 3042 cum
3303 2983 3445 3056 apud
3473 2984 3614 3039 illam
3643 2990 3762 3053 est,
3811 2983 3863 3042 in

2269 3085 2360 3139 illa
2389 3091 2469 3139 est
2493 3091 2546 3138 et
2573 3080 2717 3153 quod
2747 3084 2860 3152 ipsa
2889 3095 3040 3136 mens
3069 3087 3170 3146 est,
3215 3079 3320 3134 hoc
3346 3086 3428 3133 est
3456 3077 3674 3132 verbum
3713 3073 3864 3144 quod

2267 3177 2334 3231 de
2364 3177 2454 3231 illa
2483 3182 2539 3232 et
2567 3175 2621 3229 in
2649 3174 2736 3229 illa
2759 3182 2878 3238 est;
2910 3185 2965 3227 et
2987 3178 3186 3242 quanta
3215 3169 3304 3225 illa
3334 3177 3435 3235 est,
3467 3176 3669 3223 tantum
3690 3164 3863 3220 etiam

555 3263 758 3319 malam
787 3265 928 3334 apud
959 3273 1191 3320 mortem
1232 3265 1348 3329 fuit,
1381 3266 1654 3335 quomodo
1690 3268 1756 3322 de
1799 3276 1970 3324 morte
2019 3267 2160 3323 libe-
2191 3270 2240 3335 C
2270 3269 2495 3324 verbum
2525 3275 2626 3332 est,
2657 3267 2782 3336 quia
2821 3264 2888 3320 de
2924 3271 3038 3320 tota
3067 3272 3121 3319 et
3150 3263 3204 3318 in
3234 3270 3347 3318 tota
3375 3269 3477 3317 est.
3520 3258 3861 3331 Tantumque

553 3363 674 3412 rata
703 3363 806 3422 est,
833 3355 878 3410 si
901 3355 954 3410 in
975 3364 1151 3410 morte
1177 3371 1282 3410 non
1308 3353 1448 3410 fuit?
1475 3365 1530 3411 et
1557 3358 1828 3427 quomodo
1851 3376 1918 3415 ex
1948 3360 2162 3418 inferno

557 3453 745 3515 erepta
776 3453 878 3514 est,
909 3447 953 3501 si
983 3447 1126 3516 apud
1150 3446 1353 3504 inferos
1380 3451 1695 3531 constituta,
1725 3453 1781 3507 in
1811 3453 2022 3508 inferno
2044 3469 2156 3509 non

557 3535 696 3590 fuit?
725 3538 856 3592 Cum
879 3538 1067 3606 utique
1095 3538 1140 3594 si
1170 3538 1223 3592 in
1253 3549 1431 3595 morte
1464 3557 1573 3597 non
1604 3553 1765 3611 esset,
1799 3553 2013 3600 mortua
2045 3561 2157 3601 non.

556 3623 762 3682 luisset.
789 3625 894 3684 Per
921 3629 1119 3682 malam
1164 3637 1344 3684 autem
1392 3617 1741 3701 voluntzitem,
1776 3635 1880 3692 hoc
1925 3644 2028 3704 est,
2058 3652 2161 3706 per

554 3726 859 3787 peccatum,
892 3719 1013 3789 quis
1043 3720 1248 3774 nesciat
1277 3719 1511 3774 animam
1543 3723 1714 3778 mori?
1745 3740 1864 3780 cum
1911 3723 2052 3780 Deus
2081 3723 2160 3779 di-

555 3815 687 3862 cat:
730 3809 923 3864 Anima
970 3826 1082 3882 qut:
1123 3813 1428 3882 peccaverit,
1488 3814 1605 3883 ipsa
1655 3817 1905 3869 morietur
1935 3814 2152 3886 (Ezech.

558 3915 710 3970 xvm,
741 3900 857 3970 20).
888 3899 1110 3957 Certum
1139 3911 1221 3957 est
1250 3902 1429 3970 igitur,
1463 3905 1695 3958 animam
1731 3906 1870 3960 male
1911 3907 2158 3975 cogitan-

552 4002 684 4061 tem,
711 4010 833 4051 cum
863 3995 1005 4066 apud
1031 4003 1261 4052 mortem
1296 4003 1398 4063 est,
1449 3997 1504 4051 in
1546 4006 1721 4056 morte
1751 4015 1890 4067 esse,
1929 4008 1985 4054 et
2024 4017 2152 4056 cum

552 4084 697 4155 apud
721 4073 923 4144 inferos
952 4096 1054 4154 est,
1101 4089 1153 4142 in
1200 4087 1410 4143 inferno
1451 4102 1592 4144 esse.
1624 4089 1763 4156 Quid
1799 4091 1942 4161 quod
1985 4093 2153 4148 etiam

552 4173 802 4232 Salvator
830 4177 989 4232 dicit:
1017 4177 1147 4242 Quae
1175 4179 1522 4252 impossibilia
1550 4190 1670 4237 sunt
1712 4183 1853 4255 apud
1893 4185 2150 4255 homines,

553 4266 824 4338 possibilia
871 4260 990 4323 sunt
1031 4273 1170 4340 apud
1213 4273 1380 4328 Deum
1437 4273 1650 4346 (Matth.
1701 4293 1811 4338 nx,
1859 4275 1961 4343 26;
2015 4278 2147 4333 Luc.

552 4372 704 4420 xvm,
737 4355 866 4428 27)?
888 4357 1099 4428 Ergone
1128 4362 1208 4417 sic
1233 4363 1495 4432 dicemus,
1522 4366 1701 4419 omnia
1732 4366 1845 4421 Deo
1874 4369 2151 4438 possibilia

473 4473 476 4476 ·
554 4462 700 4517 εεεε,
734 4456 794 4503 ut
817 4449 923 4504 hoc
951 4450 1126 4521 ipsum
1154 4453 1371 4522 quidem
1420 4455 1676 4526 possibile
1713 4474 1850 4526 esse,
1898 4460 1974 4515 sic
2011 4461 2152 4516 dica-

552 4555 676 4596 mus
700 4541 842 4611 apud
870 4540 1038 4597 Deum
1071 4558 1211 4609 esse,
1244 4553 1303 4600 ut
1333 4545 1577 4604 dicamus
1615 4547 1669 4604 in
1698 4547 1812 4604 Deo
1844 4565 1950 4605 non
1992 4545 2165 4608 esse?

555 4634 694 4702 Quid
722 4644 901 4691 autem
923 4652 1080 4707 posse
1105 4639 1248 4710 apud
1269 4655 1327 4695 se
1346 4640 1488 4715 Deus
1510 4641 1692 4710 habet,
1717 4644 1762 4700 si
1792 4643 1964 4715 ipsum
1987 4661 2151 4718 posse
2171 4653 2230 4722 υ

533 4727 608 4780 -in
637 4743 695 4781 se
716 4743 822 4782 non
852 4728 1052 4783 habet?

552 4817 736 4873 CAPUT
768 4835 856 4875 vn.
885 4818 1028 4896 _l_Vo_n
1056 4822 1222 4878 credis
1245 4825 1366 4896 quia
1397 4842 1490 4896 ego
1517 4827 1572 4882 in
1605 4826 1792 4895 Patre,
1824 4840 1874 4886 et
1900 4831 2063 4887 Pater
2087 4834 2148 4888 in

623 4898 833 5015 neme“.
885 4890 1106 4947 Verbum
1129 4906 1206 4948 est
1227 4890 1366 4967 apud
1396 4890 1584 4970 ﬂeam,
1614 4899 1746 4955 sicut
1764 4890 1819 4956 in
1840 4913 2010 4958 mente
2031 4919 2147 4959 ver—

623 5051 720 5111 His
746 5063 910 5126 atque
938 5057 1245 5128 huiusmodi
1279 5063 1604 5120 testimoniis
1629 5065 1816 5132 claret,
1849 5081 1972 5122 cum
2001 5066 2139 5123 dici-

552 5154 661 5212 tur,
700 5146 924 5205 Verbum
963 5161 1076 5207 erat
1095 5155 1234 5224 apud
1261 5154 1449 5222 Deum,
1480 5173 1588 5213 non
1619 5159 1762 5213 aliud
1789 5159 2010 5229 intelligi
2041 5158 2169 5218 de?

552 5237 686 5295 bere
711 5255 872 5309 quam
912 5241 1150 5300 Verbum
1173 5254 1290 5301 erat
1313 5247 1370 5302 in
1387 5245 1521 5304 Deo.
1570 5248 1704 5305 Nam
1733 5257 1787 5305 et
1810 5250 1924 5321 ipse
1948 5250 2145 5318 Filius,—

551 5330 765 5396 quiest
790 5331 1028 5389 Verbum
1055 5335 1221 5405 Deus,
1254 5355 1364 5397 non
1391 5342 1564 5397 solum
1593 5341 1808 5398 Patrem
1833 5343 1890 5398 in
1915 5358 1975 5400 se
1993 5385 2009 5412 ,
2040 5344 2144 5401 sed

552 5421 716 5480 etiam
743 5436 804 5479 se
830 5423 883 5480 in
906 5422 1066 5484 Patre
1091 5443 1211 5486 esse
1241 5439 1500 5497 testatur,
1529 5434 1750 5491 dicens:
1794 5433 1919 5490 Non
1958 5437 2128 5491 credis

550 5511 674 5581 quia
708 5529 802 5591 ego
837 5515 895 5569 in
922 5515 1104 5587 Patre,
1129 5529 1181 5577 et
1200 5521 1369 5580 Pater
1389 5527 1446 5580 in
1467 5542 1550 5581 me
1572 5535 1650 5580 est
1678 5527 1860 5594 (Joan.
1886 5541 1996 5590 xw,
2020 5526 2138 5598 10).

550 5600 671 5661 Boc
696 5614 878 5663 autem
907 5607 1027 5668 Filii
1054 5627 1174 5670 me
1202 5617 1346 5687 apud
1379 5618 1618 5684 Patrem,
1647 5626 1705 5674 et
1730 5633 1850 5673 esse
1872 5618 1927 5673 in
1954 5616 2139 5684 Patre,

548 5709 660 5752 non
678 5698 921 5756 videatur
945 5705 1055 5761 tale
1073 5706 1235 5775 quale
1261 5709 1308 5764 si
1327 5709 1449 5779 quis
1472 5709 1634 5766 homo
1652 5710 1722 5765 sit
1743 5709 1884 5780 apud
1904 5709 2145 5780 aliquem

547 5787 839 5861 hominem,
869 5795 984 5852 sive
1001 5796 1126 5866 jure
1154 5799 1407 5871 hospitali
1433 5803 1531 5874 (al.
1564 5801 1990 5875 hospitalitatis),
2021 5801 2144 5859 sive

545 5882 788 5942 caritatis
814 5884 1026 5943 allecto.
1067 5887 1204 5946 Nam
1240 5902 1297 5949 et
1331 5897 1608 5966 apostolus
1634 5893 1834 5956 Paulus
1877 5893 2038 5962 dicit,
2081 5910 2145 5951 se

2270 3366 2354 3414 est
2383 3359 2558 3428 ipsum
2588 3357 2846 3420 verbum,
2897 3362 3100 3424 quanta
3140 3353 3297 3409 simul
3335 3361 3419 3409 est
3461 3359 3518 3408 et
3560 3367 3713 3408 mens
3740 3352 3860 3422 ipsa

2267 3467 2391 3508 cum
2429 3450 2617 3516 verbo,
2661 3462 2835 3518 neque
2864 3449 3007 3502 enim
3033 3447 3110 3502 sic
3139 3447 3206 3501 de
3234 3445 3323 3500 illa
3349 3444 3574 3500 verbum
3598 3443 3858 3512 nascitur,

2268 3553 2328 3602 ut
2363 3543 2430 3598 ab
2460 3558 2525 3599 ea
2553 3541 2798 3598 localiter
2826 3547 3153 3596 secernatur.
3196 3535 3458 3591 Nativitas
3501 3535 3702 3606 quippe
3743 3527 3858 3603 illa,

2265 3649 2386 3704 quae
2407 3633 2640 3690 ostendit
2660 3632 2787 3703 quid
2812 3631 2881 3687 sit
2909 3636 2962 3685 et
2992 3629 3058 3684 de
3078 3641 3181 3698 qua
3203 3627 3294 3696 sit,
3321 3627 3434 3698 ipsa
3455 3624 3691 3683 ostendit
3713 3623 3858 3694 quod

2267 3737 2421 3782 extra
2452 3741 2570 3781 eam
2619 3723 2686 3779 de
2737 3738 2843 3793 qua
2874 3729 3058 3776 natum
3115 3718 3209 3791 esll
3233 3734 3351 3774 esse
3379 3734 3486 3774 non
3516 3717 3725 3788 possit,
3759 3730 3858 3771 nec

2267 3818 2324 3873 in
2355 3816 2534 3886 aliquo
2562 3816 2739 3870 minus
2768 3815 2857 3882 sit,
2888 3812 2981 3868 sed
3008 3811 3084 3867 sic
3112 3809 3178 3865 de
3200 3809 3312 3880 ipsa
3333 3809 3422 3874 sit,
3444 3815 3503 3862 ut
3525 3806 3663 3878 apud
3689 3808 3858 3879 ipsam

2266 3917 2325 3964 et
2353 3909 2406 3962 in
2432 3909 2547 3977 ipsa
2575 3907 2663 3973 sit,
2703 3913 3015 3974 tantumque
3044 3903 3113 3957 sit
3139 3901 3204 3956 de
3234 3901 3343 3965 illa,
3375 3908 3632 3970 quantum
3663 3901 3719 3955 in
3743 3899 3854 3967 illa,

2266 4008 2323 4056 et
2350 4008 2558 4054 tantum
2590 3999 2643 4053 in
2673 3998 2782 4062 illa,
2815 4004 3074 4066 quantum
3103 4010 3222 4051 cum
3252 3993 3363 4048 illa.
3457 4048 3464 4055 ,

2265 4091 2451 4149 CAPUT
2481 4107 2590 4146 vni.
2648 4088 2772 4143 Non
2800 4103 2973 4142 sumus
3003 4103 3099 4141 nos
3141 4088 3196 4140 in
3223 4083 3334 4139 Deo
3361 4085 3495 4139 sicut
3530 4087 3589 4140 in
3637 4081 3748 4138 Deo
3785 4087 3859 4137 est

2351 4161 2760 4240 VerbumDeus.
2787 4160 2951 4240 uiliter
2977 4174 3071 4240 nos
3101 4155 3240 4210 Deus
3279 4158 3482 4240 genuit:
3539 4155 3693 4240 aliter:
3732 4153 3859 4209 Ver-

2338 4233 2476 4292 bum.
2519 4231 2864 4300 Blasphemia:
2892 4230 3250 4284 lneretieorum
3276 4224 3333 4281 in
3360 4225 3406 4279 F
3411 4227 3557 4281 ilium
3586 4224 3708 4280 Dei.

2334 4322 2404 4378 Et
2419 4297 2710 4392 quidemet
2733 4316 3238 4388 nosquodammodo
3257 4316 3388 4371 dicit
3401 4314 3702 4386 Scriptura,
3727 4322 3787 4371 et
3804 4316 3856 4369 in
3910 4297 3919 4308 ’

2263 4417 2379 4472 1)εο
2401 4429 2520 4472 εεεε
2542 4423 2599 4470 ει
2617 4413 2760 4483 apud
2786 4413 2952 4468 Deum
2979 4427 3098 4468 esse
3120 4451 3138 4478 ,
3171 4411 3267 4468 sed
3288 4426 3398 4466 non
3416 4408 3690 4479 quomodo
3714 4407 3858 4480 apud

2264 4510 2432 4564 Deum
2452 4513 2534 4562 est
2545 4505 2673 4560 etin
2689 4503 2801 4560 Deo
2814 4511 2896 4560 est
2909 4503 3144 4559 Verbum
3160 4502 3429 4571 Deus,qui
3449 4511 3532 4557 est
3549 4501 3857 4569 unigenitul

2260 4600 2432 4656 Filius
2458 4618 2473 4654 :
2514 4598 2710 4656 dicitur
2734 4599 2878 4653 enim
2903 4595 2972 4652 de
2999 4595 3184 4662 nobis,
3209 4595 3334 4665 quia
3360 4597 3417 4650 in
3443 4593 3556 4650 Deo
3572 4594 3791 4648 civim
3810 4597 3859 4647 et

2265 4707 2550 4756 mouemur,
2582 4697 2633 4746 et
2660 4706 2855 4745 sumus.
2887 4687 2952 4742 Et
2991 4687 3187 4743 dicitur
3210 4687 3312 4756 ipsi
3340 4686 3454 4743 Deo
3477 4725 3498 4754 ,
3535 4685 3580 4741 si
3608 4700 3715 4740 non
3737 4699 3856 4756 pee-

2261 4786 2549 4841 cauerimus
2576 4823 2596 4850 ,
2641 4784 2834 4838 scimus
2868 4781 2989 4853 quia
3007 4779 3147 4852 apud
3176 4786 3226 4834 te
3245 4793 3419 4834 sumus
3445 4777 3698 4847 deputati.
3751 4773 3857 4832 Ve-

2264 4884 2574 4934 rumtamen
2601 4890 2726 4932 cum
2750 4875 2858 4931 hoc
2881 4873 2952 4929 de
2979 4872 3136 4928 nobis
3162 4870 3360 4928 dicitur
3378 4909 3394 4935 ,
3435 4883 3546 4924 non
3590 4866 3853 4923 naturalis

2264 4973 2446 5028 unitas
2476 4978 2663 5026 nostra
2691 4984 2814 5026 cum
2839 4968 2950 5023 Deo
2979 4964 3282 5022 ostenditur
3302 5001 3320 5029 ,
3371 4962 3464 5018 sed
3492 4967 3587 5016 aut
3611 4959 3854 5032 potentia
3886 4991 3892 4996 -

2266 5063 2534 5120 creatoris
2573 5059 2892 5130 intelligitur
2912 5098 2930 5126 ,
2974 5063 3070 5112 aut
3108 5055 3288 5127 pietas
3330 5053 3712 5124 redemptoris.
3764 5049 3856 5107 Sic

2263 5155 2409 5210 enim
2437 5154 2534 5224 qui
2571 5152 2842 5209 credimus
2860 5189 2880 5216 ,
2933 5150 2992 5206 in
3017 5149 3134 5204 Deo
3176 5156 3235 5204 et
3267 5147 3420 5218 apud
3447 5146 3617 5202 Deum
3643 5157 3851 5210 simus,

2257 5248 2402 5306 sicut
2436 5247 2507 5302 de
2533 5245 2650 5301 Deo
2676 5244 2881 5313 geniti,
2937 5241 3036 5296 lilii
3080 5241 3177 5297 Dei
3223 5255 3427 5297 multa.
3467 5238 3743 5309 Scriptum
3770 5241 3852 5292 est

2255 5341 2404 5395 enim
2427 5357 2440 5393 :
2470 5339 2758 5404 Carissimi,
2787 5352 2926 5392 nunc
2948 5335 3052 5408 ﬁlii
3080 5334 3175 5392 Dei
3195 5351 3373 5391 ustus
3396 5333 3451 5405 (Ι
3473 5333 3630 5389 Jun.
3661 5347 3740 5399 In,
3769 5333 3846 5402 2}.

2255 5429 2331 5487 Et
2354 5432 2551 5488 iterum
2579 5449 2592 5486 :
2619 5429 2924 5486 Voluntaria
2942 5429 3120 5501 genuit
3142 5443 3240 5484 nos
3265 5426 3435 5483 Verbo
3455 5427 3688 5482 ueritatis
3708 5423 3846 5497 (Iac.

2253 5538 2276 5578 ι
2298 5561 2314 5590 ,
2345 5523 2455 5594 is).
2487 5523 2600 5578 Nos
2621 5535 2752 5590 ergo
2780 5519 2924 5576 Deus
2957 5518 3131 5576 Verbo
3173 5519 3422 5576 veritatis
3445 5518 3670 5587 genuit,
3716 5513 3848 5572 illud

2257 5623 2444 5672 autem
2482 5611 2738 5669 Verbum
2757 5613 3041 5669 veritatem
3075 5612 3279 5681 genuit.
3320 5610 3487 5666 Nobis
3519 5617 3844 5681 potestatem

2254 5707 2406 5763 dedit
2429 5703 2674 5762 ﬁliosDei
2691 5703 2834 5773 ﬁeri;
2857 5705 2948 5762 ille
2975 5712 3156 5761 autem
3178 5718 3286 5759 non
3314 5717 3385 5758 ex
3404 5709 3671 5774 potestate
3680 5699 3844 5755 Filius

2254 5800 2354 5857 Dei
2383 5799 2586 5867 factus,
2613 5801 2708 5858 sed
2736 5801 2804 5856 de
2829 5797 2944 5856 Deo
2970 5798 3288 5856 naturaliter
3313 5806 3398 5854 est
3424 5796 3520 5853 Dei
3555 5794 3723 5850 Filius
3745 5805 3840 5848 na-

2255 5899 2363 5951 tus.
2388 5892 2501 5954 Nos
2525 5892 2672 5957 Deus
2697 5891 3002 5953 voluntarie
3027 5891 3230 5967 genuit.
3256 5890 3382 5964 quia
3401 5889 3652 5950 volantes
3673 5898 3841 5960 gene-
