4068 6456
254 429 352 487 20.5

1229 493 1239 501 .
1362 426 1734 499 RESPONSIO
1769 437 2047 503 CONTRA
2087 439 2398 509 ARIANOS.

3408 450 3514 511 26

249 542 502 603 rationem
531 542 842 617 pmcessit;
874 546 927 603 in
950 544 1221 618 Unigeniti
1245 558 1424 609 autem
1452 558 1823 630 generatione,
1852 562 1908 624 Α
1930 562 1996 618 ab
2021 562 2281 635 unigeniti
2312 562 2431 621 Filii
2465 558 2807 623 contumeliis
2834 562 3254 639 temperabunt:
3292 570 3379 626 cui
3403 587 3512 627 non

246 637 379 694 nulla
416 639 724 705 generantis
750 642 1021 712 praecessit
1049 642 1299 701 voluntas
1320 688 1335 714 ,
1389 645 1482 702 ubi
1525 650 1641 706 sine
1670 650 1824 708 initio

246 727 463 785 naturali
506 728 599 801 (al.
653 732 930 805 naturalis)
974 743 1255 807 permanet
1301 745 1502 815 aeterna
1548 742 1822 802 nativitas.

243 818 381 876 Sient
409 833 539 891 ergo
567 823 734 891 geniti
777 840 997 894 sumus,
1044 827 1137 883 sed
1177 845 1283 884 non
1327 832 1465 887 sicut
1518 834 1823 907 unigenitus

240 911 409 979 Deus;
441 919 498 969 et
526 913 617 970 ﬁlii
646 917 738 973 Dei
767 915 1098 984 sumus,'sed
1128 937 1235 977 non
1268 923 1407 979 sicut
1436 927 1629 984 unicus
1651 935 1705 983 et
1730 945 1823 985 ve-

238 1018 322 1059 rus
348 1002 550 1069 Filius;
582 1018 637 1062 et
666 1007 738 1063 dii
767 1025 974 1082 sumus,
1000 1011 1094 1067 sed
1119 1029 1227 1069 non
1259 1016 1399 1072 sicut
1425 1015 1661 1074 Verbum
1681 1060 1695 1085 ,
1726 1021 1819 1091 qui

236 1112 386 1153 verus
413 1104 499 1153 est
540 1097 682 1157 Deus
707 1121 719 1155 :
778 1102 851 1158 ita
894 1104 947 1159 in
976 1103 1090 1162 Deo
1121 1122 1305 1164 sumus
1327 1149 1344 1176 ,
1394 1118 1449 1165 et
1476 1110 1619 1183 apud
1648 1111 1818 1169 Deum

234 1204 405 1244 sumus
429 1233 445 1259 ,
498 1190 595 1250 sed
620 1209 727 1248 non
767 1194 905 1250 sicut
933 1196 1073 1269 apud
1109 1198 1277 1255 Deum
1306 1209 1390 1256 est
1428 1210 1483 1258 et
1513 1202 1565 1258 in
1592 1203 1705 1259 Deo
1734 1213 1819 1261 est

232 1274 457 1334 Verbum
490 1279 670 1349 Deus,
719 1286 809 1354 qui
852 1286 919 1341 de
963 1285 1078 1344 Deo
1118 1291 1439 1348 naturaliter
1484 1302 1644 1350 natus
1691 1302 1811 1351 est:

230 1374 465 1444 quamvis
495 1374 638 1429 enim
661 1375 750 1433 ille
778 1375 942 1433 Filius
970 1378 1180 1436 dicatur
1208 1392 1262 1438 et
1296 1400 1395 1441 nos
1427 1381 1521 1441 ﬁlii
1550 1385 1809 1455 dicamur,

230 1470 280 1517 et
301 1463 385 1519 ille
414 1462 560 1521 Deus
586 1475 640 1521 et
672 1484 770 1523 nos
798 1467 868 1525 dii
893 1511 907 1535 ,
959 1478 1014 1526 et
1045 1472 1134 1528 ille
1160 1475 1374 1542 genitus
1401 1484 1456 1532 et
1484 1493 1585 1533 nos
1612 1479 1803 1549 geniti,

227 1555 441 1611 multum
472 1564 653 1613 tamen
681 1559 844 1616 distat
873 1562 927 1617 in
973 1580 1034 1619 re
1061 1567 1207 1635 quod
1235 1585 1398 1623 unum
1430 1585 1627 1627 sonare
1653 1570 1805 1628 vide-

225 1650 307 1699 tur
332 1645 383 1701 in
402 1647 659 1715 _nomine,
680 1654 936 1722 quoniam
958 1652 1070 1724 ille,
1101 1656 1244 1726 quod
1267 1657 1430 1725 Deus,
1455 1661 1599 1730 quod
1620 1660 1807 1729 Filius,

134 1796 143 1809 ,
218 1737 359 1813 quod
386 1736 708 1809 Unigenitus
745 1750 859 1809 est,
890 1746 1209 1803 naturaliter
1230 1758 1333 1815 est,
1365 1750 1491 1823 quia
1519 1749 1586 1807 de
1616 1761 1809 1810 natura

223 1822 387 1886 Patris
411 1838 575 1886 natus
604 1841 723 1900 est;
768 1851 867 1891 nos
904 1840 1083 1891 autem
1106 1879 1122 1906 ,
1171 1838 1317 1910 quod
1346 1822 1419 1897 dii
1444 1885 1460 1914 ,
1512 1845 1658 1913 quod
1689 1842 1805 1916 ﬁlii,

1926 653 2099 711 solum
2130 658 2185 712 in
2217 674 2283 714 eo
2326 658 2471 729 quod
2503 658 2645 731 apud
2700 656 2870 717 Deum
2918 669 2999 717 est
3044 660 3371 731 detrahunt,
3418 663 3513 719 sed

1925 749 2086 805 etiam
2109 758 2163 806 et
2185 752 2415 808 animam
2442 752 2728 811 humanam
2755 755 2807 810 in
2830 754 2921 810 illo
2941 768 3138 824 negare
3160 752 3511 811 contendunt.

1925 841 2073 908 Quos
2100 842 2216 913 ipse
2244 844 2410 899 Filius
2440 844 2536 901 Dei
2566 862 2671 902 uno
2694 845 2884 916 psalmi
2906 846 3173 902 versiculo
3195 846 3513 917 designavit,

1924 933 2146 989 dicens:
2206 934 2322 991 Hoc
2364 954 2491 1009 opus
2532 955 2709 994 eorum
2750 937 2840 1011 oui
2886 938 3167 994 detrahunt
3207 939 3332 994 mihi
3376 939 3515 1012 apud

1923 1020 2121 1091 Deum,
2167 1035 2217 1079 et
2251 1028 2336 1098 qui
2359 1026 2635 1101 loquuntur
2654 1029 2796 1085 mala
2821 1029 3067 1086 adversus
3087 1033 3319 1085 animum
3346 1047 3515 1087 meam

1924 1113 2095 1184 (Psat.
2123 1132 2283 1185 cvm,
2325 1115 2437 1190 20).
2489 1119 2618 1187 Quis
2652 1122 2796 1177 enim
2827 1120 3063 1177 deterius
3106 1119 3322 1177 Christo
3371 1121 3514 1192 apud

1922 1206 2091 1263 Deum
2118 1209 2353 1266 detrahit
2373 1226 2532 1281 quam
2562 1214 2652 1283 qui
2675 1214 2897 1270 audiens
2923 1213 3155 1271 Verbum
3180 1215 3347 1270 Deum
3370 1212 3514 1284 apud

1921 1300 2092 1359 Deum
2114 1318 2256 1373 esse,
2288 1304 2419 1361 dicit
2438 1303 2579 1361 idem
2602 1304 2838 1361 Verbum
2868 1306 2921 1361 in
2943 1304 3058 1362 Deo
3084 1322 3194 1361 non
3216 1320 3335 1362 esse
3357 1305 3381 1358 ?
3406 1305 3513 1359 Aut

1917 1393 2042 1462 quis
2062 1395 2291 1465 amplius
2320 1396 2461 1450 mala
2490 1395 2744 1452 adversus
2763 1397 2961 1454 Christi
2993 1398 3227 1453 animam
3249 1396 3509 1467 loquitur,

1916 1468 2082 1559 quam
2119 1486 2212 1554 qui
2251 1486 2305 1542 in
2345 1484 2557 1543 Christo
2594 1488 2884 1544 humanam
2926 1488 3159 1543 animam
3207 1486 3512 1544 difﬁtetur?

1917 1590 2042 1631 cum
2064 1575 2197 1632 illud
2226 1577 2463 1636 Verbum
2487 1619 2502 1646 ,
2550 1580 2694 1653 quod
2722 1579 2866 1637 Deus
2891 1586 2973 1636 est
2996 1623 3012 1649 ,
3055 1581 3133 1637 sic
3175 1581 3317 1652 apud
3343 1578 3511 1636 Deum

1917 1666 1989 1722 sit
2014 1706 2029 1733 ,
2060 1666 2127 1723 de
2158 1684 2265 1739 quo
2295 1678 2411 1739 est,
2465 1679 2524 1726 ut
2552 1687 2649 1743 per
2671 1672 2931 1728 unitatem
2960 1679 3165 1726 naturae
3212 1669 3265 1726 in
3288 1668 3400 1725 Deo
3421 1669 3510 1737 sit,

1916 1763 1973 1811 et
1997 1772 2095 1829 per
2122 1760 2367 1816 eamdem
2390 1761 2653 1818 unitatem
2681 1774 2886 1819 natura:
2922 1778 3060 1819 unus
3084 1778 3204 1818 cum
3258 1760 3350 1816 illo
3373 1760 3510 1816 Deus

1914 1851 2014 1917 sit,
2057 1860 2113 1908 et
2160 1854 2251 1909 illa
2281 1856 2460 1911 anima
2488 1856 2649 1912 simul
2686 1873 2809 1913 cum
2839 1873 3006 1925 carne
3049 1864 3299 1927 suscepta
3350 1852 3510 1913 fuerit

224 1922 355 1992 quod
384 1924 551 1993 geniti
586 1943 771 1984 sumus
796 1968 812 1996 ,
850 1946 958 1987 non
988 1941 1218 2000 natura,
1260 1935 1358 1992 sed
1402 1938 1574 2007 gratia
1598 1956 1802 2012 sumus,
1834 1965 1882 2027 Β
1914 1941 1983 1996 ab
2011 1943 2286 2014 unigenito
2316 1946 2448 2016 Deo,
2479 1960 2539 2003 ut
2567 1948 2726 2003 simul
2756 1948 2810 2004 in
2837 1946 3053 2004 Christo
3079 1956 3134 2003 et
3168 1944 3347 2002 an’ima
3371 1962 3502 2003 nos-

221 2016 335 2085 quia
362 2033 486 2074 cum
516 2021 569 2075 in
600 2030 791 2078 natura
820 2041 928 2081 non
959 2026 1280 2086 haberemus
1303 2038 1363 2086 ut
1393 2035 1497 2088 hoc
1526 2048 1647 2091 esse
1671 2050 1801 2106 pos-

219 2117 389 2164 semus
407 2151 424 2181 ,
461 2111 629 2179 gratis
656 2113 811 2171 nobis
839 2115 1023 2173 datum
1053 2128 1135 2175 est
1161 2128 1219 2176 ut
1248 2121 1353 2178 hoc
1381 2119 1508 2179 facti
1537 2140 1800 2189 essemus.

220 2191 360 2256 Hanc
382 2199 764 2263 discretionem
837 2206 881 2263 si
922 2208 1182 2280 hteretici,
1230 2213 1658 2283 misericorditer
1686 2217 1800 2295 Deo

219 2287 469 2363 donante,
500 2298 604 2371 51
632 2300 961 2373 percipiant,
992 2304 1172 2361 lumen
1200 2321 1388 2361 verum
1423 2305 1682 2367 videbunt
1740 2288 1798 2368 et

1910 2043 1998 2091 tra
2023 2036 2327 2095 salvaretur
2355 2052 2410 2095 et
2437 2056 2585 2097 caro.
2625 2040 2672 2095 Α
2705 2057 2812 2110 quo
2837 2042 3027 2112 procul
3049 2039 3212 2095 dubio
3243 2039 3335 2095 ille
3362 2053 3507 2095 sem-

1909 2127 2179 2199 piternam
2210 2140 2576 2203 consequetur
2599 2131 2853 2199 salutem,
2874 2131 2969 2202 qui
3000 2131 3053 2185 in
3080 2145 3148 2187 eo
3177 2129 3374 2186 divinae
3402 2127 3509 2185 Ιιιιε

1909 2237 2192 2297 manzeque
2221 2232 2426 2283 natura:
2457 2226 2675 2299 plenam
2700 2225 3015 2296 cognoverit
3036 2226 3344 2282 veritatem.

222 2414 3478 2477 ΜΕ

1318 2546 1459 2661 8-
1542 2531 2549 2671 WLGENTH

480 2722 1182 2859 CONTRA
1268 2732 2057 2868 ARIANOS
2146 2740 2664 2870 LIBER
2748 2740 3213 2892 UNUS,

704 2916 826 2966 an.
850 2912 1111 2970 unum
1147 2916 1652 3003 damnosus
1691 2897 1955 2981 bsonas
1992 2922 2536 2984 annunerans
2574 2924 3012 2988 sunmus.

1625 3036 2084 3064 εα-ἠ--μ-ι--φ

280 3106 489 3167 Dictum
519 3120 598 3169 est
642 3113 855 3189 Patrem
883 3116 952 3173 de
972 3118 1172 3192 seipso,
1200 3119 1305 3178 hoc
1325 3130 1407 3180 est
1429 3126 1497 3182 de
1525 3124 1634 3186 hoc
1653 3129 1802 3200 quod

212 3196 321 3272 ipse
348 3210 454 3270 est,
485 3202 825 3263 ineﬁ'abiliter
843 3206 1034 3265 Filium
1064 3215 1329 3284 genuisse.
1367 3196 1686 3275 Adauctum-
1716 3230 1801 3277 est

1904 3124 2231 3201 signiﬁcant.
2274 3128 2576 3189 Relativum
2604 3148 2735 3191 vero
2765 3131 2897 3193 illud
2943 3134 3200 3207 dicimus,
3248 3136 3395 3209 quod
3434 3112 3503 3227 ad

1909 3222 2075 3278 alium
2118 3220 2523 3292 agnoscendum
2551 3225 2854 3296 referimus,
2889 3236 2950 3284 ut
2977 3228 3101 3285 dum
3132 3244 3297 3285 unum
3327 3222 3502 3287 nomi-

215 3290 351 3362 quod
380 3311 487 3351 non
518 3297 873 3371 extrinsecus,
905 3302 1001 3359 sed
1030 3321 1097 3361 ex
1131 3302 1241 3362 Deo
1274 3316 1457 3371 natum
1489 3327 1627 3368 esse.
1668 3310 1797 3371 Haec
1823 3330 1868 3402 ε
1904 3331 2135 3395 namus,
2189 3316 2353 3373 alium
2383 3316 2819 3377 demonstremus
2845 3336 2859 3375 :
2910 3320 3052 3377 sicut
3086 3321 3227 3379 inter
3252 3323 3503 3382 homines

214 3386 558 3456 responsione
583 3406 691 3447 non
721 3392 982 3473 indigent,
1028 3396 1153 3470 quia
1185 3390 1309 3457 ﬁdei
1340 3410 1543 3461 nostra:
1572 3421 1797 3464 concor-

215 3474 351 3534 dant.
1218 3486 1223 3491 ”
1320 3562 1325 3565 _

284 3566 521 3643 Objectio
565 3577 755 3646 prima.
799 3570 937 3646 Quid
986 3576 1053 3637 ad
1085 3578 1189 3641 hoc
1236 3580 1450 3643 dicitur.
1501 3582 1558 3645 Si
1587 3602 1653 3647 ex
1683 3588 1797 3652 Deo

215 3666 359 3717 natus
389 3673 495 3734 est,
549 3676 633 3722 est
662 3667 729 3724 de
760 3655 901 3725 intra
933 3668 1121 3744 Deum,
1171 3675 1267 3731 sed
1289 3677 1332 3731 si
1359 3695 1465 3733 non
1498 3690 1587 3735 est
1614 3682 1679 3737 de
1710 3680 1797 3740 in-

215 3753 318 3818 tra,
360 3769 461 3812 nec
487 3772 558 3813 ex
588 3757 706 3830 ipso
735 3769 817 3818 est
842 3779 856 3829 ;
913 3760 957 3817 si
986 3762 1150 3821 modo
1180 3768 1435 3824 voeabula
1461 3769 1670 3829 diversa
1702 3793 1798 3845 po-

214 3856 439 3918 nuntur,
492 3850 627 3923 quid
674 3852 935 3927 prodest,
990 3854 1036 3913 si
1083 3852 1200 3930 ipsa
1239 3860 1438 3937 veritas
1478 3880 1585 3921 non
1628 3860 1796 3937 proﬁ-

213 3942 424 3997 teatur?

278 4028 590 4106 Responsio.
650 4028 911 4108 Equidem
960 4038 1086 4099 dum
1142 4045 1490 4104 nominantur
1536 4045 1697 4107 Pater
1739 4061 1797 4109 et

212 4110 390 4191 Filius,
421 4125 473 4182 in
512 4122 598 4183 his
626 4124 833 4186 duobus
862 4132 1169 4191 nominibus
1196 4139 1583 4221 vocabulorum
1610 4140 1790 4221 diver-

213 4209 328 4269 sitas
352 4219 695 4288 agnoscitur;
720 4223 849 4292 quin
872 4225 1051 4297 potius
1083 4242 1182 4298 per
1207 4228 1322 4297 haec
1342 4230 1449 4287 duo
1474 4212 1797 4304 diversavo-

213 4302 384 4364 cabula
415 4309 755 4383 signiﬁcatur
795 4330 901 4371 una
931 4318 1211 4391 utriusque
1251 4331 1484 4380 natura:
1535 4302 1793 4397 quoniam

213 4393 424 4475 istorum
473 4405 758 4461 nominum
804 4406 1088 4469 diversitas
1146 4429 1255 4470 non
1302 4425 1522 4475 naturas
1575 4419 1791 4495 dividit,

213 4487 300 4574 sed
318 4494 609 4551 veritatem
639 4501 1002 4566 generationis
1038 4506 1312 4574 ostendit,
1344 4519 1402 4566 ut
1424 4527 1494 4567 ex
1520 4529 1628 4569 uno
1657 4531 1791 4573 vero

213 4572 359 4641 Patre
418 4603 593 4645 unum
628 4605 817 4647 verum
856 4608 1212 4662 agnoscamus
1246 4599 1441 4657 Filium
1474 4606 1787 4675 exstitisse;

215 4681 270 4725 ae
298 4674 400 4747 sic,
451 4679 585 4736 dum
612 4696 742 4738 vera
773 4681 948 4743 Patris
975 4692 1255 4757 generatio
1303 4702 1358 4750 et
1393 4712 1523 4752 vera
1550 4697 1671 4755 Filii
1700 4716 1796 4756 na-

214 4761 380 4861 tivitas
425 4773 756 4844 praedicatur
775 4817 793 4843 ,
838 4778 893 4833 in
942 4796 1047 4836 uno
1074 4785 1321 4852 genitore
1350 4789 1457 4861 52
1486 4796 1542 4845 et
1563 4806 1671 4848 uno
1691 4806 1791 4863 ge-

214 4850 314 4910 nito
340 4873 445 4917 non
473 4862 653 4919 solum
691 4866 870 4924 unitas
910 4870 1222 4930 substantize
1246 4917 1261 4945 ,
1308 4850 1496 4934 verum
1540 4882 1700 4937 etiam
1729 4884 1785 4941 in

215 4957 308 5002 uno
333 4965 552 5025 quoque
576 4959 877 5029 proprietas
922 4966 1094 5034 possit
1117 4970 1333 5043 agnosci
1379 4985 1625 5042 personae
1646 5012 1662 5039 ,
1714 4991 1788 5034 ne

215 5046 297 5091 aut
321 5041 432 5113 ipse
459 5056 685 5119 putetur
712 5060 871 5109 natus
895 5067 1014 5112 esse
1042 5058 1133 5129 qui
1157 5041 1489 5130 genuit,aut
1517 5065 1662 5122 aliud
1691 5084 1787 5139 pu-

214 5131 341 5229 ξιξιυι·
383 5152 503 5197 esse
530 5141 624 5212 qui
671 5152 828 5202 natus
858 5154 941 5204 est
986 5164 1147 5220 quam
1196 5162 1274 5210 est
1303 5150 1394 5225 ille
1440 5158 1533 5228 qui
1576 5131 1780 5229 genuit.

214 5212 319 5320 Non
359 5230 502 5287 enim
553 5233 669 5305 ipse
718 5212 1122 5314 estPater-qui
1168 5244 1332 5303 Filius
1358 5220 1383 5317 ,i
1423 5212 1782 5320 qiaoniamwin

215 5318 426 5415 utroque
452 5339 804 5395 personarum
828 5333 1134 5403 proprietas
1153 5318 1479 5399 reservatur.
1503 5341 1611 5400 Sed
1633 5344 1783 5415 quod

216 5394 361 5502 Pater
389 5394 470 5469 est
490 5455 506 5480 ,
540 5415 644 5473 hoc
672 5427 755 5475 est
780 5394 845 5477 et
863 5394 1029 5480 Fiiius
1051 5464 1071 5491 ,
1114 5429 1241 5498 quia
1498 5394 1783 5502 Deiter;

215 5497 436 5561 Perfecto
458 5502 747 5577 perlectus,
778 5511 847 5568 de
875 5497 1147 5574 immenso,
1166 5519 1475 5589 immensus,
1508 5524 1575 5581 de
1602 5497 1783 5585 omni-

157 5651 177 5678 .
214 5596 417 5678 poteme
444 5600 788 5672 omnipotens
808 5644 830 5673 ,
874 5605 943 5661 de
970 5616 1174 5665 aeterno
1200 5609 1357 5669 Patre
1396 5624 1553 5671 natus
1580 5625 1666 5673 est
1690 5616 1785 5673 Fin

214 5672 644 5782 lius.co:eternus,
676 5672 867 5752 eadem
888 5699 1116 5756 veritate
1144 5700 1356 5760 dicente
1381 5724 1394 5776 :_
1446 5705 1637 5764 Omnia
1664 5726 1785 5782 qua

215 5767 349 5871 {tum
372 5779 551 5851 Pater,
573 5803 689 5845 mea
714 5799 836 5845 sunt
862 5790 1040 5865 (Joan.
1069 5810 1199 5859 ινιτ,
1234 5795 1344 5867 10).
1377 5770 1538 5856 Pater
1564 5767 1693 5871 ergo
1721 5767 1783 5861 et

215 5858 341 5963 filius
361 5872 579 5933 relativa
599 5889 723 5937 sunt
742 5858 1115 5958 uomina,qu:e
1139 5858 1383 5943 naturam
1406 5858 1671 5959 gignentia
1690 5907 1784 5963 ge-

208 5956 397 6032 nitique
435 5985 552 6032 non
593 5985 872 6045 separant,
921 5956 1030 6037 sed
1064 5995 1228 6040 unam
1277 5982 1394 6042 sine
1414 5956 1779 6044 dubitatione

1906 3404 2023 3464 hzec
2052 3390 2273 3467 relativa
2298 3412 2496 3481 smpius
2522 3412 2867 3469 nominantur
2895 3421 3050 3485 pater
3078 3420 3133 3470 et
3162 3411 3328 3479 ﬁlius,
3360 3414 3503 3475 ﬁlius

1906 3505 1965 3555 et
1991 3508 2144 3571 pater
2163 3540 2178 3566 ,
2210 3516 2369 3559 socer
2394 3509 2450 3557 et
2477 3517 2676 3574 gener,
2707 3518 2875 3574 gener
2900 3513 2959 3562 et
2982 3522 3183 3574 socer;
3222 3523 3347 3564 nam
3377 3507 3501 3569 ideo

1906 3597 2065 3661 pater
2102 3590 2299 3647 dicitur
2319 3631 2336 3660 ,
2382 3601 2440 3649 ut
2468 3586 2632 3651 ﬁlium
2660 3598 2909 3666 genuiSse
2940 3606 3196 3655 noscatur
3223 3639 3242 3667 ,
3278 3606 3334 3656 et
3363 3599 3502 3661 ﬁlius

1906 3682 2031 3739 ideo
2057 3683 2283 3753 dicitur,
2315 3694 2373 3743 ut
2401 3678 2471 3742 de
2511 3697 2664 3759 patre
2692 3690 2905 3758 genitus
2933 3686 3350 3748 demonstretur.
3391 3688 3501 3751 Nec

1906 3770 1962 3829 in
1990 3775 2093 3831 hac
2130 3776 2455 3849 diversitate,
2486 3781 2762 3836 nominum
2803 3781 3075 3837 invenitur
3101 3782 3385 3839 diversitas
3414 3798 3499 3840 na.

1907 3875 2149 3923 turarum
2174 3906 2192 3933 ,
2238 3864 2493 3937 quoniam
2538 3877 2765 3938 uterque
2811 3870 3061 3926 similiter
3089 3871 3252 3929 homo
3281 3871 3497 3953 dicitur,

1903 3959 2155 4028 quamvis
2192 3975 2330 4015 unus
2369 3968 2524 4029 pater
2567 3968 2624 4015 et
2652 3960 2787 4017 alius
2816 3953 2955 4017 ﬁlius
2981 3966 3337 4033 nuneupetur.
3380 3963 3499 4021 Non

1906 4064 2039 4119 ergo
2084 4050 2252 4121 patris
2299 4058 2355 4105 et
2398 4048 2488 4106 ﬁlii
2531 4058 2715 4121 posset
2744 4067 2848 4107 una
2879 4053 3133 4121 cognosci
3162 4060 3353 4115 natura
3378 4094 3394 4121 ,
3453 4055 3498 4112 si

1905 4141 2023 4198 haec
2052 4157 2159 4196 non
2188 4150 2371 4198 essent
2395 4141 2607 4198 diversa
2636 4142 2927 4211 vocabula,
2981 4146 3233 4216 quoniam
3263 4147 3309 4203 si
3339 4142 3498 4207 ambo

1903 4241 2232 4289 vocarentur
2255 4241 2458 4306 patres,
2489 4242 2673 4291 essent
2699 4235 3154 4306 profecto'natura
3176 4234 3495 4296 dissimiles:

1906 4328 2275 4400 unusquisque
2325 4328 2467 4384 enim
2496 4344 2565 4385 ex
2598 4330 2892 4400 semetipso
2936 4338 3211 4395 constaret
3259 4338 3313 4386 et
3341 4332 3496 4389 coni-

1903 4433 2127 4474 munem
2158 4419 2513 4475 substantiam
2543 4435 2668 4475 cum
2711 4420 2883 4476 altero
2929 4436 3038 4475 non
3079 4419 3342 4489 haberet,
3395 4436 3496 4481 nec

1900 4510 2078 4569 deitas
2107 4527 2211 4567 una
2232 4519 2376 4568 esset
2398 4550 2415 4577 ,
2441 4511 2635 4585 quibus
2662 4528 2766 4569 una
2798 4520 2990 4568 natura
3016 4528 3125 4569 non
3152 4520 3295 4570 esset
3322 4531 3339 4582 ;
3365 4530 3495 4573 con~

1902 4618 2140 4674 sequens
2166 4611 2346 4659 autem
2371 4602 2473 4659 fuit
2518 4611 2576 4657 ut
2628 4603 2734 4660 duo
2761 4612 2942 4676 patres
2968 4603 3105 4661 duos
3136 4604 3274 4661 ﬁlios
3301 4606 3490 4674 gigne-

1824 4714 1881 4785 D
1905 4704 2069 4764 rent,
2098 4696 2355 4768 quoniam
2378 4695 2481 4751 nisi
2509 4710 2637 4751 vera
2668 4696 2735 4751 de
2762 4696 2986 4767 singulis
3010 4696 3190 4768 proles
3214 4698 3491 4766 existeret,

1906 4791 2119 4863 paterni
2149 4790 2382 4849 nominis
2396 4790 2461 4845 'in
2492 4789 2641 4845 nullo
2662 4791 2860 4846 veritas
2887 4799 3192 4862 appareret.
3224 4790 3340 4852 Jam
3361 4809 3493 4851 vero

1903 4881 1961 4937 in
1989 4878 2200 4937 duobus
2226 4870 2346 4935 ﬁliis
2374 4879 2442 4934 de
2466 4876 2689 4935 diversis
2708 4881 2949 4951 patribus
2968 4882 3127 4950 natis,
3158 4882 3283 4939 licet
3310 4891 3492 4954 posset

1907 4990 2018 5031 non
2049 4989 2170 5031 esse
2197 4973 2483 5029 diversitas
2510 4973 2720 5029 relativi
2749 4975 2981 5031 nominis
3005 5017 3022 5045 ,
3059 4976 3368 5033 attendatur
3389 5015 3404 5041 ,
3422 5028 3425 5031 λ
3445 4975 3491 5031 si

1905 5074 2239 5147 possetesse
2278 5073 2470 5121 natura
2512 5066 2834 5123 communis.
2874 5067 3005 5135 Quis
3032 5083 3140 5124 non
3168 5066 3385 5133 videat,
3437 5066 3491 5123 in

1904 5164 2138 5229 utroque
2168 5156 2260 5211 ﬁlii
2283 5172 2478 5214 nomen
2508 5172 2674 5214 unum
2700 5172 2819 5215 esse
2842 5196 2859 5224 ,
2902 5159 2999 5216 sed
3028 5158 3305 5227 utriusque
3334 5165 3491 5216 natu-

1889 5264 2023 5305 .ram
2048 5264 2210 5304 unam
2235 5262 2344 5304 non
2363 5250 2529 5305 esse?
2557 5247 2723 5320 Magis
2753 5258 2932 5307 autem
2959 5262 3395 5319 unumquemque
3426 5248 3491 5327 ﬁ.—

1903 5340 2038 5397 lium
2071 5356 2183 5397 non
2206 5356 2330 5396 eum
2358 5340 2532 5397 altero
2563 5339 2693 5409 ﬁlio,
2735 5358 2856 5399 cum
2885 5355 2993 5411 quo
3021 5353 3185 5396 unum
3207 5338 3491 5398 relationis

1901 5431 2094 5489 habuit
2130 5447 2325 5491 nomen
2348 5472 2367 5500 ,
2413 5432 2510 5490 sed
2535 5448 2658 5490 cum
2686 5440 2840 5506 patre
2862 5471 2879 5498 ,
2927 5428 2995 5486 de
3026 5444 3135 5503 quo
3177 5432 3487 5500 exstiterat,

1898 5530 2149 5578 naturam
2187 5521 2391 5581 habere
2418 5539 2778 5581 communem.
2819 5520 2928 5578 Sed
2969 5521 3097 5595 quid
3139 5521 3363 5580 ulterius
3411 5523 3480 5582 de
3583 5520 3589 5527 ’

1894 5612 2109 5671 duobus
2136 5615 2378 5686 patribus
2400 5656 2417 5684 ,
2461 5614 2775 5683 duobusque
2816 5610 2939 5669 ﬁliis
2964 5611 3312 5686 disputetur?
3358 5630 3482 5671 cum

1896 5706 2056 5765 istius
2080 5709 2395 5766 assertionis
2425 5707 2622 5763 veritas
2657 5719 3006 5777 personarum
3036 5705 3347 5764 diversitate
3376 5719 3483 5763 non

1896 5807 2096 5869 egeat,
2138 5800 2234 5857 sed
2266 5801 2333 5856 ad
2361 5800 2741 5855 documentum
2767 5797 2849 5871 sui
2876 5796 3085 5855 facilius
3126 5795 3298 5868 possit
3328 5794 3483 5853 unius
3574 5858 3577 5861 ,

1896 5892 2130 5951 hominis
2157 5891 2585 5950 consideratione
2612 5889 2807 5959 fulciri,
2838 5907 2942 5963 qua
2985 5898 3360 5962 cognoscatur,
3389 5903 3481 5945 re-

1892 5983 2062 6047 lativa
2091 5987 2312 6044 nomina
2338 5984 2651 6045 diversitate
2674 5985 2759 6043 sui
2786 5990 2893 6044 non
2919 5992 3234 6041 naturarum
3260 5977 3477 6039 diversi-
