4068 6470
547 389 652 450 107

1575 390 1630 446 5.
1670 384 2036 446 FULCENTII
2076 383 2380 443 EPISCOPI
2419 372 2788 441 RUSPENSIS

3713 383 3850 440 208

546 518 714 564 tatem
743 503 1058 570 ostendere,
1087 501 1183 560 sed
1213 501 1281 560 ad
1309 518 1662 575 personarum
1687 501 2135 572 signiﬁcationem
2154 504 2215 572 Α
2246 501 2410 558 Tanto
2445 512 2669 573 tempore
2696 483 2954 556 vobiscum
2975 509 3090 554 sum
3112 539 3126 566 ,
3168 505 3218 553 et
3239 515 3341 555 non
3372 489 3677 572 cognouistis
3705 517 3796 553 me
3824 517 3848 555 :

543 598 779 654 maxime
808 596 1083 667 pertinere
1107 635 1120 659 ,
1163 603 1222 650 ut
1249 595 1456 652 scilicet
1486 595 1613 650 dum
1637 610 1776 650 unus
1805 595 2127 661 ostenditur,

544 689 766 746 alterius
799 702 1016 758 quoque
1045 703 1273 758 persona
1318 698 1608 753 noscatur;
1660 687 1788 741 illud
1817 696 1997 741 autem
2028 703 2128 742 no-

544 798 670 836 men
702 780 840 850 patri
869 793 1084 849 semper
1103 794 1225 834 esse
1255 779 1472 847 ﬁlioque
1512 794 1797 832 commune
1824 819 1837 842 ,
1889 794 1995 832 non
2021 791 2130 846 quo

543 871 738 928 telatio
774 870 1076 940 personalis
1106 871 1407 924 ostenditur
1431 911 1446 936 ,
1495 868 1587 924 sed
1617 884 1724 939 quo
1763 867 2130 922 substantialis

544 963 848 1033 proprietas
877 963 1312 1017 demonstratur:
1358 977 1553 1030 nempe
1583 961 1714 1016 Seth
1743 961 1809 1015 de
1841 962 2005 1015 Adam
2034 975 2130 1030 pa—

546 1062 630 1108 tre
665 1062 822 1108 natus
846 1092 860 1117 ,
913 1061 968 1108 et
1016 1053 1082 1107 de
1111 1069 1217 1108 non
1247 1053 1429 1121 genito
1459 1053 1669 1121 genitus
1691 1071 1714 1114 ς
1754 1054 1922 1107 Adam
1966 1053 2136 1124 patris

547 1144 723 1199 dictus
752 1153 834 1199 est
862 1144 1000 1199 ﬁlius
1016 1148 1037 1183 ’δ
1061 1143 1164 1198 Istc
1191 1157 1318 1211 ergo
1349 1142 1525 1197 donec
1552 1143 1619 1197 ad
1649 1143 1856 1197 virilem
1886 1143 2136 1213 perveni-

489 1271 496 1276 -
545 1242 630 1288 ret
658 1241 896 1297 aetatem,
926 1241 985 1288 ut
1008 1231 1175 1287 ﬁlium
1198 1233 1459 1300 gigneret,
1492 1240 1648 1302 pater
1666 1231 1769 1287 dici
1793 1248 1898 1287 non
1922 1233 2132 1303 potuit;

544 1333 604 1380 et
633 1326 942 1394 priusquam
972 1331 1286 1393 generaret,
1322 1322 1462 1377 ﬁlius
1490 1331 1698 1376 tantum
1729 1322 1828 1376 fuit
1853 1341 1865 1376 :
1917 1323 2134 1392 quando

544 1428 722 1474 autem
751 1419 956 1487 genuit,
988 1418 1150 1472 etiam
1173 1426 1326 1486 pater
1348 1431 1466 1472 esse
1483 1416 1593 1485 jam
1617 1416 1799 1485 cor-pit.
1831 1415 2140 1471 Accedente

545 1509 708 1576 igitur
735 1508 1044 1564 diversitate
1070 1508 1279 1578 paterni
1310 1508 1542 1561 nominis
1569 1548 1584 1572 ,
1640 1507 1784 1561 nulla
1823 1507 1876 1561 in
1903 1521 1969 1562 eo
1999 1507 2140 1562 facta

545 1609 630 1654 est
659 1600 946 1654 diversitas
973 1599 1270 1665 naturalis;
1303 1607 1356 1654 et
1385 1615 1506 1654 cum
1534 1615 1672 1654 unus
1700 1599 1864 1654 homo
1889 1599 2004 1653 haec
2031 1599 2138 1653 duo

545 1693 801 1762 ccepisset
830 1691 1032 1746 habere
1054 1690 1334 1755 vocabula,
1367 1707 1474 1745 non
1504 1698 1587 1745 est
1609 1691 1662 1745 in
1692 1706 1758 1745 eo
1787 1697 2014 1751 mutata,
2046 1697 2142 1744 aut

541 1782 737 1849 divisa,
767 1782 854 1836 vel
883 1782 1150 1853 duplicata
1181 1793 1370 1836 natura
1396 1800 1408 1835 :
1441 1781 1539 1837 fuit
1558 1783 1700 1838 enim
1727 1783 1886 1849 ﬁlius,
1917 1782 2042 1852 quia
2071 1782 2140 1837 de

2237 593 2505 668 Philippe,
2554 597 2641 668 qui
2673 613 2754 650 me
2796 594 2923 650 uidit
2947 636 2961 661 ,
3008 594 3133 648 vidit
3172 602 3218 647 et
3248 591 3500 658 Patrem;
3548 592 3651 648 hoc
3682 593 3850 648 enim

2233 687 2401 743 verbo
2433 687 2691 743 Dominus
2714 687 2885 742 voluit
2941 685 3314 742 demonstrare
3352 693 3524 739 totum
3575 684 3627 738 in
3662 699 3724 739 se
3755 684 3850 739 in-

2235 779 2408 834 veniri
2455 778 2597 850 quod
2617 761 3008 849 quaerebatur;
3059 792 3160 831 nec
3187 777 3331 830 enim
3385 774 3498 830 ﬁeri
3546 783 3726 845 potest
3774 782 3851 828 ut

2238 872 2569 941 sempiterno
2607 878 2662 925 et
2703 870 2964 925 immenso
2993 867 3153 923 Patre
3197 867 3374 922 minus
3421 866 3618 936 aliquid
3662 865 3851 919 Filius

2237 960 2458 1026 habeat,
2488 961 2542 1014 in
2573 978 2670 1034 quo
2701 960 3039 1030 corporaliter
3059 960 3224 1012 omnis
3249 957 3514 1029 plenitudo
3543 957 3848 1011 divinitatis

2236 1049 2496 1105 inhabitat
2541 1049 2773 1123 (Coloss.
2799 1067 2834 1104 ιι
2863 1089 2878 1114 ,
2927 1050 3013 1120 9).
3058 1048 3175 1103 Non
3221 1056 3304 1102 est
3344 1061 3472 1116 ergo
3521 1047 3854 1114 ignorabilis

2238 1141 2411 1209 Deus,
2455 1158 2577 1197 cum
2604 1142 2676 1197 sit
2703 1140 3123 1205 inenarrabilis;
3173 1138 3270 1195 sed
3299 1155 3329 1193 a
3361 1138 3606 1193 ﬁdelibus
3626 1151 3852 1206 cogno-

2244 1240 2436 1305 scitur,
2467 1246 2528 1293 ut
2555 1246 2790 1305 ametur,
2817 1237 3066 1307 quamvis
3094 1251 3194 1291 nec
3215 1233 3462 1290 humanis
3494 1233 3707 1301 linguis,
3731 1245 3853 1287 nec

2246 1329 2528 1397 angelicis,
2552 1337 2851 1384 enarretur.
2876 1327 3008 1382 Nam
3029 1327 3422 1398 ignorationem
3441 1324 3533 1379 Dei
3558 1339 3664 1379 non
3689 1321 3855 1377 aliud

2245 1438 2371 1479 esse
2401 1437 2560 1492 quam
2592 1421 2896 1477 dmmonum
2926 1421 3239 1476 servitutem
3274 1417 3472 1473 Paulus
3497 1418 3854 1472 demonstrat

2245 1513 2540 1584 apostolus,
2564 1512 2785 1567 dicens:
2829 1511 2935 1568 Sed
2964 1520 3085 1564 tunc
3115 1509 3320 1582 quidem
3342 1511 3638 1579 ignorantes
3666 1503 3853 1559 Deum

2247 1601 2329 1654 his
2358 1601 2446 1671 qui
2481 1610 2669 1654 natura
2700 1615 2803 1652 non
2833 1605 2952 1652 sunt
2983 1597 3087 1663 dii,
3123 1596 3418 1650 serviebatis
3449 1590 3587 1663 (Gal.
3621 1606 3672 1646 tv
3697 1631 3714 1657 ,
3753 1588 3847 1659 9).

2245 1692 2398 1749 Sicut
2425 1707 2554 1762 ergo
2579 1691 2776 1747 Christi
2799 1691 3130 1746 divinitatem
3153 1690 3400 1758 ignorare
3423 1703 3529 1741 non
3553 1685 3846 1750 debemus,

2244 1783 2372 1840 licet
2397 1798 2652 1838 enarrare
2666 1798 2776 1838 non
2798 1783 3085 1852 possimus,
3103 1781 3176 1835 ita
3199 1778 3490 1834 nativitatis
3510 1776 3624 1846 ejus
3643 1790 3813 1844 quam
3827 1803 3849 1818 -

540 1883 697 1944 patre
726 1875 934 1936 exstitit
958 1893 971 1940 ;
1024 1875 1122 1929 fuit
1151 1882 1306 1944 pater
1328 1916 1343 1940 ,
1398 1876 1522 1945 quia
1567 1874 1734 1929 ﬁlium
1762 1875 1987 1944 genuit;
2036 1889 2140 1928 nec
2171 1891 2220 1951 Β
2247 1875 2330 1932 vis
2352 1875 2492 1930 nulli
2520 1883 2774 1947 suppetat
2799 1874 3077 1930 enarratio
3097 1915 3112 1939 ,
3147 1888 3254 1928 non
3281 1880 3365 1927 est
3387 1878 3564 1924 tamen
3594 1868 3850 1924 ﬁdelibus

540 1970 723 2020 tamen
755 1967 828 2019 ita
860 1972 1109 2020 naturam
1140 1966 1255 2032 ﬁlii,
1287 1965 1342 2020 in
1365 1982 1468 2035 qua
1498 1975 1657 2020 natus
1687 1972 1786 2031 est,
1817 1965 2042 2028 habuit,
2075 1972 2135 2019 ut

540 2053 598 2110 in
651 2071 714 2109 ea
767 2071 1090 2126 permanens
1120 2066 1275 2126 pater
1305 2072 1425 2112 esse
1446 2073 1552 2111 non
1577 2064 1796 2126 posset;
1849 2071 1951 2111 nec
1977 2056 2137 2110 aliam

545 2159 668 2200 cum
692 2146 908 2201 nomine
935 2147 1105 2216 patris
1134 2147 1427 2202 essentiam
1457 2147 1768 2216 acquisivit,
1801 2155 1860 2202 ut
1889 2147 1980 2202 ﬁlii
2006 2148 2136 2204 sub-

433 2296 441 2303 .
542 2239 817 2305 stantiam,
851 2241 908 2295 in
936 2255 1041 2310 qua
1067 2248 1223 2296 natus
1250 2240 1451 2309 fuerat,
1484 2241 1803 2310 perdidisset
1827 2259 1841 2306 ;
1870 2240 1965 2296 sed
1991 2241 2138 2310 quod

544 2347 731 2388 verum
770 2339 890 2399 est,
943 2333 1085 2389 sicut
1131 2332 1294 2389 homo
1322 2332 1460 2400 fuit,
1508 2333 1724 2402 quando
1765 2333 1903 2388 ﬁlius
1932 2333 2139 2389 exstitit

542 2423 848 2490 nascendo,
880 2424 958 2480 sic
986 2425 1282 2493 permansit
1311 2425 1507 2490 homo,
1539 2424 1754 2492 quando
1784 2433 1940 2496 pater
1966 2427 2139 2480 tactus

541 2524 626 2572 est
653 2516 1003 2586 generando;
1037 2519 1140 2589 53
1171 2532 1270 2572 nec
1295 2516 1444 2572 aliud
1473 2516 1576 2572 fuit
1595 2533 1756 2588 quam
1778 2517 1960 2580 homo,
1993 2517 2139 2588 quod

544 2613 664 2661 orat
691 2604 882 2673 'Adam,
911 2607 981 2662 de
1005 2621 1113 2679 quo
1141 2608 1258 2678 ipse
1283 2617 1368 2663 est
1394 2618 1576 2674 natus,
1601 2618 1657 2664 et
1671 2609 1816 2679 quod
1839 2619 1955 2665 erat
1973 2607 2134 2677 Enos,

551 2698 644 2768 qui
671 2697 738 2752 de
769 2697 884 2767 ipso
911 2705 996 2755 est
1022 2699 1255 2767 genitus.
1314 2699 1371 2752 ln
1415 2698 1576 2754 Patre
1618 2714 1747 2768 ergo
1775 2699 1888 2756 Deo
1917 2708 1976 2756 et
2000 2700 2137 2756 Filio

526 2786 675 2855 .Deo,
700 2804 1057 2858 personarum
1080 2791 1413 2861 proprietate
1434 2800 1646 2847 servata
1668 2791 2000 2862 impossibile
2028 2808 2136 2849 non

541 2880 750 2938 dicatur
775 2921 791 2948 ,
843 2883 988 2953 quod
1015 2883 1343 2939 documento
1371 2885 1534 2939 etiam
1575 2884 1865 2954 cujuslibet
1893 2886 2134 2942 hominis

539 2975 926 3045 comprobatur
951 3019 967 3045 ,
1014 2975 1111 3032 sed
1138 2977 1507 3032 discernamus
1535 2977 1663 3048 quid
1690 2977 1758 3032 ad
1785 2978 2132 3047 relationem,

538 3063 670 3138 quid
705 3063 774 3119 ad
811 3065 1168 3121 substantiam
1207 3067 1478 3135 pertinere
1521 3075 1794 3122 noscatur.
1835 3066 2138 3126 Relationis

541 3156 687 3212 enim
715 3166 840 3212 sunt
867 3157 1083 3213 nomina
1105 3200 1119 3224 ,
1147 3156 1307 3211 Pater
1333 3165 1389 3212 et
1411 3157 1614 3223 Filius;
1659 3158 1977 3215 substantiae
2003 3174 2135 3214 vero

2245 1967 2501 2038 adempta
2531 1968 2792 2035 cognitio.
2834 1965 2963 2032 Quis
2992 1967 3137 2021 enim
3169 1973 3352 2020 natum
3379 1963 3651 2032 praedicet,
3683 1959 3846 2029 cujus

2243 2057 2582 2113 nativitatem
2611 2057 2930 2126 ignoraret?
2959 2056 3089 2123 Quis
3116 2056 3309 2111 Filium
3328 2056 3488 2120 dicat,
3522 2062 3578 2110 et
3596 2052 3846 2122 genitum

2242 2150 2451 2205 nesciat
2474 2153 2496 2204 1'
2522 2149 2654 2216 Quis
2677 2148 2892 2205 Patrem
2923 2149 3100 2204 valeat
3128 2149 3349 2204 credere
3374 2162 3533 2218 quem
3557 2160 3665 2201 non
3700 2159 3839 2201 con-

2243 2241 2448 2298 sideret
2475 2243 2770 2311 genuisse?
2811 2241 3012 2297 Genuit
3040 2258 3166 2297 vere
3196 2240 3388 2304 Pater,
3422 2247 3478 2294 et
3515 2253 3646 2294 vere
3681 2246 3844 2294 natus

2245 2348 2331 2394 est
2352 2337 2537 2394 Filius.
2581 2339 2778 2394 Veram
2803 2352 2934 2407 ergo
2957 2337 3076 2391 Filii
3107 2336 3440 2391 nativitatem
3471 2333 3653 2388 datum
3683 2331 3845 2388 nobis

2242 2439 2329 2486 est
2373 2444 2678 2499 agnoscere
2705 2473 2720 2495 ,
2772 2432 2898 2486 licet
2945 2429 3127 2484 datum
3170 2444 3278 2484 non
3319 2428 3388 2481 sit
3426 2427 3658 2497 qualiter
3684 2435 3841 2482 natus

2243 2527 2407 2583 fuerit
2453 2541 2728 2582 enarrare.
2773 2525 3038 2592 Quoniam
3083 2533 3139 2580 et
3176 2523 3441 2595 propheta
3485 2537 3596 2577 non
3664 2519 3839 2574 dixit:

2243 2616 2644 2672 Gotterationem
2675 2625 2846 2669 autem
2873 2615 2984 2684 ejus
3011 2615 3135 2683 quis
3154 2613 3391 2682 agnovit,
3419 2610 3515 2666 sed
3541 2611 3657 2682 quis
3680 2625 3838 2663 enar-

2241 2711 2376 2764 ravit
2405 2707 2564 2780 (Isai.
2591 2723 2702 2772 LIII,
2729 2704 2828 2778 8)?
2865 2704 3128 2772 Quocirca
3157 2703 3390 2759 divinam
3413 2701 3838 2770 generationem,

2243 2809 2505 2874 quantum
2537 2799 2744 2856 homini
2782 2798 2862 2852 fas
2889 2806 3010 2864 est,
3061 2797 3115 2851 in
3156 2811 3224 2850 eo
3250 2795 3411 2863 digne
3439 2791 3836 2863 cognoscimus,

2243 2909 2367 2949 cum
2398 2902 2456 2948 et
2482 2907 2668 2948 veram
2696 2890 3105 2961 generationem
3125 2888 3372 2953 dicimus,
3404 2895 3460 2943 et
3487 2886 3659 2957 ipsam
3683 2899 3836 2955 gene~

2239 2987 2540 3051 rationem,
2572 2987 2690 3054 quae
2720 2999 2847 3039 vera
2875 2990 2976 3049 est,
3008 2979 3424 3059 inenarrabilem
3454 2975 3833 3048 praedicamus.

2241 3077 2410 3132 Filius
2435 3091 2565 3146 ergo
2593 3091 2719 3131 vere
2747 3075 2816 3130 de
2855 3072 3032 3129 Patris
3057 3071 3360 3128 substantia
3399 3079 3558 3124 natus
3584 3067 3839 3137 agnosci-

2242 3175 2351 3231 tur,
2385 3167 2514 3222 dum
2544 3166 2801 3221 nativitas
2825 3163 2934 3238 55.
2958 3163 3094 3232 ejus,
3124 3178 3243 3234 qua:
3270 3161 3338 3217 de
3361 3159 3696 3216 inenarrabili
3721 3157 3840 3216 Deo

540 3263 743 3304 nomen
774 3265 937 3303 unum
967 3257 1073 3316 est,
1101 3247 1248 3316 quod
1274 3249 1471 3304 dicitur
1497 3248 1655 3303 Deus.
1685 3248 1984 3304 Relationis
2005 3264 2134 3319 ergo

2245 3267 2367 3324 est,
2428 3258 2809 3314 inenarrabilis
2853 3256 3214 3327 prtedicatur:
3259 3251 3636 3309 inenarrabilis
3690 3250 3837 3306 enim

538 3341 761 3394 nomina
808 3340 1015 3409 singula
1061 3341 1332 3407 retinent;
1399 3340 1711 3395 substantia:
1756 3356 1886 3396 vero
1937 3358 2137 3398 nomen

537 3441 708 3486 unum
735 3431 1099 3488 communiter
1125 3430 1424 3501 possident,
1454 3432 1578 3501 quia
1605 3432 1730 3488 licet
1758 3449 1898 3488 unus
1926 3433 2141 3490 dicatur

537 3518 722 3590 Pater,
753 3531 807 3578 et
829 3524 966 3579 alter
990 3523 1180 3594 Filius,
1211 3525 1290 3580 sic
1318 3533 1502 3580 tamen
1525 3533 1609 3580 est
1633 3525 1802 3581 Filius
1831 3527 1996 3592 Deus,
2027 3528 2140 3584 sic-

537 3621 602 3670 ut
645 3613 809 3672 Pater
850 3623 931 3671 est
959 3614 1134 3671 Deus:
1193 3615 1299 3671 illis
1327 3632 1560 3686 namque
1587 3617 1798 3673 duobus
1831 3619 2138 3675 nominibus

539 3708 817 3776 generatio
844 3721 972 3763 vera
993 3709 1355 3776 cognoscitur,
1384 3709 1490 3765 isto
1522 3717 1704 3766 autem
1734 3725 1844 3766 uno
1866 3712 2137 3768 communi

539 3798 762 3854 nomine
789 3801 1158 3858 substantialis
1186 3802 1362 3858 unitas
1385 3803 1809 3859 demonstratur.

617 3889 854 3962 Objectio
891 3889 946 3945 2.
987 3891 1094 3947 lsta
1137 3908 1410 3963 nunquam
1453 3910 1553 3949 nos
1582 3895 1778 3962 legisse
1824 3893 2136 3962 recolimus,

539 3996 661 4054 qua:
689 3984 936 4055 superius
980 3985 1258 4055 proposita
1288 3993 1452 4051 sunt,
1500 3985 1625 4054 quia
1670 3985 1927 4056 scriptum
1958 3993 2041 4040 est
2069 3984 2136 4040 de

539 4089 650 4130 eo:
705 4073 1104 4130 Generationem
1143 4077 1254 4148 ejus
1303 4077 1417 4148 quis
1466 4076 1734 4130 enarrabit
1778 4074 1934 4146 (Isai.
1973 4076 2136 4146 Lm)?

537 4163 609 4220 Et
630 4180 790 4234 quam
821 4167 917 4238 (at.
947 4167 1123 4237 quasi)
1155 4181 1336 4233 nemo,
1365 4167 1501 4221 dixit
1529 4167 1827 4236 Scriptura,
1857 4167 1949 4235 qui
1976 4182 2135 4221 enar-

435 4291 442 4295 -
540 4258 672 4312 ret?
701 4256 1026 4312 Advertendi
1055 4265 1180 4312 sunt
1204 4257 1256 4310 bi
1284 4257 1552 4321 homines,
1585 4265 1643 4310 ut
1671 4256 1854 4311 dicant
1883 4271 1941 4311 se
1970 4272 2132 4325 posse

539 4359 723 4411 nosse,
749 4345 874 4414 quia
904 4346 1282 4401 inenarrabilis
1307 4356 1390 4401 est
1414 4346 1694 4415 generatio
1724 4345 1861 4414 ejus,
1893 4362 2000 4401 non
2033 4363 2131 4402 au-

545 4447 661 4494 tem
690 4436 1018 4504 ignorabilis.

619 4526 926 4596 Responsio.
958 4527 1228 4597 Scriptum
1255 4535 1339 4584 est
1365 4547 1376 4580 :
1419 4527 1630 4583 Credidi
1657 4539 1865 4600 propter
1892 4533 2028 4601 quod
2054 4533 2133 4586 lo-

2244 3351 2434 3424 procul
2480 3351 2644 3407 dubio
2696 3359 2779 3420 est
2809 3349 2926 3404 Filii
2963 3348 3216 3404 nativitas
3245 3362 3374 3402 vera
3399 3387 3413 3413 ,
3461 3345 3586 3415 quia
3618 3358 3726 3398 una
3753 3351 3836 3398 est

2244 3445 2318 3500 illi
2341 3461 2462 3499 cum
2491 3443 2838 3499 inenarrabili
2866 3443 3112 3512 genitore
3138 3439 3458 3497 substantia.
3843 3443 3852 3448 '

2317 3533 2552 3606 Objectio
2586 3535 2639 3590 3.
2690 3533 3107 3590 Generationem
3137 3532 3254 3602 ejus
3281 3533 3354 3586 ita
3383 3539 3467 3586 est
3487 3528 3638 3588 rec'te
3666 3531 3833 3601 proﬁ-

2241 3626 2367 3690 teri,
2401 3615 2616 3681 ut‘dicit
2643 3626 2759 3696 ipse
2783 3624 3042 3680 Dominus
3070 3638 3168 3694 per
3199 3620 3504 3692 Scripturas
3529 3639 3542 3674 :
3574 3620 3834 3676 Dominus

2241 3719 2434 3773 creavit
2462 3734 2542 3771 me
2568 3718 2774 3772 initium
2805 3716 3003 3771 viarum
3024 3729 3254 3778 suarum,
3289 3723 3410 3768 ante
3426 3712 3617 3768 saecula
3637 3712 3832 3784 funda-

2241 3811 2312 3863 vit
2341 3825 2420 3862 me
2452 3801 2632 3880 (Prov.
2660 3824 2780 3874 vui,
2825 3806 2938 3877 22).
2989 3804 3054 3860 Et
3076 3805 3357 3876 sequitur:
3399 3803 3469 3858 Et
3508 3813 3631 3860 ante
3654 3820 3832 3860 omnes

2241 3899 2396 3953 colles
2423 3900 2597 3971 genuit
2632 3915 2731 3953 me.
2774 3897 2844 3953 Et
2885 3900 3079 3954 iterum
3114 3915 3128 3950 :
3159 3895 3274 3967 Ego
3317 3913 3349 3950 a
3388 3895 3550 3951 Patre
3578 3895 3750 3967 prodii
3783 3904 3834 3949 et

2244 3991 2364 4043 veni
2408 3990 2463 4042 in
2500 3992 2635 4043 hunc
2664 3989 2910 4043 mundum
2941 3988 3120 4060 (Joan.
3168 4003 3286 4055 XVI,
3317 3985 3428 4057 29).
3474 3985 3544 4041 Et
3589 3987 3829 4042 iterum:

2244 4079 2499 4134 Dominus
2544 4081 2676 4134 dixit
2707 4079 2777 4133 ad
2803 4096 2912 4147 me,
2956 4077 3124 4133 Filius
3164 4094 3304 4132 meus
3333 4095 3384 4132 es
3416 4088 3466 4131 tu
3489 4115 3506 4142 ,
3555 4094 3649 4148 ego
3678 4077 3832 4132 hodie

2239 4171 2392 4240 genui
2434 4177 2481 4222 te
2507 4168 2677 4240 (Psal.
2709 4183 2745 4222 ιι
2771 4206 2785 4230 ,
2826 4167 2904 4238 7).
2963 4165 3029 4238 Et
3057 4175 3339 4238 postquam
3383 4166 3632 4234 cognitus
3659 4173 3744 4220 est
3773 4166 3831 4220 iu

2239 4277 2432 4327 carne,
2463 4259 2747 4331 proﬁtetur
2775 4261 2841 4314 de
2870 4274 2935 4314 eo
2961 4258 3288 4328 evangelista
3317 4256 3500 4312 dicens
3525 4274 3538 4309 :
3589 4255 3662 4310 Et
3700 4256 3830 4310 vidi-

2239 4369 2350 4406 mus
2381 4352 2600 4422 gloriam
2629 4351 2742 4419 ejus
2763 4393 2778 4419 ,
2822 4351 3046 4421 gloriam
3075 4358 3318 4421 tanquam
3352 4346 3620 4418 Unigeniti
3650 4363 3682 4400 a
3717 4345 3831 4400 Pa-

2239 4453 2316 4498 tre
2353 4445 2562 4514 plenum
2597 4444 2769 4514 gratia
2818 4451 2866 4496 et
2896 4444 3109 4497 veritate
3138 4441 3316 4512 (Joan.
3347 4457 3364 4496 ι
3390 4480 3404 4506 ,
3440 4440 3549 4511 Μ).
3589 4437 3655 4493 Et
3685 4440 3830 4510 Apo~

2237 4535 2409 4589 stolus
2457 4535 2580 4588 ait:
2653 4531 2752 4597 Qui
2807 4543 2885 4588 est
2930 4525 3520 4604 Primogeuitus'totius
3577 4541 3829 4587 creatura.l

541 4629 701 4717 fut-ut
732 4637 886 4676 sum:
927 4630 1108 4717 ἔπος
1137 4621 1424 4717 credimus,
1477 4631 1686 4694 propter
1713 4623 1850 4717 quod
1877 4624 2132 4694 loquimur
2161 4656 2212 4717 Β
2239 4625 2462 4694 (Coloss.
2491 4642 2528 4693 ι,
2560 4623 2670 4697 15).
2708 4624 2846 4680 Ecce
2875 4634 3142 4690 creatum,
3188 4624 3464 4679 ﬁmdatum
3503 4632 3559 4678 et
3586 4625 3828 4692 genitum

539 4707 632 4780 (II
661 4709 780 4765 Cor.
806 4726 886 4777 tv,
921 4709 1033 4782 15),
1067 4718 1122 4765 et
1147 4709 1468 4766 ﬁducialiter
1493 4710 1828 4782 proﬁtem'ur,
1860 4715 1986 4784 quia
2011 4713 2132 4768 Filii

539 4801 824 4869 generatio
855 4801 1231 4857 inenarrabilis
1256 4811 1339 4857 est
1361 4843 1376 4869 ,
1403 4803 1717 4872 ignorabilis
1745 4821 1854 4860 non
1884 4816 1967 4860 est
1993 4823 2007 4871 ;
2040 4821 2137 4860 ne-

540 4909 649 4966 que
671 4895 816 4952 enim
846 4911 1182 4967 consequens
1209 4904 1292 4952 est
1329 4903 1389 4950 ut
1431 4896 1577 4966 quod
1613 4913 1721 4951 non
1757 4904 1938 4966 potest
1979 4911 2136 4952 enar-

536 4990 651 5046 rari
695 5005 802 5044 non
841 4989 1009 5060 possit
1054 4989 1216 5055 sciri,
1257 5005 1380 5044 cum
1424 4990 1600 5059 ipsum
1632 4989 1802 5043 Deum
1831 4989 2011 5043 nullus
2037 5003 2135 5042 va-

541 5081 657 5137 leat
684 5097 940 5138 enarrare
963 5121 979 5147 ,
1028 5097 1130 5136 nec
1156 5082 1372 5152 impune
1396 5090 1574 5138 tamen
1604 5081 1763 5137 alicui
1793 5080 1954 5136 liceat
1981 5081 2135 5148 igno-

538 5190 681 5231 rare.
721 5175 993 5230 lntantum
1020 5190 1150 5230 vero
1180 5175 1554 5244 cognoscibilis
1584 5174 1725 5229 Deus
1754 5181 1865 5238 est,
1911 5157 2034 5228 cum
2063 5173 2133 5228 sit

538 5264 934 5331 inenarrabilis,
981 5273 1039 5320 ut
1068 5265 1327 5334 quosdam
1357 5265 1427 5320 ob
1459 5265 1559 5320 hoc
1586 5262 1981 5318 inexcusabiles
2001 5277 2131 5332 pro-

541 5356 755 5411 nuntiet
795 5357 985 5413 beatus
1032 5357 1323 5427 Apostolus
1348 5397 1363 5423 ,
1422 5357 1548 5425 quia
1604 5372 1717 5408 cum
1777 5355 2131 5426 cognovissent

539 5443 725 5510 Deum,
750 5463 853 5500 non
873 5449 1002 5501 sicut
1029 5446 1195 5501 Deum
1217 5447 1634 5518 glorificaverunt
1661 5453 1751 5497 aut
1781 5445 1976 5514 gratias
2005 5461 2128 5516 ege-

538 5549 661 5590 runt
690 5536 867 5609 (Rom.
895 5555 930 5604 ι,
953 5537 1063 5607 2|).
1124 5536 1258 5590 Nam
1305 5537 1350 5590 si
1402 5551 1432 5590 a
1479 5535 1633 5590 nobis
1661 5535 1919 5590 Dominus
1955 5535 2126 5590 nollet

539 5631 781 5708 agnosci,
812 5646 920 5685 non
946 5629 1171 5685 dixisset
1196 5646 1208 5681 :
1242 5627 1304 5682 Si
1333 5627 1693 5697 cognovissetis
1717 5643 1814 5690 me,
1845 5636 1894 5680 et
1919 5625 2125 5680 Patrem

539 5738 707 5776 meum
737 5723 910 5794 utique
938 5721 1302 5792 cognovisset-is
1326 5718 1504 5790 (Joan.
1538 5735 1626 5772 xw
1651 5758 1665 5782 ,
1700 5718 1811 5787 l7).
1860 5718 1969 5775 Nec
1997 5718 2125 5774 Phi-

539 5811 742 5882 lippum
766 5812 1032 5866 dicentem
1059 5829 1070 5863 :
1096 5809 1336 5874 Domino,
1377 5809 1586 5863 ostende
1607 5807 1752 5863 nobis
1778 5807 1992 5864 Patrem
2015 5851 2029 5873 ,
2075 5821 2125 5866 et

542 5905 736 5963 sufﬁcit
764 5898 945 5959 nobis;
986 5901 1089 5956 hac
1114 5899 1483 5967 increpatione
1511 5901 1805 5971 corriperet
1830 5942 1846 5967 ,
1891 5900 2076 5957 dicens
2105 5921 2118 5956 :

2236 4715 2572 4788 proﬁtemur,
2604 4717 2720 4772 sine
2748 4716 2925 4785 aliqua
2956 4715 3305 4783 ambiguitate
3341 4715 3716 4770 irrationabili.

2313 4807 2622 4879 Responsio.
2663 4806 2720 4860 In
2752 4814 2978 4874 utraque
3006 4805 3207 4861 Christi
3238 4805 3521 4860 nativitate
3547 4820 3658 4860 non
3683 4803 3828 4858 falli.

2238 4907 2349 4963 tur,
2382 4899 2473 4969 qui
2501 4899 2554 4953 in
2579 4896 2794 4952 Christo
2825 4896 2951 4961 Dei,
2986 4903 3042 4951 et
3071 4896 3304 4951 hominis
3333 4895 3487 4962 Filio,
3526 4904 3582 4951 et
3606 4897 3826 4966 plenam

2239 5009 2311 5048 ex
2331 4991 2491 5046 Patre
2518 4991 2873 5055 divinitatem,
2902 4995 2957 5045 et
2980 4989 3200 5060 plenum
3230 5005 3296 5045 ex
3339 4998 3512 5044 matre
3549 4989 3825 5047 hominem

2236 5083 2556 5154 proﬁtetur:
2611 5089 2773 5151 atque
2815 5080 2889 5134 ita
2919 5081 2974 5135 in
3015 5081 3109 5136 illo
3138 5088 3422 5151 utramque
3467 5080 3824 5137 substantiam

2236 5188 2422 5228 veram
2446 5187 2568 5227 esse
2593 5170 2892 5239 cognoscit,
2927 5169 3054 5224 dum
3075 5170 3203 5241 quid
3230 5171 3514 5226 teternitati
3530 5211 3547 5236 ,
3579 5169 3665 5225 vel
3692 5169 3823 5239 quid

2235 5263 2621 5332 temporalitati
2649 5268 2932 5331 congruat,
2961 5262 3104 5317 ﬁdeli
3125 5262 3328 5333 pietate
3351 5261 3676 5317 distinxerit.
3717 5261 3822 5317 Ne-

2234 5369 2339 5423 que
2360 5355 2502 5409 enim
2533 5354 2781 5423 ignorare
2809 5353 3068 5410 debemus
3088 5397 3103 5422 ,
3150 5355 3323 5426 ipsum
3353 5355 3405 5410 in
3437 5355 3632 5410 smculo
3655 5393 3672 5421 ,
3729 5369 3820 5409 se-

2233 5443 2467 5499 cundum
2494 5459 2714 5500 carnem
2751 5451 2989 5500 creatum
3016 5461 3083 5500 ex
3111 5446 3329 5501 homine
3350 5487 3366 5514 ,
3396 5446 3487 5516 qui
3517 5446 3634 5500 sine
3663 5443 3820 5499 initio

2229 5536 2524 5592 secundum
2548 5536 2884 5593 divinitatem
2913 5546 3154 5606 creator,
3181 5548 3265 5594 est
3291 5547 3578 5607 generatus
3605 5552 3677 5593 ex
3712 5535 3818 5591 Pa-

2230 5633 2349 5683 tre:
2392 5628 2446 5682 in
2476 5627 2563 5682 illa
2587 5643 2820 5700 namque
2843 5630 3154 5698 nativitate,
3183 5644 3303 5699 qua:
3331 5629 3542 5684 initium
3573 5643 3681 5684 non
3711 5628 3815 5682 ba-
3877 5675 3898 5701 ,

2228 5719 2354 5786 bet,
2395 5719 2733 5789 sempiterna:
2759 5721 3052 5776 divinitatis
3081 5715 3333 5790 majesta's
3359 5721 3706 5792 agnoscitur;
3749 5719 3814 5772 in

2175 5816 2177 5818 ’
2227 5810 2327 5865 hac
2377 5825 2504 5866 vero
2551 5813 2893 5883 sempiterna:
2940 5813 3234 5868 divinitatis
3275 5813 3448 5882 pietas
3495 5811 3807 5866 invenitur:

2226 5901 2316 5968 qui
2337 5903 2481 5957 enim
2513 5920 2619 5960 non
2647 5913 2860 5961 creatus
2881 5944 2896 5971 ,
2947 5905 3042 5962 sed
3069 5912 3281 5961 creator
3307 5903 3376 5960 de
3404 5911 3654 5960 creatore
3680 5915 3807 5974 pro-
