4068 6458
226 418 324 474 909

1327 419 1696 496 ΒΕΒΡΟῌΒΙΟ
1733 422 2008 481 CONTRA
2047 427 2360 484 ARIANOS.

3386 435 3489 490 2⁷0

225 528 438 600 genitus,
462 528 705 584 bonitate
733 544 830 584 sua
861 511 1138 586 creaverat
1165 532 1461 598 hominem,
1494 535 1609 604 ipse
1636 544 1788 604 post-
1820 539 2103 600 A.initium
2133 541 2474 610 praevenitur.
2517 539 2673 607 Quod
2716 540 3161 597 considerandum
3202 553 3303 610 est,
3357 548 3485 616 quia
3519 607 3521 609 ,

225 618 426 676 modum
458 626 540 674 est
567 619 768 690 pietate
789 636 885 675 sua
916 630 1128 679 creatus
1153 639 1222 678 ex
1249 624 1486 678 homine.
1513 623 1624 680 Nec
1641 640 1796 680 suum

223 727 348 782 opus
375 710 489 780 ipse
527 709 848 781 dedignatus
887 721 969 769 est
1001 712 1114 769 ﬁeri
1139 759 1154 783 ,
1195 731 1304 786 quo
1346 724 1528 786 posset
1553 733 1649 788 per
1671 735 1794 774 eum

221 812 378 860 status
404 803 486 856 sui
514 803 694 873 operis
713 807 976 875 reparari.
1019 806 1189 876 Hujus
1209 808 1369 877 igitur
1393 809 1682 865 creationis
1699 827 1797 866 vo-

221 894 329 949 lens
365 893 628 963 sapientia
657 897 1018 964 praenuntiam
1045 899 1358 970 mysterium
1385 941 1400 968 ,
1450 907 1509 954 ut
1545 899 1796 956 lncarna-

221 987 370 1042 tionis
395 1000 506 1040 suzn
535 985 774 1041 futurum
797 989 1108 1045 ostenderet
1129 999 1545 1058 sacramentum,
1569 993 1798 1064 prophe-

220 1079 317 1134 tico
355 1091 506 1131 more
530 1117 546 1142 ,
598 1092 707 1146 quo
753 1079 931 1134 solent
977 1081 1078 1136 sub
1119 1081 1492 1157 enuntiatione
1537 1084 1796 1154 praeteriti

225 1167 680 1240 temporisfutura
706 1171 944 1236 narrari,
979 1171 1152 1229 dixit:
1197 1173 1452 1229 Dominus
1480 1179 1672 1230 creavit
1709 1193 1794 1231 me

216 1261 409 1315 initium
443 1261 643 1314 viarum
664 1278 874 1316 suarum
901 1264 958 1317 in
985 1279 1144 1333 opera
1167 1281 1263 1320 sua
1305 1264 1491 1336 (Prov.
1520 1283 1640 1334 νιιι,
1675 1266 1791 1339 22).

221 1353 439 1419 Causam
470 1355 762 1422 creationis
795 1357 1032 1412 ostendit
1077 1357 1205 1413 dum
1245 1373 1305 1414 se
1342 1357 1553 1414 initium
1582 1359 1794 1416 viarum

219 1443 327 1511 Dei,
372 1445 424 1519 in
448 1441 615 1515 opera
648 1444 764 1514 ejus
792 1455 1030 1502 creatum
1054 1463 1174 1504 esse
1201 1464 1311 1510 non
1342 1450 1510 1506 tacuit
1535 1467 1548 1504 :
1582 1465 1704 1506 nam
1735 1458 1794 1507 ut

212 1533 542 1597 ostenderet,
575 1549 683 1590 non
714 1535 856 1592 illius
883 1545 1099 1593 arterna:
1128 1540 1426 1596 nativitatis
1453 1557 1576 1598 esse
1605 1584 1620 1609 ,
1647 1542 1793 1613 quod

210 1635 380 1679 creata
427 1623 663 1693 dicitur,
713 1625 807 1682 sed
858 1628 1018 1696 hujus
1065 1631 1358 1702 temporis,
1421 1647 1530 1701 quo
1574 1649 1791 1689 carnem

210 1713 503 1783 suscepisse
535 1713 632 1769 Dei
662 1715 827 1771 Filius
853 1717 1123 1774 invenitur
1144 1761 1159 1786 ,
1209 1721 1336 1790 quid
1373 1723 1690 1792 praemiserit
1712 1732 1794 1778 at-

211 1804 454 1859 tendatur
480 1823 492 1858 :
541 1807 602 1862 Si
633 1809 1180 1882 nuntiarem-(inquit)
1203 1812 1344 1866 vobis
1363 1851 1377 1877 ,
1427 1831 1541 1886 qua:
1564 1816 1793 1888 quqtidie

1905 630 2212 701 ubicunque
2255 633 2344 687 illa
2373 632 2550 688 divina
2598 642 2653 689 et
2697 641 2896 689 aeterna
2941 633 3340 692 demonstratur
3367 638 3489 694 Filii

1897 721 2171 791 nativitas,
2217 740 2324 778 non
2379 725 2576 780 dicitur
2617 726 2832 795 quando
2871 734 3028 782 natus
3082 728 3183 796 sit,
3230 728 3326 784 sed
3363 739 3489 787 ante

1897 829 2113 884 semper
2137 817 2374 886 ponitur,
2407 828 2467 873 ut
2493 818 2748 890 quidquid
2775 819 2940 875 homo
2969 819 3248 876 infinitatis
3274 823 3489 876 aeterni-

1898 899 2133 977 tati'sque
2162 909 2684 977 cogitare’voluerit,
2714 919 2838 966 ante
2882 926 3045 967 omne
3092 910 3238 980 quod
3284 913 3488 981 cogita-

1898 1001 2045 1056 tione
2071 1002 2394 1073 concipitur,
2426 1003 2550 1057 Filii
2577 1019 2792 1074 semper
2821 1003 3070 1058 nativitas
3091 1003 3358 1073 cogitetur
3384 1021 3398 1057 :
3425 1019 3489 1058 ac

1897 1092 1995 1156 sic,
2014 1093 2273 1147 nativitas
2293 1092 2414 1148 Filii
2444 1093 2541 1149 Dei
2564 1095 2681 1150 sine
2707 1094 2860 1150 initio
2885 1100 3263 1162 cognoscatur,
3295 1092 3353 1148 in
3380 1107 3488 1161 qua

1898 1193 2006 1240 n'on
2036 1185 2178 1240 aliud
2205 1200 2366 1255 quam
2397 1195 2517 1240 ante
2543 1187 2780 1256 positum
2805 1185 3004 1255 jugiter
3036 1185 3328 1240 invenitur.
3359 1183 3489 1238 Vel-

1899 1275 2071 1333 lemus
2100 1284 2282 1332 autem
2312 1276 2467 1332 nobis
2510 1277 2845 1347 responderi,
2877 1285 3057 1356 utrum
3083 1276 3189 1333 hoc
3230 1275 3303 1332 sit
3329 1274 3485 1345 geni-

1894 1378 2031 1435 tum,
2065 1371 2210 1440 quod
2239 1373 2519 1426 creatum?
2547 1371 2693 1442 quod
2745 1373 2789 1426 si
2835 1388 3001 1427 unum
3029 1378 3251 1442 putatur
3276 1377 3489 1425 utrum-

1895 1478 2021 1533 que,
2051 1463 2262 1518 dicatur
2290 1477 2419 1532 ergo
2449 1479 2481 1518 a
2503 1463 2616 1518 Deo
2664 1464 2876 1533 genitus
2904 1462 3153 1528 mundus,
3185 1478 3216 1517 a
3240 1477 3348 1533 quo
3393 1475 3488 1532 ge-

1894 1553 2071 1608 nerari
2095 1569 2204 1608 non
2235 1562 2432 1624 potest,
2485 1561 2540 1609 et
2569 1562 2803 1610 creatus.
2837 1553 3096 1608 Dicantur
3123 1553 3288 1608 etiam
3318 1553 3490 1608 incre-

1892 1642 2006 1697 duli
2053 1643 2302 1699 homines
2332 1643 2424 1698 lilii
2454 1643 2570 1711 Dei,
2602 1645 2695 1715 qui
2736 1644 2804 1699 de
2827 1652 3099 1715 potestate
3143 1645 3489 1700 tenebrarum

1895 1748 2003 1788 non
2034 1732 2234 1788 fuerint
2263 1734 2476 1790 liberati
2511 1752 2522 1786 :
2559 1734 2808 1790 dicantur
2833 1734 3075 1792 haeredes
3099 1734 3293 1789 futurm
3316 1733 3492 1789 beati-

1895 1825 2114 1894 tudinis,
2143 1828 2236 1896 qui
2263 1826 2423 1882 ﬁdem
2447 1845 2554 1883 non
2583 1829 2851 1899 recipiunt
2870 1827 3182 1884 Salvatoris.
3206 1827 3263 1883 Si
3284 1835 3486 1895 autem,
3547 1811 3566 1824 ”

210 1894 371 1963 ﬁunt;
410 1897 821 1954 commemorabo
841 1939 855 1965 ,
901 1917 1014 1972 qua:
1041 1918 1073 1954 a
1100 1904 1288 1957 sa'culo
1318 1912 1435 1958 sunt
1459 1946 1474 1971 ,
1523 1907 1788 1961 enuntiare

1896 1916 2045 1988 quod
2074 1894 2261 1972 verum
2292 1925 2396 1986 est,
2421 1917 2565 1972 aliud
2594 1927 2678 1973 est
2699 1894 2900 1983 creari,
2926 1917 3070 1972 aliud
3090 1918 3355 1987 generari,
3387 1894 3492 1973 dis-

208 1985 364 2056 (Ibid.
398 1987 514 2058 21).
557 1988 699 2058 Ergo
721 2006 842 2045 cum
871 1992 1113 2060 quotidie
1142 1993 1244 2048 ista
1276 1992 1498 2062 tierent,
1531 2011 1560 2050 a
1591 1998 1788 2053 szeculo

208 2077 338 2133 facta
380 2090 682 2151 praemonet
724 2083 990 2159 nuntiari,
1037 2085 1271 2139 ostendit
1311 2103 1432 2157 qua:
1473 2087 1681 2144 dictura
1707 2096 1790 2144 est

209 2171 355 2228 nobis
379 2213 394 2237 ,
446 2188 553 2228 non
592 2176 912 2232 :eternitatis
941 2193 1089 2243 esse,
1136 2177 1230 2232 sed
1258 2180 1538 2250 temporis.
1579 2179 1658 2236 Ob
1684 2183 1790 2239 hoc

204 2262 377 2316 statim
422 2262 665 2318 addidit:
711 2265 965 2321 Dominus
995 2269 1186 2322 creavit
1226 2286 1306 2322 me
1333 2271 1540 2325 initium
1583 2274 1787 2328 viarum

202 2367 406 2408 suarum
434 2357 490 2408 in
515 2372 672 2426 opera
701 2373 815 2411 sua.
848 2357 1000 2424 Quod
1027 2372 1155 2428 ergo
1184 2360 1445 2432 sapientia
1472 2369 1653 2417 creata
1683 2372 1785 2433 est,

203 2459 309 2501 non
337 2455 465 2508 ante
485 2448 677 2515 stncula
696 2490 710 2514 ,
743 2449 837 2504 sed
867 2465 898 2504 a
917 2451 1114 2506 sarcqu
1143 2459 1263 2518 est;
1294 2452 1439 2521 quod
1468 2462 1650 2511 autem
1680 2455 1785 2510 ini-

201 2536 331 2593 tium
361 2540 568 2593 viarum
600 2539 811 2614 pomini
855 2550 1070 2610 creatus
1097 2550 1181 2597 est
1215 2541 1381 2597 Filius
1405 2583 1420 2610 ,
1473 2543 1602 2613 quid
1642 2545 1787 2600 aliud

197 2640 278 2692 est
303 2630 410 2688 nisi
438 2634 581 2702 quod
611 2635 725 2704 ipse
749 2635 834 2690 via
847 2637 1012 2692 nobis
1042 2647 1124 2693 est
1145 2639 1337 2702 factus,
1361 2648 1420 2694 ut
1445 2655 1510 2696 eo
1532 2639 1670 2696 duce
1699 2648 1785 2694 at-

196 2733 305 2790 que
346 2732 558 2778 rectore
604 2740 702 2794 per
753 2726 1056 2797 adoptionis
1095 2744 1256 2798 quam
1313 2731 1619 2800 accepimus
1665 2746 1788 2800 gra-

196 2811 330 2893 tiam
395 2813 577 2869 divino
630 2831 854 2872 munere
882 2817 950 2872 ad
988 2819 1247 2874 virtutum
1290 2820 1446 2874 nobis
1485 2819 1786 2889 profectum

195 2913 412 2980 pateret
438 2907 753 2978 ingressus?
784 2909 938 2977 Quod
966 2919 1026 2964 ut
1049 2911 1350 2980 evidentius
1375 2920 1656 2982 appareat,
1687 2911 1784 2967 de-

197 2993 388 3064 bemus
428 2998 710 3054 attendere
756 3000 826 3054 ad
875 3001 980 3056 hoc
1024 3001 1218 3056 Filium
1263 2981 1525 3060 creatura:
1573 3003 1786 3058 initium

199 3085 396 3146 factum
421 3131 436 3157 ,
486 3107 594 3146 non
624 3101 682 3147 ut
712 3109 902 3148 novam
944 3110 1130 3150 rursus
1167 3104 1470 3151 creaturam
1505 3097 1782 3164 conderet,

201 3183 294 3239 sed
327 3192 386 3239 ut
413 3193 685 3241 vetustate
714 3188 810 3259 (at.
842 3194 1204 3256 vetustatem;
1255 3190 1324 3244 al.
1357 3192 1647 3261 vetustam)
1670 3191 1783 3260 jam

1894 2016 2164 2073 cernatur,
2218 2009 2272 2062 in
2300 2023 2406 2078 qua
2436 2007 2682 2064 Christus
2708 2009 3012 2066 substantia
3039 2018 3255 2065 creatus
3300 2025 3332 2064 a
3375 2009 3493 2066 Deo

1892 2099 2120 2165 dicatur,
2151 2107 2208 2155 et
2227 2099 2281 2154 in
2311 2113 2416 2170 qua
2447 2114 2512 2155 ex
2540 2100 2699 2156 Patre
2745 2100 2958 2169 genitus
2976 2101 3333 2170 praedicetur:
3365 2115 3492 2158 nam

1892 2199 1948 2247 et
1977 2193 2094 2262 ipse
2123 2190 2417 2262 Scripturae
2443 2191 2595 2247 locus
2636 2191 2897 2262 perfacile
2925 2192 3292 2264 quaerentibus
3329 2206 3509 2248 mon-.

1891 2290 2047 2350 strat,
2081 2283 2135 2337 in
2165 2298 2272 2354 qua
2319 2290 2534 2338 creatus
2561 2291 2754 2338 natura
2801 2283 3060 2339 dicendus
3106 2291 3192 2340 est
3219 2281 3490 2338 Christus.

1890 2374 1948 2430 ln
1977 2389 2041 2429 ea
2071 2374 2275 2430 scilicet
2296 2374 2351 2429 in
2378 2389 2484 2446 qua
2521 2372 2808 2430 Dominum
2828 2374 3096 2442 nominat,
3118 2380 3179 2429 ut
3199 2373 3489 2430 veritatem

1889 2465 1946 2520 in
1974 2480 2033 2521 se
2059 2464 2247 2520 formae
2270 2465 2481 2520 servilis
2507 2465 2775 2531 ostendat,
2821 2466 2960 2521 sicut
2988 2473 3044 2521 et
3080 2466 3132 2520 in
3163 2465 3373 2536 psalmo
3407 2464 3490 2521 lo-

1889 2559 2106 2627 quitur,
2140 2558 2328 2614 dicens
2360 2576 2373 2611 :
2409 2555 2454 2612 0
2483 2557 2725 2624 Domine,
2751 2574 2846 2630 ego
2873 2574 3048 2613 servus
3079 2567 3192 2611 tuus
3215 2574 3234 2621 ;
3255 2574 3349 2628 ego
3377 2573 3492 2612 ser-

1887 2665 1977 2703 vus
1998 2658 2121 2703 tuus
2135 2657 2184 2703 et
2205 2650 2344 2717 ﬁlius
2373 2649 2581 2704 ancilla:
2604 2658 2704 2703 tute
2721 2647 2894 2720 (Psal.
2910 2646 3161 2719 cxv,16).
3187 2645 3265 2702 Ex
3287 2647 3482 2703 ancilla

1889 2755 2019 2810 ergo
2048 2749 2205 2796 natus
2227 2749 2309 2797 est
2337 2756 2546 2806 servus,
2570 2741 2663 2810 qui
2691 2756 2760 2796 ex
2780 2738 2941 2794 Patre
2955 2743 3244 2809 generatus
3265 2746 3349 2793 est
3376 2739 3488 2794 Do-

1891 2812 2088 2886 minus.
2124 2829 2353 2900 Propter
2380 2829 2607 2884 formam
2653 2830 2815 2899 igitur
2841 2830 2982 2884 servi
3020 2828 3155 2883 dixit
3186 2845 3200 2881 :
3236 2827 3491 2882 Dominus

1891 2923 2086 2976 creavit
2113 2937 2211 2987 me,
2237 2936 2346 2974 non
2374 2935 2435 2976 se
2481 2935 2510 2974 a
2541 2919 2701 2975 Patre
2728 2920 2858 2974 dicit
2883 2928 3144 2987 creatum,
3196 2918 3290 2974 sed
3319 2933 3350 2972 a
3379 2917 3493 2973 Do-

1890 3012 2060 3067 mino.
2103 3011 2238 3066 Nam
2268 3011 2360 3066 ubi
2412 3010 2705 3066 secundum
2761 3010 3096 3064 divinitatem
3127 3009 3339 3076 genitus
3367 3008 3496 3064 dicio

1891 3113 1999 3171 tur,
2031 3103 2192 3160 Pater
2208 3103 2465 3160 continuo
2486 3103 2796 3158 nominatur
2819 3141 2834 3167 ,
2860 3102 3000 3157 sicut
3020 3114 3147 3155 vere
3176 3101 3292 3170 ipse
3316 3099 3489 3153 dixit:

1889 3192 2004 3265 Ego
2021 3211 2052 3247 a
2074 3193 2236 3247 Patre
2255 3192 2444 3264 prodii,
2468 3201 2518 3247 et
2536 3193 2649 3245 veni
2673 3190 2851 3262 (Joan.
2885 3207 2991 3256 vni,
3022 3189 3144 3261 42);
3169 3197 3225 3244 et
3241 3188 3304 3245 Β.
3336 3204 3492 3243 evan.

200 3275 402 3345 pridem
441 3277 706 3347 perditam
736 3289 1041 3336 renovaret.
1083 3281 1363 3345 invenitur
1398 3282 1540 3336 enim
1571 3290 1786 3352 aposto-
1810 3294 1858 3360 ο
1888 3284 2079 3352 gelista
2109 3283 2177 3339 de
2205 3299 2305 3338 eo:
2340 3281 2408 3336 Et
2450 3282 2667 3337 vidimus
2696 3281 2914 3353 gloriam
2937 3282 3071 3352 ejus,
3095 3281 3316 3352 gloriam
3343 3281 3492 3349 quasi

202 3363 276 3423 los
303 3383 520 3443 quoque
549 3367 707 3438 hujus
735 3370 925 3426 fecisse
953 3372 1245 3428 creationis
1274 3372 1484 3439 bitium
1503 3414 1518 3439 ,
1551 3388 1784 3442 quorum

203 3457 373 3516 ofﬁcio
401 3463 676 3532 reparavit
713 3463 859 3532 quod
900 3462 1074 3518 fuerat
1099 3473 1223 3519 ante
1251 3464 1544 3534 collapsum
1565 3507 1580 3532 ,
1619 3464 1783 3520 beato

178 3549 394 3624 .lacobo
423 3553 638 3609 dicente
665 3553 733 3608 de
757 3554 868 3608 Deo
903 3552 1064 3610 Patre
1090 3572 1103 3608 :
1145 3554 1451 3609 Votuntarie
1477 3556 1650 3626 genuit
1690 3571 1784 3608 nos

211 3641 371 3700 Verbo
401 3647 652 3711 veritatis,
677 3655 731 3699 ut
755 3647 912 3700 simus
942 3647 1144 3700 initium
1168 3647 1376 3718 aliquod
1397 3655 1652 3701 creaturae
1670 3646 1784 3717 ejus

205 3733 397 3805 (Iacob.
420 3753 462 3803 ι,
495 3735 607 3806 18).
639 3734 1061 3792 Evidentissimis
1087 3737 1249 3804 igitur
1277 3736 1676 3791 demonstratur
1704 3736 1786 3789 in-

201 3824 380 3892 diciis,
429 3828 540 3897 hoc
582 3827 687 3898 55
709 3826 830 3881 loco
861 3825 1220 3891 creationem,
1273 3840 1378 3879 non
1407 3825 1475 3878 ad
1509 3823 1784 3879 conditio-

203 3930 318 3972 nem
332 3918 576 3974 omnium
592 3926 979 3983 creaturarum,
999 3916 1094 3973 sed
1111 3917 1177 3971 ad
1192 3916 1591 3986 reparationem
1611 3916 1788 3970 homi-‘

202 4022 321 4066 num
342 4009 684 4068 referendam
711 4027 723 4062 :
757 4011 894 4065 sicut
920 4017 975 4064 et
1003 4007 1171 4063 David
1195 4018 1412 4063 sanctus
1439 4007 1633 4070 oravit,
1659 4005 1788 4060 dum

203 4103 388 4171 gemini
412 4104 608 4158 fuisset
631 4102 871 4158 criminis
896 4099 1272 4157 recordatione
1301 4099 1648 4170 perterritus,
1679 4113 1788 4153 non

202 4193 365 4251 solum
401 4195 657 4252 temerati
685 4194 967 4260 connubii,
1019 4191 1114 4248 sed
1140 4192 1320 4247 mariti
1368 4191 1534 4246 etiam
1557 4190 1788 4246 insontis

204 4277 373 4342 Occisi.
402 4288 541 4343 Dum
565 4287 725 4358 igitur
753 4287 888 4341 tanti
909 4284 1162 4340 facinoris
1196 4299 1403 4339 naavum
1430 4283 1788 4356 lacrymarum

205 4370 410 4434 flumine
435 4376 797 4434 meditaretur
826 4358 1066 4441 abluere,
1084 4375 1189 4431 hoc
1208 4376 1347 4430 inter
1373 4375 1617 4444 gemitus,
1651 4390 1789 4444 quos

207 4471 360 4526 testes
379 4470 573 4526 habuit
588 4468 808 4535 doloris,
833 4467 1017 4523 effudit
1041 4485 1053 4520 :
1079 4466 1180 4520 Cor
1200 4466 1445 4520 mundum
1467 4481 1584 4520 crea
1610 4467 1664 4520 in
1686 4482 1788 4535 me,

206 4557 352 4626 Deus,
380 4575 429 4618 et
482 4563 720 4632 spiritum
767 4571 960 4615 rectum
1005 4561 1193 4614 innova
1237 4560 1288 4612 in
1337 4558 1608 4613 visceribus
1662 4559 1788 4614 meis

1896 3377 2158 3448 Unigeniti
2189 3393 2220 3430 a
2241 3375 2407 3429 Patre
2428 3373 2606 3445 (Joan.
2637 3389 2674 3439 ι,
2703 3373 2819 3442 14).
2850 3371 3034 3438 Vides,
3057 3373 3184 3441 quia
3221 3386 3328 3426 non
3359 3370 3492 3427 dixit

1889 3468 2000 3535 hic,
2022 3483 2053 3521 a
2081 3467 2334 3534 Domino,
2359 3465 2456 3520 sed
2486 3481 2516 3519 a
2540 3464 2720 3519 Patre.
2752 3463 2905 3531 Quod
2931 3473 3112 3520 autem
3132 3478 3256 3520 eum
3277 3461 3492 3520 Primo-
3557 3469 3560 3472 ’

1885 3559 2115 3628 genitum
2136 3557 2289 3611 totius
2312 3564 2565 3610 creatura:
2589 3554 2809 3627 (Coloss.
2836 3570 2881 3624 ι,
2907 3555 2998 3626 l5)
3022 3556 3153 3611 dicit
3177 3556 3489 3625 Apostolus,

1888 3655 2139 3704 creatura
2167 3649 2354 3717 utique
2385 3647 2701 3715 intelligitur
2745 3656 3032 3717 reparata,
3065 3663 3175 3703 non
3221 3646 3439 3703 condita
3471 3664 3490 3702 :

1888 3747 2139 3796 creatura
2169 3739 2400 3794 filiorum
2428 3738 2544 3804 Dei,
2593 3754 2700 3808 qua
2730 3754 2798 3793 ex
2845 3740 3015 3797 servis
3044 3739 3161 3808 ejus
3198 3738 3326 3796 facti
3355 3747 3486 3794 sunt

1891 3830 2083 3885 fratres
2108 3829 2225 3899 ejus
2245 3831 2337 3900 qui
2366 3846 2488 3896 nos,
2518 3831 2812 3885 Secundum
2842 3830 3088 3900 Apostoli
3117 3831 3338 3896 dictum,
3386 3847 3491 3885 non

1891 3921 2226 3992 confunditur
2256 3922 2446 3991 fratres
2492 3935 2692 3985 vocare,
2753 3920 2927 3973 dicens
2958 3936 2975 3972 :
3009 3917 3256 3972 Narrabo
3303 3935 3491 3974 nomen

1895 4021 2037 4065 tuum
2059 4011 2308 4082 fratribus
2329 4012 2474 4075 meis,
2499 4011 2556 4063 in
2581 4009 2751 4062 medio
2781 4008 3030 4063 Ecclesia:
3063 4009 3289 4064 laudabo
3317 4017 3385 4066 te.
3418 4008 3490 4063 Et

1889 4103 2112 4156 iterum:
2142 4099 2258 4171 Ego
2288 4116 2376 4154 ero
2405 4099 2574 4171 ﬁdens
2602 4100 2655 4152 in
2678 4115 2812 4152 eum.
2845 4097 2916 4151 Et
2943 4098 3128 4153 iterum
3176 4115 3195 4152 :
3223 4097 3361 4154 Ecce
3394 4117 3490 4173 ego

1889 4201 1944 4249 et
1966 4193 2134 4266 pueri,
2158 4209 2283 4265 quos
2307 4193 2432 4247 mihi
2464 4191 2602 4246 dedit
2637 4190 2817 4246 Deus:
2841 4191 3084 4263 quoniam
3120 4208 3243 4263 ergo
3267 4201 3318 4248 et
3340 4195 3492 4264 pueri

1891 4289 2395 4344 communicaverunt
2429 4286 2673 4358 sanguini
2718 4293 2768 4340 et
2804 4285 2970 4353 carni,
3021 4285 3261 4339 similiter
3287 4292 3337 4339 et
3379 4286 3492 4357 ipse

1891 4381 2220 4453 participavit
2249 4379 2467 4445 iisdem;
2499 4388 2554 4432 ut
2576 4394 2668 4448 per
2696 4387 2911 4433 mortem
2941 4377 3226 4432 destrueret
3249 4393 3365 4432 eum
3395 4379 3489 4450 qui

1893 4470 2112 4526 habebat
2140 4472 2316 4526 mortis
2340 4471 2632 4539 imperium,
2659 4469 2765 4541 56
2783 4469 2838 4521 id
2861 4477 2937 4522 est
2963 4466 3260 4534 diabolum;
3281 4478 3338 4522 ut
3365 4467 3491 4524 libe~

1893 4573 2036 4619 roret
2074 4581 2160 4619 eos
2193 4565 2279 4634 qui
2325 4564 2504 4616 timore
2532 4562 2713 4615 mortis
2749 4577 2842 4630 per
2881 4569 3039 4615 totam
3070 4561 3228 4615 vitam
3276 4558 3490 4616 obnoxii

209 4651 367 4724 (Psal.
392 4675 444 4726 L,
477 4657 587 4728 12).
622 4656 736 4712 Hoc
765 4671 888 4712 esse
913 4654 1218 4726 significans
1246 4669 1340 4709 cor
1369 4654 1624 4708 mundum
1649 4653 1703 4708 in
1730 4668 1790 4710 se
1817 4675 1867 4737 ι)
1892 4665 2044 4712 erant
2083 4655 2333 4710 servituti.
2378 4651 2649 4721 Nusquam
2691 4652 2828 4706 enim
2866 4651 3101 4724 angelos
3124 4651 3488 4723 apprehendit,

207 4751 388 4815 creari,
418 4749 569 4822 quod
621 4758 739 4805 erat
764 4749 1010 4820 spiritum
1041 4755 1247 4803 rectum
1276 4746 1329 4800 in
1354 4746 1471 4815 ejus
1491 4747 1786 4803 visceribus

209 4838 462 4900 innovari.
489 4843 571 4898 Ad
596 4844 700 4900 hoc
721 4858 850 4913 ergo
871 4843 1116 4898 Christus
1145 4841 1314 4897 voluit
1339 4841 1532 4907 creari,
1554 4849 1609 4897 et
1628 4841 1786 4911 hujus

209 4935 488 4992 creationis
535 4935 813 5006 apostolos
857 4950 984 4990 suos
1032 4934 1242 4988 initium
1270 4932 1406 4998 ﬁeri,
1448 4939 1508 4986 ut
1534 4948 1634 5003 per
1661 4948 1782 4988 eum

211 5036 382 5091 posset
407 5028 594 5094 homo,
628 5027 720 5096 qui
744 5033 1012 5082 vetustate
1043 5025 1297 5095 perierat,
1332 5023 1596 5078 innovari.
1647 5025 1786 5080 Ante

211 5117 453 5173 sarculum
478 5125 660 5172 autem
688 5117 952 5188 sapientia
982 5115 1254 5170 fundatam
1283 5129 1342 5170 se
1370 5113 1525 5181 dixit,
1566 5122 1624 5169 ut
1651 5115 1791 5170 nati-

210 5193 421 5262 vitatem
461 5224 635 5277 suam,
678 5222 786 5278 qua
812 5207 880 5263 de
900 5206 1061 5262 Patre
1105 5213 1232 5260 nata
1261 5211 1364 5272 est,
1398 5204 1790 5261 immutabilem

210 5293 600 5356 demonstraret
634 5319 646 5354 :
689 5299 834 5370 quod
877 5300 1021 5354 enim
1067 5297 1346 5353 fundatum
1389 5297 1602 5364 dicitur,
1644 5298 1790 5353 nulla

211 5391 409 5448 ratione
429 5391 790 5464 convelliturj,
813 5391 959 5461 quod
986 5398 1162 5445 autem
1187 5406 1294 5444 non
1317 5386 1655 5455 convellitur,
1683 5403 1790 5444 non

213 5492 460 5542 mutatur.
478 5485 744 5544 Utautem
771 5485 1024 5541 nativitas
1043 5484 1340 5540 divinitatis
1359 5482 1475 5552 ejus
1495 5482 1611 5538 sine
1639 5482 1791 5539 initio

212 5585 574 5644 cognoscatur,
599 5578 762 5634 debet
785 5575 990 5643 attendi
1012 5575 1156 5644 quod
1179 5576 1453 5644 sequitur:
1479 5573 1792 5645 Priusquam

215 5669 392 5721 terram
420 5670 628 5740 faceret,
659 5669 954 5740 priusquam
996 5663 1208 5736 abyssos
1248 5667 1597 5732 constitueret,
1627 5664 1792 5734 prius-

214 5771 355 5824 quam
377 5761 708 5831 procederent
729 5761 894 5832 fontes
933 5772 1202 5825 aquarum,
1250 5754 1547 5826 priusquam
1593 5763 1790 5809 montes

214 5849 572 5921 stabilirentur,
600 5863 720 5909 ante
745 5868 920 5908 omnes
943 5857 1110 5905 autem
1129 5847 1282 5904 colles
1306 5848 1478 5921 genuit
1504 5865 1584 5902 me
1606 5847 1784 5918 (Prov.

214 5952 319 6006 Vm,
364 5943 576 6019 23-26.)
605 5945 750 6005 Istud
780 5954 918 6016 ante,
950 5958 1071 6002 cum
1101 5941 1316 6010 dicitur,
1369 5955 1528 5998 omne
1568 5955 1788 6013 prorsus

1893 4750 1984 4804 sed
2007 4762 2181 4802 semen
2200 4743 2425 4799 Abrahae
2450 4742 2810 4814 apprehendit.
2835 4741 2986 4797 Unde
3004 4740 3177 4796 debuit
3201 4758 3294 4813 per
3311 4742 3491 4798 omnia

1895 4836 2144 4910 fratribus
2173 4835 2475 4898 assimilari,
2501 4844 2559 4888 ut
2585 4835 2880 4888 misericors
2905 4834 3071 4902 ﬁeret,
3099 4841 3150 4888 et
3167 4831 3340 4903 ﬁdelis
3363 4849 3490 4904 pono

1895 4932 2023 5004 tifea:
2054 4929 2124 4984 ad
2153 4928 2348 4995 Deum,
2371 4937 2427 4981 ut
2448 4927 2815 4999 repropitiaret
2854 4925 3044 4980 delicta
3090 4925 3289 4997 populi.
3325 4922 3395 4978 In
3425 4939 3489 4978 eo

1893 5023 2052 5089 enim,
2081 5020 2218 5094 quod
2244 5035 2431 5090 passus
2468 5027 2546 5073 est
2570 5018 2682 5089 ipse
2709 5025 2758 5072 et
2797 5025 3038 5081 tentatus,
3066 5023 3248 5086 potens
3287 5020 3365 5068 est
3404 5012 3489 5068 his

1894 5116 1984 5188 qui
2010 5120 2273 5168 tentantur
2316 5110 2564 5164 auxiliari
2609 5107 2794 5182 (Hebr.
2849 5124 2904 5174 ιι,
2960 5105 3172 5177 11-18).
3226 5103 3488 5161 Audimus

1897 5206 2168 5262 Christum
2193 5203 2482 5259 habentem
2504 5201 2716 5269 fratres,
2735 5201 2981 5258 audimus
3007 5213 3193 5256 semen
3217 5193 3485 5262 Abrahae;

1896 5297 2145 5352 audimus
2198 5277 2297 5365 per
2323 5302 2555 5351 mortem
2582 5309 2706 5350 eum
2726 5293 2818 5363 qui
2843 5290 3075 5347 habebat
3098 5287 3288 5343 mortis
3311 5288 3488 5360 impe-

1895 5389 2037 5444 rium
2092 5387 2469 5470 destruentetn
2479 5404 2493 5454 ;
2518 5385 2761 5442 audimus
2781 5390 3078 5448 tentatum;
3101 5379 3348 5440 audimus
3364 5397 3488 5455 pasv

1900 5495 2037 5548 sum,
2090 5488 2147 5536 et
2189 5479 2495 5536 dubitamus
2533 5478 2804 5534 Christum
2850 5473 3270 5544 Primogenitum
3318 5477 3486 5534 totius

1896 5581 2157 5628 creaturze
2203 5569 2498 5627 secundum
2567 5565 2951 5623 lncarnationis
2993 5563 3237 5638 proﬁteri
3278 5575 3485 5639 myste-

1896 5665 2069 5720 rium?
2096 5662 2231 5719 Cum
2260 5663 2439 5719 denuo
2463 5661 2654 5716 beatus
2668 5657 2976 5728 Apostolus,
3007 5659 3061 5714 in
3089 5674 3199 5730 quo
3223 5675 3347 5715 eum
3363 5657 3484 5714 Pri-

1894 5757 2225 5826 mogenitum
2251 5754 2509 5810 debemus
2543 5749 2790 5820 accipere
2850 5750 3160 5808 testimonio
3203 5765 3314 5806 sua:
3341 5765 3482 5821 prae-

1895 5846 2478 5906 dicationisostendat:
2507 5844 2731 5912 Scimus,
2763 5845 3038 5916 inquiens,
3069 5847 3308 5917 quoniam
3357 5843 3481 5898 dili-

1893 5941 2126 6012 gentibus
2153 5941 2317 5997 Deum
2357 5938 2530 5994 omnia
2558 5947 2902 6008 cooperantur
2940 5940 2996 5993 in
3031 5937 3238 6005 bonum,
3286 5937 3362 5991 his
3393 5934 3478 6005 qui
