4120 6484
518 374 625 464 ω’
868 409 878 420 -
1541 387 1597 445 s.
1635 380 2002 444 sumsum
2039 378 2349 443 EPISCOPI
2386 379 2762 441 noscamus
3700 385 3847 439 uta

518 514 794 575 secundum
839 495 1359 587 proposituinhuocati
1403 512 1523 567 sunt
1556 504 1755 560 sancti.
1787 498 1844 561 Ν
1846 517 1933 558 om
1971 514 2101 575 quos
2129 500 2188 582 ᾼ
2210 500 2351 573 facta
2379 506 2476 567 est,
2504 499 2750 573 quoniam
2777 497 2915 557 hanc
2947 497 3093 557 Deus
3121 497 3418 571 adimpleoit
3442 499 3572 571 ﬁliis
3590 504 3845 562 nostris,

517 609 770 685 praecinit
817 618 869 665 et
913 605 1300 683 prcdestinavit
1349 604 1637 673 conformat
1686 599 1801 670 fieri
1857 597 2105 669 imaginis
2210 591 2522 647 resuscitans
2542 588 2753 657 Iesum;
2781 592 2914 649 sicut
2933 600 2984 649 et
3003 593 3059 647 in
3086 590 3286 662 psalmo
3306 592 3533 647 secundo
3558 593 3844 662 scripturus

518 678 647 757 Filii
675 700 807 771 ejus,
839 678 925 763 ut:
938 698 1009 753 sit
1035 697 1143 769 ipse
1169 692 1551 766 Primogenitut
1574 690 1629 744 in
1652 688 1825 743 multis
1855 684 2105 759 fratribus
2212 689 2288 771 est
2304 696 2321 736 :
2346 678 2516 771 Filius
2544 697 2683 739 meus
2704 698 2755 739 es
2786 691 2859 746 tu,
2886 698 2981 754 ego
3000 681 3154 739 hodie
3174 683 3390 754 genuite
3408 683 3838 754 (Act.xm,'52).

518 768 713 865 (Rom.
736 806 857 861 .vm,
894 786 984 857 38,
1034 768 1148 857 29).
1190 784 1290 854 Qui
1343 796 1470 856 ergo
1508 777 1803 839 secundum
1849 775 2106 833 deitatem
2212 768 2329 865 lloc
2357 770 2682 865 igiturquod
2708 772 3125 858 psalmus-dixit,
3158 773 3459 833 secundmn
3490 774 3544 835 id
3572 775 3839 845 Aposto-

519 850 734 953 semper
766 850 1081 951 Unigenitus
1107 850 1233 935 fuit
1266 875 1383 935 sine
1400 850 1678 940 lratribus,
1704 864 1877 927 lactus
1900 874 1987 929 est
2013 882 2105 925 se-
2211 862 2297 927 lus
2346 864 2585 927 ostendit
2629 864 2697 921 ad
2740 850 3204 931 Filium'dictum,
3248 866 3542 929 secundum
3587 866 3737 937 quod
3797 883 3841 921 τι

518 932 751 1029 cundum
789 932 1061 1033 hominem
1090 964 1482 1045 Primogenitus
1510 962 1564 1021 in
1604 932 1787 1019 multis
1825 956 2103 1017 fratribus.
2213 960 2441 1021 mortuis
2463 959 2719 1032 praedicat
2741 961 3076 1019 suscitatam.
3101 960 3427 1023 Attendamr
3450 974 3584 1029 ergo
3606 932 3737 1030 quae
3794 932 3863 1015 ai

520 1062 673 1139 Quod
701 1060 1003 1125 evidentius
1031 1058 1125 1121 illo
1153 1071 1335 1131 rursus
1364 1052 1608 1128 Apostoli
1643 1049 1952 1113 testimonio
1975 1064 2107 1125 per-
2213 1052 2442 1109 mortuis
2467 1051 2522 1109 in
2543 1050 2762 1113 Christo
2782 1060 2974 1111 natura
3003 1052 3258 1118 surrexit,
3287 1061 3344 1111 et
3370 1050 3703 1121 intelligetur
3722 1064 3835 1105 se-

521 1156 782 1219 docotur:
809 1155 899 1215 ubi
928 1151 1309 1224 Primogenitus
1331 1165 1395 1211 ea:
1418 1147 1630 1213 mortuis
1658 1147 1953 1205 nominatur
1981 1141 2110 1216 (Co.
2214 1144 2447 1205 cundum
2474 1144 2605 1217 quid
2632 1140 2878 1205 Christus
2905 1143 3066 1207 hodie
3103 1142 3316 1213 genitus
3353 1140 3612 1205 terminos
3654 1146 3840 1199 terra

521 1250 644 1313 loss.
676 1266 714 1317 ι,
748 1248 859 1318 l8).
903 1245 1041 1319 Quid
1067 1245 1208 1309 enim
1231 1253 1314 1301 est
1333 1240 1729 1310 Primogenitus
1757 1254 1825 1297 ex
1854 1237 2107 1305 mortuis,
2214 1236 2569 1308 possidendas
2615 1237 2844 1308 accepit.
2902 1235 3244 1307 Agnoscatur
3284 1233 3468 1305 itaque
3513 1231 3571 1295 in
3597 1230 3837 1291 Christo

520 1342 624 1403 nisi
646 1343 847 1417 primus
866 1356 930 1399 ex
953 1338 1327 1413 peccatoribus
1342 1336 1650 1399 hominibus
1679 1334 1841 1391 homo
1862 1330 2113 1391 Christus

522 1434 673 1501 Iesus
701 1437 753 1497 in
779 1435 874 1497 Dei
904 1432 1094 1495 Filium
1116 1430 1418 1493 exaltatus?
1458 1428 1624 1485 Natus
1652 1435 1830 1489 autem
1859 1433 1960 1491 est,
2002 1439 2112 1481 non

521 1527 600 1593 sic
650 1541 718 1589 ex
766 1525 1143 1599 peccatoribus
1176 1528 1456 1595 peccator,
1501 1520 1638 1577 sicut
1688 1534 1757 1577 ex
1805 1515 2114 1581 hominibus

519 1618 706 1687 Mitto,
734 1616 830 1677 sed
859 1624 1019 1681 natus
1042 1622 1126 1677 est
1153 1614 1336 1678 homo,
1365 1619 1644 1685 susceptus
1667 1624 1699 1667 a
1725 1609 1839 1666 Deo
1861 1608 1977 1667 sino
2000 1606 2114 1662 ullo

520 1718 767 1784 peccato,
803 1717 864 1773 ut
910 1716 1227 1781 peccatores
1272 1704 1522 1765 homines
1561 1702 1937 1765 reconciliaret
1976 1700 2110 1767 Deo,

521 1803 781 1869 liberatos
800 1802 870 1859 ab
898 1800 1044 1861 omni
1085 1807 1328 1875 peccato.
1377 1797 1564 1855 Talem
1601 1796 1797 1869 quippe
1838 1792 2115 1853 hominem

2215 1329 2521 1401 proprietas
2557 1327 2839 1399 utriusque
2885 1334 3110 1393 naturae,
3144 1332 3204 1387 ut
3240 1323 3358 1385 sine
3405 1336 3595 1383 errore
3634 1321 3831 1397 possit

2217 1419 2465 1493 intelligi,
2487 1427 2543 1479 et
2571 1426 2807 1483 creatus,
2836 1425 2893 1483 et
2918 1415 3189 1479 laudabis.
3216 1422 3273 1477 et
3306 1413 3559 1485 genitus:
3600 1412 3833 1481 genitus

2216 1513 2418 1585 quippe
2456 1519 2540 1573 est
2594 1516 2650 1567 et
2692 1508 2947 1569 Inundatus
2976 1504 3273 1565 secundum
3301 1502 3449 1576 quod
3472 1502 3541 1559 de
3580 1500 3831 1559 Domino

2218 1602 2652 1663 inenarrabiliter
2701 1609 2860 1681 natus
2912 1607 2995 1657 est
3045 1596 3336 1661 Dominus;
3369 1601 3585 1651 creatus
3630 1599 3831 1649 autem

2216 1695 2512 1755 secundum
2539 1680 2827 1753 humanam
2850 1688 3256 1761 generationem
3274 1700 3378 1759 qua
3405 1683 3475 1741 do
3500 1680 3698 1741 ancilla
3717 1696 3827 1737 na-

2219 1794 2307 1843 tus
2328 1794 2412 1847 est
2440 1800 2647 1850 servus,
2676 1790 2735 1839 ut
2762 1796 2925 1855 quem
2952 1776 3290 1845 ante,omuia
3324 1773 3500 1831 solum
3529 1771 3693 1831 Pater
3715 1783 3825 1839 ge-

522 1862 764 1965 Oportuit
792 1906 826 1951 a
851 1892 964 1953 Deo
995 1862 1230 1962 suscipi,
1268 1904 1367 1963 per
1402 1904 1563 1963 quem
1603 1862 1827 1958 possent
1868 1883 2120 1941 homines
2149 1883 2198 1951 Β
2224 1877 2341 1934 nuit
2370 1892 2438 1933 ex
2461 1884 2674 1941 natura,
2699 1889 2800 1945 pro
2820 1879 3004 1929 nostra
3030 1869 3205 1925 salute
3224 1870 3509 1939 generaret
3527 1879 3593 1920 ex
3615 1862 3821 1930 gratia.

522 1986 633 2049 Deo
652 1986 885 2057 gratuito
902 1983 1286 2056 iustiﬁcatione
1306 1978 1577 2051 conjungi.
1613 1977 1995 2049 Primogenitus
2015 1978 2115 2048 igi-

521 2087 605 2143 tur
632 2084 714 2135 ut
737 2078 893 2137 totius
924 2084 1178 2133 creatura:
1212 2069 1436 2140 (Coloss.
1481 2086 1518 2134 ι,
1558 2068 1668 2139 15),
1698 2067 1838 2123 illius
1871 2064 2117 2139 profecto

527 2167 597 2229 de
654 2182 762 2239 qua
825 2166 1044 2229 beatum
1097 2160 1419 2238 apostolum
1478 2157 1739 2217 Jacobum
1814 2154 2117 2213 audivimus

524 2260 687 2334 paulo
713 2266 842 2317 ante
865 2258 1101 2317 dixisse:
1146 2253 1449 2329 Voluntarie
1468 2251 1647 2322 genuit
1680 2265 1776 2307 nos
1805 2246 1952 2303 verba
1982 2248 2115 2301 reri.

525 2350 670 2420 tatis,
696 2349 932 2411 animus
963 2346 1171 2411 initium
1203 2340 1414 2419 aliquod
1456 2348 1708 2399 creatur-te
1751 2338 1863 2411 ejus
1909 2335 2048 2406 (Jac.
2075 2353 2113 2397 ι.

525 2438 639 2512 18).
671 2438 750 2499 De
774 2437 878 2499 hac
905 2442 1153 2497 creatura
1192 2432 1321 2489 dicit
1359 2429 1521 2491 etiam
1565 2426 1762 2487 Paulus
1799 2426 2113 2503 apostolus:

527 2532 712 2605 Siqua
733 2546 857 2602 ergo
881 2532 937 2591 in
971 2527 1174 2585 Christo
1211 2541 1343 2583 nova
1374 2532 1616 2583 creatura
1643 2518 1730 2591 (ll
1762 2519 1879 2576 Cor.
1914 2535 1967 2586 v,
2001 2517 2117 2590 17).

526 2623 607 2682 De
646 2638 752 2693 qua
805 2621 971 2679 etiam
1018 2616 1189 2683 David
1224 2614 1581 2703 pmdix’erat:
1622 2611 1817 2679 Emitte
1862 2609 2119 2681 Spiritum

531 2728 673 2779 tuum
698 2724 751 2777 et
772 2713 1104 2781 creabantur,
1141 2719 1193 2771 et
1236 2708 1506 2773 renouabis
1536 2708 1719 2782 {aciem
1752 2714 1905 2763 terra:
1941 2704 2115 2777 (Psal.

530 2824 644 2877 aut,
665 2805 780 2879 50).
812 2805 1081 2878 Alioquin,
1107 2804 1153 2861 si
1178 2801 1475 2865 secundum
1504 2800 1736 2863 divinam
1782 2799 2119 2857 nativitatem

529 2896 777 2967 Christus
802 2894 1199 2967 Primogenitus
1225 2902 1486 2963 creatura:
1507 2893 1672 2953 totius
1695 2889 1976 2961 accipitur,
1999 2890 2117 2960 qui-

529 2988 989 3055 bus,testimoniis
1015 2995 1140 3049 ante
1167 2999 1385 3043 omnem
1433 2991 1737 3041 creaturam
1780 2978 2116 3050 Primogeui-

528 3094 618 3143 tus
669 3097 739 3143 ex
775 3082 1006 3143 mortuis
1043 3080 1374 3139 ostenditur?
1422 3094 1545 3139 cum
1590 3077 1697 3139 dici
1742 3092 1853 3139 non
1899 3081 2121 3151 possent

530 3172 756 3238 mortui,
785 3172 879 3243 qui
918 3169 1145 3233 necdum
1172 3168 1385 3227 fuerant
1425 3166 1510 3223 vel
1552 3165 1742 3225 creati.
1777 3163 2120 3233 Unigenitnm

2222 1968 2486 2038 Quocirca
2515 1974 2795 2035 utramque
2817 1962 3079 2019 debemus
3106 1959 3161 2017 in
3187 1957 3403 2019 Christo
3442 1954 3675 2013 Domino
3717 1968 3825 2009 na-

2220 2068 2396 2119 turam
2413 2069 2731 2126 agnoscere,
2743 2060 2802 2109 ut
2822 2067 2925 2109 nec
2943 2050 3202 2111 adversus
3216 2054 3521 2107 creatorem
3532 2043 3826 2109 videamur

2222 2148 2463 2220 superbi,
2509 2160 2611 2203 nec
2647 2140 2897 2201 beneﬁcii
2952 2139 3124 2197 nostri
3171 2136 3470 2195 Salvatoris
3522 2133 3825 2191 existumas

2224 2237 2319 2311 (al.
2346 2231 2737 2304 existimemur)
2765 2229 2984 2300 ingrati,
3034 2244 3104 2287 ne
3141 2225 3287 2301 apud
3314 2224 3652 2283 Salvatorem
3699 2222 3822 2294 ipse

2221 2333 2326 2390 sibi
2355 2332 2584 2399 deneget
2604 2342 2766 2400 quam
2786 2324 2980 2399 quierit
3006 2322 3256 2388 salutem,
3287 2318 3379 2395 qui
3429 2315 3704 2375 Creatoris
3745 2315 3822 2373 de

2224 2424 2338 2481 Deo
2367 2420 2527 2479 Patre
2558 2434 2744 2477 veram
2773 2417 3000 2487 denegat
3031 2414 3307 2471 deitatem.

2300 2511 2534 2585 Objectio
2559 2512 2614 2566 i.
2641 2508 2749 2567 Sed
2775 2508 2867 2580 qui
2889 2513 3220 2581 praesumunt
3260 2499 3701 2561 irrationabiliter
3733 2496 3818 2554 di-

2224 2622 2348 2663 cere
2382 2606 2450 2661 de
2501 2603 2677 2663 Patris
2718 2600 3019 2658 substantia
3064 2605 3250 2655 natum
3289 2610 3407 2650 esse
3448 2592 3674 2659 Filium,
3717 2588 3818 2646 do-

2226 2706 2391 2755 ceant
2420 2712 2517 2769 per
2537 2695 2844 2765 Scripturas
2874 2700 3052 2747 tamen
3073 2685 3344 2762 quomodo
3373 2702 3480 2743 non
3508 2684 3579 2743 sit
3616 2683 3818 2745 erroris

2224 2790 2360 2847 falsa
2390 2788 2675 2861 professio,
2708 2784 2801 2859 qui
2829 2799 2950 2839 cum
2976 2780 3108 2839 dicit
3149 2777 3563 2836 inenarrabilem
3584 2790 3706 2833 esse
3731 2789 3819 2845 ge-

2224 2884 2564 2945 nerationem
2594 2879 2730 2952 ejus,
2760 2884 2964 2935 asserat
2991 2889 3113 2931 eum
3143 2872 3213 2929 de
3245 2869 3421 2927 Patris
3458 2884 3580 2927 esse
3627 2876 3813 2927 natum

2227 2974 2546 3035 substantia.

2301 3064 2610 3138 Responsio.
2634 3060 2963 3119 Assertionis
2983 3055 3226 3117 defectus
3252 3053 3576 3132 agnoscitur,
3600 3049 3820 3122 quando

2228 3160 2349 3231 quis
2390 3159 2464 3213 ita
2502 3154 2626 3211 ﬁdei
2673 3154 2896 3213 alterius
2931 3151 3211 3207 destruere
3249 3146 3441 3205 nititur
3459 3144 3712 3215 regulam,
3750 3150 3814 3198 ut
3850 3206 3855 3209 Α

533 3280 664 3333 ergo
692 3235 962 3325 Christum
992 3261 1372 3331 cognoscimus
1399 3274 1465 3313 ex
1490 3255 1670 3321 Patre,
1695 3254 2124 3325 Primogcnitum
2152 3267 2199 3333 ο
2230 3248 2565 3306 credulitatis
2612 3261 2721 3311 sua:
2765 3244 2972 3299 ﬁrmam
3017 3242 3154 3298 nolit
3192 3237 3436 3312 proferre
3472 3235 3816 3295 sententiam.

533 3353 885 3426 proﬁteamur
909 3352 1004 3424 (al.
1031 3337 1365 3422 proﬁtemur)
1395 3362 1462 3403 ex
1485 3346 1716 3419 virgine:
1742 3346 1793 3400 in
1815 3345 1905 3403 illa
1927 3345 2128 3417 quippe

535 3446 818 3517 nativitato
836 3458 965 3503 vero
992 3451 1076 3506 est
1114 3439 1449 3509 Unigenitus,
1487 3438 1542 3495 in
1584 3452 1691 3508 qua
1721 3435 1835 3491 sine
1864 3434 2017 3493 initio
2058 3435 2129 3491 de

536 3543 657 3607 solo
677 3541 793 3599 Deo
815 3540 965 3599 solus
993 3546 1152 3595 natus
1179 3543 1263 3597 est
1289 3532 1432 3595 Deus
1456 3550 1469 3586 :
1502 3532 1556 3593 in
1576 3531 1681 3593 hac
1707 3538 1887 3589 autem
1927 3528 2127 3587 nativi-

537 3644 651 3694 tate
677 3632 1062 3705 Primogsnitus
1104 3635 1181 3691 est
1207 3627 1378 3693 .totius
1403 3634 1654 3681 creatura:
1699 3621 1922 3693 (Coloss.
1946 3636 1983 3686 ι,
2012 3619 2126 3691 l6),

539 3726 596 3785 id
620 3734 706 3785 est
749 3738 937 3784 eorum
960 3736 1099 3792 quos
1128 3720 1181 3777 in
1207 3717 1403 3774 fratres
1426 3716 1527 3777 sibi
1557 3730 1653 3785 per
1681 3713 1842 3771 tidem
1881 3711 2133 3781 dignatus

538 3828 624 3878 ost
651 3817 931 3888 adoptare.
965 3811 1226 3886 Quotquot
1263 3817 1440 3869 autem
1478 3815 1779 3873 receperunt
1809 3821 1943 3871 eum,
1988 3802 2131 3857 dedit

537 3914 615 3970 sis
646 3917 948 3983 potestatein
981 3906 1122 3978 ﬁlios
1149 3904 1251 3963 Dei
1279 3903 1427 3973 ﬁeri,
1465 3901 1548 3959 his
1572 3900 1659 3973 qui
1686 3899 1901 3955 credunt
1936 3898 1991 3957 in
2030 3913 2128 3951 no-

537 4005 677 4063 mine
714 4002 826 4075 ejus
853 3999 1034 4072 (loon.
1069 4015 1107 4065 ι.
1142 3996 1253 4069 12).
1290 3994 1419 4059 lituo
1452 3992 1730 4063 generatio
1785 3991 1841 4047 in
1891 3989 2132 4051 secundo

539 4109 758 4169 quoque
795 4092 1007 4165 psalmo
1033 4088 1378 4159 cognoscitur
1417 4083 1728 4156 pradicant,
1761 4081 1851 4137 ubi
1888 4080 2133 4141 Christus

540 4199 610 4247 os
636 4198 869 4256 persona
891 4180 1130 4250 suscepti
1153 4176 1385 4235 hominis
1409 4174 1567 4235 dicit;
1609 4171 1863 4233 Dominus
1891 4172 2024 4229 dixit
2064 4169 2133 4225 ad

542 4292 642 4343 nso,
666 4273 838 4333 Filius
867 4288 1009 4331 acut
1032 4288 1086 4331 et
1104 4278 1180 4336 tu.
1208 4286 1304 4341 ego
1334 4268 1486 4327 hodie
1512 4266 1664 4338 genui
1703 4274 1749 4319 te
1771 4263 1941 4335 (Psal.
1967 4279 2026 4332 tt,
2053 4262 2131 4335 7).

543 4365 699 4434 Quod
719 4376 780 4424 ut
808 4362 1103 4423 "cundum
1138 4358 1528 4423 incarnationis
1560 4357 1753 4417 futura:
1795 4355 2130 4427 mysterium,

543 4458 746 4515 dictum
773 4470 893 4519 esse
932 4462 1280 4519 monstraret,
1312 4450 1558 4519 adjunxit
1590 4468 1603 4504 :
1639 4448 1856 4507 Postula
1898 4465 1930 4502 a
1952 4465 2052 4516 me,
2082 4456 2134 4507 et

545 4546 678 4607 dabo
698 4547 787 4607 tibi
806 4553 982 4619 gentos
997 4544 1351 4607 hatreditatern
1372 4552 1513 4601 tuam
1531 4550 1579 4597 et
1595 4541 1972 4613 possessionem
1994 4548 2134 4599 tuam

2232 3344 2343 3401 Nos
2371 3341 2574 3399 idcirco
2602 3338 2796 3401 Filium
2827 3337 2922 3392 Dei
2965 3335 3033 3392 de
3072 3333 3247 3389 Patris
3285 3330 3582 3389 substantia
3611 3336 3814 3393 natum,

2233 3437 2340 3493 hoc
2366 3441 2469 3499 est,
2494 3431 2562 3489 de
2590 3447 2656 3489 eo
2676 3421 2821 3500 quod
2849 3427 3011 3483 Pater
3038 3434 3141 3492 est,
3170 3425 3437 3483 credimus
3472 3430 3527 3481 et
3568 3421 3817 3477 fatemur.

2234 3526 2500 3597 Quoniam
2522 3522 2782 3595 quidquid
2810 3520 3104 3578 substantia
3131 3518 3227 3594 Dei
3265 3535 3375 3575 non
3404 3525 3511 3586 est,
3540 3531 3648 3572 non
3692 3528 3817 3587 poo-

2234 3633 2418 3675 sumus
2462 3624 2521 3671 ut
2566 3616 2736 3670 Deum
2766 3612 2854 3669 vel
2879 3611 3123 3677 adorare,
3153 3611 3238 3667 vel
3269 3611 3464 3676 colere,
3495 3616 3817 3681 praeceptum
3846 3609 3863 3629 ⁶

2235 3708 2369 3781 legis
2392 3706 2671 3763 sollicitius
2696 3705 3043 3760 observantes
3070 3718 3178 3774 quo
3199 3702 3426 3761 dicitur:
3449 3700 3608 3767 Audi,
3632 3697 3814 3765 Israel,

2237 3794 2491 3850 Dominus
2517 3790 2653 3846 Deus
2696 3800 2811 3845 tuus
2843 3788 3094 3845 Dominus
3130 3804 3262 3841 unus
3290 3795 3386 3842 est.
3420 3783 3506 3851 Et,
3543 3784 3814 3839 Dominum

2237 3885 2404 3943 Deum
2419 3895 2560 3941 tuum
2575 3882 2843 3949 adorabis,
2864 3892 2913 3936 et
2934 3881 3009 3935 illi
3029 3879 3126 3934 soli
3147 3879 3331 3933 servies
3350 3876 3528 3949 (Deut.
3544 3893 3611 3941 vl,
3629 3872 3682 3939 4,
3708 3874 3833 3945 45):-

2238 3976 2406 4044 Quem
2431 3974 2621 4038 Deum,
2665 3988 2773 4029 non
2804 3970 3019 4025 Patrem
3041 3968 3213 4046 solum
3262 3967 3550 4032 credimus,
3591 3965 3687 4023 sed
3730 3962 3816 4019 Pa-

2238 4078 2399 4137 trem,
2430 4077 2485 4127 et
2525 4066 2740 4131 Filium,
2771 4072 2827 4121 et
2868 4062 3127 4135 Spiritum
3164 4069 3429 4117 sanctum.
3476 4057 3637 4114 Fides
3682 4058 3814 4123 enim

2239 4169 2442 4223 nostra,
2466 4174 2571 4229 qua
2594 4172 2757 4217 unum
2798 4154 2968 4210 Deum
3010 4153 3256 4217 colimus,
3292 4161 3360 4211 et
3406 4151 3676 4219 timemus,
3724 4164 3815 4208 nec

2239 4252 2438 4307 unione
2467 4248 2734 4321 personali
2754 4246 3111 4314 contrahitur,
3153 4260 3253 4300 nec
3279 4244 3616 4301 substantiali
3644 4241 3815 4299 diver-

2238 4344 2399 4399 sitate
2427 4340 2784 4411 disjungitur:
2815 4353 2885 4393 ne
2914 4347 3005 4395 aut
3022 4338 3154 4395 deos
3174 4337 3447 4407 gentiliter
3473 4336 3714 4397 colamus
3740 4334 3815 4399 di.

2237 4451 2422 4495 versas
2449 4433 2675 4491 colendo
2701 4431 3044 4497 substantias,
3104 4439 3197 4489 aut
3231 4430 3423 4488 Filium
3467 4440 3523 4487 et
3564 4431 3815 4503 Spiritum

2240 4545 2361 4591 cum
2381 4527 2618 4585 Sabellio
2639 4526 2984 4597 denegemus,
3014 4541 3122 4583 non
3164 4534 3445 4585 servantes
3469 4526 3523 4585 in
3562 4525 3815 4587 Trinitato

547 4640 1013 4720 minuma.
1064 4633 1346 4702 Quomodo
1375 4632 1517 4688 enim
1566 4632 1861 4690 secundum
1908 4631 2136 4689 formam
2164 4636 2521 4721 Dpersonas.
2556 4618 2727 4689 Hujus
2756 4618 2880 4675 ﬁdei
2906 4626 3109 4676 rectam
3151 4619 3545 4685 credulitatem,
3590 4634 3699 4674 non
3743 4633 3816 4681 so

546 4731 647 4788 Dei
673 4708 932 4791 torruinos
950 4724 1111 4787 terras
1134 4724 1484 4797 possidendos
1511 4732 1743 4796 peteret,
1767 4740 1888 4787 cum
1910 4738 2135 4795 regnum
2164 4708 2210 4721 ”
2242 4716 2353 4771 lum
2379 4712 2717 4785 prophetica,
2740 4711 2835 4768 sed
2883 4720 2938 4768 et
2980 4708 3277 4782 apostolica
3307 4711 3464 4767 nobis
3491 4709 3725 4765 insinuat
3767 4711 3816 4769 in

546 4827 828 4891 calorum,
854 4824 999 4896 quod
1028 4822 1201 4896 majus
1237 4830 1340 4885 est.
1367 4822 1480 4881 suis
1509 4821 1752 4893 ﬁdelibus
1781 4823 2061 4893 promittat
2080 4831 2138 4882 et

546 4917 747 4973 donet?
773 4916 869 4973 Ille
896 4931 1026 4985 ergo
1045 4915 1138 4985 qui
1156 4928 1478 4985 permanens
1500 4913 1554 4969 in
1584 4913 1755 4971 lorma
1784 4914 1878 4971 Dei
1926 4930 2025 4984 pro
2046 4931 2135 4970 sa-

547 5008 660 5064 lute
679 5021 961 5069 servorum
989 5004 1162 5067 lactus
1188 5012 1273 5061 est
1312 5019 1522 5069 servus,
1556 4992 1850 5061 secundum
1885 5005 2137 5071 servilem

545 5098 799 5165 formam,
827 5106 888 5154 ut
908 5097 1180 5167 occiperet
1207 5103 1396 5163 gentes
1425 5095 1796 5155 hmreditatem
1824 5104 1882 5153 ot
1928 5111 2135 5167 posses-

548 5191 775 5255 sionem,
806 5198 966 5248 terra
988 5185 1245 5247 terminos
1272 5186 1584 5257 postulavit,
1613 5186 1706 5256 qui
1731 5185 2029 5247 secundum
2049 5187 2133 5244 di-

549 5280 727 5343 vinam
756 5288 1002 5341 naturam
1020 5278 1160 5339 sicut
1185 5278 1453 5343 universa,
1485 5291 1606 5346 quae
1631 5276 1685 5333 in
1714 5277 1816 5347 57
1847 5278 1986 5337 coelo
2011 5285 2137 5339 sunt

550 5378 610 5427 et
637 5370 692 5429 itt
734 5379 895 5437 terra.
936 5372 1170 5435 visibilis
1202 5379 1260 5429 et
1293 5369 1579 5429 invisibilia
1620 5383 1741 5429 cum
1786 5366 1947 5427 Patre
1983 5368 2129 5437 fecit,

551 5459 630 5519 ita
652 5474 774 5519 cum
801 5459 961 5521 Putre
979 5477 1194 5534 seraper
1219 5462 1466 5519 universa
1495 5458 1756 5531 possedit.
1787 5459 1937 5517 Hanc
1962 5474 2129 5529 gene-

554 5549 822 5609 rationem
843 5564 1005 5631 quam
1027 5553 1265 5623 psalmus
1291 5551 1560 5611 secundus
1585 5550 1819 5611 insinuat
1848 5551 1915 5609 ad
1945 5550 2130 5610 lucar-

552 5642 791 5701 natlonis
817 5643 1129 5713 mysterium
1154 5646 1445 5716 pertinere,
1477 5644 1612 5702 liber
1644 5643 1873 5703 Actunm
1914 5655 2135 5717 aposto-

554 5734 711 5789 lor'.:..
744 5777 756 5789 .
783 5729 952 5788 Paulo
984 5732 1037 5788 in
1071 5749 1338 5805 synagoga
1378 5735 1651 5809 loquente,
1694 5743 1951 5803 testatur;
1981 5736 2137 5807 cujus

554 5840 665 5881 ἐνι
694 5824 758 5881 ad
784 5822 997 5881 luuezos
1029 5823 1399 5895 hujuscemodi
1436 5826 1739 5898 reperitur:
1772 5825 1837 5882 Et
1869 5844 1966 5883 nos
1994 5828 2133 5885 vobis

560 5919 928 5989 “nuntiantes
960 5935 1079 5977 eam
1116 5935 1231 5992 qua
1259 5920 1328 5979 ad
1354 5929 1527 5991 patres
1557 5929 1760 5981 nostros
1798 5923 2135 5988 repromissio

2237 4806 2467 4863 veritate
2513 4802 2777 4859 doctrina.
2812 4801 2946 4858 Nam
2989 4801 3139 4859 Isaiae
3180 4801 3273 4874 (al.
3306 4800 3518 4873 Isaias),
3561 4818 3684 4858 cum
3731 4801 3818 4858 Dei

2237 4901 2449 4959 visione
2476 4898 2668 4969 dignus
2696 4896 2946 4966 ellicitur,
2973 4895 3133 4965 hujus
3156 4895 3279 4950 ﬁdei
3299 4895 3587 4951 credulitas
3620 4894 3818 4949 intima.

2238 5002 2346 5061 tur,
2387 4992 2597 5049 duobus
2636 4991 2889 5062 seraphin
2924 4989 3086 5045 tertio
3132 4988 3524 5065 clamantibus:
3575 4986 3819 5061 Sanctus,

2241 5096 2470 5153 sanctus,
2501 5095 2710 5141 sanctus
2741 5084 2895 5156 (lsai.
2929 5100 3002 5151 vr,
3034 5084 3126 5154 5);
3157 5092 3213 5141 et
3237 5083 3404 5143 semel
3433 5082 3817 5141 inferentibus:

2237 5174 2492 5231 Dominus
2518 5173 2659 5230 Deus
2690 5173 2941 5230 Sabaoth.
2971 5173 3114 5241 Quid
3133 5182 3215 5229 est
3242 5175 3386 5247 quod
3416 5176 3574 5233 tertio
3603 5175 3818 5232 Sanctus

2238 5269 2455 5337 dicitur,
2479 5270 2526 5326 si
2560 5285 2671 5326 non
2705 5269 2840 5324 trina
2871 5277 2955 5327 est
3000 5269 3055 5324 in
3090 5269 3377 5327 Divinitate
3421 5272 3693 5342 persona?
3719 5268 3818 5327 Cur

2237 5364 2406 5422 semel
2426 5363 2678 5419 Dominus
2708 5363 2845 5418 Deus
2874 5362 3089 5430 dicitur,
3112 5363 3159 5419 si
3184 5379 3292 5421 non
3313 5377 3418 5421 una
3453 5370 3538 5419 est
3582 5363 3639 5419 in
3679 5361 3817 5417 Divi-

2239 5456 2412 5513 nitate
2440 5454 2739 5511 substantia
2759 5455 2781 5510 ?
2801 5453 3061 5512 Dominus
3099 5470 3315 5529 quoque
3345 5471 3443 5526 per
3473 5453 3693 5528 Moysen
3731 5468 3817 5509 vo-

2242 5546 2360 5609 lens
2384 5544 2702 5602 benedicere
2736 5546 3011 5617 populum,
3037 5546 3143 5603 hoc
3176 5545 3603 5609 benedicendum
3640 5553 3816 5607 tcnore

2242 5642 2553 5700 mandavit:
2583 5640 2675 5698 Sic
2705 5640 2994 5713 (inquiens)
3025 5630 3292 5699 benedices
3328 5641 3575 5715 papulum
3620 5656 3816 5715 meum,

2242 5746 2293 5795 et
2319 5754 2411 5810 ego
2440 5734 2737 5793 bonedicam
2763 5752 2867 5805 eos.
2903 5735 3184 5792 Benedicat
3213 5744 3260 5791 te
3285 5734 3556 5799 Dominus,
3582 5742 3631 5788 et
3659 5740 3814 5791 custo-

2245 5830 2355 5885 diat
2383 5837 2432 5885 te
2454 5846 2473 5898 ;
2502 5829 2752 5893 illuminet
2780 5829 2888 5901 58
2914 5827 3169 5885 Dominus
3197 5825 3383 5900 [aciem
3410 5841 3559 5882 suam
3585 5841 3735 5899 super
3755 5833 3815 5893 te,

2245 5928 2294 5977 et
2316 5922 2617 5979 misereatur
2645 5920 2736 5978 tui.
2767 5919 2983 5977 Attollat
3005 5917 3259 5984 Dominus
3284 5919 3474 5990 facian
3501 5934 3648 5985 nam
3676 5934 3813 5990 super
