4120 6496
233 431 362 487 913

1400 392 1770 491 neseousro
1804 426 2083 486 comas
2117 433 2428 494 ABIANOS.

3452 451 3552 504 2η

237 565 315 619 ω,
357 563 416 608 et
447 552 532 606 det
561 553 650 606 tibi
678 565 856 624 pacein
885 550 1074 624 (Num.
1117 565 1188 618 vs,
1216 547 1432 621 εἴθ-26).
1464 543 1570 604 Τει·
1607 548 1862 604 Dominus
1891 545 1949 608 Α
1968 547 2075 606 Sed
2103 547 2329 612 forsitan
2366 554 2559 613 dicitur
2585 573 2653 614 ex
2682 559 2960 617 voluntate
3000 557 3175 618 Patris
3221 570 3404 617 natum
3435 579 3555 621 esse

238 647 488 709 dicitur,
530 653 585 700 et
624 659 761 700 unus
806 657 1022 715 semper
1053 642 1311 699 Dominus
1358 643 1684 708 nominatur,
1715 649 1774 695 ut
1803 641 1858 696 in

241 738 554 803 Trinitate,
581 752 698 808 quae
724 751 884 793 verus
905 744 990 792 est
1017 735 1175 804 Deus,
1211 749 1311 792 nec
1339 734 1696 791 confundatur
1732 751 1861 808 pro-

246 831 479 901 prietas
506 843 884 899 personarum,
914 845 1015 885 nec
1035 828 1403 884 substantialis
1433 829 1607 884 unitas
1635 827 1865 897 denege‘

249 931 371 977 tur.
411 921 583 976 David
611 935 827 994 quoque
868 922 978 978 Deo
998 935 1097 993 per
1125 919 1302 977 omnia
1341 919 1600 990 placitus,
1623 918 1721 974 sub
1757 917 1862 973 hac

249 1015 594 1071 credulitate
637 1015 837 1086 populo
889 1013 1030 1070 iideli
1072 1013 1265 1069 divinze
1310 1011 1700 1068 benedictionis
1747 1023 1864 1079 gra~

247 1110 396 1162 tiam
434 1107 518 1163 his
546 1108 722 1164 verbis
749 1117 969 1179 exoptat
997 1106 1202 1163 infundi
1234 1123 1247 1162 :
1273 1105 1554 1162 Benedicat
1582 1123 1675 1162 nos
1698 1103 1859 1172 Deus,

249 1199 408 1254 Deus
435 1208 632 1265 noster,
659 1199 923 1254 benedicat
948 1216 1040 1255 nos
1078 1199 1236 1265 Deus,
1266 1207 1317 1253 et
1341 1205 1572 1252 metuant
1611 1213 1725 1252 eum
1753 1214 1864 1252 om-

249 1309 352 1346 nes
378 1293 522 1363 ﬁnes
552 1301 703 1347 terrm
725 1291 900 1363 (Psal.
941 1285 1088 1359 vai,
1115 1290 1192 1363 8).
1230 1289 1327 1345 Cui
1366 1289 1645 1346 sententia:
1674 1288 1866 1344 beatus

253 1382 574 1438 concordat
602 1377 909 1452 Apostolus,
933 1382 1026 1452 qui
1055 1397 1176 1437 cum
1201 1379 1436 1455 quodam
1467 1379 1584 1435 loco
1605 1377 1860 1433 dixisset:

258 1473 422 1530 Unus
449 1471 592 1529 Deus
621 1474 804 1540 Pater,
835 1489 899 1528 ex
939 1491 1038 1546 quo
1067 1475 1261 1543 omnia,
1305 1483 1356 1529 et
1401 1490 1495 1529 nos
1536 1475 1592 1528 in
1631 1473 1786 1545 ipso;
1817 1481 1868 1528 et

255 1576 402 1620 unus
438 1564 694 1620 Dominus
719 1564 871 1618 Iesus
899 1565 1150 1632 Christus,
1182 1581 1272 1637 per
1299 1579 1446 1638 quem
1475 1565 1670 1629 omnia,
1703 1574 1750 1618 et
1771 1582 1867 1619 nos

256 1671 357 1728 per
377 1659 558 1728 ipsum
590 1657 645 1728 (1
672 1657 792 1714 Cor.
826 1670 934 1725 vui,
981 1658 1061 1729 6),
1089 1658 1156 1714 de
1187 1659 1392 1729 Spiritu
1427 1665 1616 1714 sancto
1652 1673 1868 1729 quoque

259 1747 521 1804 diceret:
556 1746 734 1802 Nolite
766 1750 1071 1804 contristare
1101 1750 1353 1820 Spiritum
1391 1760 1626 1805 sanctum
1661 1748 1781 1816 Dei,
1813 1751 1868 1805 in

259 1857 368 1913 quo
389 1842 590 1913 signati
617 1842 738 1896 estis
765 1843 820 1896 in
851 1842 984 1896 diem
1017 1843 1381 1915 redemptionis
1407 1842 1623 1916 (Ephes.
1653 1861 1726 1912 iv,
1752 1842 1865 1912 50).

1963 642 2154 699 Filium
2181 664 2194 699 :
2227 644 2438 704 dicatur
2468 664 2596 722 ergo
2633 656 2813 706 utrum
2845 667 2913 710 ex
2954 667 3013 709 se
3043 667 3110 708 an
3143 654 3356 711 aliunde
3393 652 3554 711 Pater

1961 735 2154 790 Filium
2177 739 2392 806 genuit?
2421 739 2480 795 Si
2501 741 2643 797 enim
2665 758 2733 799 ex
2761 759 2820 799 se
2846 743 2965 815 ipso
2995 744 3197 814 genuit,
3241 762 3349 802 non
3379 749 3556 818 potuit

1963 827 2213 885 voluntas
2241 830 2347 901 59
2366 833 2767 900 generationem
2790 825 3116 905 przecedere,
3146 836 3273 906 quia
3303 837 3453 892 nefas
3475 847 3558 893 est

1964 919 2188 978 credere
2229 922 2281 977 in
2312 923 2480 979 Deum
2509 926 2711 997 aliquid
2749 926 2892 998 quod
2921 944 3029 984 non
3075 943 3290 1000 semper
3315 925 3416 984 fuit
3454 945 3555 985 no-

1965 1015 2104 1070 viter
2129 1015 2406 1072 accidisse.
2434 1013 2585 1074 Unde
2606 1021 2953 1088 cognoscitur
2983 1021 3240 1090 quoniam
3264 1020 3406 1078 Deus
3435 1038 3555 1077 om-

1966 1119 2090 1160 nem
2117 1103 2334 1176 quidem
2363 1115 2665 1174 creaturam
2694 1109 2762 1165 de
2792 1111 2959 1166 nihilo
3006 1109 3246 1167 condidit
3277 1111 3556 1168 voluntate

1967 1212 2083 1264 sua,
2115 1196 2308 1253 Filium
2331 1214 2460 1254 vero
2489 1202 2786 1258 substantia
2806 1203 2992 1274 genuit
3018 1205 3101 1259 vel
3128 1213 3341 1260 natura.
3369 1203 3428 1260 Si
3457 1220 3556 1259 au-

1968 1300 2078 1346 tem
2111 1291 2325 1347 aliunde
2363 1291 2527 1347 Filius
2555 1291 2748 1348 dicitur
2778 1306 2955 1363 natus,
2997 1303 3090 1351 aut
3117 1311 3184 1352 ex
3231 1295 3400 1352 nihilo
3439 1296 3558 1366 ejus

1969 1385 2120 1452 origo
2146 1386 2423 1452 ssseritur,
2455 1395 2546 1440 aut
2591 1387 2752 1458 (sicut
2789 1390 3035 1460 superius
3061 1387 3262 1446 dictum
3315 1390 3419 1463 est)
3463 1406 3560 1446 ex-

1970 1485 2127 1547 cepto
2165 1477 2312 1542 Deo,
2359 1492 2573 1548 semper
2619 1477 2824 1547 aliquid
2879 1479 3041 1538 fuisse
3085 1475 3274 1538 contra
3317 1483 3561 1551 regulam

1971 1581 2111 1622 verte
2181 1567 2303 1622 tidei
2367 1567 2709 1638 praedicatur.
2773 1568 2972 1626 Beatus
3025 1573 3224 1643 quippe
3271 1572 3562 1643 Apostolus

1972 1661 2148 1716 sciens
2176 1659 2369 1715 Filium
2399 1675 2465 1715 ex
2507 1657 2682 1716 Patris
2715 1663 2949 1718 essentia
2977 1677 3167 1720 verum
3206 1663 3373 1720 Deum
3404 1665 3561 1732 geni-

1973 1760 2105 1820 tum,
2137 1761 2193 1808 et
2230 1753 2300 1808 ob
2347 1753 2450 1808 hoc
2489 1767 2612 1808 cum
2635 1753 2795 1810 Patre
2839 1771 3006 1810 unum
3041 1755 3326 1812 Dominum
3368 1756 3560 1824 Deum,

1974 1860 2075 1901 nec
2122 1846 2406 1901 immemor
2447 1845 2701 1916 pmcepti
2733 1845 3012 1916 dominici,
3053 1861 3162 1918 quo
3210 1847 3566 1919 prohibemur

262 1931 410 1986 Cum
442 1946 506 1986 se
536 1932 736 1988 dixisse
761 1933 1093 1989 meminisset
1120 1949 1188 1989 ex
1221 1932 1380 1990 Patre
1408 1943 1432 1973 ι
1461 1951 1560 2005 per
1587 1933 1778 1989 Filium
1809 1935 1863 1990 in
1896 1937 1946 2006 B
1971 1938 2181 1994 duobus
2247 1936 2478 1992 dominis
2525 1936 2830 2007 deservire,
2891 1938 3121 1995 Domino
3165 1938 3381 1996 Christo
3424 1942 3566 1997 sicut

261 2023 485 2095 Spiritu
505 2033 723 2091 sancto,
750 2031 806 2080 ut
835 2026 972 2082 hanc
994 2026 1311 2082 Trinitatem
1349 2043 1515 2082 unum
1553 2027 1722 2084 Deum
1753 2042 1872 2084 esse

263 2125 631 2185 monstraret,
663 2119 769 2174 alio
803 2119 924 2175 loco
967 2119 1077 2174 ait:
1125 2119 1382 2185 Quoniam
1425 2137 1491 2175 ex
1517 2123 1648 2193 ipso,
1691 2131 1742 2175 et
1779 2135 1874 2192 per

262 2213 474 2280 ipsum,
495 2220 545 2264 et
569 2210 622 2264 in
643 2212 755 2281 ipso
777 2220 896 2265 sunt
925 2212 1117 2265 omnia.
1153 2209 1218 2265 Et
1245 2211 1390 2281 quod
1420 2211 1765 2281 singulariter
1785 2213 1871 2268 in-

265 2302 432 2356 tulit:
473 2303 573 2370 ipsi
596 2301 761 2372 gloria
788 2304 843 2357 in
873 2303 1063 2358 sa’cula
1085 2305 1392 2358 swculorum
1433 2301 1610 2376 (Rom.
1645 2323 1718 2374 XI,
1754 2303 1870 2374 36).

264 2391 352 2448 Ex
375 2393 689 2448 substantia
709 2391 881 2449 Patris
906 2401 1090 2449 natum
1111 2393 1331 2463 Filium,
1351 2401 1404 2450 et
1421 2395 1550 2452 iides
1570 2395 1873 2455 Christiana

265 2495 424 2542 recte
452 2485 746 2557 praedicat,
794 2495 849 2542 et
900 2497 1086 2543 sancta
1131 2483 1411 2560 Scriptura
1459 2500 1868 2548 commemorat.

267 2578 487 2634 Paulus
511 2579 784 2648 apostolus
805 2578 871 2634 de
899 2578 1034 2634 Filio
1057 2579 1150 2635 Dei
1171 2580 1321 2650 dicit,
1347 2580 1446 2646 Qui
1476 2598 1588 2636 cum
1614 2583 1682 2637 sit
1701 2584 1874 2654 splen—

269 2675 371 2730 dor
394 2675 608 2748 glorite,
637 2683 686 2729 et
715 2676 882 2754 ﬁgura
910 2676 1212 2733 substantia:
1235 2678 1345 2750 ejus
1377 2677 1562 2750 (Hebr.
1597 2697 1632 2744 ι,
1666 2677 1743 2751 '5).
1768 2680 1875 2735 Do-

271 2765 468 2820 minus
489 2765 666 2822 denuo
694 2767 825 2823 dicit
846 2767 913 2822 ad
941 2767 1225 2824 Jeremiam
1250 2788 1262 2823 :
1294 2771 1461 2840 Super
1483 2781 1680 2826 montes
1704 2773 1876 2844 accipe

272 2858 579 2930 planctum,
596 2857 685 2913 l>et
705 2860 936 2914 homines
965 2877 1067 2915 non
1091 2861 1364 2915 audierunt
1386 2877 1553 2916 vocem
1575 2860 1876 2916 substantiis

275 2967 442 3018 mete,
461 2967 493 3005 a
517 2949 809 3008 volatilibus
838 2954 947 3007 ca'li
968 2969 1125 3027 usque
1147 2953 1215 3007 ad
1233 2971 1418 3025 pecora
1443 2953 1653 3023 (Jerem.
1671 2972 1743 3020 ix,
1765 2956 1873 3026 10).

274 3039 484 3097 Filium
509 3052 684 3099 autem
711 3041 883 3100 Patris
901 3058 1018 3099 esse
1039 3045 1411 3111 substantiam,
1434 3045 1878 3118 Sapientiaeiiber

275 3134 575 3192 evidenter
602 3135 858 3206 ostendit,
885 3136 1071 3192 dicens
1097 3155 1110 3189 :
1143 3133 1280 3192 Esca
1322 3137 1621 3210 angelorum
1658 3137 1869 3193 nutristi

271 3228 537 3300 populum
567 3238 728 3297 tuum,
757 3238 1110 3298 praeparatum
1133 3245 1318 3301 panem
1349 3228 1411 3283 de
1433 3231 1555 3284 caelo
1593 3230 1878 3301 praestitisti

1971 2043 2104 2084 vero
2134 2027 2245 2082 Deo
2273 2027 2528 2097 praecepit
2553 2027 2914 2094 serviendum,
2939 2043 3099 2098 quem
3136 2031 3415 2100 aequaliter
3440 2046 3565 2086 cum

1973 2118 2139 2175 Patre
2167 2128 2394 2175 noverat
2410 2117 2808 2187 honorandum,
2835 2119 2952 2189 ipso
2973 2119 3202 2174 Domino
3225 2119 3464 2177 dicente:
3496 2120 3568 2175 Ut

1974 2229 2151 2268 omnes
2174 2210 2515 2281 honoriﬁcent
2553 2208 2773 2276 Filium,
2817 2211 2951 2265 sicut
2976 2211 3321 2283 honori/itaut
3351 2212 3568 2267 Putrem
3607 2249 3616 2254 -

1977 2303 2153 2377 (Joan.
2187 2319 2241 2371 v,
2270 2301 2377 2367 25).
2403 2301 2570 2369 Quem
2602 2313 2788 2356 verum
2820 2301 2987 2357 Deum
3005 2299 3242 2358 Joannes
3268 2305 3564 2374 apostolus,

1976 2395 2094 2466 ipso
2116 2394 2170 2449 in
2193 2408 2250 2449 se
2273 2393 2504 2448 Domino
2527 2393 2803 2462 loquente,
2824 2399 3054 2450 testatur
3072 2391 3256 2450 dicens
3280 2411 3294 2448 :
3317 2393 3386 2449 Ut
3405 2397 3569 2449 simus

1975 2489 2030 2542 in
2086 2503 2204 2541 vero
2235 2483 2377 2540 Filio
2406 2486 2519 2556 ejus
2547 2484 2673 2539 Jesu
2714 2483 2950 2553 Christo;
2998 2485 3082 2540 hic
3118 2495 3197 2541 est
3239 2503 3388 2541 uerus
3427 2484 3569 2540 Deus

1975 2589 2025 2634 et
2049 2582 2154 2634 vita
2179 2585 2373 2633 (eterna
2415 2575 2471 2649 (Ι
2498 2575 2655 2632 Joan.
2695 2593 2750 2645 v,
2795 2577 2908 2648 20).
2948 2576 3214 2645 Quocirca
3253 2593 3399 2634 vera:
3443 2577 3570 2634 fidei

1979 2671 2213 2729 tenenda
2242 2678 2325 2726 εει
2353 2669 2558 2740 regula,
2591 2684 2697 2740 qua
2718 2669 2814 2726 Dei
2841 2670 3008 2728 Filius
3032 2669 3099 2728 de
3128 2669 3303 2726 Patris
3322 2671 3571 2728 substan-

1979 2765 2074 2829 tia,
2107 2768 2212 2819 boc
2243 2771 2348 2829 est,
2379 2764 2447 2820 de
2490 2779 2558 2819 eo
2599 2761 2744 2833 quod
2789 2765 2904 2834 ipse
2938 2772 3044 2833 est,
3074 2761 3417 2821 ineii‘abiliter
3453 2766 3572 2822 sine

1980 2859 2134 2914 initio
2157 2864 2314 2913 natus
2333 2856 2592 2921 creditur,
2625 2864 2680 2912 et
2707 2871 2868 2912 verus
2904 2854 3046 2913 Deus
3075 2871 3200 2913 cum
3247 2857 3406 2913 Patre
3434 2857 3572 2913 coli-

1981 2959 2086 3018 tur,
2118 2957 2174 3005 et
2219 2955 2434 3004 tenetur
2475 2947 2571 3018 (al.
2617 2947 2879 3018 timetur).
2913 2947 3049 3014 Quia
3103 2962 3205 3003 nec
3253 2946 3573 3003 Christianis

1980 3043 2187 3100 licitum
2218 3050 2319 3108 est,
2356 3041 2406 3097 ei
2435 3041 2528 3111 qui
2556 3047 2748 3095 natura
2792 3055 2901 3096 non
2943 3048 3026 3096 est
3065 3040 3226 3107 Deus,
3272 3040 3411 3096 sicut
3439 3055 3572 3096 vero

1981 3135 2094 3191 Deo
2138 3134 2372 3200 servire;
2397 3147 2500 3188 nec
2525 3131 2773 3203 cuiquam
2800 3129 2881 3188 ias
2909 3137 3011 3200 est,
3044 3127 3257 3188 Christo
3293 3131 3573 3202 unigenito

1983 3223 2079 3281 Del
2105 3224 2264 3290 Filio,
2297 3238 2405 3280 non
2426 3223 2568 3279 sicut
2592 3239 2722 3279 vero
2747 3221 2858 3278 Deo
2888 3225 3108 3279 servire.
3155 3221 3289 3278 Nam
3327 3235 3450 3279 eum
3479 3223 3574 3296 qui

275 3321 374 3385 eis,
401 3320 524 3374 sine
552 3319 746 3386 labore,
779 3337 928 3376 omne
968 3319 1392 3376 delectamentum
1426 3322 1479 3376 in
1511 3338 1565 3375 se
1590 3320 1876 3387 habentem,
1907 3333 1955 3400 ε
1987 3321 2154 3376 servit
2180 3317 2417 3385 Christo,
2450 3318 2665 3400 placere
2693 3316 2806 3372 Deo
2852 3316 3044 3373 beatus
3081 3315 3298 3381 Paulus,
3329 3315 3423 3386 qui
3473 3317 3574 3372 diis

280 3416 331 3464 et
363 3427 574 3466 omnem
602 3411 869 3466 suavitatis
906 3429 1143 3483 saporem
1167 3430 1184 3466 :
1208 3410 1545 3467 substantiam
1575 3415 1708 3470 enim
1738 3425 1878 3468 tuam

283 3511 330 3557 et
359 3503 688 3571 dulcedinem
718 3512 877 3570 tuam,
917 3521 1072 3576 quam
1110 3506 1163 3559 in
1205 3504 1342 3577 filios
1372 3506 1546 3572 habes,
1577 3509 1877 3564 ostendebas

282 3596 448 3667 (Sap.
481 3612 585 3662 xvr,
612 3595 700 3659 20,
721 3595 832 3666 21).
856 3593 1059 3652 Panem
1079 3596 1146 3651 de
1174 3596 1310 3653 uelo
1331 3596 1513 3651 datum
1525 3598 1879 3654 substantiam

285 3687 694 3744 etdulcedinem
711 3685 806 3742 Dei
830 3687 1234 3758 esseScriptura
1262 3696 1516 3744 testatur:
1538 3705 1729 3760 panem
1751 3705 1880 3746 vero

287 3781 358 3835 de
403 3778 544 3833 coelo
573 3778 755 3833 datum
792 3779 987 3834 Filium
1031 3781 1124 3835 Dei
1163 3797 1298 3846 esse,
1348 3779 1515 3850 ipsius
1545 3779 1663 3837 Filii
1704 3783 1881 3840 verbis

290 3868 622 3937 ostenditur,
644 3869 735 3938 qui
759 3870 833 3924 ait
858 3888 870 3923 :
903 3868 1017 3940 Ego
1047 3886 1158 3924 sum
1185 3871 1335 3940 panis
1361 3873 1515 3937 virus,
1549 3867 1635 3943 qui
1667 3873 1729 3924 de
1758 3871 1881 3928 caelo

290 3961 540 4018 descendi
571 3961 747 4034 (Joan.
792 3979 862 4029 vi,
910 3961 1020 4034 4|).
1055 3961 1129 4019 De
1155 3979 1262 4034 quo
1297 3961 1466 4018 David
1513 3963 1586 4018 ait
1619 3983 1630 4018 :
1684 3963 1882 4019 Panem

293 4057 602 4129 angelorum
630 4057 956 4112 manducavit
985 4057 1134 4112 homo
1166 4057 1337 4128 (Psal.
1369 4074 1567 4124 Lxxvu,
1601 4055 1712 4129 25).
1746 4053 1886 4115 Ecce

295 4147 366 4203 de
397 4147 695 4202 substantia
724 4143 896 4204 Patris
918 4143 1189 4206 exs'titissc
1218 4145 1429 4212 Filium,
1463 4163 1569 4204 non
1597 4149 1770 4204 solum
1792 4164 1883 4204 ra-

298 4239 634 4296 tionabiliter
649 4240 932 4306 credimus,
962 4258 1142 4297 verum
1171 4242 1330 4296 etiam
1355 4241 1676 4297 testimoniis
1697 4257 1888 4313 appro-

300 4332 515 4398 bamus,
539 4331 814 4401 Scriptura
843 4331 1080 4388 dicente:
1111 4330 1212 4398 Qui
1241 4333 1408 4405 diligit
1430 4334 1736 4404 genitorem,
1760 4333 1883 4388 dili-

302 4424 372 4493 git
405 4440 519 4476 eum
560 4424 645 4496 qui
674 4435 825 4478 natus
855 4435 1018 4479 estea:
1046 4443 1104 4480 eo
1133 4419 1188 4498 (Ι
1222 4421 1379 4480 Joan.
1421 4442 1474 4494 v,
1510 4427 1596 4496 i);
1629 4427 1884 4498 quoniam

303 4513 439 4570 iidcs
460 4527 585 4571 vera
617 4515 760 4586 q'uOd
782 4516 972 4584 credit,
1008 4534 1115 4572 non
1159 4517 1350 4584 nescit,
1390 4519 1599 4574 etiamsi
1647 4519 1887 4576 nondum

303 4615 486 4679 potest
515 4609 694 4664 videre
719 4609 861 4680 quod
902 4618 1082 4680 sperat
1113 4619 1167 4666 et
1191 4612 1378 4667 credit.
1413 4611 1477 4666 Hi
1498 4627 1628 4668 vero
1674 4614 1764 4684 qui
1795 4612 1886 4668 Fi-

1981 3415 2076 3486 (al.
2108 3411 2238 3484 his),
2264 3411 2350 3484 qui
2379 3398 2566 3465 natura
2587 3425 2693 3464 non
2727 3416 2848 3463 sunt
2875 3407 2970 3477 dii,
3017 3405 3356 3464 serviendum
3406 3407 3576 3463 inter-

1981 3507 2212 3573 dixerat,
2258 3503 2658 3560 evidentissime
2699 3501 3026 3569 manifestat,
3075 3501 3295 3557 dicens:
3328 3497 3453 3557 Non
3495 3505 3577 3556 est

1982 3601 2082 3657 Dei
2109 3615 2324 3674 regnum
2345 3615 2483 3664 esca,
2509 3605 2558 3651 et
2581 3603 2750 3668 potus,
2781 3595 2872 3651 sed
2893 3593 3102 3667 justitia
3133 3602 3183 3649 et
3213 3611 3338 3667 pax,
3369 3601 3420 3649 et
3445 3611 3574 3666 gau-

1985 3695 2125 3749 dium
2147 3695 2198 3747 in
2231 3692 2433 3764 Spiritu
2455 3700 2633 3745 sancto
2655 3706 2672 3743 :
2699 3687 2799 3753 Qui
2820 3689 2958 3744 enim
2982 3690 3037 3744 in
3057 3689 3152 3744 hoc
3173 3689 3328 3744 seruit
3347 3685 3572 3757 Christo,

1985 3785 2151 3856 placet
2180 3783 2290 3838 Deo
2330 3781 2508 3848 (Rom.
2566 3797 2674 3846 xiv,
2722 3779 2831 3849 i7).
2875 3777 3138 3846 Quocirca
3188 3786 3576 3849 cognoscentes

1986 3875 2258 3930 Christum
2291 3890 2476 3929 verum
2507 3874 2674 3928 Deum
2705 3888 2845 3940 esse,
2877 3889 2983 3928 non
3013 3873 3309 3928 audeamus
3354 3888 3476 3928 eum
3506 3873 3576 3929 ab

1988 3968 2292 4038 mqualitate
2321 3976 2560 4036 paterna:
2584 3963 2896 4018 substantia:
2925 3978 3175 4033 separare
3201 3981 3212 4014 :
3246 3975 3404 4017 verus
3431 3963 3576 4018 enim

1989 4057 2132 4112 Deus
2161 4065 2243 4112 est
2270 4056 2362 4128 qui
2386 4061 2578 4110 natura
2602 4053 2744 4109 Deus
2764 4062 2873 4118 est;
2906 4062 3095 4107 natura
3125 4059 3304 4106 autem
3335 4053 3475 4108 Deus
3495 4059 3580 4108 est

1989 4151 2083 4222 qui
2107 4149 2362 4206 deitatem
2404 4165 2473 4206 ex
2509 4147 2812 4204 aeternitate
2853 4163 2994 4203 vera:
3039 4144 3332 4200 nativitatis
3369 4144 3577 4209 habuit,

1991 4261 2100 4301 non
2121 4262 2187 4301 ex
2213 4256 2234 4284 ο
2258 4243 2430 4315 gratia
2452 4241 2758 4298 donationis
2779 4238 3039 4312 possedit.
3067 4238 3222 4306 Quod
3243 4239 3384 4294 enim
3406 4237 3579 4292 nasci-

1993 4348 2100 4406 tur,
2125 4352 2427 4394 connexum
2457 4344 2541 4392 est
2566 4348 2790 4406 genere;
2817 4331 2962 4403 quod
2985 4346 3113 4386 vero
3135 4329 3440 4400 adoptatur,
3465 4330 3577 4384 sola

1993 4430 2309 4503 provehitur
2337 4428 2603 4500 largitate.

2068 4521 2302 4598 Objectio
2326 4521 2380 4577 5.
2410 4519 2854 4577 Perturbationes
2879 4517 3162 4581 mentium,
3187 4529 3306 4586 qua:
3335 4514 3453 4569 sine
3493 4527 3582 4568 rae

1993 4617 2144 4672 tione
2173 4615 2443 4681 dicuntur,
2485 4629 2607 4670 cum
2651 4611 2937 4670 hortantur
2961 4605 3187 4675 adverti,
3226 4607 3427 4664 veritas
3473 4619 3582 4663 non

305 4698 437 4754 lium
481 4699 548 4754 de
577 4695 750 4756 Patris
789 4699 1087 4756 substantia
1133 4710 1316 4757 natum
1356 4701 1642 4772 denegant,
1693 4703 1890 4760 debent
1918 4727 1974 4791 Β
2000 4706 2212 4764 videtur
2244 4706 2312 4762 ab
2360 4706 2439 4761 eis
2479 4700 2886 4774 comprehendi,
2931 4717 3034 4758 nec
3075 4697 3345 4773 proﬁteri;
3377 4700 3446 4753 ob
3479 4697 3584 4754 hoc

306 4790 496 4860 utique
515 4790 712 4857 dicere,
736 4791 878 4848 unde
905 4793 1231 4847 arbitrentur
1250 4791 1346 4847 Dei
1370 4790 1562 4848 Filium
1585 4795 1888 4852 exstitisse:

309 4893 491 4941 utrum
520 4885 586 4940 de
611 4885 801 4956 nihilo,
830 4901 896 4940 an
925 4902 991 4941 ex
1013 4885 1226 4957 aliquo?
1255 4887 1312 4941 Si
1350 4886 1416 4942 de
1454 4887 1620 4943 nihilo
1664 4889 1890 4955 exstitit,

309 4984 560 5032 creatura
589 4975 844 5032 dicendus
870 4984 970 5052 est,
1001 4993 1107 5032 non
1139 4984 1368 5032 creator.
1400 4975 1453 5031 Si
1493 4986 1672 5032 autem
1701 4977 1766 5034 de
1795 4979 1897 5034 aii-

309 5080 418 5136 quo
451 5065 679 5132 dicatur.
728 5069 805 5125 sic
849 5069 1010 5124 etiam
1058 5067 1110 5124 id
1151 5065 1324 5141 ipsum
1373 5067 1515 5123 Deus
1556 5065 1703 5136 fecit,
1753 5069 1895 5126 unde

309 5151 503 5212 Filium
531 5159 731 5228 genuit.
782 5159 864 5214 Au
906 5158 1046 5214 forte
1087 5165 1409 5214 comternum
1458 5155 1896 5230 dicitur_aliquid

316 5247 568 5305 habuisse
600 5250 739 5306 unde
789 5259 972 5321 posset
1019 5249 1213 5306 Filium
1251 5251 1550 5320 generare?
1593 5250 1648 5306 Si
1673 5262 1897 5308 coaeter-

315 5355 442 5395 num
485 5339 683 5411 aliquid
712 5343 1004 5396 aestimatur
1033 5341 1173 5398 unde
1197 5341 1407 5412 genitus
1446 5339 1612 5398 Filius
1640 5344 1894 5412 creditur,

316 5427 728 5489 Manichaeorum
749 5449 901 5489 error
920 5435 1024 5512 hac.
1041 5437 1334 5491 assertione
1358 5435 1616 5492 ﬁrmatur.
1640 5435 1696 5491 Si
1718 5443 1898 5492 autem

317 5539 425 5582 non
447 5527 547 5583 fuit
587 5529 788 5600 aliquid
816 5529 958 5585 unde
987 5539 1335 5600 generaretur
1358 5532 1543 5600 Filius,
1591 5548 1690 5588 nec
1721 5543 1897 5589 tamen

319 5616 384 5673 de
408 5621 704 5677 substantia
751 5621 926 5680 Patris
965 5623 1158 5678 dicitur
1188 5633 1366 5693 natus,
1403 5625 1506 5681 hoc
1545 5633 1806 5696 superest,
1839 5633 1898 5681 ut

321 5714 593 5773 evidenter
619 5733 686 5773 ex
724 5717 893 5773 nihilo
929 5718 1024 5773 Dei
1079 5715 1270 5772 Filium
1313 5719 1582 5775 exstitisse
1630 5718 1899 5776 fateantur

323 5806 411 5871 qni
439 5823 559 5864 eum
585 5809 638 5864 in
659 5809 936 5868 divinitate
957 5811 1217 5867 minorem
1239 5810 1527 5881 praedicare
1548 5810 1894 5867 contendunt.

397 5931 420 5997 ξ’
453 5925 617 5997 abest
644 5943 787 5997 pera
821 5942 919 5980 ms.
950 5927 1112 5982 Corb.

394 5989 421 6030 δ
450 5993 517 6048 Et
546 5989 696 6067 super
715 5999 920 6052 semitas
948 5998 1134 6053 deserti
1155 5997 1363 6060 luctum,
1389 5999 1506 6065 quia
1528 5997 1817 6065 defecerunt
1839 6013 1901 6051 ea:

1996 4799 2138 4874 quod
2190 4795 2478 4855 absurdum
2524 4796 2594 4851 sit
2640 4794 2820 4851 dicere
2866 4793 2950 4849 vel
2998 4791 3220 4849 credere
3266 4786 3482 4846 Patrem
3530 4795 3584 4845 ct

1995 4891 2189 4947 Filium
2218 4889 2484 4958 ingenitos
2505 4902 2644 4944 esse.
2668 4883 2771 4953 Qui
2797 4883 2897 4942 sibi
2919 4885 3109 4940 suadet
3128 4884 3228 4939 ista
3250 4882 3580 4950 excogitare,

1998 4983 2112 5055 ipse
2137 4997 2196 5038 se
2225 4981 2339 5036 vult
2360 4977 2549 5035 fraude
2578 4979 2850 5048 decipere,
2873 4992 2992 5048 quae
3025 4973 3242 5048 quidem
3270 4973 3436 5043 exigit
3479 4969 3582 5025 illis

1999 5073 2102 5129 hoc
2129 5069 2234 5127 dici
2281 5071 2372 5141 qui
2395 5069 2610 5125 Patrem
2635 5079 2690 5124 et
2710 5067 2902 5124 Filium
2917 5067 3150 5138 aequales
3173 5071 3419 5120 asserunt
3441 5076 3582 5116 esse.

2072 5165 2377 5237 Responsio.
2404 5161 2727 5219 Perturbant
2744 5161 2958 5232 quidem
2985 5167 3213 5223 mentes,
3239 5157 3582 5227 autignavas,
3609 5155 3622 5171 '

2002 5267 2095 5314 aut
2117 5257 2332 5320 inscias,
2357 5256 2450 5327 qui
2469 5255 2736 5311 voluerint
2759 5253 2974 5309 Patrem
2999 5258 3054 5307 et
3079 5247 3273 5304 Filium
3317 5244 3583 5315 ingenitos

2001 5348 2210 5417 dicere;
2235 5348 2328 5404 sed
2350 5363 2455 5402 non
2478 5347 2584 5404 hoc
2605 5345 2808 5403 faciunt
2827 5344 2917 5418 qui
2938 5348 3333 5411 cognoscuntur
3351 5338 3584 5410 aequales

2001 5440 2216 5498 Patrem
2243 5450 2297 5496 et
2320 5440 2512 5496 Filium
2541 5440 2850 5512 praedicare.
2899 5435 2957 5492 in
3004 5433 3212 5490 duobus
3239 5432 3382 5490 enim
3430 5433 3584 5504 inge-

2003 5533 2129 5590 nilis
2169 5533 2381 5589 diversa
2409 5532 2668 5589 Divinitas
2711 5529 2996 5586 invenitur.
3038 5525 3097 5582 in
3127 5543 3231 5582 uno
3275 5535 3456 5583 autem
3499 5541 3584 5596 ge-

2003 5627 2116 5682 nito
2141 5625 2233 5696 (al.
2268 5626 2585 5698 unigenito),
2618 5641 2682 5680 ex
2709 5639 2814 5678 uno
2837 5621 3095 5690 ingenito,
3126 5620 3383 5677 naturalis
3407 5621 3584 5675 unitas

2002 5719 2417 5776 demonstratur.
2445 5719 2562 5775 Duo
2581 5719 2777 5789 quippe
2806 5716 3025 5784 ingeniti
3046 5733 3154 5773 non
3177 5721 3400 5796 possunt
3422 5728 3584 5769 unam

2005 5813 2203 5868 habere
2239 5822 2481 5867 naturam
2504 5852 2519 5876 ,
2542 5811 2630 5865 ubi
2673 5825 2769 5864 nec
2802 5826 2938 5864 unus
2979 5810 3033 5865 in
3063 5824 3171 5864 uno
3197 5820 3380 5860 veram
3411 5819 3482 5859 ex
3529 5817 3584 5860 sa

2007 5941 2063 5978 eo
2107 5924 2242 5993 quod
2268 5941 2370 5977 non
2392 5930 2523 5975 sunt.
2556 5920 2678 5976 llaec
2704 5921 2862 5975 verba
2901 5922 3166 5976 adduntur
3205 5919 3257 5970 in
3289 5930 3389 5970 ms.
3417 5911 3582 5969 Corb.

2085 6005 2103 6032 ε
2138 5994 2234 6049 Με.
2266 5993 2451 6055 Corb.,
2479 6007 2541 6044 αι·
2563 5993 2746 6056 gratia
2775 5994 3066 6047 donatione.
