4068 6470
561 381 666 438 215

1612 377 1668 436 8,
1707 373 2064 432 FULGENTI]
2102 372 2405 432 EPISCOPI
2443 375 2812 435 RUSPENSIS

3735 387 3846 442 216

562 495 969 566 generationem
1016 495 1238 560 invenlt,
1279 507 1379 549 nec
1425 505 1562 547 unus
1599 505 1668 545 ex
1695 505 1802 544 uno
1830 503 1959 544 vere
2004 488 2058 542 in
2092 503 2151 544 se
2179 495 2230 554 Α
2253 486 2419 543 Filius
2442 488 2589 545 solus
2617 489 2796 544 lumen
2819 491 3078 562 appellari
3119 493 3375 562 creditur,
3407 495 3509 566 ipsi
3537 494 3705 561 Patri,
3743 499 3845 567 qui

561 588 918 645 substantiam
949 586 1246 642 nativitatis
1285 584 1550 656 agnoscit.
1572 583 1680 638 Nos
1717 589 1895 636 autem
1933 578 2148 636 Patrem

563 690 619 738 et
648 681 862 749 Filium,
893 695 992 736 nec
1019 680 1154 740 duos
1195 679 1466 750 ingenitos
1495 677 1741 742 dicimus,
1772 689 1872 730 nec
1896 673 2031 730 duos
2055 687 2149 744 ge-

561 776 707 830 nitos
733 775 1085 846 appellamus,
1113 789 1216 830 nec
1239 771 1595 844 personaliter
1619 766 2015 836 confundimus,
2045 781 2148 823 nec
2188 786 2193 790 ε

561 867 988 925 substantialiter
1025 881 1352 937 separamus.
1385 862 1452 918 Et
1475 862 1595 918 ideo
1623 861 1857 932 aequales
1887 860 2004 916 sine
2028 875 2146 914 am-

559 958 820 1026 biguitate
851 957 1095 1024 dicimus,
1121 958 1246 1026 quia
1277 955 1519 1011 diversos
1549 969 1580 1009 a
1607 968 1665 1009 se
1711 951 2015 1008 nullatenus
2061 951 2146 1006 in-

558 1048 846 1104 venimus:
889 1064 1027 1102 unus
1077 1063 1240 1102 unum
1275 1047 1478 1117 genuit,
1538 1061 1676 1101 unus
1731 1044 1798 1100 de
1837 1059 1944 1099 uno
1990 1052 2148 1100 natus

559 1141 669 1211 60
688 1149 792 1216 est.
811 1138 876 1194 Et
898 1139 1023 1210 quia
1048 1141 1113 1195 de
1136 1138 1564 1196 incommutabili
1591 1136 1753 1194 Patre
1790 1137 2148 1193 incommuta-

559 1233 683 1290 bilis
715 1233 882 1289 Filius
914 1234 1146 1299 exstitit,
1195 1241 1250 1288 et
1279 1232 1443 1288 Pater
1495 1240 1728 1287 aeternus
1775 1238 1832 1285 et
1877 1231 2146 1302 perfectus

556 1337 886 1384 coaeternum
915 1326 1323 1400 perfectumque
1367 1328 1563 1383 Filium
1611 1327 1814 1397 genuit,
1857 1335 2146 1398 propterea

549 1416 723 1486 Filius
743 1434 926 1473 veram
947 1434 1106 1489 quam
1131 1419 1297 1475 habet
1329 1434 1397 1474 ex
1429 1434 1557 1474 vero
1589 1417 1748 1475 Patre
1767 1420 2142 1484 substantiam,

553 1525 658 1566 nec
684 1513 947 1567 minorem
974 1512 1177 1567 habere
1199 1511 1394 1581 potuit,
1427 1525 1531 1566 nec
1556 1511 1840 1566 diversam.
1862 1508 2150 1565 Contume-

531 1603 627 1661 ‘lia
658 1611 739 1660 est
767 1604 968 1674 quippe
997 1604 1191 1659 divinae
1229 1611 1454 1669 natur-aa,
1487 1605 1532 1658 si
1565 1601 1728 1658 Pater
1760 1601 1954 1657 Filium
1983 1615 2147 1670 gene-

552 1707 684 1749 rans
726 1710 835 1749 non
880 1694 1056 1765 potuit
1091 1709 1208 1749 esse
1238 1695 1291 1748 in
1329 1692 1468 1749 Filio
1497 1702 1729 1763 quantus
1763 1702 2044 1763 permanet
2090 1693 2145 1746 in

552 1783 754 1856 seipse,
788 1795 843 1840 et
870 1786 1103 1855 genitori
1126 1784 1291 1858 (quod
1321 1784 1470 1840 nefas
1497 1783 1600 1854 est)
1624 1785 1866 1856 potentia
1888 1784 2146 1839 naturalis

2250 579 2432 636 lumen
2462 580 2666 650 genuit,
2697 596 2894 637 nomen
2923 582 3136 640 luminis
3163 586 3480 655 abnegatur.
3526 586 3628 655 Qui
3655 597 3844 646 autem

2248 685 2358 750 non
2379 671 2804 728 substantialiter
2830 674 3071 744 possidet
3099 690 3297 732 nomen
3327 677 3562 744 luminis,
3594 695 3705 734 non
3734 696 3841 751 pe-

2248 768 2356 818 test
2377 761 2578 818 habere
2597 763 3017 822 substantialiter
3030 766 3348 822 vocabulum
3366 767 3608 824 Deitatis.
3641 769 3849 826 Beatus

2248 854 2448 926 quippe
2483 853 2719 912 Joannes
2759 859 3036 928 apostolus
3059 859 3224 916 dicit:
3260 859 3515 926 Quoniam
3560 861 3706 918 Deus
3750 866 3848 919 lux

2247 955 2326 1002 est
2353 945 2402 1019 (Ι
2431 946 2590 1003 Joan.
2619 965 2659 1017 ι,
2698 936 2864 1020 5).Ὲί
2891 964 3021 1020 ergo
3047 952 3138 1021 qui
3174 951 3316 1008 Deus
3344 961 3428 1010 est
3473 954 3566 1009 lux
3594 961 3696 1020 est,
3749 957 3847 1026 qui

2245 1039 2340 1096 lux
2365 1056 2471 1096 non
2496 1049 2578 1096 est
2630 1043 2771 1098 Deus
2817 1059 2926 1100 non
2954 1053 3065 1112 est;
3095 1061 3264 1118 quare
3298 1048 3479 1105 lumen
3519 1065 3588 1106 ex
3639 1051 3850 1108 lumine

2247 1133 2542 1189 credendus
2569 1143 2653 1191 est
2679 1135 2866 1204 Filius,
2897 1138 3022 1208 quia
3052 1137 3119 1193 de
3139 1140 3252 1196 Deo
3275 1151 3436 1199 natus
3464 1151 3546 1199 est
3574 1144 3743 1213 Deus,
3773 1161 3848 1202 ne

2247 1224 2373 1280 dum
2411 1225 2578 1281 Filius
2618 1227 2799 1284 lumen
2827 1229 3047 1296 dicitur;
3071 1231 3212 1289 Deus
3241 1233 3401 1290 Pater
3421 1236 3842 1294 intolerabiliter

2248 1317 2672 1388 blasphemetur.
2725 1321 2804 1388 Ac
2853 1338 2922 1379 ne
2975 1333 3226 1394 putemus
3273 1325 3489 1384 Patrem
3526 1331 3845 1401 conjectura

2247 1411 2420 1479 magis
2440 1426 2601 1482 quam
2620 1411 2848 1470 veritate
2878 1415 3052 1472 lucem
3077 1417 3276 1485 dicere,
3324 1434 3546 1478 necesse
3572 1421 3841 1480 habemus

2248 1502 2354 1559 hoc
2373 1519 2590 1575 quoque
2611 1506 2934 1564 testimoniis
2953 1511 3275 1581 approbare.
3302 1511 3361 1567 in
3387 1514 3588 1571 sanctis
3607 1515 3847 1586 eloquiis

2246 1593 2315 1650 de
2339 1592 2616 1666 Sapientia
2646 1597 2877 1654 dicitur:
2911 1601 3152 1656 Omnium
3173 1603 3570 1660 mobilitantium
3603 1606 3698 1679 (al.
3731 1624 3845 1662 om-

2246 1686 2396 1740 nibus
2437 1687 2726 1756 mobilibus,
2772 1692 2857 1746 vel
2921 1695 3148 1748 omnium
3195 1694 3552 1770 mobilitatum)
3602 1697 3848 1754 mobilior

2245 1783 2323 1830 est
2369 1775 2641 1844 Sapientia
2671 1795 2690 1833 :
2745 1783 2951 1854 attingit
2995 1794 3166 1838 autem
3213 1783 3397 1857 ubique
3436 1795 3649 1857 propter
3694 1779 3848 1844 snitu:

553 1877 828 1946 adimitur,
854 1878 899 1933 si
928 1877 1065 1933 Filio
1094 1885 1335 1948 paternae
1374 1877 1687 1934 substantiae
1731 1877 2010 1948 aequalitas
2051 1877 2143 1932 ab-

2252 1869 2597 1937 munditiam;
2627 1889 2787 1944 vapor
2814 1884 2892 1929 est
2915 1877 3019 1947 61
3052 1885 3222 1931 autem
3271 1879 3470 1934 virtutis
3494 1879 3611 1946 Dei,
3641 1890 3694 1936 et
3734 1901 3849 1938 ma-

556 1977 804 2040 negetur,
837 1985 960 2024 cum
986 1969 1127 2024 hanc
1166 1969 1466 2040 apostolica
1509 1968 1755 2024 doctrina
1802 1984 1910 2022 non
1945 1975 2144 2036 taceat,

553 2059 885 2128 evangelista
911 2057 1120 2114 Joanne
1147 2059 1398 2114 dicente:
1430 2059 1716 2123 PrOpterea
1758 2056 1994 2112 volebant
2033 2074 2148 2112 eum

511 2211 516 2214 ,
554 2149 1058 2220 Judmiinterﬁcere,
1085 2151 1209 2221 quia
1233 2167 1338 2206 non
1367 2151 1533 2205 solum
1571 2148 1797 2204 solvebat
1845 2147 2143 2216 sabbatum,

555 2242 648 2297 sed
672 2251 720 2296 et
748 2241 962 2297 Patrem
988 2259 1138 2297 suum
1155 2241 1358 2298 dicebat
1386 2241 1575 2310 Deum,
1596 2241 1844 2314 aequalem
1868 2259 1923 2296 se
1941 2243 2147 2313 faciens

555 2330 671 2388 Deo
703 2331 882 2405 (Joan.
909 2349 962 2400 v,
997 2331 1109 2405 18).
1160 2331 1333 2400 Quam
1361 2333 1723 2404 aequalitatem
1744 2348 1854 2389 non
1883 2332 2145 2388 malevola

555 2421 864 2480 Judaeorum
889 2425 1185 2480 adversitas
1207 2425 1368 2496 (sicut
1387 2422 1706 2496 quibusdam
1734 2423 1966 2494 videtur)
1999 2422 2149 2492 obje-

554 2516 649 2581 cit,
681 2516 775 2571 sed
804 2517 1147 2586 evangelista:
1176 2517 1412 2571 veridica
1442 2531 1665 2587 prorsus
1705 2515 2002 2572 auctoritas
2048 2514 2146 2570 de-

553 2607 799 2662 claravit.
852 2606 954 2675 Qui
979 2608 1118 2663 sicut
1145 2623 1273 2663 vere
1311 2607 1448 2662 dixit
1473 2606 1656 2663 Jesum
1699 2606 1924 2663 solvisse
1952 2606 2148 2663 sabba-

553 2704 693 2762 tum,
721 2713 850 2752 vere
869 2699 1034 2754 etiam
1061 2698 1276 2754 Patrem
1300 2714 1453 2754 suum
1473 2699 1673 2755 dixisse
1693 2698 1860 2754 Deum
1881 2737 1897 2765 ,
1928 2699 2000 2753 ita
2021 2713 2148 2754 vere

551 2788 696 2844 dixit
722 2803 819 2859 per
849 2789 1241 2859 professionem
1277 2791 1489 2862 paterni
1531 2791 1762 2846 nominis
1795 2791 2059 2862 aequalem
2086 2807 2146 2847 se

550 2882 745 2938 fecisse
781 2881 1051 2938 divinitati
1099 2892 1156 2940 et
1205 2884 1608 2955 omnipotentiae
1653 2884 1934 2954 genitoris.
1993 2883 2147 2940 lianc

549 2975 917 3046 aequalitatem
944 2975 997 3029 in
1025 2990 1085 3030 se
1111 2975 1226 3046 ipse
1253 2991 1411 3030 verus
1450 2975 1616 3030 Filius
1643 2974 1938 3046 praedicans
1967 2981 2022 3030 et
2052 2974 2146 3029 de-

547 3073 857 3121 monstrans
886 3065 962 3119 ait
988 3082 1001 3117 :
1036 3063 1159 3136 Ego
1190 3072 1240 3119 et
1286 3062 1446 3118 Pater
1471 3080 1630 3118 unum
1669 3080 1844 3119 sumus
1880 3063 2058 3134 (Joan.
2088 3079 2144 3130 Χ,

547 3152 668 3224 50).
699 3154 768 3226 Et
796 3155 904 3211 alio
933 3157 1076 3219 loco,
1111 3157 1305 3210 Umnia
1349 3145 1464 3227 (iure
1501 3155 1665 3208 Pater
1703 3156 1852 3226 facit,
1879 3153 2060 3208 eadem
2097 3161 2146 3208 et

2247 1962 2392 2014 natio
2421 1962 2659 2033 quaedam
2683 1973 2709 2002 ι
2734 1965 2988 2021 claritatis
3009 1969 3373 2038 omnipotentis
3395 1969 3492 2024 Dei
3521 1972 3752 2026 sincera.
3775 1972 3847 2028 Et

2246 2050 2363 2106 ideo
2392 2052 2524 2106 nihil
2562 2053 2938 2124 inquinamenti
2975 2058 3031 2111 in
3077 2058 3224 2113 illam
3259 2061 3500 2127 incurrit,
3544 2063 3748 2120 candor
3771 2075 3849 2120 est

2246 2145 2386 2198 enim
2413 2144 2542 2200 lucis
2569 2156 2796 2214 aeternae,
2834 2157 2883 2202 et
2921 2150 3180 2220 speculum
3229 2154 3341 2208 sine
3381 2155 3585 2209 macula
3610 2155 3714 2210 Dei
3743 2175 3848 2212 mae

2240 2236 2469 2307 jestatis,
2497 2248 2546 2292 et
2567 2240 2740 2310 imago
2770 2242 3014 2297 bonitatis
3045 2243 3204 2298 illius.
3227 2242 3442 2300 Candor
3468 2245 3605 2302 lucis
3623 2255 3845 2304 aeternae

2248 2325 2525 2398 Sapientia
2554 2330 2768 2397 dicitur,
2801 2347 2962 2402 quam
2997 2333 3172 2389 lucem
3191 2344 3447 2405 aeternam
3475 2335 3703 2394 Patrem
3725 2355 3846 2397 esse

2248 2417 2496 2474 universa
2525 2419 2902 2478 Christianitas
2920 2421 3222 2492 proﬁtetur.
3260 2425 3415 2493 Quod
3440 2429 3485 2484 si
3511 2428 3656 2485 forte
3679 2431 3846 2501 aliqui

2247 2521 2439 2584 putant
2467 2514 2626 2570 istam
2655 2515 2827 2572 lucem
2841 2525 3118 2585 aeternam,
3153 2519 3306 2588 cujus
3335 2519 3614 2591 Sapientia
3641 2524 3846 2580 candor

2247 2615 2350 2674 est,
2384 2604 2600 2663 Patrem
2630 2609 2804 2680 accipi
2835 2626 2941 2667 non
2969 2610 3188 2679 debere,
3223 2628 3444 2669 necesse
3471 2623 3554 2670 est
3597 2624 3677 2681 ut,
3719 2617 3844 2672 dum

2246 2697 2418 2754 Deum
2445 2697 2662 2756 Patrem
2683 2701 2856 2757 lucem
2877 2711 3135 2758 aeternam
3165 2702 3448 2775 denegant,
3472 2707 3636 2761 aliam
3663 2707 3842 2764 lucem

2247 2795 2506 2844 aeternam
2530 2798 2794 2860 quaerant,
2852 2792 3002 2862 cujus
3028 2808 3145 2848 esse
3174 2795 3462 2850 candorem
3506 2795 3845 2866 Sapientiam
3944 2814 3962 2826 ·

2247 2879 2528 2935 evidenter
2549 2881 2854 2936 ostendant.
2882 2880 2990 2937 Sed
3014 2882 3113 2952 ipsi
3142 2885 3392 2939 noverint
3413 2887 3694 2954 quomodo
3715 2904 3845 2960 pos-

2247 2971 2376 3039 sint,
2408 2979 2502 3027 aut
2524 2973 2696 3027 lucem
2727 2987 2844 3042 quae
2866 2972 3007 3030 Deus
3028 2990 3136 3030 non
3168 2976 3259 3044 sit,
3282 2983 3376 3030 aut
3395 2976 3620 3032 alteram
3645 2978 3843 3044 lucem,

2247 3071 2442 3130 praeter
2469 3061 2819 3131 Sapientiam,
2851 3077 2970 3133 qua:
2996 3062 3108 3118 Deo
3138 3067 3406 3120 coaeterna
3450 3067 3543 3133 sit,
3575 3067 3844 3124 invenire.

2249 3147 2618 3215 Cognoscatur
2643 3163 2774 3218 ergo
2797 3150 2887 3206 lux
2929 3166 3048 3206 esse
3083 3151 3246 3208 Pater
3283 3154 3520 3219 luminis,
3553 3164 3607 3211 ut
3643 3157 3845 3214 saltem

545 3245 722 3302 Filius
749 3249 876 3319 facit
901 3249 1156 3302 similiter
1187 3247 1364 3316 (Joan.
1391 3263 1444 3311 v,
1475 3245 1585 3316 l9).
1628 3245 1775 3300 Idem
1822 3246 1938 3315 ipse
1971 3245 2102 3300 dicit
2128 3261 2140 3296 :
2173 3261 2219 3324 ο
2247 3241 2327 3296 sic
2347 3240 2512 3295 Filius
2532 3239 2678 3295 Patri
2708 3257 2817 3296 non
2867 3241 3142 3299 dubitetur
3187 3246 3272 3300 vel
3320 3256 3548 3316 negetur
3592 3251 3841 3320 aequalis.

550 3338 744 3404 Pater,
775 3341 1013 3411 clariﬁca
1033 3339 1232 3394 Filium
1263 3347 1425 3406 tuum,
1453 3347 1511 3392 ut
1537 3346 1586 3392 et
1611 3336 1783 3392 Filius
1811 3338 2062 3408 clariﬁcet
2103 3345 2150 3390 te
2250 3329 2371 3386 Uno
2395 3331 2509 3400 jam
2539 3331 2846 3387 testimonio
2871 3331 3039 3388 Deum
3064 3333 3277 3391 Patrem
3306 3337 3481 3394 lucem
3507 3355 3631 3395 esse
3652 3339 3845 3396 docti-

549 3431 736 3504 (Joan.
772 3449 902 3500 xvn,
929 3432 1002 3504 1).
1055 3430 1125 3485 Et
1159 3431 1266 3486 alio
1296 3431 1455 3486 loco:
1493 3429 1560 3485 Ut
1590 3446 1765 3484 omnes
1807 3430 2147 3499 honoriﬁcent
2246 3441 2387 3491 mus,
2432 3424 2626 3494 melius
2652 3434 2736 3482 est
2762 3426 2809 3481 si
2835 3425 2890 3482 id
2917 3427 3092 3498 ipsum
3120 3432 3417 3500 apostolica
3455 3446 3680 3502 quoque
3704 3449 3844 3504 pre-

548 3521 772 3590 Fitium,
817 3526 950 3579 sicut
982 3522 1334 3594 honoriﬁcam
1383 3521 1596 3576 Patrem
1622 3521 1803 3593 (Joan.
1834 3537 1890 3586 v,
1919 3520 2034 3590 25).
2078 3519 2146 3574 Et
2244 3515 2514 3572 dicatione
2540 3524 2923 3573 monstremus.
2975 3517 3172 3576 Beatus
3197 3521 3397 3577 Paulus
3427 3521 3566 3579 ﬁlios
3596 3523 3698 3592 Dei
3744 3541 3843 3582 nos

547 3616 655 3671 alia
709 3615 896 3682 multa,
956 3630 1075 3686 quae
1140 3613 1505 3684 prolixitatem
1557 3615 1790 3668 vitantes
1845 3610 2139 3666 omisimus.

547 3707 839 3777 Equalem
875 3721 934 3762 se
976 3707 1156 3778 itaque
1198 3704 1312 3761 Deo
1355 3720 1454 3776 per
1498 3693 1889 3776 professionem
1932 3703 2144 3773 paterni

544 3797 780 3858 nominis
817 3798 1013 3863 facere,
1044 3812 1210 3852 unum
1239 3811 1362 3851 cum
1409 3794 1569 3850 Patre
1616 3809 1755 3859 esse,
1805 3795 1978 3850 omnia
2029 3811 2144 3866 quae

543 3888 710 3945 Pater
735 3890 878 3961 facit,
905 3888 1087 3944 eadem
1104 3886 1343 3942 similiter
1363 3885 1558 3952 facere,
1584 3885 1928 3950 clariﬁcatus,
1951 3892 2007 3939 et
2027 3884 2141 3954 ipse

543 3980 858 4046 clarilicare,
889 3980 1250 4052 aequalitatem
1279 3978 1379 4034 sibi
1407 3979 1619 4049 paterni
1647 3977 1870 4034 honoris
1899 3976 2139 4047 exigere,

542 4073 682 4129 sicut
725 4075 920 4129 minori
958 4089 1068 4128 non
1105 4079 1444 4148 competunt,
1492 4072 1573 4128 sic
1599 4071 1883 4142 aequalem,
1925 4079 2138 4127 remoto

543 4165 796 4234 scrupulo
817 4164 1189 4232 dubitationis,
1221 4164 1534 4220 ostendunt.

618 4253 851 4324 Objectio
878 4252 930 4308 6.
962 4254 1170 4310 interea
1197 4254 1324 4309 dum
1351 4254 1418 4309 de
1446 4254 1648 4308 lumine
1670 4253 1891 4322 dicitur,
1926 4271 2033 4309 non
2057 4256 2139 4309 in-

543 4346 793 4415 telligunt
819 4345 963 4416 quod
998 4347 1259 4416 scriptum
1285 4354 1386 4407 est.
1426 4346 1551 4414 quia
1579 4346 1715 4400 alius
1741 4354 1827 4400 est
1871 4344 2034 4401 Pater
2061 4347 2138 4400 lu-

542 4437 724 4504 minis,
753 4445 811 4492 et
835 4436 971 4492 alius
999 4443 1084 4492 est
1109 4437 1201 4507 qui
1229 4436 1408 4490 lumen
1438 4443 1522 4490 est
1560 4437 1881 4506 appellatus,
1915 4444 1967 4528 et
1997 4437 2141 4493 lucet

542 4530 600 4588 in
632 4531 887 4597 tenebris,
919 4537 976 4585 et
1017 4531 1256 4587 tenebrae
1285 4547 1410 4586 eum
1439 4547 1546 4587 non
1585 4532 2132 4602 comprehenderunt.

2245 3616 2493 3675 testatur,
2525 3609 2743 3666 dicens:
2788 3607 3087 3682 Quicunque
3133 3609 3336 3682 Spiritu
3365 3611 3464 3666 Dei
3505 3624 3761 3684 aguntur,
3789 3616 3843 3670 hi

2242 3699 2342 3770 filii
2368 3707 2488 3754 sunt
2513 3698 2654 3754 Dei:
2685 3715 2789 3754 non
2817 3701 2953 3754 enim
2997 3702 3266 3771 accepistis
3294 3702 3533 3771 spiritum
3579 3705 3843 3758 servitutis

2240 3794 2426 3849 iterum
2446 3794 2501 3847 in
2529 3795 2728 3858 timore,
2759 3792 2850 3847 sed
2876 3793 3145 3862 accepistis
3174 3793 3413 3864 spiritum
3442 3793 3747 3864 adeptionis
3775 3797 3841 3866 ﬁ-

2240 3882 2446 3949 liorum,
2477 3885 2533 3938 in
2561 3899 2661 3954 quo
2687 3882 2991 3950 clamamus,
3019 3881 3186 3950 Abba,
3230 3881 3411 3937 Pater.
3454 3881 3578 3953 Ipse
3608 3885 3842 3954 Spiritus

2242 3973 2591 4028 testimonium
2617 3972 2786 4026 reddit
2813 3971 3020 4041 spiritui
3041 3980 3215 4027 nostra
3243 3972 3380 4044 quod
3399 3967 3561 4027 simus
3588 3974 3691 4043 ﬁlii
3743 3973 3842 4029 Dei

2243 4061 2420 4132 (Rom.
2444 4079 2553 4129 vin,
2590 4061 2678 4127 14,
2726 4061 2815 4124 15,
2850 4061 2962 4133 16).
3010 4059 3247 4118 Joannes
3291 4062 3454 4117 etiam
3501 4065 3844 4134 evangelista

2239 4152 2370 4208 dicit
2394 4171 2407 4205 :
2443 4151 2701 4225 Quotquot
2729 4160 2903 4206 autem
2922 4150 2950 4190 ι’
2972 4152 3302 4206 crediderunt
3332 4153 3385 4206 in
3414 4169 3549 4219 eum,
3585 4154 3730 4210 dedit
3769 4157 3843 4211 eis

2238 4252 2542 4315 potestatem
2566 4244 2706 4314 ﬁlios
2734 4241 2834 4298 Dei
2853 4244 2969 4314 ﬁeri
2994 4242 3172 4315 (Joan.
3197 4259 3234 4310 ι,
3260 4242 3370 4314 12).
3403 4241 3475 4298 Ut
3502 4245 3672 4313 igitur
3699 4245 3842 4302 Pau-

2241 4337 2325 4392 lus
2353 4336 2544 4402 Deum,
2569 4337 2722 4406 cujus
2754 4337 2846 4390 lilii
2871 4352 3078 4404 sumus,
3106 4336 3281 4392 lucem
3319 4352 3437 4392 esse
3485 4347 3842 4405 monstraret,

2239 4431 2459 4487 eosdem
2480 4431 2618 4486 filios
2641 4431 2776 4486 lucis
2798 4445 3013 4501 quoque
3029 4430 3169 4485 filios
3183 4430 3492 4500 appellavit,
3518 4431 3592 4485 ita
3615 4431 3808 4488 dicens
3828 4454 3841 4486 :

2247 4523 2351 4580 Vos
2380 4535 2550 4579 autem
2570 4527 2758 4596 fratres
2778 4540 2880 4578 non
2909 4525 3034 4578 estis
3057 4526 3111 4577 in
3135 4524 3378 4589 tenebris,
3401 4532 3457 4576 ut
3484 4541 3574 4579 vos
3601 4526 3712 4581 dies
3735 4529 3845 4592 ille,

541 4617 747 4678 Idcirco
772 4619 936 4675 debet
963 4620 1173 4674 adverti
1222 4619 1353 4690 quid
1404 4620 1491 4675 lex
1530 4621 1751 4676 mandat
1787 4622 1874 4678 vel
1922 4620 2139 4678 instruit
2163 4634 2218 4696 ι)
2243 4623 2488 4686 tanquam
2519 4616 2624 4685 ίαν,
2649 4613 3082 4682 comprehendat;
3113 4629 3290 4667 ουυιεδ
3311 4615 3448 4668 enim
3469 4632 3556 4670 υοδ
3585 4617 3690 4686 ﬁlii
3711 4619 3847 4674 ιασίι

541 4719 753 4768 mentes
771 4711 1070 4774 hominum,
1105 4711 1230 4780 quia
1252 4711 1392 4767 inter
1414 4712 1563 4766 illum
1590 4721 1869 4767 auctorem
1925 4713 2141 4769 luminis

541 4809 601 4858 et
629 4801 770 4858 istud
802 4801 984 4858 lumen
1029 4802 1084 4857 in
1132 4803 1369 4859 tenebris
1423 4802 1626 4867 lucens,
1677 4804 1822 4873 quod
1872 4803 2140 4859 illuminat

540 4907 762 4950 omnem
805 4892 1078 4948 hominem
1106 4893 1412 4949 venientem
1459 4893 1513 4948 in
1545 4893 1689 4949 hunc
1726 4893 2006 4958 mundum,
2039 4909 2137 4964 per

538 4983 686 5055 quod
715 4983 824 5040 vita
845 4980 1018 5039 factus
1045 4991 1129 5038 est
1155 4983 1342 5053 Filius,
1366 4991 1421 5038 et
1449 4983 1540 5038 lux
1570 4992 1654 5039 est
1681 4992 1932 5040 ostensus
1962 4983 2137 5038 homi-

537 5092 689 5144 num,
728 5075 822 5131 illo
862 5073 1010 5144 quod
1037 5075 1341 5132 ostenditur
1365 5073 1557 5144 factus,
1590 5091 1699 5132 non
1745 5084 1828 5131 est
1869 5070 2048 5141 Pater,
2080 5085 2136 5132 et

537 5169 762 5240 aequalis
785 5182 906 5224 esse
936 5182 1046 5222 non
1071 5175 1276 5239 potest.

612 5259 918 5329 Responsio.
949 5256 1067 5316 Hoc
1110 5274 1325 5331 semper
1350 5258 1528 5314 Patris
1553 5267 1608 5313 et
1634 5257 1756 5312 Filii
1797 5258 2135 5314 demonstrat

537 5350 838 5419 aequalitas,
870 5358 931 5406 ut
957 5349 1218 5421 quidquid
1245 5349 1406 5405 fuerit
1444 5348 1816 5417 derogationis
1843 5349 1929 5403 vel
1971 5349 2136 5404 hono-

538 5440 813 5496 rificentia:
857 5442 1018 5497 simul
1061 5444 1132 5500 sit
1178 5443 1394 5512 utrique
1433 5456 1740 5496 commune.
1796 5440 1912 5506 Quo
1962 5438 2021 5493 ﬁt
2047 5447 2129 5504 ut,

539 5532 666 5586 dum
697 5539 885 5587 contra
916 5531 1039 5588 ﬁdei
1065 5547 1311 5588 normam
1337 5531 1506 5586 Filius
1545 5547 1574 5584 a
1606 5529 1783 5586 Patris
1829 5529 2135 5599 aequalitate

538 5623 879 5689 discernitur,
912 5624 1081 5693 magis
1104 5623 1247 5678 Patri
1264 5637 1426 5693 quam
1457 5621 1592 5675 Filio
1620 5620 1948 5675 detrahatur.
1982 5619 2134 5687 Quod

538 5718 695 5784 lutjus
724 5719 829 5774 loci
852 5718 1188 5774 manifestius
1217 5717 1550 5772 demonstrat
1581 5713 1823 5776 assertio,
1865 5727 1966 5783 qua
2005 5713 2130 5770 dum

615 5869 635 5894 ⁵
663 5858 760 5915 M5.
783 5859 969 5925 Corb.,
1006 5855 1268 5913 caritatis.

2241 4708 2383 4771 estis,
2407 4716 2456 4761 et
2484 4707 2580 4772 ﬁlii
2609 4706 2710 4761 diei
2741 4704 2795 4775 (1
2828 4704 3003 4759 Thess.
3037 4722 3090 4770 v,
3118 4704 3229 4776 45).
3268 4704 3337 4760 Et
3376 4707 3544 4763 Filius
3574 4709 3645 4764 ad
3674 4710 3844 4768 disci-

2241 4800 2438 4870 pulos:
2472 4797 2541 4852 Ut
2585 4797 2700 4852 sitis
2743 4797 2840 4868 ﬁlii
2888 4795 3066 4852 Patris
3109 4799 3283 4864 vestri,
3334 4800 3419 4870 qui
3466 4801 3523 4854 in
3571 4804 3720 4858 caelis
3770 4814 3847 4862 est

2242 4891 2462 4966 (Matth.
2483 4908 2535 4957 v,
2569 4889 2681 4964 45).
2713 4891 2890 4961 Ipsum
2911 4906 3042 4946 vero
3064 4876 3257 4946 Filium
3302 4891 3478 4948 lucem
3508 4909 3632 4951 esse
3663 4898 3848 4956 nullus

2238 4985 2439 5056 poterit
2466 4983 2754 5052 abnegare,
2787 4981 2854 5036 de
2882 4996 2990 5052 quo
3017 4982 3343 5052 evangelista
3367 4983 3530 5040 dicit:
3564 4984 3708 5042 Erat
3749 4990 3848 5046 lux

2236 5091 2356 5129 vera
2384 5089 2498 5147 qua:
2517 5072 2774 5127 illuminat
2793 5087 2996 5126 omnem
3019 5072 3277 5128 hominem
3298 5075 3584 5130 uenientem
3607 5077 3663 5130 in
3709 5079 3848 5135 hunc

2236 5165 2485 5220 mundum
2515 5162 2696 5234 (Joan.
2726 5179 2766 5226 ι,
2799 5161 2876 5232 9).
2908 5161 2973 5216 Et
2999 5179 3188 5219 rursus
3213 5183 3225 5216 :
3257 5163 3329 5217 Et
3358 5166 3461 5219 rita
3495 5175 3612 5221 erat
3635 5167 3732 5222 luas
3760 5170 3848 5224 ho-

2235 5259 2451 5320 minum,
2483 5265 2534 5310 et
2560 5255 2650 5309 lux
2674 5256 2729 5309 in
2771 5253 2992 5308 tenebris
3031 5254 3186 5320 lucet,
3227 5263 3276 5308 et
3315 5254 3538 5311 tenebrae
3577 5275 3697 5312 eam
3739 5276 3848 5316 non

2236 5349 2729 5422 comprehenderunt
2751 5347 2938 5421 (Ibid.,
2962 5347 3039 5420 5).
3085 5350 3206 5422 Ipse
3233 5365 3450 5420 quoque
3469 5351 3642 5408 Filius
3664 5355 3847 5415 lucem

2236 5457 2297 5500 se
2338 5457 2459 5497 esse
2503 5441 2724 5512 propria
2760 5455 2898 5496 voce
2926 5449 3191 5497 testatur:
3235 5441 3351 5515 Ego
3377 5461 3493 5498 sum
3538 5445 3845 5520 (inquiens)

2235 5533 2328 5587 tua:
2348 5531 2526 5586 mundi
2551 5530 2728 5602 (Joan.
2754 5547 2865 5598 vin,
2894 5530 3004 5603 12).
3032 5530 3100 5587 Ut
3121 5539 3299 5586 autem
3323 5545 3658 5602 agnoscatur
3679 5537 3846 5595 Pater

2235 5623 2292 5680 in
2318 5623 2474 5687 Filio,
2505 5621 2684 5678 lumen
2714 5622 2767 5676 in
2797 5622 2998 5678 lumine
3020 5638 3159 5688 esse,
3187 5623 3241 5677 in
3266 5622 3492 5680 Joannis
3521 5627 3845 5686 testimorio

2235 5715 2576 5788 perdocetur,
2609 5714 2701 5783 qui
2741 5714 2851 5768 ait:
2884 5713 3020 5769 Deus
3062 5715 3153 5769 tua:
3191 5725 3289 5786 est,
3331 5726 3380 5769 et
3413 5718 3639 5775 tenebrae
3683 5723 3740 5778 in
3777 5738 3842 5777 ea

2311 5848 2337 5888 δ
2364 5847 2458 5904 Ms.
2493 5847 2679 5915 Corb.,
2712 5857 3010 5919 receperunt
3039 5865 3166 5906 eum.
