4120 6484
182 399 318 457 27

1379 345 1749 438 ansrousm
1790 376 2067 434 conm
2106 375 2420 434 ARIANOS.

3419 377 3522 434 τιὸ

190 527 325 569 non
353 516 495 566 sunt
515 507 668 562 ultre:
695 516 855 574 atque
887 501 1161 571 subjunxit
1187 516 1198 551 :
1228 497 1290 552 Si
1309 499 1362 550 in
1392 495 1582 549 lumine
1605 491 1834 546 ambule-
1862 495 1912 554 Α
1937 489 2222 547 discretam
2268 497 2534 564 monstrat
2578 489 2845 560 gignentis
2891 489 3168 561 genitique
3197 505 3486 561 personam
3504 532 3520 557 ,

190 619 361 664 mus,
405 603 545 654 sicut
578 605 626 652 et
663 599 772 666 ipse
798 605 874 648 est
928 596 981 648 in
1010 594 1218 656 luntine,
1251 590 1547 646 societatem
1593 584 1836 638 habemus

195 691 284 745 ad
331 691 571 744 invicem
615 685 668 755 (ι
711 685 868 740 Joan.
925 701 960 751 ι,
997 681 1045 749 5,
1081 683 1154 753 7).
1187 678 1340 747 Quod
1381 689 1440 732 ut
1479 691 1538 732 se
1565 675 1632 730 de
1678 673 1838 728 Patre

198 784 455 840 dixisse
487 787 827 842 monstraret,
873 775 1152 847 adjunxit‘:
1187 772 1257 827 Et
1307 771 1518 842 sanguis
1563 767 1687 822 Iesu
1709 765 1838 820 Filii

204 879 352 952 ejus
404 874 624 930 mundat
660 890 752 927 nos
777 871 840 924 ab
873 872 1012 925 omni
1042 882 1246 934 peccaro
1278 864 1467 935 (Ibid.,
1494 863 1568 935 7).
1601 862 1834 927 Patrem,

200 950 403 1041 quem
449 967 617 1021 lucem
658 964 810 1029 dixit,
861 963 917 1016 in
964 960 1164 1014 lumine
1209 973 1327 1014 esse
1381 955 1647 1011 asseruit:
1681 950 1840 1020 Quod

200 1076 364 1130 ergo
404 1059 551 1113 istud
574 1065 656 1112 est
684 1056 884 1120 lumen,
917 1053 1019 1108 nisi
1049 1052 1227 1107 lumen
1247 1064 1454 1114 verum,
1492 1046 1628 1120 quod
1654 1043 1841 1100 illumi-

202 1162 314 1206 nat
387 1165 600 1205 onmem
657 1147 916 1202 hominem
970 1145 1254 1199 venientem
1299 1143 1353 1194 in
1410 1141 1544 1192 hunc
1592 1136 1840 1191 mundum

202 1240 427 1313 (Joan.
461 1256 500 1304 ι,
532 1237 622 1309 9)?
645 1237 928 1291 Ostensum
950 1243 1032 1290 est
1060 1233 1220 1302 igitur
1247 1230 1465 1285 Patrem
1489 1219 1836 1290 esse‘lumen,

205 1333 380 1390 sicut
437 1339 522 1386 est
571 1329 735 1384 Filius
781 1328 1000 1392 lumen;
1036 1325 1437 1380 demonstratur
1477 1320 1637 1376 etiam
1677 1317 1842 1372 Filius

210 1427 350 1483 dies
385 1425 539 1479 sicut
564 1431 619 1478 et
641 1421 801 1476 Pater
830 1427 914 1475 est
943 1418 1078 1487 dies,
1100 1416 1365 1489 propheta
1386 1413 1636 1469 dicente:
1669 1409 1842 1464 Evan-

211 1525 470 1597 geiizate
493 1519 557 1573 de
597 1518 678 1572 die
717 1517 772 1569 in
810 1515 945 1569 diem
996 1513 1226 1567 salutare
1253 1509 1364 1582 ejus
1387 1505 1570 1597 A(Psal.
1607 1519 1730 1566 xcv,
1761 1501 1838 1573 2).

212 1595 595 1686 Quapmpter
622 1617 944 1680 agnoscatur
969 1606 1129 1660 Pater
1151 1618 1270 1658 esse
1298 1602 1351 1656 in
1385 1595 1519 1654 Filio
1542 1595 1766 1662 lumine,
1788 1601 1844 1648 et

215 1709 416 1767 Filius
443 1703 672 1759 inPatre
701 1701 920 1763 lumine,
944 1700 1060 1770 ipso
1077 1697 1144 1754 dc
1166 1711 1222 1752 se
1250 1693 1452 1749 lumine
1473 1695 1838 1762 protestante:

221 1795 358 1870 Ego
385 1799 450 1850 in
487 1793 664 1856 Patre,
687 1799 736 1845 et
772 1790 932 1844 Pater
957 1790 1012 1842 in
1043 1804 1123 1842 me
1178 1784 1358 1857 (Jouu.
1384 1798 1494 1847 xw,
1539 1777 1664 1849 12);
1719 1785 1841 1870 tat—1-

1940 582 2018 638 sic
2039 582 2305 637 diversam
2333 598 2442 638 non
2470 581 2597 636 sinit
2615 581 2794 652 putari
2816 581 3190 637 substantiam.
3221 580 3371 635 Alius
3396 595 3526 649 ergo

1941 683 2228 746 propterea
2256 674 2431 730 dictus
2459 673 2772 751 estPater,
2825 683 2883 729 ut
2911 673 3278 746 generationis
3323 674 3526 729 veritas

1943 773 2358 832 monstraretur,
2382 781 2494 822 non
2515 773 2576 821 ut
2596 774 2875 837 putaretur
2897 775 2990 820 aut
3009 765 3158 835 prior
3177 773 3272 822 aut
3297 764 3480 835 potior
3505 779 3520 817 ε
3583 767 3588 774 ’

1941 874 2067 915 nam
2093 858 2140 914 si
2183 859 2447 929 potiorem
2475 859 2721 930 accipere
2745 858 3003 914 debemus
3059 873 3222 928 quem
3279 856 3526 912 audimus

1943 950 2107 1005 alium
2129 949 2254 1015 dici,
2286 950 2660 1020 compellimur
2685 949 2848 1006 etiam
2874 947 3214 1004 Paracletum
3244 947 3524 1019 Spiritum,

1944 1057 2045 1113 pro
2074 1056 2140 1097 eo
2169 1040 2312 1112 quod
2340 1039 2478 1095 alius
2515 1040 2691 1097 dictus
2732 1048 2833 1106 est,
2866 1039 3135 1110 potiorem
3176 1036 3314 1094 Filio
3359 1037 3530 1093 conti-
3613 1107 3621 1112 '

1945 1135 2048 1190 teri
2082 1153 2094 1188 :
2125 1134 2264 1214 sicut
2292 1132 2436 1188 enim
2463 1131 2675 1188 Patrem
2703 1132 2864 1187 alium
2888 1131 3055 1186 Filius
3083 1129 3238 1195 dixit,
3264 1128 3336 1184 ita
3365 1126 3532 1183 Para-

1945 1225 2146 1282 cletnm
2171 1224 2333 1279 alium
2357 1222 2705 1294 nuncupavit.
2723 1221 2781 1277 Si
2804 1221 2982 1292 placet
3004 1221 3185 1290 igitur,
3204 1227 3258 1275 et
3277 1219 3383 1274 hoc
3404 1215 3531 1272 fidei

1944 1317 2146 1374 veritas
2173 1317 2370 1387 exigit,
2414 1324 2475 1370 ut
2517 1315 2710 1370 melior
2733 1322 2954 1385 putetur
2996 1313 3089 1383 qui
3119 1312 3254 1367 alius
3309 1309 3531 1378 dicitur,

1946 1409 2200 1480 quoniam
2230 1407 2396 1463 Pater
2424 1407 2562 1462 alius
2590 1415 2672 1462 est
2698 1405 2897 1473 dictus,
2927 1412 2983 1460 et
3020 1403 3159 1458 alius
3194 1401 3532 1468 Paracletus,

1946 1515 2014 1556 ex
2034 1500 2139 1555 hoc
2161 1497 2274 1568 jam
2301 1497 2465 1553 Filius
2491 1496 2805 1567 subjiciatur
2825 1495 3108 1558 ambobus,
3140 1500 3200 1549 ut
3227 1493 3418 1548 saltem
3455 1493 3536 1550 sic

1949 1589 2260 1647 Paracletus
2305 1598 2615 1660 coaequetnr
2641 1588 2826 1656 Patri,
2875 1589 2967 1659 qui
3003 1604 3102 1659 pro
3132 1603 3198 1644 eo
3225 1587 3372 1658 quod
3399 1586 3536 1642 alius

1946 1691 2284 1753 nuncupatus
2329 1691 2446 1749 est,
2500 1681 2635 1737 Filio
2682 1679 2877 1738 dicitur
2928 1679 3226 1749 anteponi;
3270 1686 3332 1732 ut
3375 1675 3537 1746 hujus

1948 1775 2328 1833 communione
2357 1773 2690 1846 pronominis
2709 1813 2724 1840 ,
2757 1772 2809 1827 in
2851 1771 3012 1827 Patre
3045 1780 3101 1827 et
3129 1768 3410 1833 Paracleto
3438 1767 3536 1824 de-

220 1861 412 1964 quam
447 1884 682 1938 diceret:
714 1878 825 1949 Ego
855 1880 908 1935 in
932 1879 1153 1942 lumine,
1181 1884 1237 1932 et
1263 1875 1445 1929 lumen
1502 1871 1556 1926 in
1609 1884 1716 1924 me.
1776 1865 1844 1922 Et
1874 1883 1923 1943 Β
1948 1875 2282 1924 monstretur
2305 1865 2612 1922 communio
2641 1864 2886 1930 deitatis;
2923 1863 2968 1920 si
2999 1869 3180 1918 autem
3207 1861 3536 1927 Paracletus,

217 1981 326 2038 ubi
389 1993 510 2033 non
570 1973 840 2030 invenitur
885 1970 1168 2027 diversitas
1222 1964 1459 2029 luminis,
1519 1977 1628 2018 non
1681 1972 1847 2028 nege-

219 2088 323 2138 tur
347 2076 644 2148 aequalitas
671 2067 886 2126 deitatis
914 2085 928 2120 :
967 2081 1035 2120 ne
1063 2064 1191 2119 dum
1218 2062 1361 2116 Deus
1388 2059 1480 2113 lux
1521 2070 1644 2112 esse
1690 2068 1851 2124 apos-

222 2176 410 2232 tolica
447 2167 833 2245 praedicatione
875 2162 1090 2225 dicitur,
1113 2157 1223 2230 [ille
1250 2156 1342 2226 qui
1369 2155 1548 2209 lumen
1578 2165 1699 2206 esse
1741 2163 1849 2204 non

226 2268 457 2326 dicitur
486 2265 625 2319 Deus
647 2261 810 2315 etiam
829 2270 948 2312 esse
973 2250 1142 2324 (quod
1167 2248 1316 2305 nefas
1339 2247 1442 2310 est)
1473 2245 1788 2313 abnegetur.

308 2356 566 2429 Objectio
608 2353 658 2406 7.
687 2348 972 2404 Omisimus
1005 2344 1100 2415 (al.
1143 2339 1504 2404 Admisimus,
1548 2335 1625 2390 vel
1667 2333 1850 2389 amisi-

228 2457 390 2528 mus)
429 2453 731 2525 superﬂuas
751 2449 1007 2514 rationes,
1034 2459 1154 2517 qua:
1181 2441 1456 2499 fastidium
1477 2454 1584 2495 non
1613 2437 1856 2493 facerent

231 2563 356 2634 62
388 2555 758 2621 auditoribus,
789 2560 844 2606 et
873 2550 941 2605 ad
969 2549 1074 2605 hoc
1100 2558 1419 2617 responsum
1449 2542 1534 2598 est
1557 2588 1570 2609 ,
1616 2540 1683 2596 ad
1710 2536 1855 2610 quod

232 2660 534 2723 sententia
564 2653 867 2726 inquirebat
892 2649 1309 2721 expositionem.
1339 2644 1409 2700 Et
1435 2644 1560 2714 quia
1590 2644 1729 2698 inter
1753 2639 1856 2695 Pa-

231 2773 391 2822 trem
443 2767 499 2815 et
529 2756 721 2812 Filium
756 2751 1014 2810 distantia
1054 2755 1166 2818 est,
1209 2754 1266 2803 et
1300 2743 1445 2816 quod
1490 2742 1700 2798 dicitur
1745 2753 1857 2796 non

237 2877 351 2934 est,
387 2879 467 2923 eo
497 2862 639 2936 quod
669 2861 810 2916 inter
845 2858 967 2914 illos
995 2852 1300 2910 differentia
1327 2865 1435 2905 non
1465 2849 1556 2913 sit,
1586 2847 1705 2917 ipse
1733 2843 1855 2900 Sal-

239 2981 419 3027 uator
451 2966 600 3032 dicit,
630 2962 724 3034 qui
751 2956 1054 3016 credendus
1083 2962 1166 3010 est
1196 2971 1210 3008 ε
1239 2952 1388 3007 Alius
1409 2959 1484 3005 est
1509 2950 1597 3021 qui
1625 2949 1856 3002 testimo-

247 3061 412 3129 nium
446 3064 673 3138 perhibet
703 3062 766 3116 de
792 3076 874 3114 me
901 3057 1079 3129 (Ioan.
1123 3070 1177 3121 v,
1207 3051 1319 3122 52).
1363 3050 1498 3105 Item
1539 3049 1655 3118 ipse
1692 3045 1860 3101 Filius

249 3174 392 3231 dicit
421 3169 491 3225 de
517 3166 721 3238 Spiritu
752 3168 940 3218 sancto
975 3177 986 3213 :
1014 3156 1081 3212 Et
1111 3156 1271 3210 alium
1297 3151 1631 3207 Paracletum
1657 3149 1860 3203 mittam

1949 1959 2076 2014 licet
2116 1958 2254 2013 alius
2278 1956 2506 2024 dicatur,
2538 1965 2721 2011 tamen
2765 1955 2902 2011 Filio
2949 1969 3060 2010 non
3107 1952 3407 2024 praefertur,
3436 1965 3539 2007 nec

1949 2049 2113 2106 Pater
2141 2049 2263 2106 ideo
2292 2046 2656 2120 praeferendus
2685 2054 2767 2102 est
2794 2045 2950 2113 Filio,
2987 2045 3113 2116 quia
3141 2045 3278 2099 alius
3299 2043 3494 2098 dicitur
3522 2059 3537 2096 :

1954 2142 2059 2199 hoc
2083 2140 2226 2198 enim
2252 2137 2600 2211 pronomine,
2627 2151 2982 2209 personarum
3011 2135 3312 2192 ostenditur
3338 2133 3540 2190 discre-

1955 2237 2055 2304 tio,
2081 2248 2193 2290 non
2234 2239 2460 2288 naturae.
2491 2230 2732 2300 Denique
2773 2244 2844 2285 ne
2873 2228 3000 2285 fidei
3026 2228 3375 2298 ambiguitate
3401 2225 3544 2282 veri-

1953 2327 2080 2383 tatis
2112 2325 2355 2396 regulam
2384 2323 2717 2389 deserentes,
2763 2337 2860 2394 per
2879 2321 3064 2378 devios
3104 2319 3546 2377 circumferamur

1954 2432 2190 2486 errores,
2229 2417 2347 2488 ipse
2374 2415 2636 2471 Dominus
2664 2413 2838 2483 nobis,
2871 2420 2928 2467 et
2952 2426 3116 2466 unam
3144 2425 3203 2466 se
3239 2424 3362 2466 cum
3385 2407 3547 2463 Patre

1955 2511 2194 2568 retinere
2222 2507 2599 2574 substantiam,
2624 2513 2680 2562 et
2705 2505 2928 2560 alteram
2957 2517 3017 2560 se
3039 2501 3434 2559 demonstravit
3456 2499 3547 2555 ha-

1955 2603 2086 2658 bere
2096 2614 2404 2673 personam,
2419 2598 2604 2655 dicens
2617 2597 2674 2652 in
2684 2595 2976 2667 Evangelio
2993 2613 3006 2648 :
3023 2591 3134 2666 Ego
3146 2601 3194 2649 et
3215 2591 3378 2648 Pater
3388 2605 3548 2645 unum

1958 2711 2135 2751 sumus
2163 2692 2346 2767 (Joan.
2393 2709 2456 2758 x,
2505 2691 2620 2763 50).
2652 2690 2808 2760 Quod
2846 2688 3054 2745 dictum
3078 2730 3094 2756 ,
3137 2688 3194 2743 hi
3223 2687 3314 2758 qui
3357 2686 3549 2742 divina:

1959 2787 2184 2843 unitatis
2205 2785 2261 2841 in
2290 2783 2452 2841 Patre
2471 2792 2526 2840 et
2549 2783 2687 2839 Filio
2709 2780 3154 2852 significationem
3175 2788 3399 2836 tenuare
3419 2794 3550 2836 con-

1959 2877 2205 2944 tendunt,
2239 2890 2348 2931 non
2375 2875 2444 2930 ad
2471 2873 2884 2931 substantialem
2928 2872 3212 2937 unitatem,
3239 2869 3337 2928 sed
3360 2869 3429 2924 ad
3454 2883 3551 2925 vo-

1960 2969 2183 3026 luntatis
2211 2968 2429 3024 student
2456 2968 2662 3023 referre
2686 2964 3050 3021 concordiam.
3083 2962 3236 3031 Quod
3263 2962 3307 3019 si
3335 2963 3414 3018 sic
3440 2961 3552 3017 Do—

1961 3062 2142 3118 minus
2168 3059 2335 3121 vellet
2378 3057 2636 3128 intelligi,
2680 3062 2867 3128 posset
2904 3055 3084 3111 dicere
3113 3071 3127 3107 :
3160 3052 3274 3122 Ego
3309 3061 3365 3108 et
3392 3049 3554 3108 Pater

1961 3169 2127 3210 unum
2158 3152 2438 3217 volumus;
2470 3165 2598 3216 non,
2629 3148 2746 3221 Ego
2776 3157 2825 3202 et
2850 3146 3010 3202 Pater
3035 3161 3196 3200 unum
3223 3160 3418 3200 sumus.
3446 3143 3555 3200 Sed

251 3263 408 3320 vobis
454 3236 634 3330 (Joan.
671 3270 780 3318 xiv,
823 3249 936 3320 16).
972 3247 1148 3302 Alium
1177 3245 1310 3300 dixit
1339 3241 1578 3305 Patrem,
1611 3247 1666 3295 et
1695 3238 1858 3293 alium
1889 3260 1934 3324 Ο
1964 3261 2107 3302 nunc
2133 3243 2298 3313 eligat
2339 3242 2568 3313 quisque
2613 3240 2758 3312 quod
2795 3239 2958 3306 velit;
3003 3247 3182 3294 ιιιιοωη
3213 3237 3268 3292 in
3309 3237 3421 3292 Deo
3447 3236 3556 3308 63

168 3377 171 3379 '
253 3365 407 3424 dixit
435 3375 560 3418 esse
588 3354 946 3419 Paracletum,
996 3358 1201 3406 etcum
1243 3362 1352 3402 non
1395 3343 1748 3399 advertuntur
1776 3339 1854 3396 di-

256 3471 393 3525 vina
418 3465 543 3536 jura
564 3468 619 3516 et
644 3463 1004 3518 sacramenta,
1037 3450 1342 3508 eﬂiciuntur
1363 3447 1614 3504 homines
1637 3444 1861 3516 pagani-

261 3569 407 3626 tatis
436 3561 794 3635 professores,
828 3572 953 3613 cum
979 3559 1228 3610 asserunt
1251 3550 1469 3605 Patrem
1503 3555 1561 3604 et
1586 3546 1781 3602 Filium
1809 3552 1865 3601 et

261 3669 540 3741 Spiritum
567 3667 810 3718 sanctum
839 3672 1007 3712 unum
1036 3669 1156 3710 esse
1182 3653 1372 3707 Deum.

349 3763 664 3837 Responsio.
703 3759 846 3814 Vera
895 3754 1028 3810 fides
1068 3766 1344 3821 nunquam
1385 3747 1720 3821 superfluas,
1772 3748 1868 3804 sed

263 3877 466 3931 rectas
507 3876 720 3932 semper
749 3858 914 3914 habet
951 3862 1007 3909 et
1033 3852 1222 3908 habuit
1257 3850 1517 3914 rationes,
1564 3862 1665 3904 nec
1692 3863 1759 3904 ex
1787 3847 1869 3902 his

265 3969 503 4046 aliquod
545 3963 816 4021 fastidium
842 3957 1100 4023 nascitur,
1143 3955 1189 4010 si
1218 3951 1381 4009 modo
1410 3952 1614 4022 absque
1640 3957 1868 4006 conten-

269 4075 447 4135 tionis
473 4068 651 4127 studio
672 4063 873 4122 veritas
893 4060 1164 4127 audiatur,
1190 4071 1299 4127 qua
1329 4056 1398 4112 ob
1425 4055 1530 4110 hoc
1554 4053 1718 4108 alium
1738 4052 1873 4107 dixit

205 4235 216 4246 κ
268 4179 520 4239 Patrem,
547 4178 607 4227 ut
644 4181 906 4241 personas
933 4163 1285 4225 discerneret,
1327 4174 1434 4214 non
1460 4163 1520 4212 ut
1548 4155 1872 4212 substantia-

275 4282 394 4338 lem
423 4272 736 4332 distantiam
757 4269 1154 4324 demonstraret
1184 4279 1199 4316 :
1231 4276 1355 4316 nam
1385 4275 1506 4317 cum
1537 4259 1694 4312 alium
1716 4256 1869 4324 dixit,

277 4379 524 4441 ostendit
543 4392 602 4433 se
626 4371 901 4446 propriam
925 4367 1129 4423 habere
1148 4377 1467 4436 personam;
1499 4359 1718 4414 Patrem
1743 4373 1873 4414 vero

281 4481 573 4540 nominans
597 4517 613 4543 ,
664 4467 1058 4528 demonstravit
1102 4480 1163 4522 se
1205 4479 1368 4520 unam
1412 4477 1537 4518 cum
1573 4475 1641 4516 eo
1669 4459 1873 4515 habere

289 4577 674 4640 substantiam,
698 4572 804 4627 hoc
827 4567 991 4626 modo
1022 4584 1035 4620 :
1061 4565 1108 4620 si
1132 4564 1276 4620 enim
1305 4561 1488 4626 Pater,
1514 4560 1606 4631 qui
1629 4559 1875 4616 testimo-

284 4684 441 4742 nium
470 4676 719 4752 perhibet
745 4672 884 4728 Filio
933 4684 1061 4726 vere
1088 4668 1224 4723 alius
1252 4673 1354 4732 est,
1380 4672 1440 4720 ut
1457 4664 1738 4734 utriusque
1759 4678 1792 4733 p

283 4752 424 4846 sona
452 4751 806 4842 discernatur,
847 4787 981 4836 vere
1009 4779 1064 4828 et
1092 4769 1252 4824 Pater
1280 4775 1382 4834 est,
1414 4775 1474 4821 ut
1501 4751 1874 4822 substantialis

287 4888 472 4943 unitas
499 4881 915 4938 demonstretur.
944 4871 1101 4942 Quod
1121 4871 1168 4927 si
1191 4884 1320 4926 vera
1341 4877 1424 4925 est
1449 4869 1746 4939 paternitas
1773 4867 1877 4923 Pa-

293 4990 414 5055 tris,
443 4999 574 5041 vera
601 4990 684 5038 est
720 4981 882 5036 etiam
924 4974 1176 5032 nativitas
1204 4971 1404 5045 prolis;
1449 4979 1505 5026 et
1537 4971 1582 5027 si
1628 4978 1712 5025 est
1755 4970 1878 5025 Filii

293 5106 427 5148 vera
465 5086 737 5152 nativitas,
779 5084 920 5138 inter
941 5079 1154 5134 Patrem
1179 5076 1483 5146 Filiumque
1512 5075 1880 5133 substantialis

295 5208 407 5249 non
433 5195 613 5263 potest
640 5199 759 5242 esse
780 5183 1077 5239 diversitas.
1101 5179 1242 5235 Vera
1267 5177 1412 5233 enim
1438 5185 1495 5232 et
1520 5185 1722 5233 aztema
1752 5179 1879 5234 sub-

298 5294 492 5361 tantia,
512 5290 579 5346 de
599 5303 705 5359 qua
725 5300 852 5341 vera
879 5283 1130 5339 nativitas
1157 5280 1382 5346 exstitit,
1414 5280 1549 5336 sicut
1571 5257 1880 5350 generando

301 5393 469 5452 minui
504 5389 774 5458 dividique
803 5400 911 5440 non
953 5383 1174 5454 potuit,
1225 5382 1298 5436 ita
1336 5381 1390 5437 in
1420 5396 1480 5437 se
1520 5389 1632 5437 tota
1662 5381 1878 5453 perma-

302 5511 438 5553 nens
496 5501 663 5548 totam
682 5503 741 5544 se
769 5492 1051 5541 coaeternae
1072 5482 1287 5538 veritati
1318 5483 1610 5539 nativitatis
1636 5484 1878 5548 indulsit,

306 5607 367 5653 ut
406 5596 612 5653 scilicet
639 5589 902 5662 gignentis
933 5586 1204 5656 genitique
1246 5602 1355 5642 non
1384 5587 1558 5643 solum
1607 5589 1886 5657 inqualitas

309 5697 510 5768 absque
539 5691 848 5748 diversitate
876 5686 1215 5750 consisteret,
1246 5686 1342 5742 sed
1371 5688 1531 5743 etiam
1556 5689 1672 5745 sine
1698 5689 1888 5746 confu-

311 5797 464 5852 sione
487 5793 917 5862 detrimentoque
938 5787 1195 5845 naturalis
1217 5787 1394 5844 unitas
1415 5800 1777 5863 permaneret.
1804 5793 1893 5850 Di-

317 5896 452 5952 rimo
477 5895 676 5967 quippe
706 5893 1002 5952 nativitatis
1028 5931 1044 5960 .
1091 5897 1144 5947 et
1173 5905 1401 5963 nomen,
1443 5901 1496 5949 et
1525 5895 1726 5952 veritas
1755 5897 1895 5956 sicut

1964 3335 2110 3392 aliud
2131 3343 2286 3406 putet
2316 3349 2437 3390 esse
2478 3341 2536 3390 et
2576 3333 2721 3388 aliud
2744 3333 2920 3398 velle;
2966 3346 3034 3385 an
3062 3330 3170 3386 hoc
3209 3329 3394 3386 credat
3439 3343 3558 3386 esse

1966 3429 2111 3500 quod
2136 3426 2308 3494 velle,
2357 3434 2418 3482 ut
2457 3425 2508 3482 ei
2555 3425 2728 3497 possit
2755 3420 2916 3495 hujus
2941 3423 3069 3479 dicti
3107 3421 3361 3478 dominici
3387 3420 3560 3476 mani-

1917 3577 1920 3580 .
1966 3523 2156 3579 lestius
2175 3521 2377 3577 veritas
2403 3535 2685 3592 apparere.
2710 3519 2767 3575 Si
2791 3519 2933 3575 enim
2963 3517 3123 3572 aliam
3152 3515 3347 3572 dixerit
3368 3516 3422 3571 in
3448 3513 3560 3572 Deo

1966 3614 2300 3670 voluntatem
2326 3654 2342 3681 ,
2385 3626 2505 3682 qua:
2534 3609 2674 3666 velle
2713 3609 2926 3673 dicitur,
2974 3615 3030 3665 et
3058 3607 3216 3662 aliam
3246 3607 3555 3672 essentiam,

1968 3718 2088 3773 qua:
2114 3717 2235 3758 esse
2264 3700 2628 3770 cognoscitur,
2652 3699 2720 3755 ad
2749 3701 3085 3755 voluntatem
3113 3697 3305 3754 referri
3333 3713 3440 3752 non
3469 3711 3561 3768 po-

1971 3801 2110 3858 test,
2139 3791 2288 3862 quod
2317 3790 2610 3847 secundum
2640 3789 2934 3845 essentiam
2964 3789 3167 3844 dictum
3204 3795 3287 3842 est
3322 3805 3334 3841 :
3368 3787 3482 3859 Ego
3511 3796 3562 3841 et

1971 3885 2133 3942 Pater
2160 3901 2320 3939 unum
2349 3899 2547 3940 sumus.
2576 3882 2708 3937 Esse
2737 3869 2880 3938 enim
2910 3881 2977 3936 ab
3005 3881 3240 3937 essentia
3269 3879 3492 3944 dicitur;
3513 3879 3560 3934 si

1971 3984 2152 4032 autem
2179 3976 2285 4030 hoc
2323 3975 2378 4030 in
2420 3975 2535 4030 Deo
2567 3973 2727 4045 (sicut
2773 3981 2982 4027 certum
3023 3971 3127 4040 est)
3177 3976 3396 4040 putatur
3440 3982 3562 4024 esse

1972 4069 2118 4140 quod
2146 4067 2308 4137 velle,
2335 4067 2461 4123 dum
2492 4065 2786 4122 voluntatis
2807 4065 2984 4120 unitas
3010 4064 3286 4128 asseritur,
3312 4063 3562 4118 substan-

1973 4162 2118 4219 tialis
2145 4161 2309 4218 etiam
2354 4160 2533 4216 unitas
2572 4175 2678 4215 non
2728 4166 2955 4229 negetur
2979 4201 2994 4227 ,
3042 4165 3104 4212 ut
3130 4164 3186 4214 et
3212 4155 3265 4212 in
3310 4171 3378 4212 eo
3415 4154 3561 4228 quod

1975 4256 2109 4312 dixit
2136 4270 2297 4308 unum
2344 4260 2668 4324 agnoscatur
2702 4267 2812 4308 non
2857 4250 3003 4305 aliud
3045 4264 3164 4306 esse
3212 4263 3373 4320 quam
3400 4247 3564 4322 Pater

1975 4357 2076 4414 est,
2109 4355 2164 4403 et
2193 4347 2247 4402 in
2276 4361 2343 4402 eo
2372 4345 2517 4416 quod
2559 4344 2693 4400 dixit
2734 4360 2908 4399 sumus
2936 4350 3259 4414 agnoscatur
3297 4356 3407 4398 non
3444 4341 3562 4412 ipse

1973 4437 2141 4494 Filius
2168 4451 2287 4492 esse
2314 4435 2407 4505 qui
2434 4433 2595 4490 Pater
2613 4442 2715 4490 est.
2737 4433 2889 4490 Hanc
2915 4432 3104 4489 Patres
3131 4432 3300 4489 nostri
3327 4448 3426 4504 per
3443 4449 3562 4491 om-

1977 4531 2066 4586 nia
2090 4529 2289 4584 Christi
2317 4527 2510 4583 sectati
2550 4526 2871 4592 doctrinam,
2904 4526 3061 4582 unius
3093 4541 3212 4583 esse
3252 4523 3563 4582 substantia:

1797 4677 1874 4717 ep
1903 4639 1956 4700 ι)
1979 4622 2192 4717 Patrem
2222 4618 2523 4717 Filiumque
2549 4615 2818 4717 dixerunt.
2836 4615 2999 4717 .Quod
3017 4616 3202 4673 Graece
3231 4615 3564 4717 Homousion

1982 4713 2184 4769 dictum
2223 4718 2339 4778 est,
2378 4709 2466 4765 illa
2514 4709 2719 4765 scilicet
2747 4709 2959 4766 ratione
2994 4710 3248 4780 quoniam
3277 4708 3332 4764 in
3360 4707 3565 4764 Grzccia

1983 4819 2122 4859 nova
2153 4810 2281 4856 tunc
2309 4807 2605 4856 emerserat
2631 4799 2872 4863 hazresis,
2903 4813 3024 4869 quae
3062 4799 3392 4868 unigenitum
3413 4813 3566 4869 sepa-

1985 4909 2104 4950 rare
2155 4891 2427 4948 nitebatur
2470 4905 2502 4944 a
2551 4889 2850 4945 substantia
2906 4890 3200 4959 genitoris;
3245 4889 3313 4945 ad
3359 4889 3463 4945 hoc
3510 4896 3568 4944 ut

1984 4984 2227 5056 Quisquis
2265 4981 2410 5037 illam
2458 4980 2756 5037 doctrinam
2803 4981 3107 5052 reciperet,
3157 4997 3266 5037 non
3307 4979 3568 5037 creatoris

1987 5075 2181 5139 cultor,
2213 5072 2305 5129 sed
2329 5079 2590 5128 creaturae
2625 5073 2805 5143 potius
2833 5081 3136 5143 appareret.
3167 5071 3357 5127 Mirum
3387 5078 3568 5127 autem

1989 5172 2074 5221 est
2101 5163 2245 5236 quod
2273 5163 2327 5218 in
2365 5163 2472 5218 hoc
2499 5163 2718 5219 nomine
2748 5179 2914 5220 sonus
2942 5172 3149 5219 tantum
3191 5178 3222 5217 a
3249 5161 3568 5231 quibusdam

1990 5254 2302 5322 attenditur,
2341 5269 2444 5310 nec
2483 5254 2613 5310 dicti
2651 5254 3004 5324 intelligentia
3050 5253 3416 5322 investigatur,
3447 5269 3568 5310 cum

1990 5336 2249 5417 pleraque
2273 5359 2382 5400 non
2421 5344 2528 5398 sint
2555 5345 2846 5415 antiquitus
2873 5343 3036 5411 dicta,
3062 5351 3116 5398 et
3143 5357 3240 5413 pro
3267 5354 3570 5416 temporum

1991 5451 2382 5507 causarumque
2411 5438 2896 5508 opportunitatibus
2923 5434 3242 5506 professioni
3272 5436 3393 5494 fidei
3419 5455 3571 5512 repe-

1992 5529 2201 5584 riantur
2245 5528 2464 5584 inserta.
2505 5527 2654 5584 Sicut
2699 5528 2955 5598 ingenitus
2997 5523 3174 5594 Pater,
3224 5543 3487 5599 nusquam
3517 5531 3571 5587 in
3609 5534 3612 5540 ’

1994 5621 2284 5691 Scripturis
2309 5620 2582 5676 canonicis
2610 5619 2820 5688 legitur,
2849 5626 2901 5672 et
2924 5627 3102 5674 tamen
3131 5619 3425 5676 secundum
3449 5619 3571 5687 fidei

1994 5714 2276 5779 veritatem
2306 5712 2574 5780 ingenitus
2603 5709 2923 5781 praedicatur
2953 5728 2964 5764 :
2997 5709 3256 5769 adversus
3282 5710 3572 5769 Sabellium

1998 5810 2202 5866 scilicet
2229 5809 2320 5879 qui
2344 5807 2555 5863 Patrem
2583 5805 2880 5877 Filiumque
2910 5823 3015 5864 non
3037 5805 3417 5864 communione
3445 5806 3574 5862 sub-

2000 5900 2210 5959 stantiae
2253 5913 2416 5956 unum
2450 5895 2722 5962 intelligit,
2771 5897 2860 5952 sed
2887 5897 3160 5966 personali
3207 5893 3576 5964 singularitatc
