4120 6540
534 416 639 475 219

1608 403 1665 458 S.
1705 395 2066 457 FULGENTII
2090 387 2403 451 ‘EPlSCOPl
2445 392 2815 454 RUSPENSIS

3753 400 3885 456 290

537 529 836 591 confundit.
854 524 1008 597 Quod
1022 523 1073 585 si
1098 538 1283 589 sonus,
1323 536 1432 579 non
1454 532 1642 576 sensus
1669 515 2044 572 consideratur
2066 510 2119 567 in
2149 510 2199 575 Α
2226 508 2397 566 Deum
2416 510 2615 569 dixisse
2645 531 2658 568 :
2689 511 2776 567 Ea:
2803 521 2949 569 utero
2977 522 3099 569 ante
3120 513 3391 589 luciferum
3413 518 3564 590 genui
3588 526 3642 572 te
3658 557 3685 586 ,
3714 521 3881 589 quia

536 627 736 697 verbis,
786 639 895 682 non
942 625 1227 679 censeatur
1277 612 1516 671 Ecclesia
1567 607 1786 665 nomine
1832 602 2120 697 catholico,

537 720 682 799 quod
726 702 827 777 nec
872 715 927 773 in
956 709 1142 773 Veteri
1187 722 1288 765 nec
1314 707 1367 762 in
1411 703 1562 761 Novo
1591 698 1862 799 reperitur
1888 696 2123 799 positum

536 787 905 868 'i‘estamento.
948 803 1007 861 Si
1034 816 1165 858 vero
1193 799 1310 855 hmc
1335 794 1513 853 omnia
1539 833 1556 863 ,
1598 807 1720 848 cum
1750 790 1805 846 in
1843 787 1992 844 nullo
2016 787 2126 843 sint

535 900 799 959 canonico
846 895 1141 962 volumine,
1187 890 1349 961 digne
1379 898 1561 944 tamen
1602 890 1856 940 tenentur
1898 882 1952 938 in
1996 878 2122 949 ﬁde,

535 1010 633 1057 cur
658 992 817 1053 nobis
845 991 900 1051 in
930 985 1262 1045 Homousion
1290 990 1508 1059 putetur
1534 974 1926 1052 prohibendum
1954 1017 1969 1042 ,
2014 988 2124 1029 non

536 1102 728 1146 sonum
756 1083 884 1141 dicti
912 1078 1278 1149 considerare,
1321 1074 1415 1130 sed
1440 1087 1684 1136 sensum;
1716 1083 1816 1125 nec
1844 1064 2126 1123 attendere

536 1179 833 1253 novitatem
859 1174 1033 1238 verbi,
1074 1170 1170 1229 sed
1198 1169 1454 1224 virtutem
1485 1163 1784 1233 intelligere
1813 1173 2124 1253 sacramen-

536 1247 618 1328 ti?
658 1270 853 1327 Mirum
882 1276 965 1323 est
1002 1270 1180 1323 autem
1210 1276 1307 1318 eos
1349 1258 1441 1329 qui
1484 1272 1583 1328 pro
1612 1253 1770 1310 unius
1813 1247 2127 1307 substantia:

536 1360 856 1421 credulitate
882 1356 1068 1414 volunt
1113 1368 1212 1409 nos
1241 1348 1628 1409 homousianos
1668 1344 1806 1412 dici,
1854 1340 2126 1411 quomodo

535 1436 596 1513 se
621 1454 814 1512 nolunt
841 1450 1156 1508 Triusianos
1180 1462 1281 1518 pro
1321 1445 1493 1500 tribus
1520 1450 1578 1499 et
1601 1440 1829 1496 diversis
1872 1437 2124 1494 substan-

535 1547 625 1609 tiis
649 1543 944 1618 appellari;
989 1539 1235 1613 quamvis
1281 1536 1381 1593 etsi
1411 1535 1506 1590 tali
1551 1533 1769 1589 nomine
1805 1529 2015 1586 censeri
2044 1528 2128 1584 iu-

536 1637 706 1711 giant,
736 1635 842 1692 hoc
880 1648 977 1691 eos
1006 1640 1187 1688 tamen
1215 1644 1336 1685 esse
1364 1626 1598 1699 qualitas
1642 1639 1752 1679 suae
1790 1620 2127 1680 credulitatis

535 1730 807 1792 ostendat.
838 1729 1008 1799 Digne
1032 1727 1215 1799 itaque
1237 1723 1454 1779 Patrem
1474 1729 1529 1779 et
1549 1720 1761 1787 Filium,
1788 1728 1846 1777 et
1866 1717 2128 1791 Spiritum

535 1830 803 1892 sanctum,
834 1833 1188 1892 personarum
1212 1815 1544 1891 proprietate
1572 1822 1808 1880 servata,
1840 1826 2005 1867 unum
2033 1824 2128 1866 co-

2224 604 2277 660 in
2302 602 2414 661 Deo
2435 606 2663 662 carnalis
2688 614 2871 662 uterus
2887 622 3007 675 .non
3048 615 3225 678 potest
3249 609 3418 678 credi,
3448 610 3703 667 aestimet
3741 610 3875 666 hu-

2218 694 2309 767 jus
2337 698 2444 754 loci
2472 714 2691 757 sensum
2712 698 2763 755 ei
2793 697 3165 755 tantummodo
3187 701 3524 769 generationi
3562 716 3705 773 quae
3765 717 3877 758 se-

2224 783 2458 843 cundum
2485 804 2703 845 carnem
2749 797 2832 845 est
2891 788 3279 861 coaptandiun,
3331 806 3454 847 cum
3507 793 3879 864 praecedens

2223 893 2414 935 versus
2464 879 2657 935 divinae
2696 880 2865 950 magis
2908 878 3240 937 intellectum
3283 882 3666 952 generationis
3725 885 3877 939 insi-

2225 979 2377 1040 nuet,
2404 986 2512 1042 quo
2542 969 2705 1027 Pater
2730 970 2861 1027 dicit
2886 970 2955 1027 ad
2998 970 3195 1028 Filium
3236 991 3249 1028 :
3281 972 3470 1030 Tecum
3506 976 3872 1047 principium

2228 1057 2443 1135 (Ibid.),
2477 1069 2534 1116 ut
2563 1069 2884 1130 agnoscatur
2913 1058 3128 1117 Patrem
3169 1069 3225 1118 et
3262 1060 3459 1119 Filium
3506 1081 3690 1120 unum
3725 1082 3871 1122 esse

2227 1151 2571 1224 principium.
2622 1150 2832 1208 Nomen
2882 1167 3013 1207 vero
3064 1152 3197 1207 uteri
3248 1153 3511 1211 translato
3556 1157 3869 1211 vocabulo

2226 1244 2429 1301 dictum
2458 1252 2563 1312 est,
2588 1260 2697 1316 quo
2718 1244 2833 1317 ipsa
2849 1243 3029 1300 divina
3050 1244 3446 1317 signihcaretur
3462 1255 3672 1304 natura
3695 1265 3711 1308 ;
3738 1250 3866 1302 sie-

2229 1343 2289 1391 ut
2340 1335 2712 1407 corporalibus
2761 1334 3070 1392 nominibus
3136 1335 3493 1410 incorporalis
3520 1337 3863 1395 substantia

2230 1429 2325 1486 Dei
2356 1429 2558 1485 assolet
2585 1428 2852 1486 nominari
2869 1469 2884 1495 ,
2910 1435 2968 1483 ut
3008 1443 3196 1486 sensus
3224 1428 3505 1486 hominum
3531 1429 3561 1470 δ
3588 1445 3860 1487 consue-

2230 1522 2300 1578 tis
2326 1529 2533 1577 naturte
2584 1537 2694 1577 sua:
2721 1521 3000 1578 vocabulis
3036 1522 3103 1579 ad
3131 1520 3540 1594 intelligentiam
3568 1523 3857 1580 divinita-

2228 1615 2301 1670 tis
2331 1615 2503 1687 possit
2532 1612 2745 1671 adduci.
2780 1614 3039 1673 Dicuntur
3066 1617 3209 1671 enim
3237 1612 3381 1674 oculi
3409 1616 3506 1674 Dei
3534 1617 3733 1674 omnia
3759 1618 3852 1675 vi-

2230 1708 2382 1778 dere,
2404 1708 2549 1766 sicut
2592 1707 2853 1780 scriptum
2882 1716 2982 1776 est,
3016 1707 3083 1763 In
3113 1707 3254 1764 omni
3277 1708 3388 1765 loco
3418 1710 3557 1765 oculi
3578 1707 3687 1764 Dei
3713 1727 3850 1782 spe-

2231 1802 2470 1858 culuntur
2496 1798 2658 1857 bonos
2700 1809 2750 1855 et
2790 1801 2959 1856 malos
3003 1799 3192 1869 (Prov.
3229 1818 3317 1868 xv,
3349 1800 3437 1872 3).
3482 1800 3615 1870 Quis
3644 1810 3848 1859 autem

534 1912 693 1972 limus
719 1888 918 1979 Begu;
950 1910 1208 1985 quoniam
1236 1888 1370 1964 ad,”
1407 1921 1556 1973 vera,
1595 1920 1697 1963 nec
1724 1912 1835 1961 "es
1864 1902 1995 1959 deos
2039 1916 2125 1959 re-
2153 1910 2203 1975 Β
2233 1890 2443 1947 dubitet
2464 1888 2537 1945 ita
2565 1888 2729 1945 Deum
2742 1905 2840 1961 per
2860 1897 3105 1946 naturam
3127 1898 3465 1946 suamtotum
3488 1889 3703 1958 videre,
3730 1891 3841 1947 sic-

536 2010 701 2081 eipit,
755 2007 902 2079 quod
939 2001 1386 2077 faciuntpagani
1430 1998 1754 2065 multicolze,
1809 2013 1912 2055 nec
1954 1996 2126 2053 Deum

536 2114 692 2159 suum
720 2105 963 2155 creatum
989 2093 1203 2161 asserit,
1232 2090 1377 2167 quod
1399 2090 1634 2149 cultores
1657 2087 1950 2162 praedicant
1971 2103 2126 2145 crea-

539 2198 690 2249 tum.

610 2280 843 2356 Objectio
872 2277 925 2335 8.
956 2277 1144 2339 Scelus
1176 2283 1233 2335 et
1273 2273 1429 2333 valde
1456 2288 1576 2332 esse
1617 2273 1995 2346 blasphemum
2023 2271 2124 2329 ad-

539 2379 754 2431 vertant
780 2370 1055 2441 homines,
1076 2369 1170 2443 qui
1195 2368 1452 2426 salutaria
1475 2373 1745 2441 praecepta
1765 2367 1989 2438 cupiunt
2008 2380 2127 2422 sec-

539 2464 642 2527 tari
668 2481 682 2519 :
709 2476 837 2521 nam
864 2459 1072 2517 falsitas
1100 2457 1451 2532 proiessionis
1473 2472 1746 2528 nunquam
1769 2456 2027 2529 prodesse
2047 2456 2128 2513 eis

538 2555 758 2628 poterit,
783 2553 876 2624 qui
903 2559 1152 2623 quierunt
1173 2560 1199 2589 ι
1230 2548 1535 2619 injuriando
1564 2548 1730 2604 Deum
1760 2562 1859 2619 per
1882 2545 2132 2618 blasphe—

540 2647 701 2707 miam
726 2643 906 2702 colere
935 2641 1019 2701 vel
1050 2640 1315 2699 venerari.
1363 2639 1419 2697 Si
1448 2638 1516 2695 ab
1545 2638 1854 2695 hominibus
1904 2653 2014 2694 non
2045 2645 2129 2693 to-

541 2736 743 2803 leratur
770 2733 985 2805 injuria,
1015 2732 1083 2788 ab
1112 2732 1230 2805 ipso
1255 2729 1485 2787 Domino
1511 2741 1731 2787 auctore
1761 2728 1997 2802 qualiter
2023 2743 2127 2799 po-

541 2828 667 2891 terit
696 2825 949 2884 tolerari?
973 2823 1217 2881 Ostendit
1237 2823 1383 2881 enim
1410 2822 1552 2881 circa
1576 2820 1818 2879 inﬁdeles
1844 2836 1999 2879 suam
2025 2820 2131 2877 οῦς

542 2917 1159 2997 iurgationem,dicendo
1184 2935 1197 2972 :
1220 2916 1453 2988 Populus
1479 2917 1564 2973 hic
1594 2915 1747 2973 labiis
1774 2918 1874 2983 mea
1885 2915 2129 2985 honorat,

540 3031 631 3073 cor
648 3023 821 3070 autem
846 3027 1022 3068 eorum
1055 3011 1207 3085 longe
1227 3018 1303 3067 est
1328 3026 1361 3067 a
1388 3025 1469 3065 me
1497 3008 1654 3082 (Isai.
1685 3007 1985 3080 auxilii).

609 3104 918 3181 Responsio.
950 3101 1262 3176 Apostoliea
1292 3099 1425 3163 ﬁdes
1445 3100 1616 3157 Deum
1637 3115 1746 3156 non
1773 3098 2012 3169 injuriat,
2035 3097 2133 3156 sed

541 3198 794 3263 honorat,
825 3209 946 3266 quas
968 3193 1202 3250 divinam
1229 3190 1584 3248 substantiam
1613 3204 1715 3247 nec
1739 3189 1999 3247 minorari
2028 3204 2132 3260 po—

2231 1991 2289 2038 ut
2322 1998 2446 2038 eum
2496 1998 2593 2055 per
2620 1992 2825 2038 naturae
2870 1981 3191 2039 inﬁnitatem
3220 1983 3417 2039 omnia-
3444 1981 3685 2041 fatemur
3732 1985 3845 2040 im-

2228 2073 2379 2147 plere
2399 2077 2422 2130 ’ἒ
2444 2072 2550 2130 Sed
2577 2082 2631 2129 et
2654 2075 2863 2131 diversa
2888 2075 3250 2147 corporalium
3273 2076 3638 2131 membrorum
3665 2093 3843 2133 voca-

2230 2167 2356 2223 bula
2410 2168 2479 2224 ob
2508 2169 2615 2224 hoc
2643 2168 2697 2223 in
2720 2160 2831 2223 Deo
2853 2168 3154 2225 invenimus
3179 2167 3260 2241 (ut
3285 2167 3486 2225 dictum
3516 2169 3619 2241 est)
3648 2170 3839 2226 nomi-

2229 2265 2367 2331 nari,
2395 2273 2453 2321 ut
2477 2280 2574 2338 per
2599 2264 2789 2320 harum
2831 2279 3010 2320 rerum
3040 2262 3355 2319 efﬁcientias
3383 2264 3704 2320 substantia
3746 2264 3838 2336 ip-

2229 2359 2340 2414 sius
2371 2356 2723 2431 incorporalis
2751 2356 3051 2430 proprietas
3070 2357 3241 2428 possit
3279 2355 3524 2427 intelligi.
3554 2356 3646 2413 Sic
3688 2372 3829 2428 ergo

2233 2458 2287 2506 et
2318 2449 2407 2505 hic
2434 2465 2492 2505 se
2515 2449 2650 2504 diltit
2676 2465 2741 2503 ea:
2770 2456 2915 2504 utero
2938 2446 3130 2504 Filium
3158 2448 3431 2518 genuisse,
3463 2456 3524 2505 ut
3546 2463 3714 2521 quem
3742 2464 3834 2505 au-

2232 2540 2407 2598 dimus
2437 2557 2504 2597 ex
2533 2548 2689 2597 utero
2717 2540 2977 2610 genitum,
3011 2556 3042 2597 a
3072 2549 3261 2598 natura
3310 2541 3488 2599 Patris
3513 2542 3698 2599 nullus
3723 2558 3833 2601 es—

2232 2636 2389 2691 timet
2415 2634 2671 2691 alienum.
2703 2632 2859 2703 Quod
2886 2644 3068 2691 autem
3096 2644 3217 2691 ante
3245 2636 3517 2711 luciferum
3545 2637 3705 2705 dixit,
3736 2653 3832 2695 os-

2233 2729 2406 2785 tendit
2459 2729 2576 2784 Filii
2633 2729 2971 2785 nativitatem
3019 2736 3332 2801 perpetuam
3362 2730 3516 2788 initio
3540 2730 3833 2804 temporali

2235 2840 2344 2881 non
2374 2839 2493 2880 esse
2520 2822 2818 2893 subjectam
2852 2841 2865 2877 :
2899 2822 3112 2880 Lucifer
3132 2823 3274 2879 enim
3298 2823 3472 2880 stellas
3498 2825 3827 2882 vocabulum

2234 2926 2338 2982 est,
2363 2924 2419 2971 et
2441 2916 2492 2971 in
2514 2915 2668 2971 initio
2695 2913 2903 2978 mundi,
2935 2930 3059 2971 cum
3088 2914 3231 2971 Deus
3257 2914 3544 2973 luminaria
3564 2922 3624 2973 et
3645 2917 3828 2975 sidera

2235 3005 2582 3071 condidisset,
2608 3006 2770 3074 jussit
2812 3019 2876 3061 ea
2899 3007 3020 3061 e‘sse
3044 3007 3100 3062 in
3124 3006 3234 3062 dies
3249 3048 3265 3075 ,
3300 3016 3351 3062 et
3376 3024 3603 3075 nienses,
3624 3018 3676 3063 st
3696 3016 3825 3064 teni.

2233 3114 2385 3170 pora,
2413 3104 2463 3153 et
2491 3112 2657 3152 annos
2693 3093 2846 3168 (Gen.
2878 3111 2919 3165 ι,
2947 3094 3056 3167 ii),
3087 3097 3281 3167 quibus
3310 3098 3584 3154 nominum
3610 3098 3826 3158 circulis

2238 3197 2452 3260 tempus
2476 3202 2639 3245 omne
2665 3187 2979 3244 revolvitur.
3007 3187 3075 3244 In
3099 3188 3458 3261 splendoribus
3480 3199 3656 3247 autem
3675 3207 3824 3245 sanc-

543 3286 712 3351 tuisse
754 3285 949 3345 asserit
993 3299 1097 3341 nec
1139 3282 1371 3347 mutari;
1400 3288 1457 3337 et
1502 3279 1626 3337 ideo
1650 3280 1845 3336 Filium
1870 3280 2132 3353 aequalem
2160 3298 2209 3364 ο
2240 3289 2439 3348 torum,
2471 3295 2578 3336 non
2608 3286 2757 3335 recte
2784 3278 3061 3336 intellecta
3097 3289 3222 3336 sunt
3247 3281 3502 3338 vaticinia
3526 3282 3818 3354 propheta-

544 3374 690 3433 Patri
706 3376 983 3449 praedicat,
1003 3373 1258 3444 quoniam
1281 3387 1386 3428 una
1409 3371 1687 3443 utriusque
1709 3371 2004 3429 substantia
2026 3372 2137 3447 65

543 3468 891 3549 perfectionis
916 3482 1027 3523 suae
1053 3464 1442 3538 plenitudinem
1471 3464 1526 3521 in
1549 3472 1780 3537 utroque
1824 3474 2135 3525 conservat.

546 3558 700 3616 Tunc
723 3570 854 3627 ergo
893 3556 1008 3613 Deo
1036 3553 1265 3612 infertur
1292 3552 1511 3625 injuria,
1541 3553 1759 3626 quando
1781 3569 1878 3626 per
1907 3554 2135 3613 diversi-

547 3640 715 3705 tatem
745 3646 1038 3704 divinitatis
1062 3661 1187 3702 cum
1206 3653 1454 3703 creatore
1482 3644 1675 3703 colitur
1702 3654 1981 3714 creatura;
2011 3662 2136 3705 cum

545 3739 838 3817 creationis
878 3753 1078 3795 nomen
1107 3737 1163 3793 in
1211 3751 1279 3794 eo
1323 3736 1394 3793 sit
1448 3744 1652 3793 tantum
1682 3737 2052 3808 accipiendum
2081 3737 2138 3799 in

546 3831 703 3896 Filio,
726 3830 870 3902 quod
898 3845 997 3903 pro
1017 3828 1389 3899 redemptione
1414 3827 1696 3886 hominum
1738 3844 1808 3887 ex
1829 3829 2138 3887 hominibus

547 3923 717 3980 factus
745 3930 828 3979 est
855 3924 1038 3981 homo.
1066 3918 1325 3992 Spiritum
1349 3934 1566 3992 quoque
1606 3928 1874 3989 sanctum,
1906 3921 1951 3976 si
1980 3936 2139 3978 crea-

546 4024 719 4071 turam
746 4013 1005 4071 Dnminus
1032 4012 1194 4068 vellet
1232 4012 1479 4082 intelligi,
1512 4027 1787 4085 nunquam
1824 4013 2140 4085 praeciperet

544 4108 645 4167 sibi
674 4116 729 4165 et
756 4106 901 4163 Patri
924 4107 975 4163 in
1024 4112 1363 4162 sacramento
1385 4103 1724 4175 baptismatis
1759 4104 2024 4176 copulari,
2056 4104 2137 4160 di-

545 4216 673 4254 cens
698 4217 710 4252 :
747 4196 845 4265 Ite,
876 4198 1051 4252 docete
1079 4213 1255 4251 omnes
1284 4204 1481 4267 gentes,
1506 4194 1831 4266 baptizantcs
1854 4196 1945 4268 (al.
1972 4196 2142 4268 bapti-

547 4289 680 4361 sate)
710 4306 796 4343 eos
836 4289 887 4342 in
914 4289 1120 4342 nomine
1146 4285 1322 4340 Patris
1365 4294 1414 4339 et
1439 4282 1586 4352 Filii,
1618 4295 1666 4340 et
1698 4285 1930 4363 Spiritus
1975 4290 2141 4342 sancti

548 4378 768 4457 (Matth.
800 4395 987 4448 xxvm,
1017 4376 1136 4451 i9).

620 4468 854 4545 Objectio
877 4469 929 4525 9.
960 4470 1034 4525 De
1051 4469 1406 4540 generatione
1435 4475 1615 4525 autem
1638 4468 1754 4539 ejus
1774 4469 1919 4540 quod
1939 4470 2140 4531 dictum

547 4571 630 4625 est
662 4582 675 4618 :
708 4558 795 4617 Ea:
817 4571 960 4617 utero
1002 4567 1122 4614 ante
1151 4559 1423 4634 luciferum
1448 4562 1602 4633 genui
1631 4570 1679 4615 te
1722 4559 1895 4627 (Psal.
1925 4579 2034 4633 uix,
2057 4562 2135 4635 5),

2237 3387 2358 3428 rum
2387 3389 2400 3426 :
2434 3371 2688 3443 splendor
2715 3372 2857 3430 enim
2884 3381 3193 3428 sanctorum
3243 3387 3353 3428 non
3396 3372 3452 3427 in
3480 3372 3657 3428 ofﬁcio
3684 3388 3821 3444 pra:-

2237 3461 2541 3527 dicationis,
2574 3461 2667 3519 sed
2696 3463 2749 3518 in
2779 3462 3190 3519 resurrectionis
3246 3462 3497 3519 claritate
3541 3464 3817 3532 consistit;

2238 3555 2304 3613 de
2333 3572 2440 3628 quo
2469 3556 2755 3628 splendore
2797 3555 3053 3612 Dominus
3098 3555 3271 3613 dicit:
3306 3555 3448 3612 Tunc
3486 3558 3618 3631 justi
3664 3560 3818 3631 fulges

2238 3649 2364 3704 bunt
2418 3651 2550 3704 sicut
2592 3650 2672 3705 sol
2718 3651 2773 3704 in
2803 3665 2959 3721 regno
2989 3646 3170 3704 Patris
3204 3651 3284 3704 sui
3324 3647 3539 3723 (Matth.
3570 3666 3684 3718 xm,
3710 3650 3815 3722 43).

2238 3740 2394 3799 Hunc
2439 3742 2781 3815 splendorem
2836 3741 3026 3798 futura:
3078 3745 3492 3800 resurrectionis
3537 3745 3622 3800 his
3649 3747 3817 3802 verbis

2240 3833 2405 3889 etiam
2436 3834 2621 3890 Daniel
2658 3834 2925 3906 propheta
2965 3842 3397 3891 commemorat:
3429 3828 3501 3890 Et
3526 3838 3675 3891 multi
3699 3837 3817 3893 dor.

2240 3926 2505 3983 uiantium
2522 3926 2577 3979 in
2599 3934 2751 3979 terra
2776 3926 3003 3996 fossura,
3026 3925 3081 3980 in
3103 3925 3370 3997 apertiora
3389 3937 3684 3999 exsul-gent,
3701 3927 3818 3985 hiis

2239 4016 2397 4071 vitam
2423 4025 2694 4084 aeternam,
2714 4015 2822 4087 65
2845 4023 2895 4071 et
2924 4015 2976 4070 hi
2997 4017 3053 4072 in
3095 4018 3430 4088 opprobrium
3471 4028 3524 4073 et
3559 4021 3813 4089 confusio.

2242 4125 2357 4165 nem
2380 4117 2677 4180 perpetuam
2700 4124 2719 4160 :
2741 4115 2790 4163 et
2814 4107 3158 4178 intelligentes
3186 4106 3545 4178 splendebant,
3574 4117 3628 4163 ut
3654 4110 3816 4180 splen-

2244 4199 2340 4254 dor
2365 4199 2701 4272 ﬁrmamenti,
2725 4207 2774 4253 et
2802 4214 2866 4253 ea:
2895 4198 3055 4269 justis
3106 4198 3278 4266 multi,
3303 4199 3434 4253 sicut
3464 4200 3628 4254 stella:
3655 4202 3702 4253 in
3722 4218 3813 4256 stc-

2244 4290 2359 4343 cula
2399 4288 2562 4359 (Dan.
2586 4304 2680 4355 xu,
2713 4287 2768 4359 2)
2799 4306 2813 4354 ;
2842 4288 2928 4344 hic
2957 4297 3139 4344 autem
3175 4289 3431 4361 splendor
3458 4298 3586 4346 tunc
3627 4293 3811 4350 sanctis

2245 4396 2276 4435 a
2306 4379 2536 4436 Domino
2570 4379 2861 4447 tribuetur,
2888 4381 3101 4451 quando
3131 4382 3423 4437 secundum
3446 4381 3685 4453 Apostoii
3710 4383 3813 4440 dic-

2246 4481 2381 4539 tum,
2416 4470 2720 4545 reformabit
2750 4487 2935 4544 corpus
2963 4471 3266 4527 humilitatis
3314 4482 3528 4541 nostras,
3568 4475 3813 4546 conformo

2246 4564 2453 4636 corpori
2479 4562 2735 4618 claritatis
2786 4578 2895 4619 suta
2945 4562 3166 4636 (Philip.
3196 4576 3282 4632 ιιι,
3319 4560 3434 4633 21).
3462 4562 3522 4620 In
3570 4565 3669 4622 hoc
3696 4581 3812 4637 ergo

546 4648 666 4727 quis
693 4651 904 4708 dubitet
931 4650 998 4706 de
1030 4649 1233 4706 carnali
1260 4650 1540 4707 nativitate
1568 4650 1731 4708 fuisse
1760 4651 1997 4710 dictum?
2016 4671 2138 4712 cum
2160 4640 2224 4733 .1)
2250 4655 2537 4728 splendore
2564 4663 2691 4712 tunc
2745 4656 2952 4726 integre
2981 4657 3157 4712 sancti
3210 4657 3507 4728 intelligent
3536 4655 3738 4714 Patrem
3762 4666 3812 4715 et

548 4744 665 4817 ipsa
685 4752 811 4800 ante
838 4743 1056 4816 scriptio
1086 4741 1332 4799 ostendat
1356 4743 1454 4800 tibi
1481 4742 1548 4800 ad
1570 4744 1973 4814 intelligendum
1994 4748 2141 4819 quod

551 4834 683 4891 dicit
709 4832 1002 4907 propheta,
1042 4833 1187 4905 quod
1214 4834 1270 4889 in
1309 4833 1671 4906 splendorihus
1698 4846 1993 4894 sanctorum
2021 4849 2141 4899 ante

546 4918 816 5003 luciferum
858 4926 1071 4996 genitus
1096 4926 1182 4981 sit.
1231 4924 1302 4983 Et
1326 4926 1570 4999 splendor
1593 4938 1891 4986 sanctorum
1928 4929 2138 5006 (Ibitis)

546 5020 878 5093 praeconium
930 5019 1233 5075 ostenditur
1261 5034 1384 5077 esse
1430 5022 1836 5092 prophetarum,
1870 5031 1924 5079 et
1952 5039 2140 5081 eorum

548 5106 862 5171 vaticinatio
888 5111 956 5168 de
995 5127 1061 5169 eo
1110 5111 1276 5170 fuisse
1324 5113 1614 5187 adimpleta
1661 5123 1720 5173 ut
1767 5115 2139 5175 manifestaret

555 5198 728 5276 ipsam
757 5220 879 5262 esse
906 5213 961 5262 et
1002 5204 1267 5276 propheta
1292 5204 1521 5262 dicendo
1555 5222 1570 5261 :
1601 5204 1686 5260 Ea:
1720 5217 1865 5263 utero
1910 5217 2030 5264 ante
2057 5210 2139 5264 lu-

547 5296 760 5368 ciferum
800 5298 954 5370 genui
1004 5306 1070 5364 te,
1102 5305 1156 5353 et
1184 5296 1523 5369 splendidum
1573 5298 1818 5368 contigit,
1869 5299 2012 5370 quod
2041 5312 2138 5370 per

547 5386 805 5471 virginem
837 5388 987 5445 nasci
1013 5404 1135 5445 eum
1166 5404 1227 5446 os
1255 5390 1631 5461 propheticum
1660 5400 1787 5447 ante
1825 5391 1979 5447 dixit.
2003 5390 2138 5460 Quis

547 5477 751 5534 dubitet
772 5483 909 5538 hanc
934 5482 1274 5538 nativitatem
1304 5482 1378 5539 ita
1425 5482 1719 5553 contigisse
1762 5492 1819 5540 ut
1847 5484 2131 5557 Scriptura

546 5578 811 5626 memorat
827 5572 850 5627 ?

618 5661 924 5734 Responsio.
948 5662 1170 5722 Multum
1199 5666 1401 5722 fallitur
1429 5662 1520 5738 qui
1542 5666 1699 5736 hujus
1728 5666 2023 5740 Scripturze
2054 5670 2136 5728 io-

547 5770 665 5835 eum
687 5755 875 5814 divinae
895 5760 1161 5817 nativitati
1185 5775 1291 5816 non
1313 5760 1484 5818 credit
1506 5761 1886 5828 eonvenire,et
1904 5738 2133 5824 audiens

562 5934 566 5941 '
616 5926 639 5959 ι
669 5918 769 5978 Ms.
798 5917 983 5993 ϐοῶ..
1012 5921 1081 5977 ad
1098 5922 1452 5991 injuriandum
1475 5922 1658 5979 Deum.

2247 4746 2443 4803 Filium
2480 4763 2645 4803 unum
2668 4748 2987 4819 principium
3013 4763 3171 4816 esse;
3203 4764 3304 4805 nec
3332 4764 3364 4805 a
3391 4765 3452 4806 se
3474 4750 3714 4819 invicem,
3736 4751 3812 4811 vel

2246 4842 2567 4934 substaptia,
2596 4843 2682 4899 vel
2702 4844 2988 4913 majestate
3006 4843 3225 4901 distare.
3256 4843 3408 4901 Licet
3427 4860 3556 4915 ergo
3585 4846 3811 4903 conﬁtea-

2247 4953 2369 4996 mur
2398 4937 2591 4994 Filium
2615 4937 2909 4996 secundum
2937 4952 3154 4996 carnem
3178 4954 3249 4995 ex
3276 4946 3431 4996 utero
3459 4934 3685 5010 Virginis
3700 4954 3811 5011 pro-

2246 5041 2507 5098 creatum,
2544 5047 2654 5089 non
2684 5040 2864 5089 tamen
2888 5033 3208 5102 ambigimus
3234 5033 3302 5089 de
3354 5041 3509 5091 utero
3557 5032 3741 5102 Patris,
3763 5033 3807 5089 id

2255 5132 2338 5180 est
2363 5125 2431 5180 de
2452 5123 2629 5182 Patris
2666 5124 2962 5180 substantia
2987 5124 3249 5195 genitum,
3277 5124 3387 5181 imo
3414 5126 3492 5182 sic
3519 5124 3810 5183 conﬁtemur

2244 5217 2436 5273 Filium
2465 5217 2533 5273 de
2568 5229 2589 5257 ο
2623 5226 2778 5273 utero
2800 5217 2894 5272 Dei
2921 5232 3108 5273 verum
3131 5218 3298 5275 Deum
3317 5227 3502 5274 natum
3528 5234 3665 5286 esse,
3689 5219 3806 5278 sicut

2243 5309 2311 5365 de
2358 5308 2594 5378 Virginis
2649 5316 2807 5363 utero
2838 5322 3024 5363 verum
3075 5324 3181 5363 non
3228 5308 3535 5365 dubitamus
3562 5309 3803 5365 hominem

2243 5400 2591 5471 processisse,
2625 5414 2693 5453 ne
2726 5396 2891 5468 (quod
2921 5396 3085 5471 absit)
3113 5398 3157 5453 si
3209 5399 3276 5455 de
3322 5399 3509 5456 matris
3537 5399 3803 5456 substantia

2247 5506 2406 5547 verus
2427 5490 2593 5546 homo
2618 5495 2777 5545 natus
2801 5489 3080 5559 credatur,
3113 5499 3168 5548 et
3195 5506 3355 5547 verus
3383 5490 3524 5548 Deus
3550 5490 3615 5546 de
3659 5490 3802 5547 Patris

2244 5582 2545 5651 substantia
2574 5582 2889 5652 denegetur,
2919 5585 3100 5655 potior
3126 5584 3423 5640 aestimetur
3461 5584 3685 5640 humana
3710 5599 3792 5638 na-

2240 5683 2362 5731 tura
2395 5690 2515 5747 qute
2555 5674 2606 5730 id
2655 5673 2799 5746 quod
2828 5684 2911 5731 est
2939 5691 3227 5746 procreare
3254 5676 3427 5747 potuit
3450 5691 3610 5746 quam
3649 5675 3795 5730 divina

2239 5768 2560 5835 substantia,
2593 5783 2714 5840 quas
2763 5783 2949 5824 verum
2998 5768 3165 5823 Deum
3214 5781 3476 5837 generare
3505 5783 3610 5823 non
3642 5765 3796 5821 valuit.

1771 5924 1799 5966 δ
1830 5925 1928 5982 Ms.
1957 5926 2144 5998 Corh.,
2174 5930 2575 5985 consuetudinis.
2657 5938 2677 5968 ε
2712 5927 2811 5982 liis.
2842 5926 3028 5995 Corb.,
3060 5927 3122 5982 de
3148 5944 3266 5984 vero
3294 5928 3418 5984 Deo.
