4068 6484
228 377 325 445 lii

1358 383 1735 447 surculo
1766 386 2049 448 ωαςιιΑ
2085 387 2403 448 manus.

294 504 531 585 Objectle
552 505 642 565 10.
673 504 793 563 Non
826 512 915 565 est
940 503 1218 565 minimum
1247 502 1345 576 (ll.
1371 504 1617 576 nimium)
1643 504 1815 562 dede-
1844 509 1903 572 Α
1922 515 2021 562 tor.
2054 506 2374 563 Erubescat
2399 512 2452 563 et
2474 507 2739 580 pudebunt
2763 524 2941 585 omna
2962 512 3051 585 qui
3079 512 3418 570 adversantur
3442 519 3512 585 ei,

227 617 338 668 sua,
368 609 432 656 ut
455 596 731 659 fraudibus
757 597 991 669 propriis
1015 595 1318 667 decipiatur
1344 595 1487 652 male
1513 596 1818 667 intelligens

225 696 458 761 animus,
508 697 570 749 ut
614 688 902 760 aliquando
943 689 1052 747 duo
1092 689 1343 747 dicantur
1369 703 1491 746 esse
1522 705 1679 756 unus,
1710 690 1815 745 aii-

225 784 439 861 quando
479 790 592 841 tres
632 797 793 839 unus.
844 779 1097 851 Nunquid
1137 794 1263 837 non
1294 779 1530 837 occurrit
1571 775 1819 837 beneﬁcii

224 894 435 946 manu,
452 876 675 950 quando
693 892 835 934 unus
850 891 961 934 non
985 884 1072 932 est
1092 889 1216 932 cum
1238 873 1451 933 duobus
1471 874 1818 945 designatus!

224 970 538 1035 Ludibrium
602 977 687 1027 est
731 967 961 1027 aedere
1023 982 1094 1023 cx
1138 966 1309 1025 tribus
1351 966 1596 1037 partibus
1644 966 1817 1025 Deum

224 1078 388 1123 unum
434 1068 712 1130 constare,
752 1076 875 1120 cum
903 1059 1082 1118 adhuc
1110 1057 1280 1132 (quod
1308 1058 1465 1130 pejus
1488 1060 1595 1131 est)
1622 1059 1821 1121 dicitur

126 1207 135 1215 .
221 1157 289 1214 de
308 1158 390 1215 eis
421 1155 573 1227 quod
598 1156 678 1213 sic
716 1153 1018 1213 credendus
1044 1161 1131 1210 est
1172 1166 1312 1213 unus
1342 1154 1502 1221 Dens,
1554 1169 1683 1211 cum
1708 1170 1819 1212 non

222 1250 291 1311 sit
315 1250 434 1320 ipse
460 1247 630 1307 Pater
655 1248 750 1319 qui
774 1246 959 1312 Filius.
987 1261 1099 1306 non
1128 1246 1246 1317 ipse
1268 1245 1436 1305 Filius
1465 1246 1559 1316 qui
1586 1244 1820 1317 Spiritus

221 1348 474 1407 sanctus;
521 1338 592 1397 de
615 1338 812 1408 quibus
859 1335 1184 1407 proﬁtentur
1209 1334 1540 1396 differentias
1577 1337 1718 1394 inter
1758 1348 1820 1395 se

221 1432 445 1499 habere,
478 1431 744 1489 honorem
769 1444 902 1489 vero
926 1427 1295 1499 unusquisque
1322 1442 1480 1501 suum
1518 1444 1629 1485 non
1657 1442 1820 1500 posse

221 1523 442 1590 habere,
495 1522 599 1581 nisi
639 1521 934 1591 malignum
966 1529 1159 1591 peetus
1184 1534 1280 1577 eos
1306 1519 1362 1577 in
1392 1535 1500 1576 uno
1527 1518 1642 1577 Deo
1662 1520 1818 1577 inve-

220 1618 398 1675 niatur
424 1615 707 1686 copulare.

291 1710 607 1783 Responsio.
638 1706 810 1765 Nullis
847 1706 1145 1771 fraudibus,
1186 1714 1280 1763 aut
1306 1706 1540 1777 propriis
1564 1712 1661 1763 aut
1687 1705 1818 1762 alie-

220 1804 326 1873 nis,
349 1801 622 1872 decipitur
647 1800 741 1872 qui
766 1800 939 1859 Deum
965 1814 1134 1859 unum
1162 1798 1242 1862 sic
1266 1798 1417 1866 colit,
1472 1807 1533 1854 ut
1560 1799 1615 1855 in
1642 1797 1820 1869 Trini-
1870 1819 1874 1825 ·

1918 604 1972 653 et
1992 597 2143 654 ibunt
2167 616 2288 655 eum
2314 601 2622 673 confusione
2649 580 2841 673 (μεριξ
2872 580 3061 673 Μία
3087 605 3241 677 seq.).
3274 604 3415 662 Ecce
3459 580 3512 663 in

1920 690 2043 762 ipso
2076 698 2161 747 est
2184 690 2350 761 Deus,
2375 701 2432 749 et
2450 702 2654 771 prater.
2671 695 2849 767 ipsum
2880 710 2989 752 non
3018 692 3104 753 esi
3130 696 3291 764 Deus,
3315 707 3371 753 et
3400 698 3514 769 ipse

1919 792 2007 840 est
2050 781 2193 840 Deus
2240 785 2405 842 lsrael
2449 785 2720 843 Salvator.
2794 788 3059 861 Superius
3102 796 3283 845 autem
3332 791 3378 846 is
3422 793 3515 860 qui

1922 874 2059 933 diuit
2084 872 2232 948 :Ego
2253 877 2413 946 Deus,
2443 887 2496 934 et
2523 894 2628 935 non
2647 890 2725 936 est
2751 881 2884 936 alius
2906 890 3095 954 praeter
3115 900 3217 952 me,
3239 883 3511 954 adjunxit:

1918 971 2102 1027 Justus
2128 980 2180 1029 et
2205 973 2435 1040 uiuens,
2468 989 2575 1035 non
2602 983 2678 1030 est
2698 976 2831 1031 alius
2850 984 3041 1047 prater
3058 994 3158 1031 me.
3182 976 3315 1044 Quis
3334 976 3517 1031 autem

1917 1062 2097 1134 justus
2121 1071 2223 1133 est,
2257 1064 2360 1120 nisi
2388 1065 2476 1121 cui
2503 1064 2671 1122 David
2697 1066 2864 1123 dicit:
2891 1065 3135 1123 nites-isti
3149 1095 3152 1099 ~
3154 1068 3436 1140 justitiam,
3466 1076 3518 1123 et

1919 1155 2083 1213 odisti
2109 1158 2433 1229 iniquitatem
2465 1159 2637 1231 (Psal.
2673 1175 2816 1230 xuv,
2846 1159 2947 1233 8)?
2973 1159 3106 1229 Quis
3145 1176 3277 1216 vero
3300 1168 3385 1218 est
3411 1162 3518 1217 sal-

1918 1258 2077 1316 vane,
2120 1250 2221 1305 nisi
2249 1248 2317 1304 de
2342 1263 2451 1319 quo
2482 1251 2704 1318 angelus
2725 1251 2780 1306 in
2817 1251 3022 1307 somnis
3051 1251 3117 1306 ad
3139 1250 3344 1322 loseph
3369 1251 3519 1307 locu-

1919 1346 2010 1398 tus
2036 1348 2140 1409 est,
2166 1340 2389 1398 dicens:
2411 1340 2605 1414 Ioseph
2635 1341 2744 1397 Fili
2772 1342 2944 1398 David
2962 1387 2977 1412 ,
3026 1343 3134 1400 noli
3174 1344 3401 1399 timere”
3428 1360 3517 1400 ac-

1919 1431 2092 1502 cipere
2119 1430 2346 1486 Mariam
2367 1432 2642 1504 conjngem
2665 1440 2829 1501 tuam,
2851 1433 2989 1505 quod
3010 1433 3149 1488 enim
3171 1435 3229 1489 in
3255 1449 3317 1488 ea
3336 1441 3517 1488 natum

1922 1532 2022 1592 est,
2050 1522 2114 1577 de
2143 1522 2345 1594 Spiritu
2369 1530 2552 1578 sancto
2574 1532 2652 1577 est
2679 1538 2698 1577 :
2728 1525 2900 1594 pariet
2927 1531 3098 1578 autem
3136 1523 3325 1594 ﬁlium,
3356 1533 3404 1577 et
3425 1539 3517 1579 vo.

1923 1613 2066 1669 cabis
2088 1629 2273 1669 nomen
2304 1615 2416 1686 ejus
2442 1613 2622 1669 Jesum
2647 1653 2663 1681 ,
2692 1615 2803 1684 ipse
2828 1614 2969 1669 enim
3008 1615 3208 1669 salvum
3235 1608 3403 1686 faciet]
3420 1631 3517 1685 po-

1924 1708 2100 1777 pulant
2129 1723 2278 1761 suum
2298 1723 2332 1761 a
2355 1709 2577 1779 peccatis
2599 1722 2778 1763 eorum
2798 1706 3016 1779 (Matth.
3045 1721 3086 1776 ι,
3110 1704 3239 1778 90)?
3260 1705 3361 1762 Cui
3390 1718 3518 1763 vero

1924 1798 2178 1854 convenit
2206 1798 2425 1854 dicere:
2455 1799 2824 1855 Convertimini
2861 1801 2932 1854 ad
2967 1815 3067 1866 me,
3117 1810 3169 1855 et
3199 1801 3331 1855 salvi
3350 1802 3516 1866 eritis,

220 1902 331 1953 tato
357 1893 596 1956 noverit,
627 1905 730 1949 nec
755 1906 1019 1963 personas
1039 1889 1391 1957 confundere,
1424 1904 1527 1947 nec
1566 1890 1823 1947 substan-
1850 1899 1902 1963 Β
1926 1891 2049 1961 quia
2074 1888 2140 1942 ab
2160 1899 2392 1944 extremo
2423 1899 2573 1945 terra:
2600 1907 2694 1963 ego
2721 1906 2837 1946 sum
2864 1890 3027 1955 Deus,
3059 1899 3238 1946 etnon
3270 1900 3348 1946 est
3386 1892 3522 1951 alius

219 1989 346 2051 tiam
374 1999 652 2057 separare.
703 1982 772 2043 Et
796 1984 945 2043 illam
972 1998 1138 2041 unam
1165 1990 1416 2041 naturam
1456 1998 1620 2039 unum
1648 1982 1820 2039 Deum

218 2080 489 2149 intelligit,
539 2078 597 2133 in
621 2090 730 2148 qua
749 2075 1109 2135 :eternitatem
1138 2088 1278 2133 veras
1317 2072 1611 2131 divinitatis
1651 2088 1822 2144 agno-

218 2174 321 2233 scit
344 2169 579 2242 ;dicitur
605 2170 749 2228 enim
779 2169 965 2227 nobis:
984 2167 1141 2234 Audi,
1174 2165 1367 2236 Israel,
1399 2165 1655 2227 Dominus
1678 2166 1820 2225 Deus

220 2276 356 2333 tuus,
386 2265 647 2341 Dominus
665 2280 801 2321 unus
819 2270 896 2321 est
922 2261 1102 2334 (Deut.
1127 2276 1199 2325 v1.
1228 2258 1307 2333 4).
1331 2259 1469 2318 item
1496 2278 1512 2316 :
1533 2259 1820 2317 Dominum

218 2357 388 2417 Delus
433 2368 578 2415 tuum
621 2354 887 2424 adorabis,
921 2363 974 2410 et
1008 2353 1088 2411 illi
1126 2354 1232 2411 soli
1256 2353 1447 2410 servies
1476 2351 1667 2424 (Ibid.,
1704 2351 1819 2424 15).

219 2447 376 2518 Quod
402 2451 453 2508 si
477 2450 766 2507 Dominum
796 2449 966 2505 Deum
990 2446 1167 2505 solum
1198 2448 1416 2503 Patrem
1450 2446 1701 2516 accipere
1725 2444 1822 2501 des

217 2541 435 2613 bemus,
480 2542 619 2603 Filio
646 2556 778 2611 eruo
816 2557 924 2600 nec
948 2549 1008 2599 ut
1038 2540 1153 2599 Deo
1194 2541 1515 2609 serviamus,
1546 2556 1650 2598 nec
1691 2555 1822 2599 eum

215 2635 516 2697 adoremus
538 2674 557 2702 ,
615 2635 874 2705 quidquid
921 2635 1069 2695 enim
1096 2634 1168 2691 ad
1194 2640 1459 2691 naturam
1485 2633 1700 2690 Domini
1723 2632 1823 2689 Dei

217 2725 399 2789 solius
447 2740 559 2781 non
584 2725 823 2794 pertinet
846 2734 905 2783 ut
931 2724 1076 2780 Deus
1095 2739 1129 2781 a
1154 2723 1312 2779 nobis
1334 2723 1551 2779 adorari
1586 2739 1697 2779 non
1726 2723 1823 2778 de-

213 2817 334 2877 bet.
349 2814 507 2884 .Quid
533 2823 716 2873 autem
739 2814 938 2873 dicturi
962 2830 1148 2875 sumus
1167 2815 1237 2870 de
1258 2814 1420 2882 Filio,
1440 2829 1604 2884 quem
1629 2815 1685 2870 in
1711 2829 1825 2871 cm-

214 2908 287 2971 lis
306 2907 493 2978 angeli
531 2921 830 2977 omnesque
859 2905 1086 2964 virtutes
1112 2907 1341 2963 adorant
1377 2921 1593 2978 semper
1625 2915 1684 2962 et
1704 2907 1826 2962 lau-

218 3001 380 3067 dant,
428 3000 694 3058 intactum
724 3007 783 3056 ut
810 3000 977 3057 etiam
1006 3000 1061 3055 in
1112 2998 1284 3087 forma
1306 2999 1454 3055 servi
1482 3000 1738 3083 positum,
1768 3008 1826 3057 et

220 3101 449 3167 propter
502 3093 810 3164 passionem
854 3092 1048 3148 mortis
1093 3077 1257 3162 paulo
1298 3093 1478 3148 minus
1522 3077 1591 3148 ab
1619 3092 1825 3163 angelis

222 3188 574 3256 minantum,
596 3186 825 3242 adorare
838 3185 1016 3253 angeli
1034 3185 1351 3256 jubeantnr,
1369 3185 1555 3258 Moyse
1575 3185 1818 3242 dicente:

1924 1981 2084 2054 (Isai.
2111 1999 2233 2048 xcv,
2263 1982 2377 2054 ἥ),
2407 1984 2508 2039 nisi
2532 1983 2705 2040 Filio?
2733 1984 2801 2041 de
2825 2000 2935 2056 quo
2965 1986 3132 2040 David
3157 1985 3308 2053 dicit,
3338 1985 3521 2041 Remi-

1923 2072 2191 2126 niscentur
2230 2082 2281 2127 et
2320 2080 2679 2129 convertentur
2722 2075 2791 2128 ad
2818 2074 3100 2130 Dominum
3126 2077 3353 2131 universi
3388 2077 3522 2147 fines

1921 2171 2096 2227 una,
2145 2172 2196 2218 et
2240 2163 2533 2219 adorabunt
2567 2166 2624 2220 in
2653 2172 2928 2237 conspectu
2967 2166 3078 2237 ejus
3126 2180 3300 2221 omnes
3337 2168 3523 2239 patria

1922 2256 2153 2327 gentium
2194 2254 2370 2328 (Psat.
2413 2270 2525 2323 xxi,
2558 2255 2673 2328 38).
2720 2255 2878 2324 Quod
2919 2269 3050 2327 ergo
3089 2257 3339 2327 sequitur
3378 2256 3523 2312 ερον
3590 2284 3599 2291 -

1926 2351 2280 2420 memetipsum
2327 2348 2419 2421 (al.
2444 2349 2720 2421 meipsum)
2763 2364 2907 2421 jure,
2937 2349 3060 2420 quis
3088 2351 3196 2407 hoc
3222 2350 3524 2408 credendus

1922 2448 2010 2497 est
2033 2440 2236 2509 dicere,
2268 2442 2370 2496 nisi
2392 2442 2488 2511 qui
2516 2441 2620 2498 hoc
2647 2442 2810 2497 modo
2837 2440 3108 2498 invenitur
3136 2441 3367 2499 Abrahae
3391 2448 3523 2499 ante

1918 2531 2171 2603 iurasset
2210 2531 2367 2589 iiuna
2394 2541 2577 2588 autem
2608 2546 2717 2589 non
2747 2531 2983 2599 Patrem,
3028 2534 3125 2591 sed
3150 2534 3346 2590 Filium
3371 2548 3523 2592 asse-

1923 2631 2072 2691 runt,
2097 2624 2190 2694 qui
2213 2622 2408 2681 Fiiium
2430 2643 2462 2680 a
2483 2621 2644 2680 Patre
2663 2626 2960 2681 secundum
2986 2625 3224 2684 divinam
3253 2632 3520 2694 naturam,

1924 2715 2193 2771 minorem
2240 2715 2538 2786 praedicare
2574 2716 2933 2773 contendunt.
2982 2711 3090 2775 Iste
3134 2726 3315 2774 autem
3359 2718 3522 2786 Deus,

1924 2806 2019 2876 qui
2060 2821 2159 2877 per
2207 2808 2559 2883 semetipsum
2604 2808 2771 2878 iurat,
2819 2817 3000 2867 utrum
3042 2811 3305 2882 majorem
3339 2824 3399 2868 se
3426 2811 3523 2867 ha-

1923 2897 2074 2967 beat,
2105 2898 2302 2956 Paulus
2338 2901 2495 2956 nobis
2528 2901 2724 2958 beatus
2750 2904 3009 2970 ostendit,
3036 2904 3130 2974 qui
3156 2904 3223 2960 ad
3253 2904 3523 2963 liacbraros

1924 2993 2185 3059 scribens,
2211 2994 2288 3048 ait
2317 3010 2332 3048 :
2356 2993 2582 3050 Abrahce
2618 3010 2837 3068 namque
2857 2999 3159 3067 promittens
3181 2996 3343 3065 Deus,
3385 3015 3522 3070 quo-

1924 3088 2067 3143 niam
2095 3087 2351 3141 neminem
2380 3085 2559 3140 habuit
2586 3099 2679 3159 per
2704 3102 2856 3158 quem
2895 3088 3102 3158 juraret
3128 3088 3400 3159 majorem,
3442 3090 3523 3160 Ια-

1925 3178 2061 3233 ravit
2106 3192 2199 3249 per
2234 3170 2585 3247 semetipsum,
2637 3177 2854 3233 dicens:
2887 3175 3341 3235 Nisi‘benedicens
3369 3179 3524 3235 bene-

226 3278 527 3347 Lctamini,
557 3280 693 3345 call,
736 3277 891 3334 simul
910 3293 1027 3332 cum
1068 3294 1149 3344 eo,
1176 3287 1227 3332 et
1251 3278 1472 3333 adorent
1497 3294 1614 3333 eum
1638 3293 1817 3334 omnes

1921 3266 2094 3321 dicem
2113 3277 2181 3333 te,
2202 3275 2252 3323 et
2278 3266 2632 3339 multiplicans
2652 3269 3009 3340 multiplicabo
3039 3278 3085 3324 te
3107 3270 3295 3342 (Hebr.
3315 3287 3386 3336 vr,
3406 3272 3517 3343 i5).

223 3373 393 3447 angeli
417 3372 520 3431 Dei
550 3371 727 3446 (Psal.
758 3386 899 3435 κυνί,
947 3370 1027 3442 ii).
1079 3380 1106 3409 ι
1134 3368 1395 3427 Homines
1430 3385 1649 3442 quoque
1688 3370 1818 3426 huic

224 3464 523 3522 adorationi
543 3463 711 3519 David
736 3462 995 3519 divinitus
1020 3462 1334 3534 inspiratus,
1358 3461 1680 3533 adjungens,
1705 3463 1813 3518 ait:

224 3554 527 3612 “orabunt
563 3570 679 3610 eum
705 3569 897 3609 omnee
908 3568 1056 3624 reges
1087 3563 1258 3617 terra,
1287 3568 1468 3608 omnes
1498 3560 1673 3624 gentes
1699 3569 1817 3608 ser-

223 3648 365 3703 uiunt
406 3647 507 3721 (al.
562 3647 803 3714 servient)
862 3645 913 3700 ei
959 3644 1128 3715 (Paul.
1181 3659 1327 3709 un,
1373 3643 1486 3710 li).
1531 3642 1818 3710 Quomodo

225 3752 346 3808 ergo
393 3746 447 3794 et
503 3737 570 3793 ab
618 3735 927 3792 hominibus
970 3742 1027 3789 et
1064 3734 1135 3790 ah
1181 3734 1387 3803 angelis
1433 3733 1724 3800 aduratur,
1771 3733 1819 3789 si

226 3829 290 3887 ab
315 3831 474 3887 unius
506 3828 603 3885 Dei
621 3827 921 3884 substantia
949 3826 1271 3895 separatur?
1297 3822 1580 3891 Quomodo
1603 3824 1684 3879 iiii
1710 3840 1821 3880 ser-

225 3921 438 3979 vitutem
476 3935 602 3991 qua:
628 3919 744 3977 Deo
782 3926 996 3976 tantum
1022 3917 1249 3974 debetur
1285 3915 1546 3973 audemus
1596 3915 1818 3975 exhibe-

227 4029 300 4082 re,
344 4016 391 4072 si
419 4029 536 4073 una
564 4029 673 4070 non
703 4020 788 4069 est
813 4010 891 4067 illi
919 4017 1111 4068 natura
1139 4023 1264 4066 cum
1293 4006 1488 4063 Patre?
1530 4007 1662 4063 Nam
1688 4007 1818 4077 quia

226 4122 354 4162 unus
374 4116 460 4163 est
488 4106 647 4167 Deus,
678 4104 752 4159 ita
780 4104 937 4159 nobis
965 4104 1075 4174 ΒΘ
1100 4101 1299 4157 dicitur
1327 4114 1425 4170 per
1450 4100 1773 4170 prophetam
1798 4116 1814 4153 :

226 4194 331 4269 Ego
370 4198 537 4264 Deus,
581 4205 631 4251 et
657 4211 760 4250 non
787 4203 864 4248 est
891 4195 1025 4248 alius
1050 4203 1240 4264 praeter
1280 4209 1361 4246 me
1382 4208 1399 4246 :
1416 4191 1586 4262 justus
1617 4200 1665 4244 et
1704 4189 1815 4244 sal-

225 4302 362 4359 vans,
389 4297 436 4353 et
471 4304 577 4351 non
606 4294 681 4349 est
709 4287 844 4353 alius
870 4294 1059 4357 prwter
1087 4301 1168 4338 me
1191 4301 1208 4337 :
1231 4282 1586 4338 convertimini
1615 4281 1683 4335 ad
1711 4299 1813 4351 me,

226 4386 270 4431 et
287 4379 409 4433 salvi
437 4378 610 4441 eritis,
636 4376 756 4449 quia
786 4375 849 4429 ab
872 4385 1099 4430 extremo
1130 4385 1279 4429 terra:
1301 4391 1393 4445 ego
1422 4390 1537 4428 sum
1568 4371 1727 4438 Deus,
1765 4380 1815 4427 et

153 4535 164 4549 .
227 4482 417 4527 nonest
467 4472 623 4525 alius.
658 4469 763 4523 Per
793 4470 1143 4539 memetipsum
1178 4468 1331 4539 jura,
1382 4467 1627 4545 quoniam
1653 4464 1817 4543 exibit

231 4560 317 4629 (al.
347 4562 533 4635 exivit)
562 4580 627 4617 ex
649 4578 735 4617 ore
758 4578 869 4617 meo
889 4561 1118 4633 justitia,
1142 4569 1192 4615 et
1221 4558 1373 4614 verba
1401 4567 1516 4613 mea
1542 4576 1645 4613 non
1668 4574 1814 4614 aver—

1916 3357 2027 3414 iste
2051 3372 2182 3429 ergo
2210 3357 2370 3423 Deus,
2401 3358 2495 3429 qui
2524 3373 2623 3429 per
2678 3358 3031 3431 semetipsum
3068 3360 3216 3430 jurat
3266 3362 3521 3432 quoniam

1907 3454 2190 3509 neminem
2242 3453 2406 3508 habet
2453 3468 2554 3525 per
2590 3467 2755 3524 quem
2796 3454 3009 3525 juraret
3052 3454 3315 3525 majorem
3356 3454 3522 3527 :quid

1916 3546 2163 3618 sequitur
2211 3545 2487 3603 videamus
2527 3564 2541 3601 :
2587 3544 2850 3612 Quoniam
2886 3548 3064 3615 exibit,
3099 3549 3290 3618 inquit,
3325 3564 3389 3604 ea:
3434 3562 3523 3605 ore

1918 3655 2030 3694 meo
2054 3640 2287 3711 justitia,
2322 3647 2373 3693 et
2401 3639 2554 3694 verba
2581 3655 2696 3694 mea
2735 3655 2841 3696 non
2868 3648 3165 3697 avertentur
3193 3642 3357 3698 :milti
3384 3643 3521 3698 enim

1916 3730 2195 3785 inclinabit
2233 3729 2330 3803 (al.
2355 3731 2647 3802 inclinavit)
2694 3734 3003 3788 universitas
3045 3750 3199 3806 genu,
3249 3744 3299 3789 et
3319 3732 3521 3806 jurabit

1921 3818 2018 3891 (al.
2037 3818 2261 3890 juravit)
2303 3821 2473 3874 omnis
2512 3819 2694 3892 lingua
2726 3838 2821 3893 per
2846 3819 3012 3876 Deum
3050 3822 3206 3892 (1σαί.
3241 3839 3369 3894 ην,
3400 3822 3516 3896 25).

1918 3909 1998 3965 De
2035 3910 2190 3979 cujus
2229 3925 2326 3965 ore
2371 3924 2501 3980 ergo
2547 3912 2682 3967 exiit
2722 3911 2948 3981 justitia,
2996 3914 3099 3969 nisi
3141 3914 3258 3984 ejus
3300 3916 3368 3971 de
3407 3930 3518 3985 quo

1918 4000 2055 4056 dixit
2078 4000 2243 4056 isaias
2268 4018 2282 4054 :
2306 3998 2619 4072 Egredietur
2648 4004 2797 4074 virga
2827 4003 2890 4056 de
2928 4004 3104 4058 radice
3134 4004 3297 4071 Iesse,
3346 4014 3397 4060 et
3416 4006 3514 4076 ﬂos

1919 4093 1983 4148 de
2009 4093 2188 4148 radice
2210 4095 2324 4166 ejus
2352 4093 2613 4161 ascendet,
2643 4103 2693 4149 et
2718 4096 2995 4167 requiescet
3027 4112 3181 4168 super
3205 4113 3320 4152 eum
3349 4100 3513 4170 spiri-

1920 4190 2000 4241 tus
2023 4185 2233 4241 Domini
2262 4184 2418 4258 (Isai.
2444 4201 2517 4252 x1,
2552 4186 2628 4257 l).
2662 4186 2728 4241 Et
2758 4197 2880 4259 post
2908 4187 3183 4259 paululum
3210 4208 3224 4244 :
3247 4180 3512 4246 Jndicabit

1918 4281 1973 4336 in
1990 4278 2202 4351 justitia
2226 4296 2502 4351 pauperes,
2551 4288 2600 4335 et
2639 4292 2821 4355 arguet
2861 4283 2918 4337 in
2944 4283 3183 4354 (equitate
3218 4302 3314 4356 pro
3357 4301 3511 4342 man-

1917 4375 2075 4429 suetis
2103 4382 2294 4429 terram
2322 4375 2417 4446 (al.
2451 4375 2623 4445 teme)
2658 4375 2848 4449 (lbid.,
2876 4376 2952 4451 εί).
2987 4377 3243 4447 Sequitur
3269 4378 3463 4436 deinde
3488 4397 3504 4433 :

1919 4467 2031 4525 Iste
2051 4466 2219 4535 Deus,
2241 4477 2432 4540 prwter
2451 4486 2600 4542 quem
2626 4488 2730 4526 non
2758 4480 2835 4525 est
2859 4471 3014 4538 alius,
3047 4480 3102 4527 ct
3142 4471 3268 4527 dicit
3295 4490 3307 4526 :
3341 4471 3512 4528 Verba

1915 4572 2030 4615 mea
2072 4577 2178 4616 non
2207 4569 2519 4615 avertentur.
2571 4561 2735 4631 Cujus
2774 4571 2955 4618 autem
2984 4563 3099 4618 hate
3125 4564 3229 4634 67
3260 4579 3364 4619 vox
3404 4572 3506 4633 est,

228 4656 573 4712 tentur:milti
617 4656 752 4709 enim
780 4653 1047 4709 inclinabit
1089 4653 1180 4731 (al.
1211 4654 1502 4724 inclinavit)
1554 4654 1811 4709 universi-
1840 4652 1894 4713 D
1918 4651 2021 4707 nisi
2042 4650 2184 4705 illius
2204 4650 2299 4722 qui
2318 4648 2682 4720 quvangclio
2701 4651 2852 4723 dicit,
2866 4650 3061 4711 Caelum
3100 4664 3147 4708 et
3170 4663 3311 4711 terra
3342 4662 3510 4710 trans-

229 4754 301 4801 tus
335 4766 500 4820 genu,
550 4756 598 4804 et
637 4740 838 4820 jurabit
885 4745 998 4823 (ai.
1020 4744 1236 4817 Iuravit)
1271 4746 1438 4803 omnis
1495 4745 1673 4821 lingua
1714 4762 1806 4819 per
1911 4740 2080 4809 ibunt,
2110 4738 2264 4796 verba
2306 4749 2479 4797 autem
2507 4757 2623 4801 mea
2649 4758 2752 4799 non
2791 4743 3086 4801 transibunt
3115 4738 3328 4816 (Matth.
3359 4761 3504 4814 xxxv,

231 4831 379 4892 Deum
405 4838 565 4911 (Isai.
603 4855 726 4903 XLV,
750 4836 839 4903 2i,
867 4845 915 4891 et
940 4838 1094 4908 seq.).
1127 4834 1267 4890 Ecce
1296 4828 1457 4913 Deus,
1490 4838 1582 4906 qui
1622 4837 1677 4891 in
1700 4836 1805 4891 hoc
1911 4831 2041 4904 55)?
2067 4831 2201 4888 item
2260 4832 2516 4903 adiungit,
2547 4834 2691 4891 Deus
2732 4837 2833 4891 iste
2870 4844 3067 4907 praeter
3095 4852 3255 4908 quem
3283 4854 3394 4893 non
3423 4845 3507 4895 est

230 4919 336 4982 loco
364 4944 420 4985 se
448 4936 660 4984 tantum
701 4926 889 4982 dicens
920 4926 1108 4991 Deum,
1158 4930 1356 4995 praeter
1400 4938 1460 4978 se
1504 4925 1665 4985 alium
1695 4938 1806 4985 non
1909 4925 2067 4992 alius,
2107 4932 2164 4985 et
2201 4924 2331 4980 dicit
2364 4922 2537 4980 :Miln‘
2574 4929 2711 4981 enim
2748 4926 3020 4982 inclinabit
3064 4929 3155 4999 (al.
3210 4928 3502 5000 inclinavit)

229 5025 335 5070 esse
360 5023 605 5074 testatur.
638 5015 795 5083 Quod
824 5015 869 5070 si
899 5015 1183 5085 quisquam
1211 5028 1429 5069 omnem
1456 5013 1544 5069 hic
1571 5014 1809 5070 noluerit
1903 5017 2212 5071 universitas
2241 5032 2394 5087 genu,
2427 5024 2477 5071 et
2498 5017 2701 5088 jurabit
2736 5018 2825 5091 (al.
2851 5019 3072 5091 juravit)
3119 5022 3288 5077 omnis
3323 5022 3504 5093 lingua

229 5099 528 5165 Trinitatem
558 5107 821 5179 accipere,
865 5116 1088 5176 cogetur
1116 5106 1258 5161 hanc
1302 5121 1492 5162 vocem
1521 5106 1623 5161 soli
1660 5104 1798 5162 Filio
1909 5125 2000 5180 per
2025 5107 2214 5165 Deum.
2262 5106 2379 5165 Hoc
2408 5118 2587 5166 autem
2617 5111 2685 5168 de
2713 5127 2820 5182 quo
2859 5114 3084 5184 intelligi
3114 5114 3328 5178 debeat,
3365 5114 3501 5172 Pau-

228 5191 487 5265 deputare.
540 5196 671 5264 Quis
710 5197 854 5252 enim
900 5195 1045 5251 Deus
1087 5203 1286 5266 praeter
1313 5210 1473 5266 quem
1503 5195 1642 5251 alius
1690 5211 1799 5251 non
1908 5200 1991 5254 lus
2032 5199 2207 5266 nobis,
2260 5194 2570 5271 magisterio
2610 5201 2808 5260 Christi
2857 5203 3069 5273 doctus,
3111 5204 3365 5273 ostendit,
3408 5208 3500 5278 qui

228 5291 297 5336 cst
322 5286 418 5342 nisi
460 5288 551 5343 ille
589 5288 675 5345 cui
718 5286 881 5345 isaias
924 5285 1057 5343 dicit
1086 5304 1100 5339 ε
1128 5283 1408 5342 Labaravit
1436 5285 1721 5359 Δῖρυρωι,
1750 5295 1803 5344 et
1907 5290 2149 5346 scribens
2195 5290 2262 5346 ad
2304 5289 2584 5349 Romanos
2626 5294 2708 5351 sic
2752 5294 2831 5350 ait
2858 5313 2871 5349 ι
2902 5293 3074 5349 Nemo
3101 5293 3238 5349 enim
3268 5304 3500 5354 nostrum

229 5379 458 5424 mercatus
489 5369 796 5441 xEtltiopum
822 5378 873 5424 et
908 5368 1139 5440 Sabaimj
1167 5370 1259 5441 (al.
1293 5367 1455 5440 Saba)
1484 5371 1581 5425 viri
1608 5372 1801 5427 excelsi

228 5457 285 5509 ad
316 5470 358 5513 te
379 5461 693 5531 transibunt,
733 5462 806 5515 tui
835 5472 985 5516 erunt
1012 5463 1164 5528 servi,
1207 5472 1256 5516 et
1297 5471 1411 5535 post
1438 5471 1485 5518 te
1522 5472 1797 5537 sequentur

227 5549 411 5622 alligati
439 5556 671 5621 vinculis,
703 5564 752 5609 et
774 5552 1064 5609 adorabunt
1096 5564 1162 5620 te,
1208 5564 1257 5610 et
1284 5556 1336 5610 in
1369 5563 1423 5611 te'
1445 5556 1795 5629 deprecabun-

228 5642 315 5706 tur,
346 5648 581 5716 quoniam
604 5647 660 5701 in
690 5655 737 5702 te
759 5656 834 5702 est
863 5645 1022 5713 Deus,
1047 5656 1096 5701 et
1125 5663 1229 5702 non
1250 5657 1324 5702 est
1341 5646 1478 5703 Deus
1503 5660 1692 5722 prwter
1715 5662 1790 5718 te;

230 5728 416 5789 lu'enim
443 5754 495 5792 es
532 5737 692 5805 Deus,
732 5745 782 5793 et
810 5734 1157 5793 nesciebamus
1180 5778 1194 5803 ,
1232 5734 1367 5792 Deus
1399 5737 1568 5793 Israel
1594 5738 1789 5797 Salva-

220 5850 417 5980 ἤοέἑὲ
440 5872 539 5914 ms.
588 5858 655 5954 at
691 5858 777 5918 ed.
810 5856 1010 5917 habent
1039 5854 1323 5913 Hominum
1366 5872 1562 5928 quoque
1601 5856 1795 5921 adora-

1907 5381 2005 5438 sibi
2034 5381 2184 5449 vivit,
2235 5391 2284 5437 et
2333 5399 2483 5462 nemo
2508 5383 2607 5439 sibi
2631 5388 2868 5441 moritur.
2921 5385 3043 5440 Sive
3081 5386 3218 5440 enim
3262 5388 3496 5460 vivimus,

1907 5472 2131 5531 Domino
2177 5475 2392 5532 vivimus
2431 5493 2450 5532 :
2487 5477 2594 5533 sive
2639 5478 2907 5542 morimur,
2957 5475 3180 5534 Domino
3226 5483 3493 5539 morimur.

1904 5565 2027 5622 Sive
2049 5583 2171 5639 ergo
2199 5569 2432 5636 vivimus,
2466 5569 2573 5626 sive
2590 5569 2860 5635 morimur,
2884 5566 3095 5626 Domini
3116 5587 3289 5628 sumus
3313 5573 3491 5646 (Rom.

1900 5676 2010 5727 xw,
2044 5659 2098 5728 7,
2128 5660 2206 5733 8).
2258 5659 2344 5729 Et,
2396 5670 2456 5718 ut
2483 5677 2543 5719 se
2575 5660 2644 5718 de
2673 5658 2891 5720 Christo
2917 5662 3118 5722 dixisse
3145 5675 3490 5735 monstraret,

1900 5751 2142 5825 adjunxit
2172 5771 2186 5806 :
2212 5752 2279 5809 In
2302 5754 2398 5811 hoc
2426 5755 2563 5808 enim
2592 5750 2846 5825 Christus,
2878 5767 2928 5817 et
2954 5767 3183 5817 mortuus
3212 5768 3304 5825 est,
3329 5769 3379 5815 et
3407 5778 3483 5820 re-

1978 5869 2007 5910 b
2037 5870 2134 5928 Ms.
2166 5871 2357 5941 Corb.,
2379 5871 2573 5942 accipe.
