4068 6464
546 372 649 432 ΞΞ5

1555 366 1614 424 S.
1650 362 2017 425 FULGEN‘I‘II
2053 359 2352 420 EPISCOPI
2387 354 2763 420 BUSPENSIS

3717 354 3832 412 224

546 483 770 540 surrexit
795 527 811 554 ,
849 492 907 541 ut
959 493 1279 571 mortuorum
1319 492 1369 537 et
1413 483 1640 536 vivorum
1685 479 1994 535 dominetur.
2040 473 2130 529 Tu
2154 478 2210 540 Α
2232 477 2440 530 servies.
2490 473 2625 530 Iluic
2652 474 2884 530 Domino
2926 472 3091 530 etiam
3126 473 3292 531 Isaias
3335 440 3602 544 propheta
3650 468 3829 525 dicit:

546 589 718 633 autem
741 577 866 646 quid
882 578 1092 649 judicas
1115 568 1330 648 fratrem
1353 584 1492 628 tuum
1509 574 1534 626 .9
1557 582 1646 625 aut
1665 580 1719 626 tu
1747 585 1906 642 quare
1929 568 2130 640 spernis

550 673 764 742 fratrem
786 670 966 724 tuum?
996 668 1188 722 Omnes
1207 669 1343 722 enim
1373 666 1618 742 stabimus
1647 672 1769 718 ante
1791 660 2018 716 tribunal
2034 659 2136 715 Dei

557 738 728 834 (Rom.
747 777 852 825 xw,
869 758 920 826 9,
939 757 1028 828 IO)
1043 756 1386 826 ?_Statimque
1398 738 1510 811 ’θος
1528 753 1900 824 propheticum
1921 748 2137 819 subjicit

560 850 938 915 bstimonium,
988 847 1172 902 dicens
1214 865 1226 899 :
1259 845 1524 914 Scriptum
1553 851 1629 898 est
1655 844 1831 897 enim:
1868 841 1990 896 Viro
2019 857 2132 911 ego,

561 942 673 1003 dicit
703 941 976 1005 Dominus,
1021 941 1262 1012 quoniam
1303 937 1426 991 mihi
1455 936 1688 1005 ﬂectetur
1717 950 1866 989 omne
1905 948 2056 1004 genu,
2087 939 2138 986 et

550 1037 716 1092 omnis
755 1037 932 1106 lingua
981 1031 1306 1104 conﬁtebitur
1343 1029 1455 1084 Deo
1487 1028 1644 1103 (lsai.
1675 1044 1800 1094 ην,
1840 1026 1952 1098 24).
1998 1025 2138 1082 Ante

551 1130 788 1185 tribunal
809 1145 938 1184 vero
960 1126 1157 1184 Christi
1187 1141 1286 1182 nos
1311 1133 1581 1180 astaturos
1601 1123 1696 1192 (al.
1721 1120 1998 1190 astituros)
2023 1119 2140 1189 ipse

551 1221 729 1278 denuo
750 1229 998 1285 testatur,
1031 1218 1216 1273 dicens
1251 1235 1263 1269 :
1298 1215 1492 1270 Omnes
1520 1214 1656 1268 enint
1693 1228 1788 1267 nos
1810 1209 2139 1282 manifestari

551 1323 751 1385 oportet
779 1321 899 1367 ante
931 1309 1160 1365 tribunal
1187 1308 1400 1371 Christi,
1443 1317 1500 1359 ut
1538 1307 1755 1376 recipiat
1795 1303 2140 1376 unusquisque

552 1406 764 1477 propria
790 1403 1039 1474 corporis,
1066 1411 1218 1473 prout
1245 1400 1423 1472 gessit,
1454 1399 1558 1452 sive
1586 1397 1793 1460 bonum,
1819 1397 1922 1450 sire
1947 1395 2140 1448 malum

551 1495 642 1566 (II
673 1495 792 1550 Cor.
833 1511 882 1561 v,
922 1493 1032 1567 to).
1065 1493 1171 1562 Ipsi
1195 1506 1413 1561 quoque
1442 1505 1604 1545 omne
1639 1504 1778 1559 genu
1817 1485 2138 1543 ﬂectendum

549 1587 694 1644 idem
738 1587 898 1642 docet
944 1585 1242 1656 apostolus,
1294 1584 1522 1640 dicens:
1561 1582 1630 1638 Ut
1667 1583 1725 1636 in
1768 1581 1974 1636 nomine
2014 1577 2139 1634 .lesu

551 1698 703 1736 omne
731 1697 861 1751 genu
893 1680 1148 1748 ﬂectatur,
1181 1678 1481 1744 cwlestiutn,
1514 1677 1848 1740 terrestrium,
1900 1683 1950 1728 et
1975 1673 2140 1745 infer-

554 1789 741 1829 norum
780 1788 796 1824 :
829 1781 878 1826 et
920 1773 1085 1826 omnis
1133 1771 1313 1842 lingua
1359 1770 1666 1840 conﬁteatur
1709 1769 1830 1838 quia
1883 1765 2139 1821 Dominus

553 1863 707 1938 Iesus
733 1861 968 1918 Christus
1007 1863 1060 1916 in
1087 1863 1254 1934 gloria
1275 1870 1353 1917 est
1381 1860 1478 1916 Dei
1506 1860 1685 1914 Patris
1709 1859 1926 1930 (Philip.
1961 1875 2018 1926 ιι,
2052 1857 2138 1921 10,

558 1954 671 2025 Il).
711 1953 830 2009 Jam
860 1969 1004 2009 nunc
1029 1954 1210 2008 omnia
1231 1969 1350 2022 qua:
1377 1952 1624 2023 superius
1648 1950 1791 2006 dicta
1817 1958 1940 2006 sunt
1963 1949 2144 2004 denuo

555 2045 986 2103 consideremus.
1019 2043 1156 2099 Dicit
1185 2044 1325 2099 Deus
1352 2041 1498 2114 :Ego
1519 2043 1681 2107 Deus,
1711 2051 1760 2094 et
1786 2057 1887 2095 non
1909 2050 1986 2095 est
2009 2039 2144 2094 alius

556 2148 746 2211 praeter
773 2155 872 2193 me.
903 2137 973 2192 Et
1010 2137 1064 2192 in
1088 2152 1322 2208 persona
1342 2135 1461 2190 Filii
1493 2135 1622 2190 dicit
1647 2134 1848 2190 Isaias:
1887 2127 2147 2197 Quoniam

557 2231 614 2288 in
641 2238 690 2285 te
727 2239 803 2286 est
823 2229 985 2294 Deus,
1011 2238 1060 2285 et
1087 2239 1278 2301 printer
1319 2238 1368 2284 te
1395 2246 1499 2283 non
1527 2238 1604 2282 est
1637 2226 1771 2282 Deus
1795 2244 1812 2292 ;
1845 2236 1896 2280 tu
1923 2226 2061 2281 enim
2092 2242 2147 2280 es

557 2320 701 2378 Deus
725 2360 740 2388 ,
785 2331 834 2376 et
870 2321 1242 2377 nesciebamus.
1296 2320 1432 2376 Deus
1471 2317 1642 2374 Israel
1681 2318 1924 2374 Salvator
1977 2317 2142 2388 (Isai.

557 2430 685 2482 ιιν,
708 2412 820 2486 I5).
845 2413 988 2471 Deus
1008 2423 1179 2469 autem
1203 2413 1373 2468 Israel
1395 2412 1534 2468 Deus
1562 2429 1695 2466 unus
1716 2420 1812 2466 est.
1838 2410 2150 2481 Sequuntur

556 2515 740 2564 autem
773 2513 968 2562 uetera
996 2521 1116 2577 quae
1140 2504 1460 2560 testimoniis
1499 2502 1818 2573 supradictis
1845 2501 1912 2556 ad
1951 2499 2148 2558 Filium

559 2597 896 2656 ostendimus
940 2596 1217 2668 pertinere
1253 2615 1265 2650 :
1315 2596 1430 2667 ipse
1473 2596 1617 2651 enim
1665 2610 1764 2666 per
1801 2594 2149 2665 semetipsum

559 2690 722 2763 iurat,
781 2689 1052 2746 neminem
1104 2689 1314 2746 habens
1361 2688 1660 2759 majorem;
1730 2688 1843 2759 ipse
1892 2689 2148 2760 populum

558 2798 717 2842 suum
745 2784 949 2848 salvat;
999 2784 1115 2854 ipse
1136 2782 1284 2853 juste
1319 2781 1524 2852 iudicat
1544 2782 1702 2858 ripsx
1727 2779 1962 2837 ﬂectitur
1989 2794 2150 2836 omne

559 2887 722 2946 genu,
774 2873 1093 2940 cmlcstium,
1143 2874 1496 2937 terrestrium,
1538 2880 1595 2928 et
1638 2873 2002 2936 infernorum;
2048 2871 2150 2942 ipsi

561 2967 736 3024 omnis
756 2966 936 3036 lingua
956 2960 1259 3033 contitetur,
1289 2981 1318 3020 ρ
1341 2981 1448 3036 quo
1470 2975 1553 3021 est
1571 2965 1855 3021 retributio
1878 2964 2148 3020 reddenda

559 3057 846 3116 factorum.
895 3058 1016 3130 Ipse
1042 3072 1194 3128 ergo,
1243 3055 1314 3113 de
1352 3071 1461 3126 quo
1498 3057 1613 3112 lucc
1653 3057 1832 3112 omnia
1877 3057 2146 3122 dicuntur,

559 3163 660 3222 per
685 3151 1004 3222 prophetam
1035 3149 1166 3204 dicit
1191 3165 1203 3200 :
1231 3147 1346 3220 Ego
1374 3147 1537 3216 Deus,
1561 3157 1610 3202 et
1638 3159 1741 3202 non
1764 3155 1839 3202 est
1868 3147 2003 3201 alius
2021 3162 2150 3216 prte-

2233 570 2473 636 Domine,
2516 578 2704 641 prteter
2731 576 2780 624 te
2819 569 2982 623 alium
3017 585 3121 624 non
3161 567 3413 632 novimus,
3463 579 3652 619 nomen
3680 571 3835 618 tuum

2235 664 2581 717 nominamus.
2612 661 2728 716 Hoc
2750 668 2930 715 autem
2954 674 3152 715 nomen
3171 657 3420 713 Salvator
3440 663 3627 712 noster
3647 661 3836 710 osten—

2234 756 2332 821 dit,
2363 755 2549 810 dicens
2571 753 2845 824 discipulis
2869 752 2980 808 suis
3011 768 3025 805 :
3060 751 3159 816 Ite,
3203 751 3382 805 docete
3409 764 3587 803 omnes
3628 757 3831 818 gentes,

2235 847 2557 920 baptizantes
2602 862 2688 901 eos
2718 846 2774 899 in
2802 845 3009 899 nomine
3053 841 3227 896 Patris
3273 848 3323 896 et
3362 838 3491 895 Filii
3514 846 3564 892 et
3595 837 3836 908 Spiritus

2235 941 2404 997 sancti
2435 939 2649 1012 (Matth.
2677 953 2863 1004 xxvm,
2895 935 3006 1007 I9).
3055 933 3205 990 Istud
3233 942 3318 989 est
3363 947 3560 988 nomen
3588 929 3834 998 Domini,

2237 1041 2434 1104 praeter
2472 1047 2632 1104 quem
2665 1029 2828 1086 alium
2873 1044 2983 1085 non
3013 1028 3284 1095 novimus,
3326 1033 3384 1082 et
3428 1024 3582 1094 cujus
3610 1024 3838 1079 nomine

2237 1128 2532 1193 nominato,
2566 1142 2596 1180 a
2624 1133 2800 1182 morte
2827 1124 3144 1190 liberamur,
3186 1121 3255 1178 de
3278 1127 3548 1191 potestate
3575 1119 3840 1174 tenebra-

2239 1236 2360 1274 rum
2387 1220 2496 1292 68
2525 1219 2781 1283 eruimur,
2828 1225 2890 1272 ut
2917 1217 2971 1272 in
3004 1229 3232 1284 regnum
3255 1213 3374 1283 Filii
3420 1210 3836 1268 transteramur.

2240 1311 2298 1366 In
2321 1311 2478 1367 Patre
2508 1325 2636 1380 ergo
2664 1319 2720 1365 et
2739 1309 2877 1365 Filio
2902 1318 2958 1364 et
2977 1307 3180 1379 Spiritu
3200 1313 3390 1362 sancto
3416 1304 3684 1360 unitatem
3709 1304 3840 1360 sub—

2241 1404 2452 1458 stantia:
2467 1403 2781 1473 accipimus,
2796 1415 3058 1472 personas
3073 1398 3205 1455 conf
3203 1397 3402 1454 undere
3417 1413 3526 1452 non
3548 1395 3836 1452 audemus.

2241 1491 2438 1548 Beatus
2461 1493 2603 1549 enim
2621 1491 2858 1548 Joannes
2884 1490 3164 1562 apostolus
3183 1495 3432 1553 testatur,
3455 1486 3682 1543 dicens:
3710 1485 3841 1544 Tres

2243 1595 2363 1640 sunt
2407 1586 2493 1657 qui
2526 1583 2876 1639 testimonium
2903 1580 3172 1654 perhibent
3199 1581 3254 1635 in
3284 1579 3444 1647 caelo,
3480 1577 3668 1644 Pater,
3710 1577 3842 1633 Ver-

2244 1679 2380 1746 bum,
2422 1690 2472 1734 et
2501 1679 2729 1750 Spiritus
2758 1696 2775 1744 ;
2814 1687 2863 1733 et
2891 1686 2996 1731 tres
3024 1692 3184 1730 unum
3225 1684 3348 1730 sunt
3398 1672 3454 1745 (ι
3481 1673 3642 1729 Joan.
3668 1688 3725 1737 v,
3761 1673 3836 1742 Ἰ).

2243 1771 2396 1839 Quod
2422 1773 2584 1826 etiam
2600 1770 2947 1826 beatissimus
2968 1777 3174 1840 martyr
3185 1767 3504 1840 Cyprianus,
3533 1767 3588 1821 in
3608 1765 3842 1837 epistola

2173 1853 2222 1914 Β
2247 1865 2315 1920 de
2344 1862 2561 1918 Unitatc
2601 1862 2858 1918 Ecclesia:
2895 1862 3202 1926 contitetur,
3254 1859 3438 1916 dicens
3470 1877 3482 1912 :
3518 1856 3618 1922 Qui
3659 1875 3842 1928 pacem

2247 1954 2438 2011 Christi
2458 1965 2507 2010 et
2527 1955 2857 2010 concordiam
2885 1957 3099 2025 rumpit,
3129 1954 3373 2008 adversus
3396 1952 3660 2007 Christum
3683 1954 3840 2023 facit;

2246 2049 2332 2118 qui
2373 2046 2498 2100 alibi
2525 2055 2714 2118 preter
2739 2044 3028 2100 Ecclesium
3070 2046 3288 2117 colligit,
3325 2043 3517 2099 Christi
3549 2042 3846 2098 Ecclesium

2247 2140 2468 2211 spargit.
2511 2138 2687 2208 Atque
2732 2145 2792 2192 ut
2839 2153 3002 2192 unam
3045 2135 3346 2193 Ecclesiam
3393 2136 3552 2191 unius
3595 2135 3696 2211 Dei
3726 2151 3846 2193 esse

2247 2241 2600 2300 monstraret,
2653 2233 2768 2288 haec
2795 2231 3080 2287 confestim
3117 2229 3425 2286 testimonia
3453 2229 3522 2285 de
3548 2227 3847 2300 Scripturis

2247 2326 2491 2383 inseruit.
2521 2323 2665 2379 Dicit
2691 2323 2944 2379 Dominus
2973 2339 2992 2378 :
3014 2322 3128 2396 Ego
3168 2331 3218 2378 et
3264 2321 3424 2377 Pater
3449 2338 3612 2376 unum
3641 2338 3843 2377 sumus.

2249 2418 2318 2474 Et
2344 2419 2540 2474 iterum
2567 2436 2581 2472 :
2615 2417 2693 2472 De
2724 2416 2889 2472 Patre
2924 2426 2974 2471 et
3001 2415 3144 2471 Filio
3186 2425 3238 2471 et
3271 2415 3473 2487 Spiritu
3505 2423 3694 2470 sancto
3719 2416 3847 2470 scri-

2249 2523 2392 2586 ptum
2420 2522 2498 2569 est
2515 2531 2533 2568 :
2554 2512 2626 2567 Et
2655 2522 2758 2568 tres
2777 2529 2938 2568 unum
2962 2522 3101 2568 sunt.
3134 2511 3269 2576 Nam
3297 2519 3353 2567 et
3383 2511 3437 2566 in
3463 2511 3605 2566 libro
3627 2511 3698 2568 de
3717 2511 3848 2567 Ora-

2249 2605 2398 2660 tione
2437 2604 2730 2673 dominica,
2759 2613 2819 2660 ut
2846 2604 3167 2662 ostenderet
3189 2603 3507 2660 Trinitatem
3539 2605 3702 2660 unius
3731 2605 3846 2661 dei-

2250 2696 2399 2763 tatis,
2427 2711 2549 2751 esse
2578 2711 2679 2752 nec
2719 2695 2861 2752 inter
2880 2711 2942 2752 se
2963 2697 3198 2767 aliquam
3226 2696 3594 2751 diversitatem
3623 2697 3844 2763 habere,

2250 2782 2530 2842 Danielem
2558 2793 2614 2842 et
2639 2792 2749 2842 tres
2775 2801 2976 2856 pueros
2996 2827 3012 2853 ,
3041 2794 3317 2842 ternarum
3343 2786 3602 2842 horarum
3632 2788 3849 2847 circulis

2249 2877 2533 2947 revolutis,
2581 2879 2884 2934 orationem
2910 2878 3132 2935 fundere
3158 2878 3346 2934 solitos
3373 2878 3718 2933 memoravit.
3753 2878 3848 2936 Ubi

2250 2976 2306 3024 et
2333 2968 2390 3024 in
2410 2969 2574 3024 trium
2603 2969 2860 3024 horarum
2882 2969 3174 3034 curriculo,
3222 2975 3278 3023 et
3323 2967 3377 3023 in
3407 2968 3566 3024 unius
3588 2969 3851 3026 orationis

2250 3061 2452 3130 ofﬁcio,
2483 3076 2649 3116 unum
2669 3060 2838 3116 Deum
2865 3075 2985 3116 esse
3005 3059 3325 3115 Trinitatem
3356 3059 3636 3114 evidenter
3662 3067 3852 3114 osten-
3884 3077 3886 3080 ν

2253 3154 2350 3211 dit.
2373 3154 2491 3209 Non
2508 3166 2638 3222 ergo
2659 3167 2730 3208 ex
2753 3153 2924 3209 tribus
2952 3152 3196 3223 partibus
3224 3167 3388 3205 unum
3410 3151 3634 3206 colimus
3648 3148 3854 3221 Deum,

563 3251 639 3296 ter
665 3259 762 3296 me.
793 3240 1168 3310 Nunquidnam
1199 3239 1368 3294 Deum
1394 3240 1574 3304 istum.
1599 3247 1797 3308 praeter
1827 3253 1990 3306 quem
2017 3237 2151 3294 alius
2179 3237 2226 3301 C
2255 3245 2351 3302 sed
2397 3243 2710 3315 apostolicae
2758 3242 2881 3298 ﬁdei
2921 3243 3160 3312 regulam
3189 3242 3505 3307 retinentes,
3548 3238 3852 3312 perrectum

563 3349 669 3389 non
699 3340 798 3398 est,
851 3333 925 3386 ita
954 3331 1128 3386 solum
1167 3329 1362 3384 Filium
1405 3330 1714 3401 accipimus,
1765 3338 1824 3384 ut
1851 3330 1919 3385 ab
1950 3345 2017 3386 eo
2048 3329 2150 3385 Pa-

563 3432 705 3479 trem
749 3430 807 3479 et
851 3421 1106 3492 Spiritum
1156 3429 1403 3476 sanctum
1446 3423 1791 3492 separemus?
1821 3420 1972 3476 Absit
2005 3440 2017 3474 :
2046 3422 2150 3478 hoc

565 3518 706 3574 enim
733 3515 1064 3587 impossibile
1085 3523 1189 3573 est.
1218 3514 1348 3569 Nam
1375 3523 1569 3585 prmter
1588 3515 1755 3570 Deum
1774 3514 1982 3570 Patrem
2012 3513 2151 3571 Deus

571 3602 734 3661 Filius
761 3621 870 3660 non
913 3613 1013 3671 est,
1065 3605 1191 3676 quia
1240 3603 1306 3659 de
1335 3603 1493 3659 Patre
1540 3613 1641 3669 est,
1698 3613 1752 3660 et
1780 3605 1832 3659 in
1861 3603 2019 3660 Patre
2047 3613 2148 3661 est.

562 3693 769 3752 Prteter
797 3695 1012 3752 Patrem
1055 3704 1110 3751 et
1138 3694 1331 3751 Filium
1375 3694 1605 3766 Spiritus
1633 3704 1851 3752 sanctus
1896 3712 2004 3752 non
2035 3707 2147 3768 est,

567 3789 688 3861 quia
716 3788 891 3844 Patris
918 3797 972 3844 et
991 3787 1108 3843 Eilii
1129 3787 1357 3858 Spiritus
1379 3795 1483 3855 est,
1511 3795 1568 3844 et
1595 3788 1648 3842 in
1675 3787 1834 3844 Patre
1862 3797 1918 3844 et
1939 3789 1993 3845 in
2013 3789 2151 3847 Filio

562 3895 666 3938 est.
705 3880 855 3938 Unde
898 3881 1242 3952 cognoscitur
1277 3880 1531 3951 quoniam
1580 3879 1682 3935 ista
1730 3879 1966 3936 Trinitas
2013 3899 2150 3939 ultus

562 3973 824 4032 Dominus
853 3973 994 4028 Deus
1021 3981 1121 4038 cst,
1154 3972 1221 4028 de
1243 3988 1350 4043 quo
1373 3971 1567 4028 dicitur
1591 3991 1604 4025 :
1627 3973 1788 4042 Audi,
1820 3972 2008 4040 Israel,
2039 3973 2150 4029 Do-

565 4066 730 4120 minus
766 4062 899 4120 Deus
931 4075 1064 4131 tuus,
1113 4063 1360 4120 Dominus
1402 4065 1496 4137 (al.
1526 4063 1686 4135 Deus)
1718 4083 1850 4120 unus
1872 4076 1946 4120 est
1970 4066 2147 4137 (Deut.

558 4164 640 4224 Vt,
666 4157 744 4226 4).
776 4155 842 4211 Ει
870 4175 882 4210 :
916 4156 1192 4211 Dominum
1222 4156 1386 4212 Deum
1417 4167 1558 4213 tuum
1587 4158 1849 4222 adorabis,
1877 4166 1926 4211 et
1953 4158 2030 4213 illi
2053 4159 2154 4214 soli

2254 3347 2312 3394 et
2329 3337 2823 3407 consempiternum
2845 3335 3052 3402 Filium,
3089 3334 3157 3390 de
3175 3333 3418 3406 perfecto
3440 3343 3495 3389 et
3515 3335 3854 3405 sempiterno

2255 3430 2434 3498 Patre,
2481 3430 2599 3485 sine
2643 3429 2798 3485 initio
2825 3427 3090 3497 genitum,
3137 3433 3194 3481 et
3221 3432 3490 3495 potestate
3538 3441 3650 3480 non
3677 3426 3853 3496 impa-

2254 3540 2391 3588 rem,
2437 3531 2495 3579 et
2522 3531 2713 3577 natura
2747 3520 2992 3581 fatemur
3018 3520 3300 3591 :equalem.
3347 3518 3606 3574 Sanctum
3634 3534 3854 3589 quoque

2253 3615 2516 3688 Spiritum
2545 3630 2654 3671 non
2681 3613 2826 3668 aliud
2868 3613 3099 3668 fatemur
3129 3627 3250 3668 esse
3286 3625 3449 3681 quam
3474 3609 3669 3676 Deum,
3700 3626 3800 3667 nec
3818 3627 3856 3667 ει

2255 3708 2392 3764 Filio
2421 3723 2522 3764 nec
2549 3723 2581 3762 a
2610 3706 2770 3762 Patre
2790 3705 3082 3774 diversum,
3112 3719 3214 3760 nec
3242 3705 3295 3759 in
3324 3703 3460 3759 Filio
3488 3719 3590 3759 nec
3612 3704 3667 3759 in
3694 3703 3855 3760 Patre
3910 3774 3913 3776 _

2258 3799 2560 3859 confusum.
2595 3798 2746 3855 Unus
2785 3806 2868 3853 est
2906 3797 3050 3852 enim
3079 3805 3242 3866 atque
3285 3796 3428 3852 idem
3459 3795 3632 3851 l'atris
3654 3804 3711 3852 et
3731 3795 3854 3855 Filii

2256 3895 2510 3968 Spiritus,
2540 3901 2688 3950 totus
2711 3891 2779 3948 de
2807 3889 2970 3947 Patre
2999 3889 3324 3962 procedens,
3367 3897 3512 3946 totus
3534 3890 3589 3944 in
3618 3898 3853 3960 utroque

2257 3988 2579 4051 consistens,
2629 4001 2731 4042 nec
2760 3993 2843 4040 est
2871 3983 3076 4039 divisus
3105 3983 3160 4038 in
3188 3983 3427 4054 singulis,
3481 3983 3610 4052 quia
3637 3983 3855 4054 insepa-

2258 4081 2499 4136 rabiliter
2528 4088 2611 4136 est
2631 4079 2872 4149 utrisque
2901 4077 3223 4134 communis.

1636 4461 1804 4570 s.
1908 4438 2770 4574 FULGENTII

742 4685 931 4802 AD
1014 4681 2037 4803 TRASIMUNDUM
2120 4689 2592 4804 REGEM
2666 4687 3633 4817 VANDALORUM
3724 4708 3731 4714 ’

1890 4898 2159 4981 LIBRI
2230 4901 2514 4982 TRES.

1761 5128 2104 5214 LIBER
2172 5128 2651 5216 PRIMUS.

675 5276 771 5325 DE
806 5271 1178 5327 ιιιῖεπιιιο
1213 5270 1665 5324 Μευμτοιιιε
1701 5270 2001 5321 CHRISTI
2027 5271 2144 5320 mn

2253 5272 2592 5326 NA'I'UBAS
2626 5274 2702 5324 IN
2740 5273 2888 5323 UHA
2917 5271 3252 5324 PEBBONA
3287 5273 3745 5330 ΒΕΙῚΝΕΝΤΙΒ.

577 5470 752 5551 ελευτ
791 5488 1008 5551 ηιξκιε.
1031 5474 1202 5551 _Libe_r
1251 5491 1283 5528 a
1305 5546 1316 5551 _
1338 5489 1456 5544 rege
1520 5473 1802 5551 destinatus
1846 5470 2144 5551 Fullgentio.
2178 5477 2233 5538 D
2255 5481 2503 5542 tractum,
2536 5473 2678 5545 quod
2706 5489 2879 5546 nuper
2902 5475 3031 5530 mihi
3060 5474 3329 5547 quoddam
3359 5477 3629 5546 volumen,
3659 5479 3844 5551 bajulo

645 5543 1276 5616 ResponsisiFulgentiieJ:
1288 5543 1440 5616 jussu
1461 5544 1615 5616 regis.
1635 5543 1682 5616 _F
1686 5543 1820 5597 idem
1848 5543 1984 5616 nolle
2003 5561 2144 5598 asse-

643 5631 775 5680 rere,
803 5621 875 5668 est
899 5614 1062 5688 [idem
1077 5614 1666 5688 negare—Respondendi
1686 5615 1958 5669 necessitas
1979 5623 2055 5668 est
2082 5632 2146 5670 es:

642 5695 896 5758 praecepto
925 5685 1119 5740 divino.

639 5780 750 5852 σθ
785 5775 1216 5849 Triumphalibus
1268 5777 1376 5834 tuis
1427 5778 1689 5843 sensibus,
1741 5776 1980 5848 piissime
2009 5770 2146 5846 'rex,

584 5884 912 5945 nequaquam
931 5867 1251 5928 crediderim
1279 5869 1548 5928 oblivione
1583 5869 1678 5940 (al.
1707 5867 1986 5936 oblivioni)
2017 5867 2142 5925 sub-

2253 5568 2454 5634 Felice,
2475 5568 2798 5638 praeceperis
2819 5567 3098 5636 destinari,
3118 5567 3314 5638 jubens
3332 5559 3419 5626 me
3443 5570 3590 5627 illico
3611 5589 3843 5644 respon-

2248 5660 2396 5718 dere.
2432 5660 2616 5730 Cujus,
2636 5661 2760 5730 quia
2795 5669 2941 5716 tanta
2969 5661 3065 5715 fuit
3093 5662 3396 5732 prolixitas,
3439 5671 3496 5716 ut
3523 5674 3707 5733 egeret
3738 5667 3838 5722 ali-

2247 5770 2452 5836 quanto
2481 5761 2682 5819 diutius
2709 5763 3003 5830 recenseri,
3035 5770 3090 5818 et
3111 5763 3286 5818 diurni
3312 5764 3430 5819 linis
3450 5767 3657 5833 aderat,
3683 5775 3844 5824 nocte

2245 5866 2664 5940 propinquante,
2692 5865 2975 5933 curriculi,
3003 5865 3090 5922 vix
3121 5863 3362 5936 ejusdem
3388 5867 3674 5926 voluminis
3691 5870 3842 5944 prin-
