4068 6458
204 405 301 470 225

1416 385 1506 445 an
1535 339 2025 443 raasmuunuii
2066 373 2192 432 un.
2231 373 2270 431 ι.

205 526 333 596 cipia
355 519 532 578 citatas
557 509 802 572 delibans
827 509 1075 569 lectionis
1104 520 1357 567 excursu,
1386 513 1766 575 poposceram,
1797 499 1850 561 Α
1873 494 2040 551 etiam
2084 489 2290 547 servitii
2345 485 2578 558 quadam
2600 494 2984 542 communione
3029 477 3347 552 perstringit
3369 476 3470 549 (al.

1454 594 1462 596 ι
1498 594 1506 596 -
1589 592 1600 596 _
1635 591 1645 596 .
1974 583 2007 596 ,α
2062 578 2146 596 ,,-_\
2216 580 2404 596 nomen-
2452 575 2676 596 nume..-
2716 592 2726 596 -
2757 574 2937 596 tu..-__
2992 587 3057 596 ..η
3089 584 3248 596 ---μη
3323 566 3470 596 ,κη-,ἓ

203 591 268 674 ut
280 615 342 670 ad
368 617 559 668 cuncta
588 609 760 679 plenae
779 601 1110 660 recensionis
1137 599 1232 670 (al.
1257 591 1655 662 recensitionis)
1678 605 1770 644 or-

202 710 316 765 dine
346 699 665 777 perlegenda
715 697 890 753 noctis
919 694 1076 748 unius
1121 690 1278 745 nobis
1307 687 1540 758 spatium
1585 683 1772 738 fuisset

204 800 477 862 indultum;
508 792 653 864 quod
681 798 874 846 vestrae
903 782 1330 842 mansuetudinis
1371 779 1621 835 voluntas
1649 791 1770 831 om-

202 896 316 950 nino
344 887 530 946 statuit
557 882 926 953 abnegandum
947 922 962 947 ,
994 879 1068 932 ita
1096 885 1156 931 ut
1196 889 1296 930 nec
1340 871 1530 928 saltem
1571 868 1639 924 ad
1665 883 1770 938 (re-

201 989 338 1045 sidua
365 976 689 1052 perlegenda
717 973 1025 1043 Scriptura!
1047 968 1203 1023 nobis
1228 963 1575 1036 praecepisses
1619 960 1775 1014 attri-

200 1079 300 1134 hui.
330 1075 440 1144 Ego
464 1086 613 1138 vero,
644 1083 765 1124 cum
795 1064 969 1135 spatio
997 1057 1352 1132 quorumdam
1390 1053 1600 1108 dierum
1622 1048 1774 1107 ordi-

201 1169 463 1224 nationem
487 1163 562 1218 tui
583 1157 831 1215 culminis
851 1153 1213 1227 prtestolarer,
1235 1164 1302 1204 ac
1316 1147 1589 1216 deinceps,
1608 1143 1749 1197 inter
1764 1170 1778 1181 -

198 1257 480 1330 rogationis
509 1253 651 1308 illius
677 1259 866 1306 tenore
896 1247 1194 1307 subtracto,
1221 1240 1337 1296 sola
1360 1237 1550 1292 fuisset
1567 1250 1598 1289 a
1620 1233 1777 1289 nobis

200 1323 417 1420 flagitata
447 1339 752 1417 responsio,
770 1354 959 1412 pauca,
984 1335 1199 1406 quibus,
1217 1331 1446 1388 Domino
1468 1323 1776 1397 adjuvante,

198 1450 357 1509 uestri
399 1446 642 1518 parvitas
670 1440 868 1499 sufﬁcit
909 1437 1132 1506 ingenii,
1159 1434 1227 1489 de
1256 1430 1444 1488 eadem
1471 1430 1768 1494 interroga-

198 1545 352 1610 tione,
401 1554 566 1610 quam
624 1552 692 1592 ex
720 1532 986 1606 principio
1029 1528 1264 1584 tenuiter
1303 1522 1555 1594 cognovi,
1584 1527 1782 1576 vestras

197 1632 574 1692 recensendam
602 1623 1003 1684 mansuetudini
1032 1619 1319 1684 destinavi,
1351 1631 1419 1671 ne
1439 1614 1662 1669 forsitan
1687 1619 1782 1666 aut

197 1729 395 1786 fastidio
423 1735 648 1799 putarer
677 1721 934 1783 tumidus,
965 1725 1056 1772 aut
1099 1711 1483 1770 taciturnitatis
1511 1707 1667 1776 culpa
1694 1705 1783 1774 ju-

196 1820 390 1876 dicarer
427 1816 746 1879 obstrictus,
779 1824 940 1881 quem
971 1813 1148 1862 vestra
1180 1801 1446 1860 celsitudo
1475 1799 1781 1869 suspicare-

197 1921 294 1978 tur,
339 1920 430 1966 aut
480 1907 733 1980 superbia
775 1902 1185 1974 responsionem
1241 1912 1349 1952 non
1401 1893 1648 1957 reddere,

197 1996 326 2063 vera:
368 2003 495 2060 fidei
535 1997 832 2056 difﬁdentia
879 1993 1132 2050 tacuisse.
1166 1989 1300 2044 Nam
1349 1984 1530 2042 studio
1579 1989 1781 2045 vestro,

1872 578 2174 654 pertingit),
2198 580 2411 636 dicente
2452 575 2683 632 Domino
2715 592 2728 629 :
2756 574 2958 639 Clama,
2991 587 3057 625 ne
3083 584 3272 636 cesses,
3321 566 3475 640 quasi

1876 673 1997 728 tuba
2025 675 2204 727 exalta
2233 686 2406 726 uocem
2459 678 2602 722 luant
2633 665 2789 740 (Isai.
2821 679 2968 728 Lvnt,
2996 662 3072 734 1).
3120 659 3276 728 Quod
3324 658 3476 713 Isaias

1873 780 1998 820 cum
2028 763 2224 818 dicitur
2253 762 2306 816 in
2337 776 2468 827 uno,
2508 758 2752 829 pluribus
2781 757 3084 829 imperatur
3095 770 3111 810 :
3141 752 3260 822 ipso
3287 749 3473 818 unige-

1873 857 1989 912 nito
2017 855 2131 910 Deo
2155 853 2430 924 discipulis
2457 825 2714 921 loquente
2746 868 2758 902 :
2795 825 2947 913 Quod
2969 825 3308 900 unirestrum
3337 840 3474 907 dico,

1875 948 2111 1005 omnibus
2140 947 2256 1000 dico
2297 945 2490 1019 (Marc.
2522 961 2636 1009 xui,
2685 942 2798 1014 57).
2826 940 3126 1011 Propterea
3169 951 3267 991 nos
3313 934 3478 989 etiam

1875 1040 2068 1095 beatus
2095 1036 2286 1091 Petrus
2314 1035 2382 1090 ad
2411 1031 2845 1104 respondendum
2865 1035 3096 1100 ‘paratos
3117 1041 3238 1081 esse
3279 1023 3480 1079 debere

1876 1139 2117 1202 paterna:
2149 1129 2305 1200 jubet
2334 1126 2640 1182 dilectionis
2660 1125 2948 1180 instinctu:
2975 1119 3182 1184 Parati,
3208 1116 3479 1186 inquiens,

1878 1239 2080 1291 semper
2101 1220 2170 1274 ad
2200 1217 2614 1290 respondendum
2651 1217 2792 1272 omni
2832 1212 3064 1283 poscenti
3093 1217 3194 1280 Lvos
3226 1209 3481 1262 rationem

1879 1313 1945 1368 de
1973 1313 2078 1384 ﬁde
2108 1321 2157 1366 et
2190 1327 2278 1382 spe
2303 1310 2496 1388 qua:_in
2538 1307 2679 1362 vobis
2709 1313 2785 1360 est
2814 1303 2867 1376 (Ι
2899 1302 3046 1357 Petr.
3076 1315 3168 1365 tu,
3204 1297 3313 1366 l5).
3345 1294 3484 1350 Cum

1880 1403 2028 1460 omni
2058 1400 2303 1472 poscenti
2333 1384 2600 1453 rationem
2645 1394 2770 1449 ﬁdei
2808 1393 3031 1464 speique
3060 1396 3260 1445 nostrae
3291 1384 3484 1457 prmci-

1877 1493 2061 1565 pimur
2088 1490 2334 1556 reddere,
2368 1495 2546 1544 cessat
2566 1498 2790 1556 prorsus
2818 1482 3084 1536 universa:
3111 1486 3217 1530 tam
3248 1473 3483 1542 dignita-

1885 1585 1952 1640 tis
1979 1583 2230 1654 exceptio
2265 1596 2426 1651 quam
2457 1591 2723 1649 persome.
2750 1573 2853 1641 Cui
2882 1571 3026 1627 enim
3075 1568 3319 1624 veritatis
3348 1564 3487 1619 insi-

1885 1678 2073 1733 nuatio
2121 1673 2437 1743 deneganda
2487 1670 2787 1742 putabitur,
2821 1654 2945 1722 cum
2989 1679 3048 1718 se
3102 1661 3342 1717 locutum
3370 1656 3490 1711 sine

1886 1756 2204 1828 confusione
2228 1783 2412 1823 coram
2442 1765 2659 1834 regibus
2689 1761 2958 1832 propheta
2989 1762 3241 1820 testatur,
3266 1752 3486 1806 dicens:

1690 1898 1786 1944 am
1813 1881 1860 1942 Β
1889 1862 2157 1934 Loqttebttr
2186 1863 2238 1914 in
2269 1859 2571 1914 testimoniis
2603 1857 2701 1910 tuis
2728 1856 2780 1909 in
2804 1858 3077 1924 conspectu
3098 1864 3296 1920 regum,
3319 1855 3368 1900 et
3387 1859 3490 1898 non

1886 1952 2244 2026 confundebar
2268 1949 2439 2019 (Psal.
2471 1965 2652 2014 cxvut,
2679 1945 2811 2018 46)?

197 2093 602 2155 clementissime
623 2106 738 2154 rex,
765 2093 1100 2158 compertum
1123 2096 1243 2138 esse
1267 2094 1377 2134 non
1399 2075 1612 2145 ambigo
1642 2071 1785 2143 apud
1886 2065 2069 2158 Csfpr
2123 2080 2202 2147 ιι..
2227 2063 2325 2158 Inn
2342 2061 2701 2158 respondendo
2744 2057 2999 2158 hfbendah
3029 2065 3106 2110 est
3157 2054 3293 2158 ναῆἱο
3338 2048 3493 2120 regia

1999 2146 2229 2158 αμα-ι--
2336 2150 2416 2158 Α..-
2443 2151 2472 2158 ,η
2496 2150 2555 2158 ..-
2602 2133 2754 2158 .:.......
2795 2145 2854 2158 η.
2883 2137 2929 2158 ρο
3006 2140 3202 2158 ιωηνηη
3246 2138 3302 2158 η.
3332 2133 3490 2158 mum.

197 2206 286 2247 eos
311 2191 402 2262 qui
429 2186 750 2243 Christianm
815 2181 1001 2252 gratim
1049 2173 1469 2248 participatione
1518 2164 1785 2236 redempti

197 2261 343 2352 sunt,
357 2297 497 2354 pene
519 2279 575 2336 id
596 2293 736 2343 esse,
763 2274 920 2330 ﬁdem
944 2271 1090 2328 nolle
1111 2281 1372 2332 asserere,
1397 2261 1540 2336 quod
1563 2273 1780 2329 negare.

197 2351 401 2447 Quippe
450 2389 572 2430 cum
621 2373 737 2442 ipse
763 2363 1092 2436 'unigenitus
1138 2361 1280 2416 Deus
1324 2356 1543 2412 humani
1572 2351 1788 2424 generis

196 2443 440 2524 conditor
463 2472 518 2521 et
542 2462 874 2531 redemptor,
897 2457 1038 2512 sicut
1057 2468 1117 2509 se
1139 2449 1508 2507 confessurum
1529 2443 1790 2500 confiten-

197 2565 323 2622 tem,
372 2557 448 2610 ita
477 2569 535 2609 se
563 2558 883 2620 negaturum
915 2553 1224 2614 negantem,
1257 2548 1405 2595 certa
1435 2549 1658 2607 prorsus
1685 2532 1789 2592 de-_

194 2646 534 2703 nuntiatione
562 2650 811 2703 testatur,
847 2637 1032 2693 dicens
1061 2654 1074 2688 :
1105 2633 1207 2697 Qui
1230 2648 1312 2685 me
1339 2627 1667 2698 conﬁtebitur
1695 2640 1786 2678 co-

192 2755 310 2795 ram
353 2733 666 2795 hominibus,
694 2727 977 2799 conﬁtebor
1009 2735 1057 2780 et
1086 2741 1182 2795 ego
1230 2738 1345 2776 eum
1402 2734 1578 2773 coram
1625 2715 1789 2769 Patre

192 2847 327 2897 meo,
350 2829 439 2896 qui
460 2835 536 2881 est
567 2827 623 2879 in
656 2823 795 2878 caelis
822 2838 839 2875 :
871 2821 956 2891 qui
1000 2827 1172 2870 autent
1201 2813 1462 2886 negaverit
1487 2826 1568 2864 me
1613 2823 1791 2861 coram

194 2920 507 2984 hominibus,
539 2917 740 2990 negabo
781 2922 831 2968 et
855 2929 948 2984 ego
978 2926 1093 2964 eum
1143 2922 1319 2961 coram
1357 2905 1514 2960 l’atre
1539 2916 1671 2964 meo,
1703 2898 1790 2969 qui

195 3026 267 3073 est
289 3017 347 3071 in
375 3012 518 3068 caelis
544 3009 761 3081 (Matth.
789 3024 842 3069 x,
872 3004 960 3068 '52,
989 3003 1101 3074 55).
1135 3000 1212 3055 lta
1242 3000 1421 3054 denuo
1463 2994 1789 3052 erubescen-

199 3105 306 3166 tem
350 3124 411 3163 se
439 3104 676 3175 suosque
707 3090 985 3158 sermones
1026 3087 1144 3167 ipse
1191 3095 1299 3166 7o
1324 3104 1541 3162 quoque
1583 3088 1636 3142 in
1691 3099 1789 3140 sua

199 3200 484 3270 majestate
503 3196 728 3252 veniens
749 3191 1051 3249 erubescet.
1080 3186 1246 3257 Cujus
1263 3183 1395 3238 dicti
1418 3194 1662 3237 normam
1694 3177 1789 3231 tali

203 3253 368 3347 Lucas
394 3288 665 3345 sententia
687 3282 1033 3354 cognoscitur
1051 3253 1316 3350 posuisse,
1350 3275 1442 3330 ubi
1472 3271 1630 3341 hujus
1657 3286 1789 3326 con-
1814 3253 1860 3314 (ἶ

203 3390 420 3448 lusionis
441 3390 522 3446 sic
549 3385 767 3444 exitiale
793 3382 971 3437 firmat
999 3379 1230 3435 tacituro
1254 3375 1547 3441 silentium,
1579 3380 1638 3426 ut
1663 3385 1791 3426 eru-

203 3493 504 3550 bescentem
527 3485 818 3561 perditioni
845 3497 954 3539 non
984 3467 1141 3537 sileat
1169 3475 1586 3547 mancipandum
1610 3491 1624 3539 ;
1649 3473 1794 3527 inter

205 3589 303 3645 alia
320 3587 612 3644 Dominum
634 3584 750 3638 haec
779 3579 978 3634 dixisse
998 3585 1460 3631 commemorans:
1491 3566 1626 3632 Quid
1657 3566 1792 3620 enim

207 3685 400 3754 proﬁcit
448 3679 646 3735 homini
698 3674 814 3747 (al.
863 3673 1012 3725 homo
1045 3669 1096 3741 ),
1148 3669 1194 3721 si
1238 3666 1461 3720 lucretur
1497 3663 1794 3716 universum

206 3749 471 3837 mundum,
504 3787 564 3826 se
602 3782 770 3822 autem
814 3765 981 3835 ipsum
1021 3759 1205 3830 perdat
1249 3765 1297 3810 et
1326 3755 1682 3808 detrimentum
1712 3749 1792 3803 sui

207 3867 358 3937 faciat
406 3863 563 3936 (Luc.
611 3876 684 3924 ix,
718 3855 849 3926 2|)?
895 3853 1234 3919 Causamquc
1282 3847 1442 3914 hujus
1477 3840 1793 3914 perditionis

207 3936 474 4014 insinuans
513 3953 715 4024 adjecit
746 3967 758 4004 :
787 3947 930 4002 Nam
957 3947 1045 4017 qui
1083 3960 1162 3998 me
1191 3939 1449 3996 erubuerit
1475 3937 1569 4003 (al.
1616 3936 1794 3992 erui-e-

209 4050 342 4120 scit),
367 4062 416 4105 et
443 4064 590 4105 meos
614 4059 894 4104 sermones,
921 4042 1055 4092 hunc
1077 4034 1124 4088 F
1129 4033 1250 4088 ilius
1274 4026 1790 4088 Itominiserubescet,

208 4157 312 4195 cum
334 4144 527 4198 venerit
572 4141 628 4192 in
652 4134 926 4205 majestate
958 4145 1072 4194 sua,
1110 4133 1159 4180 et
1189 4123 1386 4187 Patris,
1418 4129 1466 4174 et
1496 4126 1793 4174 sanctorum

209 4235 514 4303 angelorum.
552 4229 666 4285 Nec
690 4223 958 4282 immerito
989 4220 1109 4275 talis
1150 4231 1339 4273 servus
1382 4221 1438 4268 et
1467 4209 1716 4280 abjicitur
1740 4215 1795 4263 et

210 4328 435 4397 punitur,
463 4323 725 4398 quoniam
757 4334 864 4374 uno
903 4313 1203 4382 eodemque
1240 4307 1454 4364 silentio
1501 4304 1676 4358 ﬁrmat
1703 4316 1792 4355 er-

210 4431 397 4484 rorem,
415 4419 533 4490 qui,
549 4426 761 4470 terrore
781 4425 877 4465 seu
899 4416 1119 4477 torpore
1138 4402 1230 4475 (al.
1258 4401 1470 4471 tepore)
1492 4407 1789 4468 possessus,

213 4511 406 4569 silendo
433 4486 570 4568 non
613 4505 807 4563 astruit
854 4486 1157 4556 veritatem.
1197 4489 1529 4550 Dominie'am
1575 4500 1793 4558 quoque

214 4605 424 4674 gloriam
462 4605 558 4674 qui
591 4616 697 4656 non
723 4595 966 4658 ﬁrmarit,
1017 4596 1264 4656 evacuat,
1296 4595 1351 4642 ct
1399 4585 1632 4640 divinam
1663 4596 1793 4636 con-

1959 2136 2250 2206 digmtatis.
2278 2122 2555 2206 Deus'plus
2600 2129 2854 2206 timendus
2880 2137 2929 2181 et
2957 2122 3310 2206 _honorandus
3332 2133 3491 2206 quam

1956 2188 2052 2261 re}
2082 2204 2399 2276 temporalis.
2437 2188 2576 2256 Laus
2607 2200 2819 2254 barbari
2861 2199 2997 2268 regis
3023 2203 3238 2265 propter
3265 2188 3493 2277 stu—dium

1957 2277 2250 2347 sapientior.
2448 2290 2450 2293 ·
2921 2328 2931 2333 -

1960 2388 2252 2456 Quocirca,
2282 2403 2405 2443 cum
2425 2401 2526 2458 pro
2541 2393 2727 2440 nostra
2749 2381 2874 2450 ﬁde,
2899 2380 2956 2435 in
2978 2383 3240 2449 quantum
3269 2371 3496 2429 faculta-

1888 2491 2002 2537 tem
2046 2479 2303 2536 divinitus
2334 2479 2663 2549 accepimus,
2696 2475 2867 2531 libere
2907 2469 3322 2542 respondemus,
3354 2461 3494 2524 nulla

1888 2571 2245 2630 contumaciae
2271 2587 2368 2628 seu
2389 2569 2735 2627 contumelia:
2775 2567 3037 2623 debemus
3063 2561 3376 2633 suspicione
3401 2571 3496 2614 no-

1891 2666 2019 2733 tari,
2065 2681 2188 2721 cum
2227 2680 2328 2720 nec
2368 2673 2566 2720 nostra:
2594 2660 2935 2725 humilitatis,
2970 2673 3072 2714 nec
3115 2656 3278 2724 regite
3320 2651 3490 2706 simus

1889 2756 2170 2825 dignitatis
2215 2758 2560 2812 immemores
2589 2798 2605 2822 ,
2657 2754 3004 2821 sciamusque
3055 2748 3167 2803 Deo
3217 2746 3494 2811 timorem,

1892 2847 2155 2901 honorem
2212 2847 2429 2914 regibus
2475 2844 2880 2911 exhibendum,
2925 2839 3222 2914 apostolica
3269 2836 3342 2891 ita
3399 2842 3498 2890 nos

1892 2948 2264 3020 praemonente
2312 2939 2559 2994 doctrina
2602 2957 2615 2991 :
2662 2936 2881 2991 Reddite
2938 2933 3175 2989 omnibus
3223 2930 3413 2996 debita,
3444 2934 3499 2984 et

1893 3035 2055 3106 paulo
2079 3041 2248 3104 post':
2281 3031 2374 3086 Cui
2398 3032 2650 3096 timorem,
2679 3032 2952 3092 timorem;
2994 3028 3075 3080 cui
3103 3026 3368 3090 honorem,
3402 3022 3500 3075 Ito-

1893 3147 2073 3186 norem
2097 3129 2275 3202 (Rom.
2306 3144 2421 3195 xur,
2455 3127 2529 3197 7).
2563 3125 2732 3194 llujus
2756 3122 2967 3178 timoris
2996 3119 3328 3188 honorisque
3375 3131 3500 3171 ma-

1895 3219 2090 3274 nifesta
2122 3218 2278 3273 nobis
2304 3219 2495 3273 beatus
2537 3213 2730 3270 Petrus
2754 3213 2967 3284 aperuit
3007 3208 3333 3266 discretione
3361 3203 3502 3261 noti.

1894 3312 2046 3373 tiam,
2078 3309 2266 3365 dicens
2299 3327 2311 3361 :
2349 3307 2496 3363 Sicut
2542 3307 2675 3360 servi
2707 3304 2809 3358 Dei
2837 3318 3016 3360 omnes
3065 3301 3338 3366 honorate,
3389 3297 3502 3368 fra-

1895 3401 2190 3454 ternitatem
2215 3399 2435 3470 diligite,
2468 3395 2634 3450 Deum
2668 3395 2870 3457 timete,
2897 3408 3068 3464 regem
3090 3399 3257 3444 autem
3288 3385 3502 3442 honori.

1893 3493 2048 3564 [icate
2078 3491 2133 3564 (Ι
2159 3491 2304 3546 Petr.
2331 3507 2386 3556 ιι,
2424 3489 2536 3556 l7).
2566 3487 2684 3543 Non
2715 3494 2897 3542 autem
2952 3499 3141 3556 parum
3190 3479 3498 3537 clementia:

1894 3595 2002 3642 tua:
2030 3585 2337 3640 dilectionis
2366 3582 2588 3638 exhibet
2631 3579 2732 3650 71
2766 3587 2823 3635 et
2849 3577 3091 3640 honoris,
3124 3573 3366 3644 quisquis
3412 3571 3502 3626 in-

1895 3675 2191 3744 terroganti
2220 3675 2315 3729 tibi
2343 3673 2450 3728 hoc
2478 3669 2771 3741 respondet
2803 3669 2950 3739 quod
2980 3667 3048 3723 ad
3075 3665 3233 3720 ﬁdem
3265 3662 3502 3734 pertinet

1894 3767 2160 3822 veritatis.
2198 3764 2528 3833 Competens
2559 3761 2723 3829 igitur
2753 3755 3151 3812 mansuetudini
3184 3762 3286 3809 tute
3305 3750 3500 3808 deferi-

1897 3873 2017 3913 mus
2048 3858 2272 3912 honoris
2300 3855 2642 3924 obsequium,
2674 3852 2759 3906 cui
2790 3850 2985 3918 regalis
3015 3848 3222 3918 apicem
3248 3843 3500 3901 culminis

1896 3947 2080 4003 divina
2103 3947 2372 4002 cernimus
2393 3945 2644 4012 largitate
2665 3941 2943 3995 collatum.
2971 3937 3082 3992 Nec
3111 3944 3288 3991 tamen
3317 3949 3500 4004 quent-

1897 4051 2061 4107 quam
2102 4035 2400 4104 sapientcm
2442 4029 2578 4101 fugit
2614 4037 2817 4100 quanto
2862 4027 3223 4097 sempiternus
3262 4025 3353 4080 ille
3381 4024 3499 4082 Rex

1897 4140 2086 4196 regum
2118 4133 2173 4180 et
2203 4123 2462 4178 Dominus
2491 4119 2889 4179 dominantium
2919 4118 3113 4173 timore
3141 4116 3336 4172 debeat
3375 4130 3498 4171 sus-

1895 4217 2023 4289 pici,
2056 4216 2148 4287 qui
2201 4213 2529 4284 temporales
2559 4211 2726 4267 etiam
2755 4224 2912 4279 reges
2941 4208 3185 4280 praecipit
3213 4205 3495 4263 honorari.

1897 4307 2054 4362 Hunc
2078 4309 2123 4362 si
2168 4306 2289 4376 quis
2319 4319 2509 4376 parum
2538 4302 2754 4371 metuit,
2774 4299 2938 4358 valde
2977 4300 3308 4365 contemnit;
3337 4297 3500 4367 hujus

1897 4401 1989 4470 qui
2013 4400 2248 4454 minorat
2278 4398 2372 4468 (al.
2408 4412 2515 4453 non
2557 4394 2856 4464 memorat)
2887 4390 3378 4455 honoriﬁcentiam,
3403 4402 3501 4443 au-

1897 4500 1988 4562 get
2018 4490 2300 4560 injuriam;
2326 4504 2426 4545 nec
2456 4489 2651 4558 ingrati
2676 4487 2874 4556 refugit
2899 4483 3132 4555 culpam,
3165 4483 3257 4554 qui
3285 4488 3500 4537 creato-

1901 4587 1976 4643 ris
2027 4587 2442 4642 immensitatem
2491 4591 2808 4654 perpetuam
2839 4589 2896 4637 et
2935 4579 3354 4652 perpetuitatem
3390 4576 3496 4630 ima

216 4651 424 4674 σφω.-.
465 4651 558 4674 1--
812 4651 817 4652 κ
953 4651 964 4658 ,
1252 4651 1260 4656 .

216 4698 478 4753 tumeliam
509 4694 606 4767 qui
654 4707 761 4746 non
805 4685 1074 4751 refutarit,
1103 4680 1426 4737 accumulat.
1470 4675 1793 4745 Plerumque
1823 4651 1878 4712 Β
1905 4694 2148 4736 mensam
2187 4651 2564 4734 creaturarum
2589 4651 2681 4746 (al.
2713 4651 2995 4743 creaturte)
3021 4669 3292 4742 putaverit
3319 4665 3498 4738 quali-

217 4787 358 4843 miles
382 4791 610 4859 ignavus
637 4783 784 4851 regia
829 4786 1024 4846 castra,
1067 4772 1409 4830 somnolento
1454 4778 1672 4839 torpore
1700 4767 1796 4821 de-

219 4893 438 4949 pressus,
488 4872 925 4951 Oppugnantibus
967 4868 1146 4934 tradit,
1192 4866 1318 4920 dum
1367 4861 1796 4932 competentibus

221 4973 444 5028 excubiis
495 4986 608 5026 non
661 4965 919 5022 defendit.
973 4960 1099 5016 "me
1148 4958 1346 5014 idcirco
1396 4955 1580 5012 curavi
1631 4968 1796 5023 quam

222 5066 440 5121 maxime
467 5060 862 5137 prtemittenda,
897 5073 965 5113 ne
1013 5052 1256 5125 superba:
1300 5048 1667 5120 responsionis
1694 5046 1795 5101 ali-

223 5136 474 5224 quatenus
502 5165 696 5212 notare
727 5161 818 5208 tua
839 5151 1009 5221 pictas
1029 5146 1180 5214 velit,
1203 5143 1290 5200 cui
1311 5142 1424 5212 ipsa
1441 5136 1801 5210 respondendi

226 5252 510 5307 necessitas
555 5247 792 5306 cilicium
838 5243 1021 5297 liberte
1077 5235 1445 5309 responsionis
1507 5233 1736 5303 imponit
1785 5249 1798 5284 :

226 5352 340 5394 nam
367 5358 490 5397 cum
518 5340 587 5396 de
608 5339 720 5394 Deo
760 5351 848 5392 res
878 5336 1072 5404 agitur,
1098 5346 1206 5387 non
1235 5329 1369 5385 levis
1397 5335 1581 5382 reatus
1608 5333 1712 5391 est,
1757 5324 1805 5380 si

227 5433 360 5502 quod
385 5434 452 5490 ad
481 5434 711 5490 salutem
738 5429 976 5501 pertinet
1021 5433 1282 5480 taceatur.
1326 5420 1404 5476 ita
1443 5433 1676 5488 namque
1700 5425 1805 5474 nos

229 5537 432 5598 oportet
453 5527 609 5583 corde
638 5525 706 5580 ad
730 5524 989 5596 justitiam
1019 5519 1269 5583 credere,
1301 5524 1360 5571 ut
1401 5516 1506 5570 oris
1550 5512 1807 5586 confessio

229 5616 315 5676 ﬁat
334 5623 535 5692 pariter
563 5621 632 5675 ad
656 5619 876 5674 salutem
902 5613 1078 5687 (Rom.
1110 5629 1166 5678 x,
1190 5611 1301 5682 10);
1324 5610 1577 5680 quoniam
1603 5605 1808 5663 uerbum

233 5709 320 5769 Dei
343 5732 446 5772 non
473 5723 551 5771 est
574 5715 798 5769 uinctum
819 5707 906 5778 (11
935 5707 1069 5762 Tim.
1099 5722 1166 5771 ιι,
1191 5703 1266 5776 9).
1289 5703 1406 5760 Huc
1433 5701 1641 5760 accedit
1660 5699 1806 5772 quod

231 5802 352 5863 illud
378 5807 574 5863 divina:
610 5799 988 5877 praeceptionis
1033 5796 1310 5854 oraculum
1339 5796 1516 5851 omnis
1543 5793 1803 5851 ecclesia-

234 5895 346 5954 stici
365 5896 737 5969 przedicatoris
784 5904 1103 5965 personam,
1147 5902 1256 5945 non
1283 5895 1493 5945 tantum
1519 5884 1680 5957 ﬁdei,
1707 5885 1805 5948 sed

1904 4774 2105 4829 tatibus
2150 4768 2540 4826 testimandam.
2573 4765 2691 4823 Hoc
2719 4766 2952 4837 benigna
3000 4760 3358 4820 mansuetudo
3406 4770 3499 4817 tua

1902 4863 2278 4937 proculdubio
2309 4859 2586 4932 perspicit,
2616 4859 2723 4914 hoc
2763 4855 2963 4926 ingenii
3008 4854 3279 4923 studiique
3309 4851 3386 4906 tui
3408 4865 3499 4907 sa-

1905 4957 2110 5026 gacitas
2140 4952 2512 5022 recognoscit;
2563 4964 2725 5020 quam
2756 4963 2886 5004 vere
2915 4945 3216 5007 mirandam
3259 4940 3500 5013 quisquis

1907 5046 2058 5102 novit
2103 5043 2446 5100 considerare
2490 5039 2844 5114 pronuntiat,
2885 5053 2996 5094 non
3036 5036 3182 5107 quod
3226 5032 3500 5089 insolitum

1906 5139 1977 5195 sit
2004 5139 2280 5193 hominem
2306 5133 2704 5205 Scripturarum
2725 5131 2917 5188 studiis
2937 5128 3214 5190 insistere,
3239 5121 3333 5178 sed
3354 5118 3500 5190 quod

1906 5244 2092 5284 rarum
2121 5229 2385 5284 hactenus
2413 5226 2677 5282 habeatur
2702 5224 2919 5281 barbari
2959 5222 3103 5292 regis
3131 5217 3369 5273 animum
3400 5229 3500 5270 nu-

1907 5321 2136 5376 merosis
2181 5319 2333 5388 regni
2360 5318 2503 5375 curis
2539 5317 2741 5389 jugiter
2769 5321 3092 5386 occupatum
3131 5319 3240 5365 tam
3270 5305 3500 5370 ferventi

1907 5414 2297 5485 cognoscenda:
2343 5413 2622 5485 sapientiai
2667 5410 3026 5468 delectatione
3055 5404 3339 5470 llammari,
3371 5417 3500 5460 eum

1909 5508 2282 5579 hujuscemodi
2312 5509 2408 5580 (al.
2440 5495 2768 5577 hujusmodi)
2792 5515 3005 5572 semper
3034 5497 3389 5569 infatigabiles
3415 5493 3500 5552 ni-

1909 5619 2002 5662 sus
2021 5620 2130 5660 non
2161 5603 2262 5659 nisi
2300 5602 2388 5658 vel
2414 5602 2622 5658 otiosus
2648 5598 2771 5669 quis
2797 5596 3002 5652 habere
3028 5594 3201 5651 soleat
3226 5633 3242 5660 ,
3273 5589 3362 5647 vel
3388 5587 3499 5645 Ro~

1908 5715 2120 5756 manus.
2168 5697 2273 5754 Per
2301 5706 2387 5763 te,
2418 5693 2836 5752 clementissime
2863 5707 2981 5758 rex,
3013 5705 3113 5773 p.er
3152 5697 3228 5755 te,
3257 5688 3499 5757 inquam,

1905 5792 2202 5854 disciplinae.
2224 5789 2401 5847 studia
2425 5787 2724 5843 moliuntur
2747 5785 2870 5856 jura
2896 5783 3192 5841 barbaricae
3218 5779 3394 5847 gentis
3415 5775 3498 5834 in-

1906 5891 2121 5958 vadere,
2149 5904 2269 5960 quae
2312 5889 2413 5944 sibi
2439 5887 2582 5942 velut
2621 5891 2910 5944 vernacula
2955 5885 3297 5957 proprietate
3352 5873 3476 5939 solo
