4120 6486
1607 375 1665 433 S.
1704 373 2412 436 FULGENTH'EPISCOPI
2449 378 2820 438 BUSPENSIS

3765 386 3906 442 228

597 479 864 536 inscitiam
892 480 1184 540 vindicare.
1222 482 1482 542 Inventus
1527 500 1586 543 es
1615 489 1707 558 qui
1737 497 1792 544 te
1834 489 1954 560 ipso
1991 491 2174 561 potior
2200 506 2254 564 Α
2278 495 2396 550 ticai
2421 498 2699 566 pravitatis
2727 509 2944 553 errores
2985 494 3114 554 hinc
3140 497 3462 568 quibusdam
3503 501 3911 574 multipliciter

597 575 916 641 exstitisses,
967 577 1094 631 dum
1139 578 1218 635 sic
1244 577 1498 636 Africano
1555 582 1808 652 praesides
1849 584 2182 640 moderando

595 667 872 734 regimini,
895 676 953 723 nt
980 671 1151 739 magis
1178 672 1451 730 desideres
1489 676 1681 731 animai
1732 678 1906 746 spatia
1955 679 2186 734 dilatare

595 773 756 827 quam
787 762 956 828 regni.
1004 762 1173 830 Nosti,
1204 767 1527 822 venerabilis
1576 783 1692 834 rex,
1733 777 1787 824 et
1818 771 1902 842 (ut
1930 785 2037 824 non
2068 785 2186 824 am-

593 846 757 920 bigo)
808 851 956 906 lirma
1004 861 1155 910 tenes
1201 858 1472 912 sententia
1511 860 1924 929 comprobatum
1975 869 2182 930 quanto

593 943 904 999 melioribus
925 948 1188 1004 inhtereat
1209 954 1508 1008 commodis
1537 956 1629 1024 qui
1661 954 1943 1009 veritatem
1972 954 2186 1013 deside-

591 1042 676 1087 rat
705 1051 885 1106 nosse,
914 1053 1076 1107 quam
1115 1043 1238 1113 qui,
1283 1045 1519 1102 subactis
1559 1047 1839 1115 gentibus,
1868 1048 2182 1118 temporalis

595 1126 725 1181 lines
756 1131 903 1197 regni
932 1133 1082 1203 capit
1105 1135 1261 1190 latius
1285 1150 1608 1208 propagare.

706 1237 887 1298 CAPUT
913 1260 988 1304 nt.
1032 1245 1273 1305 Studium
1325 1254 1459 1309 reais
1489 1269 1760 1308 erroneum
1783 1253 1836 1308 in
1857 1254 2058 1309 Ariaua

1264 1324 1509 1392 perﬁdia.

663 1420 910 1495 Magnum
935 1429 1134 1489 bonum
1183 1433 1394 1490 confert
1433 1437 1707 1506 inquisitio
1737 1439 1999 1506 veritatis,
2054 1456 2174 1512 qua:

592 1521 770 1573 tamen
801 1529 926 1578 tunc
945 1523 1250 1582 desiderato
1274 1544 1383 1584 non
1405 1529 1694 1586 frustratur
1716 1531 1930 1601 eﬁ’ectu,
1957 1535 2000 1589 si
2017 1535 2179 1593 rectis

588 1603 655 1659 ad
696 1609 811 1664 veri
839 1614 1201 1680 cognitionem
1258 1615 1414 1672 lineis
1454 1619 1662 1674 animus
1707 1622 1986 1678 innitatur.
2027 1623 2178 1682 Tunc

587 1697 750 1752 etiam
775 1700 948 1757 veloci
976 1705 1216 1774 proderit
1236 1708 1454 1779 ingenio
1475 1712 1794 1780 cucurrisse,
1828 1715 1874 1769 si
1904 1715 2176 1773 tendentis

585 1789 652 1843 ad
691 1792 972 1850 veritatem
1021 1811 1238 1866 gressus
1278 1803 1427 1858 nullo
1467 1805 1747 1874 pravitatis
1786 1815 2033 1864 teneatur
2063 1809 2172 1881 (al.

2282 587 2636 658 subrepsisse,
2663 588 2792 643 dum
2821 603 3063 659 magnum
3084 590 3293 659 pietatis
3312 603 3716 658 sacramentum,
3744 596 3915 667 quod

2285 681 2677 752 manifestatum
2705 692 2780 736 est
2801 683 2855 736 in
2885 698 3071 748 carne,
3098 683 3448 754 justiﬁcatum
3475 697 3550 741 est
3588 690 3642 741 in
3671 691 3912 759 spiritu,

2285 776 2526 843 apparuit
2543 775 2762 845 angelis,
2784 774 3124 845 praedicatum
3149 785 3227 831 est
3254 779 3508 848 gentibus,
3523 782 3774 834 creditum
3814 789 3912 834 est

2284 863 2339 915 in
2365 863 2456 916 hoc
2484 866 2693 928 mundo,
2723 875 3043 936 assumptum
3065 875 3144 921 est
3166 869 3218 922 in
3243 869 3410 939 gloria
3439 869 3492 936 (l
3517 870 3734 938 Tinam,
3769 872 3908 944 16),

2285 955 2550 1021 nonnulli,
2583 964 2678 1010 aut
2706 954 2732 993 δ
2762 972 2871 1011 non
2920 958 3172 1016 sicut-est
3201 961 3458 1022 credunt,
3511 972 3603 1018 aut
3653 964 3906 1019 omnin

2283 1062 2392 1102 non
2429 1048 2686 1115 credunt;
2719 1057 2773 1104 et
2799 1050 2892 1104 ille
2919 1050 3078 1120 lapis,
3117 1051 3210 1119 qui
3252 1052 3320 1106 ab
3356 1053 3743 1111 mdiﬁcantibus
3789 1071 3904 1110 re-

2282 1140 2542 1209 probatus
2562 1140 2618 1195 in
2640 1150 2800 1210 caput
2823 1140 2996 1196 factus
3017 1149 3102 1198 est
3121 1144 3323 1211 anguli,
3345 1145 3663 1212 quibusdam
3697 1163 3904 1217 pravas

2282 1232 2616 1288 credulitatis
2663 1233 2906 1289 cmcitate
2956 1235 3221 1304 posscssis
3243 1273 3259 1300 ,
3298 1235 3432 1304 lapis
3488 1237 3801 1306 oﬂeusionis
3837 1249 3903 1294 et

2280 1334 2430 1396 petra
2457 1326 2694 1379 scandali
2725 1324 2778 1396 (1
2807 1324 2951 1382 Petr.
3003 1343 3059 1392 ιι,
3084 1325 3138 1397 8)
3170 1327 3418 1382 elﬁcitur.
3457 1325 3608 1384 Unde
3633 1347 3745 1386 non
3771 1333 3863 1386 im

2282 1418 2499 1485 merito,
2521 1433 2645 1473 cum
2689 1416 2908 1474 Simeon
2944 1418 3202 1474 infantem
3241 1419 3514 1475 Christum
3547 1421 3729 1491 templi
3762 1422 3882 1478 Do-

2280 1509 2506 1575 minum,
2540 1509 2608 1564 ad
2638 1509 2892 1579 templum
2921 1526 3077 1566 suum
3107 1519 3379 1582 praceplo
3421 1527 3533 1566 sua:
3583 1513 3714 1581 legis
3742 1514 3892 1569 alla-

2282 1610 2397 1657 tum
2426 1603 2522 1674 (al.
2553 1601 2805 1673 illatum),
2851 1602 3091 1671 gaudens
3138 1605 3280 1659 ulnis
3333 1605 3618 1660 meruisset
3657 1617 3889 1675 gestare

2280 1694 2541 1750 senilibus
2590 1694 2743 1766 (Luc.
2773 1712 2830 1761 ιι.
2862 1694 2986 1766 28),
3019 1704 3073 1752 et
3110 1696 3333 1765 ﬁguram
3373 1711 3564 1767 gerens
3593 1702 3886 1770 praesentis

2280 1788 2403 1853 aevi,
2425 1789 2632 1844 carnali
2658 1790 2811 1846 senio
2832 1789 2950 1859 jam
2977 1789 3194 1857 defessi,
3226 1807 3424 1847 novum
3447 1793 3660 1849 vetulus
3689 1795 3880 1850 homi-

587 1888 894 1958 teneantur)
928 1907 1133 1949 errore.
1157 1895 1399 1962 Qualiter
1427 1906 1609 1952 autem
1639 1900 1869 1956 salubris
1890 1911 1973 1957 est
1992 1905 2178 1958 credu-
2205 1889 2256 1950 Β
2283 1894 2407 1935 "em
2430 1890 2702 1950 sumere"
2745 1897 2865 1939 eum
2893 1883 3101 1938 “mea
3136 1883 3228 1952 qui
3263 1884 3410 1941 ⁵⁰¹¹¹⁸
3435 1895 3621 1955 posset
3645 1902 3715 1942 ex
3745 1903 3884 1958 pec‘

580 1970 706 2061 litas
751 1979 1086 2051 aestimanda,
1136 2000 1255 2054 quae
1284 1996 1439 2056 putat
1467 1989 1522 2042 in
1570 2005 1636 2043 eo
1664 1991 1865 2045 cultum
1897 1993 2172 2061 religionis

580 2060 774 2119 divinae
794 2070 1110 2139 consistere,
1131 2083 1189 2128 ut
1216 2075 1300 2129 vel
1320 2077 1551 2132 naturali
1568 2080 1797 2136 veritate
1817 2081 1887 2136 sit
1913 2060 2173 2152 privantia

579 2151 861 2227 divinitas,
914 2163 1041 2218 dum
1089 2174 1316 2236 negatur
1345 2169 1398 2224 in
1427 2186 1489 2226 ea
1521 2170 1613 2240 (at.
1648 2172 1703 2227 in
1749 2176 1832 2244 re)
1879 2151 2023 2246 quod
2062 2195 2171 2235 non

579 2256 806 2316 negatur
834 2251 887 2305 in
917 2252 1135 2311 homine
1168 2258 1260 2325 (al.
1287 2259 1342 2314 in
1365 2261 1644 2331 nomine),
1677 2267 1762 2321 vel
1801 2282 1923 2322 cum
1953 2269 2168 2324 redem-

579 2341 777 2410 ptionis
818 2356 1018 2404 nostra:
1066 2354 1394 2421 pervertitur
1425 2358 1533 2429 (al.
1576 2361 1923 2433 praevenitur)
1963 2362 2171 2418 incerta

577 2433 893 2526 confusione
917 2444 1254 2515 mysterium,
1277 2457 1336 2503 ut
1356 2449 1640 2508 Dominum
1659 2453 1958 2526 Christum,
1988 2456 2084 2512 Dei
2113 2463 2173 2512 et

577 2523 811 2584 hominis
849 2531 1066 2603 Filium,
1108 2539 1195 2594 vel
1221 2538 1388 2596 Deum
1431 2543 1499 2600 de
1528 2543 1687 2604 Patre
1724 2523 2049 2604 naturaliter
2076 2564 2171 2604 ve-

576 2628 717 2680 rum,
755 2621 842 2675 vel
890 2621 1164 2683 hominem
1192 2631 1316 2699 quis
1341 2633 1538 2690 audeat
1587 2651 1786 2706 negare
1827 2638 2168 2711 perfectum;

577 2715 670 2802 aut
709 2711 755 2767 si
805 2713 1139 2786 subjacuisse
1186 2721 1437 2782 divinitas
1483 2730 1775 2786 aestimetur
1831 2732 2174 2802 passionibus

575 2797 828 2869 hominis,
861 2807 948 2862 vel
976 2825 1084 2866 non
1113 2820 1261 2870 totus
1307 2816 1469 2875 homo
1498 2818 1664 2878 fuisse
1691 2823 1946 2879 credatur
1975 2825 2030 2878 in
2059 2824 2173 2879 vir-

575 2895 780 2953 tutibus
799 2897 1049 2967 deitatis?
1088 2903 1166 2961 Ac
1196 2907 1278 2964 sic
1305 2925 1412 2965 non
1442 2910 1686 2970 dissimili
1715 2915 1916 2971 veritas
1941 2931 2169 2973 evacua-

574 2992 664 3080 tur
691 3003 896 3080 errore,
941 2994 1009 3060 si,
1039 2997 1125 3052 vel
1164 2999 1221 3056 in
1250 3018 1357 3058 una
1386 3019 1618 3074 persona
1647 3007 1761 3063 veri
1800 3007 1898 3064 Dei
1947 3010 2172 3080 verique

573 3075 806 3140 hominis
832 3081 1031 3141 Christi
1059 3090 1207 3158 quod
1252 3092 1523 3152 diversum
1565 3100 1996 3156 substantialiter
2027 3075 2168 3174 96n-

571 3177 682 3225 stat
710 3187 830 3228 esse
858 3175 1234 3248 confunditur,
1267 3184 1354 3238 vel
1389 3186 1444 3240 in
1474 3186 1756 3244 divinitate
1785 3187 1960 3245 Patris
1988 3203 2044 3244 et
2083 3189 2172 3245 Fi-

2278 1971 2553 2028 catoribus
2604 1972 2873 2044 (longaivo
2917 1974 3164 2030 dicenti:
3225 1974 3302 2029 Tu
3350 1993 3406 2029 es
3453 1975 3593 2032 Deus
3643 1979 3878 2034 salvator

2277 2080 2440 2130 meus,
2468 2075 2518 2120 et
2543 2072 2595 2120 te
2617 2067 3040 2136 exspectavi‘tota
3072 2067 3177 2138 (,al.
3219 2069 3358 2138 toto)
3386 2070 3469 2123 die
3498 2069 3686 2142 [Psal.
3722 2087 3878 2141 xxxv,

2278 2153 2366 2226 5])
2393 2171 2501 2212 non
2521 2157 2697 2212 solum
2715 2157 2957 2214 inolitam
2969 2166 3288 2214 vetustatem
3304 2160 3538 2228 demere,
3561 2163 3691 2232 quin
3708 2164 3882 2222 etiam

2272 2244 2613 2314 iuventutem
2636 2287 2653 2314 ,
2705 2248 2839 2304 sicut
2867 2248 3056 2321 aquila
3078 2290 3093 2316 ,
3146 2264 3411 2306 renovare
3465 2253 3566 2321 (iut
3607 2262 3736 2324 pote
3781 2258 3880 2314 cui

2277 2337 2442 2392 etiam
2473 2339 2770 2408 apostolica
2801 2340 2928 2396 tuba
2953 2341 3092 2397 foret
3111 2341 3376 2398 veraciter
3404 2344 3650 2400 canitura
3677 2364 3690 2400 :
3723 2345 3878 2401 Sicut

2275 2444 2352 2486 est
2398 2433 2588 2488 ueritas
2635 2434 2692 2488 in
2737 2434 2863 2491 Jtsu
2887 2437 3140 2506 deponere
3160 2453 3247 2492 vos
3285 2438 3565 2493 secundum
3590 2438 3686 2511 (al.
3721 2439 3876 2512 sicut)

2275 2523 2553 2592 pristinam
2581 2529 3020 2582 conversationem
3065 2538 3282 2586 veterem
3311 2531 3593 2598 hominem,
3637 2549 3723 2602 qui
3754 2548 3878 2587 cor-

2275 2616 2533 2687 rumpitur
2568 2617 2848 2674 secundum
2876 2620 3134 2676 desideria
3161 2622 3394 2689 erroris;
3423 2623 3744 2680 renovamini
3773 2640 3876 2678 au-

2278 2715 2379 2760 tem
2400 2708 2586 2775 spiritu
2615 2710 2800 2764 mentis
2827 2719 3029 2776 restrte,
3064 2721 3114 2765 et
3137 2713 3335 2770 induite
3377 2730 3564 2771 nouum
3589 2715 3876 2785 anatinam,

2274 2813 2391 2852 eum
2421 2798 2512 2872 (al.
2545 2816 2732 2857 nouunt
2759 2803 2894 2871 eum)
2925 2805 3013 2876 qui
3035 2805 3316 2860 secundum
3345 2804 3512 2860 Deum
3550 2815 3754 2862 creatus
3790 2815 3874 2864 est

2275 2893 2334 2947 in
2372 2894 2582 2964 justitia
2606 2905 2657 2950 et
2696 2898 2973 2952 sanctitate
2996 2899 3223 2955 veritatis
3255 2897 3474 2971 (Ephes.
3506 2916 3576 2966 tv,
3605 2899 3734 2972 23);
3776 2901 3873 2959 ille

2278 2987 2442 3056 igitur
2469 2987 2714 3056 Simeon,
2741 2989 3029 3048 mundanas
3057 3003 3286 3047 cernens
3333 2993 3524 3049 adesse
3551 2993 3873 3052 salvationis

2277 3092 2344 3134 ac
2369 3079 2734 3136 renovationis
2761 3079 3010 3137 effectum
3033 3085 3160 3154 (non
3187 3085 3324 3138 enim
3351 3085 3491 3140 misit
3510 3083 3647 3140 Deus
3667 3083 3716 3138 F
3718 3086 3874 3140 ilium

2277 3187 2428 3227 suum
2454 3181 2511 3226 ut
2529 3172 2730 3243 judicet
2759 3175 3030 3246 mundum,
3057 3176 3150 3231 sed
3185 3189 3242 3232 ut
3269 3178 3495 3234 salvetur
3522 3178 3868 3258 munduséper

572 3254 629 3311 lii
654 3267 709 3314 et
737 3259 969 3332 Spiritus
995 3269 1193 3333 sancti,
1224 3272 1568 3329 substantiali
1607 3275 1920 3334 diversitate
1941 3278 2170 3348 credita,
2199 3275 2246 3340 C
2277 3267 2448 3336 5PM"
2495 3267 2674 3340 [Ῐοαηο
2706 3286 2783 3337 ιη,
2815 3270 2906 3344 1Ἰ]
2936 3272 2978 3342 )ν
3009 3288 3131 3330 Cum
3159 3274 3393 3344 Primum
3413 3290 3475 3332 ιθ
3495 3275 3618 3331 νίκη
3639 3255 3869 3344 Dm

572 3347 720 3418 quod
747 3364 911 3405 unum
941 3363 1104 3424 atque
1143 3356 1467 3418 indivisihile
1494 3361 1782 3420 Trinitatis
1819 3374 1904 3422 est
1941 3347 2164 3436 separa;

572 3444 662 3492 tur
689 3455 702 3492 :
736 3455 858 3496 cum
888 3458 989 3500 nec
1016 3444 1196 3504 divina
1217 3449 1532 3522 simplicitas
1555 3456 1934 3527 particularem
1963 3457 2063 3514 sibi
2085 3459 2167 3514 di-

571 3531 882 3588 versitatem
909 3538 1105 3594 ascribi
1131 3543 1428 3612 permittat,
1460 3549 1568 3620 72
1591 3546 1734 3604 unde
1761 3565 1870 3605 non
1894 3550 2166 3610 immerito

571 3620 955 3709 compositioni
1000 3626 1316 3698 subjaceat;
1345 3648 1446 3689 nec
1475 3636 1760 3693 rationalis
1804 3638 2167 3709 intelligentia

572 3706 720 3762 cultu
750 3707 1079 3770 diversitatis
1105 3716 1371 3776 ullatenus
1401 3731 1584 3792 egeat,
1621 3740 1740 3796 quae
1770 3727 1927 3783 unius
1955 3706 2164 3786 tantum

573 3797 832 3870 simplicis
869 3805 1321 3880 sempiternteque
1341 3821 1550 3870 natura:
1572 3811 1732 3871 ﬁdem
1755 3815 1821 3872 ad
1843 3818 2030 3874 salutis
2053 3835 2165 3876 suae

570 3885 959 3979 plenitudinem
987 3904 1072 3951 sat
1111 3914 1230 3956 esse
1265 3913 1594 3973 cognoscat,
1643 3914 1703 3962 ut
1731 3917 1859 3978 pote
1898 3925 2017 3979 qum
2052 3927 2164 3969 non

570 3977 783 4048 ignoret
805 3983 979 4055 ipsum
1002 3985 1170 4045 Deum
1187 3991 1285 4047 sibi
1310 3995 1620 4053 caelestibus
1641 3977 1873 4057 oraculis
1893 3977 2159 4060 intonare:

568 4070 726 4143 Audi,
759 4071 949 4147 Israel,
981 4079 1234 4142 Dominus
1265 4085 1404 4144 Deus
1435 4097 1570 4158 tuus,
1597 4090 1848 4150 Dominus
1872 4095 1962 4164 (al.
1995 4094 2162 4170 Deus)

568 4182 703 4224 unus
730 4179 807 4251 est
835 4171 1011 4240 (Deut.
1045 4192 1120 4246 v1,
1145 4177 1223 4249 li).
1254 4177 1323 4235 Et
1347 4181 1629 4238 Dominum
1655 4184 1820 4240 Deum
1856 4196 1998 4243 tuum
2027 4190 2162 4246 ado-

569 4257 734 4352 rabis,
763 4272 812 4352 et
841 4264 922 4319 illi
947 4267 1044 4322 soli
1070 4271 1278 4325 servies.
1310 4271 1377 4326 Et
1417 4272 1542 4330 Non
1576 4286 1726 4332 erunt
1753 4277 1846 4334 tibi
1875 4279 1949 4333 dii
1973 4281 2165 4352 absque

568 4365 668 4406 me.
686 4348 794 4407 Sed
822 4369 926 4410 nec
953 4357 1082 4413 illud
1106 4367 1190 4416 est
1217 4360 1462 4420 humanis
1490 4366 1758 4423 mentibus
1782 4348 2158 4438 ignorantium,

569 4451 772 4536 quanto
801 4446 988 4504 salutis
1014 4451 1300 4511 mulctetur
1329 4456 1695 4534 (al.mutetur)
1713 4471 1926 4520 teternas
1953 4465 2163 4536 dispen-

573 4532 683 4609 dio,
729 4538 971 4610 quisquis
1010 4543 1124 4599 veri
1160 4544 1258 4602 Dei
1302 4552 1524 4621 proprio
1577 4532 1961 4629 unigenitoque
2001 4532 2160 4626 Filio,

568 4632 828 4694 quantum
856 4629 923 4684 ad
951 4630 1246 4694 divinitatis
1283 4641 1477 4696 attinet
1519 4643 1838 4704 immensam
1865 4649 2156 4719 sempiter-

568 4728 799 4786 namque
821 4719 1198 4794 substantiam,
1229 4728 1315 4786 vel
1341 4731 1834 4806 localis.motionis,
1865 4740 1950 4795 vel
1970 4739 2154 4810 cujus-

567 4817 731 4875 quam
759 4811 1130 4904 mutabilitatis
1155 4835 1264 4876 non
1301 4831 1506 4880 metuat
1546 4827 1725 4899 impiis
1754 4830 2154 4904 mortiferisqne

567 4903 949 4960 contumeliam
970 4910 1384 4978 cogitationibus
1403 4917 1490 4974 vel
1518 4921 1861 4980 sermonibus
1889 4903 2154 4994 irrogatei

566 4991 711 5052 unde
723 5013 831 5054 non
846 4999 1115 5061 immerito
1131 5005 1370 5066 Davidici
1386 5014 1639 5072 carminis
1661 5016 1753 5072 illo
1771 5026 1795 5054 α
1819 5017 1890 5072 sit
1903 5017 2158 5074 condem-

565 5089 774 5182 nandus
801 5093 1045 5168 eloquio:
1079 5099 1230 5158 Dixit
1254 5105 1501 5178 insipiens
1529 5109 1584 5164 in
1613 5111 1768 5167 corde
1787 5129 1903 5182 suo,
1926 5111 2052 5170 Non
2071 5123 2148 5171 est

564 5178 704 5276 Deus
743 5185 985 5258 (Psalm.
1024 5207 1144 5265 _xnt,
1174 5194 1259 5268 i).
1294 5196 1428 5266 Quia
1473 5217 1696 5268 revera,
1729 5204 1776 5259 si
1803 5178 2010 5276 localis,
2041 5224 2154 5264 non

567 5273 890 5349 immensus;
920 5281 967 5338 si
995 5287 1286 5356 mutabilis,
1320 5305 1430 5348 non
1457 5299 1539 5348 est
1567 5292 1728 5350 Deus.

565 5388 751 5469 Carur
808 5409 880 5452 IV.
923 5397 1147 5457 Errores
1195 5403 1549 5460 hereticorum
1587 5424 1654 5464 ea:
1700 5412 1838 5466 malo
1891 5411 2156 5469 intellectu

633 5465 771 5589 Saga
797 5472 1092 5540 mysterium
1126 5471 1536 5534 Incarnationis.‘
1573 5478 1701 5534 Inde
1739 5465 1907 5540 etiam
1931 5465 2152 5541 tacita;

670 5551 698 5586 ll
741 5553 952 5589 (rerum-

670 5551 952 5596 uaa’orum.

631 5632 851 5696 Certum
880 5654 963 5700 est
990 5655 1166 5704 autem
1196 5663 1335 5720 pene
1378 5663 1564 5708 omnes
1596 5652 1720 5728 (al.
1741 5654 1952 5730 omnis)
1981 5657 2154 5716 hatre-

681 5849 759 5935 ita
788 5867 891 5910 ms.
921 5852 1108 5924 Corn;
1131 5865 1186 5913 at
1207 5856 1337 5916 editi
1356 5823 1577 5935 habent,
1595 5863 1716 5924 illos
1733 5863 1811 5924 ita
1829 5863 2140 5924 condemnat

471 5919 475 5922 ’
562 5923 836 5988 eloquium.

2276 3358 2346 3414 tis
2374 3360 2664 3428 angoribus
2702 3372 3016 3431 precaretur
3066 3364 3294 3432 absolvi,
3325 3365 3509 3422 dicens
3538 3383 3551 3418 :
3603 3362 3760 3421 Nunc
3779 3365 3867 3421 di-

2270 3453 2431 3508 mittis
2458 3469 2658 3508 seruum
2687 3463 2848 3520 tuum,
2882 3454 3122 3522 Domine,
3149 3460 3428 3512 secundum
3475 3456 3682 3512 verbum
3721 3465 3866 3512 tuum

2271 3542 2325 3596 in
2345 3559 2471 3613 pace
2491 3560 2509 3597 :
2531 3544 2653 3616 quia
2676 3545 2910 3600 viderunt
2931 3548 3064 3601 oculi
3085 3548 3187 3602 mei
3207 3547 3436 3602 salutare
3458 3556 3620 3610 tuum,
3636 3547 3773 3618 quod
3793 3565 3866 3603 re-

2270 3637 2470 3706 parasti
2505 3647 2526 3675 ο
2558 3647 2678 3692 ante
2726 3639 2912 3709 {aciem
2939 3641 3167 3694 omnium
3213 3640 3556 3713 populorum;
3596 3641 3768 3695 lumen
3795 3637 3866 3694 ad

2269 3725 2573 3782 relationem
2599 3731 2846 3801 gentium,
2879 3738 2927 3785 et
2956 3731 3177 3802 gloriam
3206 3730 3366 3804 plebis
3394 3726 3491 3787 tua:
3516 3729 3686 3786 Israel
3710 3729 3859 3802 (Luc.
3903 3778 3906 3786 .

2269 3832 2307 3872 ιι
2332 3857 2346 3880 ,
2379 3817 2546 3873 29-54
2579 3819 2596 3892 )
2623 3838 2638 3888 ;
2698 3821 2859 3892 paulo
2890 3831 3013 3892 post
3039 3822 3146 3880 hoc
3174 3824 3242 3880 de
3271 3825 3387 3896 ipso
3420 3833 3650 3880 testatur
3683 3844 3694 3877 :
3728 3822 3862 3880 Ecce

2267 3912 2464 3981 positus
2488 3913 2591 3984 73
2620 3924 2698 3968 est
2725 3915 2806 3969 hic
2837 3915 2890 3969 in
2919 3915 3126 3970 ruinam
3148 3927 3197 3971 et
3220 3919 3644 3972 resurrectionem
3670 3917 3858 3972 multo-

2267 4017 2384 4055 rum
2413 4001 2604 4074 (Ibid.,
2637 4005 2752 4076 ει).
2781 4005 2858 4060 Ibi
2889 4021 3016 4075 ergo
3065 4008 3206 4063 male
3253 4009 3597 4064 credentibus
3648 4009 3860 4065 ruinam

2266 4092 2489 4162 perﬁdia
2517 4104 2764 4162 generat,
2793 4095 2882 4151 ubi
2913 4104 3062 4152 recta
3092 4096 3386 4156 credulitas
3417 4098 3598 4155 ﬁdeles
3632 4100 3854 4156 exaltat.
3887 4097 3889 4099 ’

2265 4183 2324 4238 in
2356 4201 2464 4240 uno
2507 4185 2804 4257 eodemque
2839 4185 3084 4254 Christo,
3117 4205 3247 4245 vero
3277 4189 3372 4246 Dei
3401 4206 3642 4262 veroque
3682 4190 3858 4250 homi-

2265 4275 2350 4334 nis
2376 4274 2504 4340 ﬁlio,
2556 4276 2733 4332 minus
2779 4279 3214 4349 perspicientium
3256 4281 3570 4337 tenebratur
3596 4282 3858 4340 hactenus

2264 4365 2550 4437 lippitudo,
2582 4367 2637 4422 in
2665 4383 2772 4438 quo
2798 4370 3110 4428 illuminatis
3153 4373 3267 4427 veri
3297 4371 3514 4430 luminis
3541 4373 3712 4430 claret
3750 4391 3857 4431 ma-

2263 4455 2458 4512 nifesta
2514 4459 2769 4526 cognitio.
2822 4460 2951 4518 Inde
3001 4469 3084 4519 est
3127 4464 3272 4535 quod
3315 4461 3531 4521 Judazusi
3581 4467 3856 4523 hominem

2263 4546 2536 4604 Christum
2588 4566 2759 4608 caecus
2787 4553 2942 4623 vidit,
2972 4562 3026 4609 et
3077 4555 3311 4624 cecidit,
3369 4556 3454 4612 cui
3497 4557 3609 4626 jam
3645 4557 3855 4629 pridem

2262 4638 2428 4695 Isaias
2457 4657 2564 4697 non
2601 4641 2807 4698 destitit
2856 4646 3148 4715 praedicare
3181 4665 3195 4700 :
3224 4647 3363 4702 Aure
3410 4649 3648 4716 audietis,
3672 4660 3721 4705 et
3751 4667 3854 4706 non

2261 4735 2583 4807 intelligetis,
2608 4745 2655 4790 et
2684 4737 2908 4793 videntes
2938 4739 3196 4808 videbitis,
3223 4750 3272 4795 et
3303 4759 3404 4796 non
3429 4741 3664 4797 uidebitis
3695 4739 3850 4816 (Isai.

2264 4841 2338 4891 ιχ,
2373 4825 2446 4897 6).
2472 4825 2610 4894 Quid
2634 4843 2764 4883 vero
2794 4837 2976 4884 essent
2998 4845 3108 4886 non
3147 4831 3311 4886 visuri
3360 4832 3625 4900 videntes,
3659 4834 3849 4889 subse-

2264 4924 2420 4973 cutus
2469 4919 2723 4986 ostendit,
2751 4919 2878 4974 dum
2923 4917 3093 4977 Deum
3141 4937 3210 4980 ex
3253 4921 3474 4994 Virgine
3521 4925 3850 4981 nasciturum

2266 5011 2505 5066 evidenti
2560 5013 2944 5069 vaticinatione
2997 5022 3227 5071 testatur
3288 5037 3300 5070 :
3359 5014 3514 5088 Ecce,
3569 5019 3848 5092 inquiens,

2264 5103 2408 5176 virgo
2437 5105 2491 5160 in
2520 5115 2663 5161 utero
2692 5107 2961 5178 concipiet,
2993 5117 3041 5161 et
3086 5109 3251 5179 pariet
3280 5109 3465 5181 ﬁlium,
3497 5120 3547 5164 et
3585 5111 3849 5166 vocabitur

2266 5213 2453 5252 nomen
2485 5198 2595 5270 ejus
2618 5197 2922 5254 Emmanuel
2952 5198 3104 5270 (Isai.
3139 5219 3228 5268 vn,
3255 5201 3375 5276 14),
3408 5203 3548 5274 quod
3579 5205 3847 5277 interpre-

2261 5297 2405 5346 tatur
2427 5293 2772 5362 evangelista,
2815 5293 2998 5349 dicens
3027 5313 3040 5348 :
3075 5291 3360 5350 Nobiscum
3389 5293 3529 5351 Deus
3561 5293 3772 5366 (Matth.
3805 5313 3845 5364 ι,

2259 5377 2373 5453 25).
2417 5381 2653 5439 Audiens
2680 5398 2808 5451 ergo
2857 5383 3092 5456 Judaius,
3142 5387 3400 5443 remansit
3428 5386 3642 5453 surdus,
3675 5397 3729 5443 et
3766 5387 3842 5443 vi-

2260 5471 2412 5543 dens,
2446 5476 2614 5545 magis
2643 5475 2816 5534 factus
2831 5486 2928 5558 ,est
2948 5495 3152 5548 crocus;
3193 5496 3224 5536 a
3253 5497 3360 5552 quo
3403 5497 3503 5538 nec
3537 5481 3646 5537 veri
3670 5479 3844 5536 Patris

2258 5568 2617 5640 sempiternus
2643 5578 2806 5640 atque
2834 5572 3141 5644 unigenitus
3181 5572 3346 5632 Filius
3375 5574 3631 5646 creditur,
3673 5584 3728 5631 ct
3756 5575 3841 5630 in-

2259 5671 2526 5735 corruptae
2555 5663 2874 5734 virginitatis
2894 5664 3191 5726 fecunditas
3209 5669 3530 5742 abnegatur.

2322 5863 2350 5947 ι]
2511 5865 2701 5947 Corh.,
2729 5881 2820 5947 agt
2841 5872 2975 5947 sicut
3000 5880 3076 5927 est
3102 5872 3336 5947 creduat,
3363 5881 3472 5947 aut,
3495 5881 3599 5947 etc.

2327 5941 2350 5976 ε
2390 5934 2556 5995 Abest
2577 5951 2606 5993 a
2626 5934 2726 5997 ms.
2757 5937 2916 6001 Cori).
2949 5950 3070 6001 ante
3086 5943 3292 6016 faciem.
