4068 6474
1411 312 1504 372 AD
1540 253 2037 376 TDASIMUNDUM
2075 318 2202 376 LIB.
2239 319 2282 377 ι.

199 418 374 504 CAP!”
398 432 472 504 γλ
492 416 968 504 Errorllanicna'i
1015 425 1155 504 circa
1193 437 1404 504 carnem
1442 424 1657 504 Christi.
1691 427 1777 504 Es
1805 437 1860 499 Α
1882 433 2188 504 intelligens
2218 436 2285 492 de
2329 433 2492 493 Patre
2540 437 2652 496 Deo
2679 439 3106 500 substantialitcr
3133 449 3317 500 natum
3345 417 3476 500 illud

263 490 390 605 llibro
433 488 717 572 Capientlc
745 489 1036 564 refutatur.
1079 490 1418 551 Conuincitur
1455 512 1523 552 ea:
1557 499 1777 570 epistola

295 577 495 605 ιηυιω-

1882 488 2118 579 Verbum
2140 527 2305 599 quod,
2333 529 2385 583 in
2409 529 2739 600 plenitudine
2763 540 3064 604 temporum
3094 549 3222 591 caro
3250 535 3474 605 factum,

261 654 392 710 Hinc
418 652 583 710 etiam
609 651 939 711 Manichacus
960 655 1016 712 in
1043 655 1160 714 Deo
1184 673 1314 715 vero
1345 674 1529 717 veram
1560 676 1782 719 carnem

197 746 438 806 formidat
473 747 726 817 credere,
767 763 891 805 cum
919 748 1216 806 humanam
1243 768 1464 810 carnem
1491 770 1601 810 non
1645 755 1781 812 vitio

195 841 377 910 culpae,
405 837 508 895 sed
561 839 793 896 naturali
841 841 1069 898 credens
1110 844 1446 914 proprietate
1491 846 1777 917 pollutam,

196 947 220 970 ι·
233 940 435 987 natura:
452 929 599 994 mali,
614 946 776 1000 quam
790 932 893 989 sibi
918 934 1251 990 mendaciter
1271 936 1445 1006 lingit,
1461 944 1666 991 tantam
1676 937 1783 992 vir-

194 1035 358 1081 tutem
385 1029 565 1080 ancus
591 1025 855 1090 attribuit,
889 1035 968 1093 ut,
1000 1028 1046 1082 si
1072 1028 1367 1084 crediderit
1390 1043 1579 1084 verum
1607 1029 1778 1085 Deum

192 1133 362 1174 veram
382 1117 564 1173 carnis
575 1118 932 1188 assumpsisse
948 1127 1214 1186 naturam,
1237 1119 1574 1176 divinitatem
1595 1120 1779 1195 (quam

190 1209 357 1267 fallaci
399 1209 742 1280 professione
787 1210 920 1267 dicit
957 1210 985 1252 ιι
1022 1212 1558 1286 incoinquinabilem)
1598 1214 1781 1271 carnis

189 1318 289 1358 non
310 1303 502 1358 credat
528 1301 844 1372 pollutionis
869 1311 1184 1375 expertem;
1211 1313 1270 1361 et
1295 1305 1421 1363 ideo
1459 1306 1517 1361 in
1562 1305 1780 1363 Christo

191 1395 357 1451 carnis
376 1395 720 1464 phantasiam
747 1397 970 1452 credere
997 1397 1189 1454 maluit
1214 1412 1376 1469 quam
1418 1407 1690 1464 naturam,
1722 1407 1780 1455 et

189 1489 304 1546 dum
332 1489 704 1545 inﬁrmitatem
731 1491 1023 1546 humanam
1049 1493 1120 1548 ab
1144 1493 1235 1548 illa
1269 1493 1364 1567 (at.
1397 1494 1465 1549 ab
1502 1493 1620 1564 illo)
1655 1509 1779 1550 sus—

188 1591 388 1652 coptam
417 1579 728 1638 medicinali
758 1583 962 1640 virtute
983 1599 1092 1640 non
1121 1584 1272 1652 vidit,
1303 1585 1653 1654 semetipsum
1677 1585 1780 1639 nti-

186 1687 269 1728 ser
303 1687 332 1726 a
364 1672 612 1729 remedio
638 1672 831 1731 salutis
858 1676 1106 1731 exclusit.
1138 1675 1247 1732 Sed
1276 1677 1391 1732 haec
1431 1677 1655 1748 impura:
1680 1677 1782 1733 de-

188 1765 382 1819 mentia
433 1763 708 1830 falsitatis,
762 1767 935 1821 sancti
972 1765 1205 1837 Spiritus
1244 1769 1586 1838 prmscientia
1613 1768 1780 1824 resise

187 1864 348 1923 tente,
379 1857 531 1928 prius
559 1865 642 1912 est
672 1858 940 1914 exstincta
969 1873 1130 1928 quam
1157 1860 1358 1929 genita,
1402 1859 1780 1930 incoinquina-

187 1946 341 2008 bilem
359 1947 642 2018 sapientia:
669 1955 871 2004 statum
891 1948 974 2004 bis
1002 1949 1182 2006 verbis
1199 1948 1550 2030 Instrumeuti
1570 1949 1787 2008 Veteris

185 2038 318 2092 serie
356 2037 817 2096 commendante:
852 2037 1099 2096 Omnium
1143 2041 1492 2096 mobilitatem
1538 2041 1783 2096 mobilior

183 2137 252 2182 est
278 2131 537 2200 sapientia
560 2147 580 2186 :
611 2132 820 2206 attingit
847 2143 1018 2186 autem
1038 2131 1223 2203 ubique
1238 2142 1447 2203 propter
1466 2149 1615 2188 suam
1635 2149 1781 2188 mun-

183 2218 376 2274 ditiam.
415 2219 596 2292 Vapor
622 2229 700 2276 est
730 2225 867 2278 enim
894 2223 1095 2278 virtutis
1137 2222 1255 2290 Dei,
1282 2233 1333 2278 et
1351 2225 1615 2280 cmanatio
1634 2241 1779 2296 quie-

183 2310 299 2365 lom
323 2313 582 2368 claritatis
610 2315 979 2386 omnipotentis
1017 2314 1120 2370 Dei
1165 2317 1401 2384 sincera;
1432 2327 1481 2372 et
1508 2317 1624 2373 ideo
1650 2313 1786 2373 nihil

121 2418 157 2434 ε’
181 2403 548 2474 inquinamenti
574 2406 628 2459 in
650 2406 798 2460 illam
825 2408 1065 2469 incurrit.
1100 2405 1366 2479 Splendor
1385 2418 1461 2464 est
1486 2405 1626 2464 enim
1649 2409 1784 2464 lucis

180 2501 401 2560 clerate,
452 2504 504 2549 et
549 2498 812 2566 speculum
839 2499 954 2553 sine
979 2500 1188 2554 macula
1234 2500 1336 2556 Dei
1382 2502 1692 2574 majestatis,
1730 2508 1785 2556 et

178 2585 346 2660 imago
377 2587 626 2644 bonitatis
654 2591 817 2646 illius.
851 2590 924 2645 Et
954 2607 1069 2646 cum
1098 2593 1167 2648 sit
1193 2607 1320 2659 una,
1354 2595 1533 2651 omnia
1569 2604 1779 2665 potest;

177 2685 224 2732 et
240 2696 556 2750 permanens
584 2683 638 2735 in
668 2698 742 2748 se,
773 2685 950 2738 omnia
987 2685 1200 2740 innovat
1229 2685 1384 2759 (Sap.
1416 2704 1514 2757 v11,
1541 2686 1633 2754 24,
1659 2687 1776 2760 ‘27).

176 2768 252 2824 De
295 2785 405 2839 qua
447 2772 725 2840 sapientia:
755 2772 1310 2842 incoinquiuabilitate
1339 2784 1504 2847 atque
1526 2780 1781 2838 incarna-

175 2861 340 2918 tionis
367 2864 598 2920 veritate
641 2873 864 2921 securus
899 2866 989 2946 ille
1016 2867 1109 2939 qui
1130 2869 1198 2924 de
1231 2877 1454 2940 pectore
1483 2870 1650 2941 ipsius
1693 2887 1782 2928 sa-

177 2955 397 3026 pientia:
422 2958 802 3028 mysteriorum
831 2959 1131 3016 ccclestium
1151 2963 1350 3018 meruit
1367 2962 1779 3034 intelligentiam

181 3046 512 3106 illuminatus
540 3051 776 3116 haurire,
803 3051 1125 3110 ﬁducialiter
1145 3055 1277 3111 dicit
1309 3075 1320 3109 :
1357 3053 1540 3112 Omnis
1561 3059 1778 3130 spiritus

182 3139 260 3209 qui
288 3139 566 3210 conﬁtetur
589 3138 767 3196 Iesum
795 3141 1055 3198 Christum
1076 3145 1131 3199 in
1152 3163 1311 3202 carne
1336 3149 1552 3214 venisse,
1578 3165 1644 3204 ea:
1663 3147 1777 3205 Deo

183 3199 268 3280 est.
301 3199 486 3285 omnis
515 3233 727 3302 spiritus
756 3233 843 3305 qui
871 3251 974 3289 non
1003 3199 1773 3308 conﬁteturvlesum‘éhristum
1803 3199 1854 3268 Ο

185 3319 233 3373 in
259 3337 415 3376 carne
451 3324 669 3387 venisse,
700 3339 765 3379 ex
784 3323 896 3381 Deo
917 3343 1020 3382 non
1033 3336 1132 3398 est,
1147 3338 1196 3382 et
1221 3329 1306 3384 hic
1325 3339 1403 3385 est
1423 3331 1772 3390 Antichristus

188 3409 235 3481 (Ι
258 3411 413 3469 Joan.
447 3430 521 3483 1v,
553 3415 608 3487 2,
637 3413 694 3485 3)
723 3434 736 3470 :
765 3413 1038 3474 fetulenta:
1067 3421 1267 3492 quippe
1315 3424 1494 3480 carnis
1523 3424 1772 3496 inquina-

187 3511 357 3559 menta
400 3520 514 3560 non
563 3507 763 3575 sensit,
789 3509 880 3577 qui
909 3507 976 3563 ad
1001 3511 1393 3581 suscipiendam
1421 3528 1606 3569 veram
1644 3513 1773 3570 sub-

186 3595 426 3650 stantiam
457 3597 641 3653 carnis
671 3606 728 3654 et
755 3599 1000 3655 eamdem
1027 3602 1388 3660 mundandam
1427 3607 1602 3661 carnis
1632 3605 1774 3662 fetu-

185 3682 392 3741 lentiam
421 3687 596 3742 venit.
647 3686 914 3755 Quoniam
945 3690 1066 3746 ideo
1105 3707 1325 3749 carnem
1372 3693 1792 3752 immaculatam'

185 3773 416 3845 dignatus
436 3785 526 3835 est
545 3793 778 3846 sumere,
799 3783 858 3835 ut
877 3795 1094 3839 carnem
1113 3783 1328 3841 salvans
1352 3800 1565 3841 omnem
1588 3797 1775 3858 posset

184 3870 348 3925 carnis
375 3871 650 3927 maculam
679 3871 1025 3941 submovere,
1043 3883 1344 3930 memorato
1359 3891 1544 3932 rursus
1565 3876 1774 3934 loanne

184 3965 440 4018 testante:
477 3961 689 4018 Scimus
718 3965 838 4035 quia
864 3961 968 4019 ille"
991 3967 1252 4037 apparuit,
1285 3978 1343 4021 ut
1382 3977 1594 4039 peccata
1619 3971 1771 4025 tolle-

183 4059 270 4115 ret,
298 4062 345 4107 et
368 4063 642 4125 peccatum
669 4057 726 4109 in
755 4072 814 4110 eo
835 4072 939 4110 non
966 4063 1043 4110 est
1067 4055 1124 4128 (Ι
1143 4056 1302 4112 Ιοαη.
1325 4059 1498 4132 ιιι,5).
1529 4061 1726 4117 Iterum
1752 4081 1770 4118 :

185 4138 245 4194 In
272 4143 363 4198 hoc
391 4135 644 4217 apparuit
671 4144 842 4202 Filius
887 4146 1007 4212 Dei,
1051 4156 1110 4201 ut
1154 4149 1324 4205 solvat
1372 4169 1529 4224 opera
1578 4149 1775 4209 diaboli

185 4226 358 4302 Ubii,
386 4233 466 4306 8).
503 4235 614 4306 7!.
640 4233 774 4291 Nam
801 4238 926 4306 quia
955 4237 1050 4293 Dei
1079 4254 1216 4309 opus
1246 4241 1462 4298 vinculo
1482 4244 1772 4299 tenebatur

186 4323 420 4384 diabolici
442 4330 654 4400 operis,
682 4332 930 4402 apparuit
957 4331 1122 4388 Filius
1142 4333 1235 4389 Dei
1268 4344 1326 4391 ut
1354 4337 1484 4393 illud
1512 4339 1768 4408 solveret,

185 4413 277 4473 hoc
301 4419 560 4477 salvaret.

187 4530 352 4592 ϐινυτ
377 4552 450 4593 v1.
505 4535 722 4592 Photini
756 4538 985 4595 hazresis.
1020 4539 1105 4596 Ex
1152 4543 1303 4599 initio
1343 4543 1568 4602 Joannis
1617 4547 1771 4602 multi

246 4611 579 4680 confutantur
607 4625 826 4686 errores.
853 4608 994 4667 Deus
1022 4621 1140 4668 erat
1167 4583 1410 4672 Verbum,
1432 4618 1764 4686 naturaliter,
1793 4583 1850 4646 Β

248 4693 345 4733 non
368 4680 716 4748 nuncupatim
743 4681 926 4736 solum.

248 4781 455 4852 Ignorat
509 4791 675 4846 etiam
722 4791 985 4849 Photinus
1031 4809 1275 4867 magnum
1329 4799 1570 4870 pietatis,
1620 4803 1766 4872 quod

190 4870 461 4970 Apostolus
500 4893 791 4954 memorat,
841 4897 1222 4944 sacramentum
1263 4891 1316 4963 (I
1359 4891 1492 4948 Tim.
1538 4870 1762 4970 lib—16),

189 4968 272 5034 qui
297 4970 490 5030 Christi
517 4990 586 5031 ex
617 4976 834 5047 Virgine
856 4979 1056 5037 fatetur
1081 4984 1364 5040 exordium
1389 5003 1402 5040 :
1434 4987 1688 5056 ignorans
1708 4968 1764 5047 in

191 5069 288 5114 uno
314 5061 532 5121 Christo
559 5067 638 5122 sic
665 5083 786 5125 esse
812 5072 1141 5129 credendam
1167 5076 1454 5132 veritatem
1489 5081 1666 5138 carnis
1697 5098 1766 5140 ex

189 5150 445 5247 tempore,
478 5166 540 5213 ut
561 5162 803 5230 neganda
832 5178 942 5218 non
965 5165 1037 5221 sit
1060 5169 1321 5224 naturalis
1348 5173 1548 5229 veritas
1574 5177 1768 5247 sempi-

192 5243 348 5301 terna
387 5249 685 5309 divinitatis
708 5268 774 5309 ex
810 5254 988 5313 Patre.
1021 5257 1090 5313 Et
1124 5269 1415 5332 prepterea
1459 5279 1566 5321 non
1596 5243 1772 5328 credit

191 5332 296 5433 fine
316 5341 468 5399 initio
495 5345 924 5405 substantialiter
948 5350 1118 5407 Deum
1142 5362 1328 5411 natum
1349 5373 1416 5413 ex
1444 5357 1557 5416 Deo
1579 5357 1764 5435 Patre,

189 5437 239 5484 tn
261 5441 368 5502 quo
392 5438 572 5495 carnis
616 5440 901 5497 veritatem
928 5443 1219 5502 conlitetur
1263 5462 1332 5505 ex
1381 5446 1622 5523 Virgine,
1652 5467 1766 5514 non

254 5616 372 5674 'ita
411 5636 520 5700 res,
549 5621 975 5700 Comini-Arus.
1021 5625 1226 5683 Victor.
1277 5629 1458 5700 habet,
1511 5643 1756 5696 naturam

191 5682 401 5774 {liquam
421 5692 546 5774 sibi,
572 5704 676 5774 etc.
710 5682 854 5751 Editi
883 5696 1075 5753 Colon.
1103 5682 1194 5756 et

189 5758 474 5846 malignam.
509 5762 667 5846 Desii.
702 5782 861 5836 vero,
891 5779 1132 5825 naturam
1161 5758 1446 5846 malignam
1474 5758 1753 5838 item};

191 5821 375 5889 duriter
395 5833 573 5907 ﬁngit,
594 5837 759 5908 eique.

1880 615 2088 672 habitat
2120 616 2213 694 (al.
2237 619 2522 695 habitavit)
2552 623 2603 676 in
2628 624 2803 693 nobis,
2835 625 2980 697 quod
3010 626 3304 682 secundum
3333 629 3475 684 divi-

1879 725 2006 764 nam
2051 725 2215 781 quam
2262 712 2429 770 habet
2456 729 2524 770 ex
2550 713 2711 772 Patre
2757 717 3112 773 substantiam
3136 719 3191 774 in
3220 719 3478 792 principio

1878 807 2012 865 erat,
2053 811 2102 854 et
2139 804 2282 874 apud
2311 800 2473 858 Deum
2514 815 2646 873 erat,
2697 815 2746 862 et
2786 805 2926 862 Deus
2969 818 3080 863 erat
3113 807 3293 882 (Joan'.
3325 827 3362 877 1,
3399 810 3476 884 i).

1879 889 2085 959 Quibus
2133 894 2300 951 tribus
2349 900 2696 969 evangelista:
2735 903 3034 968 sententiis,
3066 912 3123 960 et
3150 907 3479 976 sempiterna

1879 981 2044 1040 Verbi
2091 987 2366 1057 nativitas,
2396 998 2452 1046 et
2480 993 2782 1065 personalis
2822 995 3101 1051 inconfusa
3151 997 3479 1068 proprietas,

1879 1083 1935 1132 et
1954 1075 2244 1134 indiscreta
2273 1069 2642 1138 substantialis
2669 1083 2845 1139 unitas
2876 1081 3050 1141 Patris
3078 1082 3307 1158 Filiique
3329 1100 3481 1142 mou-

1880 1178 2101 1239 stratur,
2151 1181 2212 1226 ut
2252 1172 2306 1228 in
2336 1172 2514 1230 Verbo
2539 1191 2667 1232 caro
2699 1177 2793 1250 (al.
2828 1177 3013 1252 carne)
3043 1179 3206 1243 facto.
3237 1189 3292 1237 et
3322 1180 3478 1235 habi-

1879 1268 2029 1317 tante
2059 1261 2114 1318 in
2139 1263 2315 1328 nobis,
2348 1265 2494 1335 quod
2521 1267 2577 1323 in
2601 1269 2858 1340 principio
2893 1278 3008 1324 erat
3037 1271 3482 1342 sempiternitatis

1879 1355 2082 1424 agnitio
2147 1356 2511 1429 suspicionem
2581 1367 2772 1431 emptae
2845 1362 3146 1426 nativitatis
3199 1363 3480 1440 auferret;

1882 1448 2030 1520 quod
2062 1450 2201 1521 apud
2242 1449 2412 1506 Deum
2454 1462 2568 1509 erat
2609 1471 2860 1525 personae
2896 1459 3173 1530 utriusque
3200 1457 3481 1517 inconfusa

1879 1541 2189 1614 proprietas
2245 1545 2505 1601 unionem
2547 1545 2840 1604 Sabelliani
2889 1551 3089 1606 erroris
3132 1551 3480 1618 excluderet}

1881 1631 2028 1702 quod
2071 1640 2252 1716 autem
2298 1634 2441 1689 Deus
2489 1647 2603 1692 erat
2646 1637 2947 1694 essentialis
2997 1640 3232 1696 nominis
3286 1633 3483 1698 veritas

1883 1723 2151 1779 unitatem
2177 1726 2493 1784 substantia:
2522 1729 2784 1796 genitoris
2826 1730 3101 1800 genitique
3131 1740 3480 1790 monstraret.

1809 1820 1860 1886 Β
1886 1811 2005 1869 Non
2037 1815 2180 1869 enim
2210 1814 2614 1888 dixitJoannes,
2629 1819 2771 1877 Deus
2795 1818 2971 1878 dictus
2999 1831 3084 1878 est
3108 1823 3368 1891 Verbum,
3388 1831 3485 1880 sed

1885 1905 2030 1963 Deus
2054 1917 2168 1963 erat
2206 1907 2430 1965 Verbum
2453 1928 2472 1967 :
2504 1919 2562 1966 ut
2606 1910 2734 1968 dum
2781 1915 2835 1970 in
2877 1915 2990 1972 Deo
3030 1913 3206 1974 Verbo
3236 1917 3484 1975 asseritis:

1885 1998 2080 2054 divina:
2103 2001 2306 2056 veritas
2327 2004 2590 2057 naturalis
2609 2007 2935 2074 agnoscitur,
2959 2017 3355 2080 consequenter
3375 2027 3484 2069 non

1884 2091 2369 2162 nuncupatrvi,scd
2387 2094 2647 2151 naturalis
2672 2097 2910 2153 nominis
2929 2100 3128 2155 veritas
3141 2099 3480 2170 probaretur.

1884 2181 2101 2240 Veritas
2125 2185 2270 2241 enim
2296 2195 2504 2243 natura
2523 2202 2798 2259 nunquam
2821 2180 3064 2261 privatur
3085 2191 3324 2248 nominis
3337 2188 3489 2248 verla'

1883 2281 2019 2334 ωδ.
2047 2277 2128 2334 Λα
2153 2279 2234 2335 sic
2262 2279 2352 2336 illa
2382 2281 2477 2352 (al.
2508 2281 2673 2356 illius)
2706 2282 2891 2354 Verbi,
2936 2298 3047 2341 non
3073 2286 3358 2356 prolativi,
3388 2287 3488 2348 sed

1883 2370 2259 2427 substantialis
2286 2387 2414 2428 vera
2447 2373 2542 2444 (sl.
2574 2375 2887 2446 verissima)
2909 2377 3212 2443 incarnatio
3239 2382 3370 2432 tunc
3397 2391 3488 2434 sua

1881 2461 2109 2519 lubriter
2125 2464 2396 2531 creditur,
2423 2465 2471 2520 si
2497 2477 2762 2522 aeternum
2788 2466 3059 2535 Verbum,
3088 2464 3236 2540 quod
3261 2479 3486 2526 carnem

1885 2553 1981 2624 (at.
1997 2555 2264 2629 nostram)
2281 2559 2520 2629 suscepit
2538 2571 2608 2614 ex
2627 2567 2898 2631 tempore,
2911 2573 3024 2616 non
3043 2561 3200 2616 initio
3216 2555 3483 2618 existendl

1882 2644 2189 2715 subditum,
2225 2664 2336 2704 non
2379 2665 2614 2720 persona
2655 2665 2777 2707 cum
2815 2650 2982 2708 Patre
3014 2650 3327 2716 conlusum,
3375 2663 3489 2712 non

1881 2736 2027 2793 aliud
2057 2739 2153 2810 (al.
2185 2739 2377 2812 alium)
2400 2750 2592 2797 natura
2612 2743 2898 2800 credamus
2916 2758 3036 2801 esse
3054 2753 3216 2814 quam
3247 2744 3434 2799 Deum.

1883 2825 2068 2906 Canna
2096 2844 2191 2884 v11.
2428 2833 2565 2906 alius
2611 2831 2919 2906 negantium
2945 2850 3134 2906 fueram
3177 2836 3234 2890 in
3276 2834 3488 2890 Christo

1953 2897 2202 2970 deitatem
2231 2902 2382 2970 simul
2421 2913 2472 2957 et
2499 2897 2895 2960 humanitatem.
2935 2905 3104 2961 Error
3132 2906 3265 2961 alius
3302 2920 3488 2964 eorum

1953 2968 2041 3040 qui
2068 2967 2407 3025 humanitatis
2435 2988 2595 3046 opera
2621 2975 2677 3030 in
2704 2975 2950 3030 deitatem
2978 2979 3224 3048 referunt.

1953 3057 2093 3116 Sunt
2139 3059 2303 3118 etiam
2351 3064 2570 3134 quidam
2616 3065 2671 3122 in
2709 3081 2778 3123 eo
2818 3067 3273 3139 quamplurimum
3298 3067 3484 3137 gratiae

1881 3147 2186 3212 Salvatoris
2236 3157 2473 3226 ingrati,
2525 3161 2673 3230 quod
2724 3162 2780 3216 in
2823 3160 3059 3229 Christo,
3110 3154 3221 3218 Deo
3273 3157 3486 3224 scilicet

1886 3255 1910 3286 ο
1938 3261 2071 3302 vero
2101 3246 2433 3320 homineque
2460 3249 2724 3322 perfecto,
2751 3253 2834 3310 sic
2857 3268 2917 3309 se
2949 3259 3196 3310 asserunt
3237 3253 3484 3326 accipere

1877 3335 1977 3393 Dei
2004 3337 2348 3411 hominisque
2374 3348 2644 3411 naturam,
2699 3352 2760 3400 ut
2803 3359 2965 3402 unam
3000 3342 3213 3409 falsam,
3254 3345 3484 3404 alteram

1878 3430 2234 3502 semiplenam
2283 3450 2396 3490 non
2442 3434 2694 3495 dubitent
2747 3439 2806 3494 in
2844 3438 2945 3495 Dei
3001 3438 3141 3497 Filio
3188 3439 3485 3511 praedicare

1874 3524 2254 3582 substantiam.
2297 3525 2434 3583 Nam
2479 3544 2672 3586 veram
2721 3529 2924 3588 Christi
2977 3531 3238 3588 deitatem
3290 3532 3482 3594 nolunt

1875 3614 2131 3683 credere,
2164 3617 2318 3687 cujus
2351 3634 2421 3674 ex
2454 3618 2566 3677 Deo
2595 3619 2758 3678 Patre
2785 3638 2970 3679 veram
3007 3624 3346 3679 nativitatem
3377 3637 3477 3679 ne-

1876 3717 2009 3779 gant
2030 3707 2458 3767 substantialiter
2484 3715 2778 3786 exstitisse,
2808 3716 3055 3772 volentes
3083 3716 3197 3772 Deo
3217 3715 3352 3772 Filio
3381 3731 3484 3772 na.

1877 3807 2056 3856 turam
2093 3802 2209 3857 veri
2237 3794 2472 3860 nominis
2509 3799 2781 3874 adimere,
2822 3807 2912 3868 cui
2955 3817 3230 3878 nequeunt
3270 3823 3472 3864 nomen

1877 3895 2140 3949 naturalis
2167 3896 2416 3954 veritatis
2441 3897 2674 3953 auferre.
2712 3896 2910 3955 Dicunt
2940 3899 3084 3954 enim
3118 3901 3172 3954 in
3211 3899 3478 3969 unigeniti

1877 3983 1976 4040 Dei
2023 3987 2246 4043 nomine
2296 4004 2407 4043 non
2444 3989 2748 4044 naturalem
2790 4004 2860 4045 ex
2905 3989 3084 4044 Patris
3126 3991 3480 4061 generatione

1877 4074 2254 4142 substantiam,
2287 4077 2382 4133 sed
2407 4079 2863 4150 nuncupationem
2893 4080 3065 4138 solius
3090 4095 3210 4138 esse
3227 4081 3476 4142 vocabuli

1876 4161 2173 4224 donatione
2224 4183 2563 4228 concessam.
2610 4165 2914 4228 Humanam
2957 4185 3174 4242 quoque
3222 4180 3490 4232 naturam

1875 4257 1955 4314 sic
1992 4257 2047 4313 in
2080 4256 2297 4316 Christo
2324 4261 2579 4329 credunt,
2631 4269 2691 4316 ut
2716 4262 2861 4332 quod
2900 4271 2986 4320 est
3011 4263 3204 4322 melius
3237 4263 3474 4322 hominis

1876 4351 2309 4424 adimant;quod
2332 4363 2415 4412 est
2442 4352 2686 4424 inferius,
2715 4357 2822 4412 hoc
2847 4357 3186 4428 relinquant:
3217 4366 3272 4414 et
3293 4359 3477 4417 minus

1876 4443 2280 4502 considerantes
2309 4464 2556 4521 magnum
2593 4441 2832 4519 pietatis,
2863 4449 3014 4520 quod
3033 4448 3470 4521 Apostolusme-

1875 4544 2072 4602 morat,
2104 4548 2504 4607 sacramentum,
2532 4541 2600 4595 ab
2629 4541 2720 4595 illa
2746 4540 3063 4620 Mediatoris
3089 4543 3326 4599 mirabili
3351 4559 3472 4603 sus-

1874 4627 2125 4698 ceptione
2145 4629 2465 4686 rationalem
2479 4629 2721 4686 nituntur
2742 4632 2976 4689 animam
3005 4649 3280 4705 separare,
3305 4649 3470 4704 quam

1874 4720 1930 4774 in
1959 4719 2257 4776 Mediatore
2285 4720 2382 4777 Dei
2421 4731 2476 4778 et
2513 4723 2792 4781 hominum
2822 4726 3037 4797 penitus
3071 4733 3322 4783 asserunt
3359 4726 3468 4799 75

1873 4826 1981 4866 non
2004 4809 2188 4868 fuisse.
2220 4812 2376 4868 Aliud
2402 4829 2618 4886 quoque
2647 4815 2714 4872 ab
2744 4816 2858 4872 istis
2888 4816 3140 4888 adjicitur
3165 4825 3469 4874 memorato

1871 4905 2044 4960 errori
2075 4905 2363 4976 piaculum,
2381 4921 2488 4988 quo
2505 4907 2833 4984 confusionis
2854 4911 3146 4968 admittunt
3175 4913 3466 4969 teterrima:

1872 5006 2259 5068 cauponatum.
2292 4995 2427 5072 Nam
2456 4999 2510 5056 in
2541 5001 2745 5059 unitate
2791 5019 3037 5076 persona:
3087 5005 3163 5079 (in
3191 5020 3297 5076 qua
3323 5003 3470 5058 Deus

1870 5097 1927 5145 et
1955 5087 2118 5146 homo
2150 5106 2287 5148 unus
2313 5091 2578 5163 Christus,
2607 5095 3035 5156 inconfusibilem
3064 5108 3225 5170 atque
3253 5099 3465 5171 insepa-

1873 5181 2100 5238 rabilem
2134 5183 2424 5256 utriusque
2469 5188 2756 5247 veritatem
2803 5202 3006 5249 naturae
3056 5191 3462 5262 commendans,

1870 5289 2061 5331 verum
2084 5290 2144 5332 se
2169 5273 2339 5334 Deum
2360 5278 2554 5338 divinis
2571 5285 2834 5360 operibus
2862 5300 3156 5354 verumque
3183 5285 3464 5346 hominem

1873 5366 2122 5423 humanis
2170 5369 2509 5441 passionibus
2548 5374 2968 5443 demonstravit,
3009 5376 3338 5448 impassibile
3364 5380 3466 5438 ha—

1870 5460 2002 5519 bens
2031 5475 2130 5535 per
2148 5464 2295 5536 quod
2320 5465 2484 5536 homo
2505 5477 2718 5528 creatus
2747 5477 2830 5528 est
2855 5485 3039 5538 sanus,
3060 5473 3316 5546 passibilc
3341 5490 3462 5534 sus-

1866 5641 2073 5770 Mziita
2102 5644 2392 5723 ωδε-(ἴση).
2415 5657 2471 5707 et
2500 5647 2735 5719 Victor.;
2769 5661 2826 5707 at
2854 5651 2985 5712 editi
3033 5652 3238 5712 habent
3281 5661 3459 5736 tuquic

2013 5733 2113 5770 em.

1942 5733 2161 5848 rma
2187 5810 2305 5872 vero
2330 5795 2397 5872 ab
2425 5793 2510 5849 ed.
2542 5792 2668 5849 Ant.
2709 5801 2767 5852 et
2796 5793 2999 5868 Basil.;
3047 5795 3244 5872 legitur
3269 5800 3325 5858 in
3351 5816 3454 5867 ms.

1865 5867 2042 5926 Corb;
2063 5882 2115 5928 ct
2143 5874 2228 5928 ed.
2255 5865 2448 5922 Colon.
2763 5890 2774 5900 -
