4120 6544
519 363 711 434 αδίτ

1553 357 1608 419 5.
1642 353 2008 417 FULGENTII
2044 348 2355 414 EPISCOPI
2392 347 2765 414 BUSPENSIS

3716 337 3864 405 23!

523 487 732 559 cipiens
767 493 868 555 per
903 475 1053 551 quod
1095 481 1383 534 sanaretur
1415 472 1681 543 inﬁrmus)
1708 473 1786 528 sic
1826 471 1913 526 isti
1943 469 2127 527 nescio
2153 472 2207 534 Α
2231 483 2352 539 quae
2380 476 2564 524 tamen
2592 468 2647 524 in
2675 465 2938 539 sapientia
2964 461 3276 522 nullatenus
3302 458 3610 536 proﬁceret,
3651 464 3697 519 si
3726 476 3853 518 na-

524 592 631 650 qua
648 574 971 646 deceptione
995 570 1273 639 falluntur,
1287 576 1346 623 ut
1359 566 1615 639 quidquid
1636 564 1915 627 Dominus,
1930 577 2117 619 veram

524 667 713 727 formae
759 666 972 723 servilis
1017 661 1416 734 susceptionem
1461 665 1789 724 monstrans,
1839 653 2120 710 humiliter

525 759 694 830 gessit
721 765 814 813 aut
853 756 1010 821 dixit,
1055 761 1230 809 totum
1278 752 1344 808 ad
1389 749 1772 808 contumeliam
1819 745 2122 802 divinitatis

523 854 771 910 derivare
801 866 910 907 non
947 853 1214 917 metuant,
1260 860 1423 917 quam
1472 842 1709 916 passioni
1745 839 2122 897 mutabilitatis

527 948 626 1022 (al.
670 943 1146 1014 mutabilitatique)
1184 940 1492 1011 subjiciunt,
1537 937 1665 994 dum
1717 936 1997 1004 utriusque
2023 949 2126 989 na-

528 1049 666 1096 turae
708 1039 992 1095 veritatem
1048 1042 1154 1090 tam
1201 1027 1466 1088 dictorum
1495 1044 1658 1100 quam
1688 1043 1914 1098 operum
1951 1024 2125 1079 mani-

525 1130 816 1188 festatione
844 1127 1141 1184 clarissima
1169 1122 1604 1194 resplendentem
1637 1119 1781 1174 nulla
1809 1115 2124 1174 considera-

525 1224 676 1280 tione
707 1222 1039 1291 distinguunt
1066 1238 1079 1272 :
1104 1233 1212 1274 non
1233 1215 1575 1272 attendentes
1607 1213 1694 1268 ubi
1720 1211 2126 1266 demonstretur

528 1314 813 1370 inﬁrmitas
843 1312 910 1367 ab
943 1310 1143 1367 invicta
1175 1316 1231 1365 et
1270 1305 1586 1378 impassibili
1614 1303 1814 1359 virtute
1854 1309 2127 1373 suscepta,

525 1407 621 1463 ubi
661 1421 759 1477 per
797 1402 1169 1460 inﬁrmitatem
1218 1397 1601 1470 resplendeant
1649 1396 1861 1452 invicta:
1910 1395 2130 1450 virtutis

534 1499 975 1568 insigniazatque
1004 1495 1077 1550 ita
1109 1492 1275 1550 divini
1304 1489 1548 1562 mysterii
1573 1488 1837 1544 frustrare
1863 1495 2131 1542 conantur

523 1589 797 1657 eﬁectum,
827 1589 955 1660 quia
993 1599 1185 1642 revera
1233 1584 1398 1639 homo
1453 1581 1651 1638 salvari
1698 1595 1808 1636 non
1857 1580 2052 1650 potuit,
2084 1579 2133 1635 si

520 1684 609 1741 vel
627 1691 910 1754 susceptor
935 1678 1170 1736 hominis
1199 1675 1517 1732 naturaliter
1549 1690 1712 1731 verus
1723 1674 1863 1729 Deus
1881 1689 1986 1728 non
2010 1672 2130 1745 fuit,

520 1779 609 1837 vel
636 1780 694 1836 in
724 1777 822 1833 Dei
871 1774 988 1832 veri
1032 1771 1378 1844 susceptione
1425 1767 1626 1838 aliquid
1674 1767 1911 1822 hominis
1939 1767 2128 1822 defuit.

2223 560 2454 617 turalem
2481 559 2889 629 intelligentiam
2919 559 3062 632 (qua:
3084 556 3389 613 hominibus
3408 553 3638 610 rationis
3655 566 3849 610 causa

2221 668 2478 710 concessa
2508 655 2614 722 est)
2647 666 2756 708 non
2797 651 3043 718 haberet,
3076 664 3185 704 non
3224 647 3350 718 quia
3393 647 3498 702 hoc
3537 653 3851 717 susceptor

2223 744 2366 801 Deus
2385 744 2554 814 eguit,
2581 743 2680 800 sed
2703 743 2831 814 quia
2860 743 2966 798 hoc
2991 756 3092 812 pro
3120 739 3364 796 remedio
3394 745 3597 794 nostra
3636 735 3848 792 salutis

2224 834 2446 894 eﬁ‘ectus
2498 835 2601 906 pia:
2646 833 3008 906 susceptionis
3057 833 3258 902 exegit,
3306 839 3368 886 ut
3410 828 3541 885 dum
3590 843 3725 884 caro
3772 830 3848 882 et

2227 928 2406 983 anima
2452 925 2736 984 rationalis
2763 941 2795 980 a
2836 924 2949 981 Deo
2996 924 3304 994 suscipitur,
3357 929 3587 990 utraque
3622 925 3848 990 pariter

2225 1013 2565 1070 salvaretur:
2591 1026 2716 1066 nam
2737 1025 2840 1067 nec
2864 1025 2993 1066 caro
3023 1009 3138 1080 ipsa
3167 1007 3269 1064 fuit
3297 1022 3328 1062 a
3358 1005 3455 1062 Dei
3478 1004 3621 1062 Filio
3645 1001 3840 1060 susci-

2227 1105 2560 1177 pienda,nisi
2592 1105 2772 1161 divina
2796 1103 2987 1160 fuisset
2999 1102 3345 1174 susceptione
3372 1092 3845 1164 salvanda.Quod

2229 1197 2276 1254 si
2305 1196 2445 1253 Deus
2465 1211 2628 1253 carne
2656 1210 2764 1251 non
2783 1195 2951 1265 eguit,
2982 1193 3079 1250 sed
3106 1201 3166 1249 ut
3184 1207 3305 1249 eam
3333 1191 3572 1247 salvaret
3594 1187 3838 1258 accepit,

2232 1289 2307 1344 ita
2334 1304 2436 1345 nec
2456 1289 2634 1344 anima
2664 1287 2918 1344 rationali
2948 1287 3092 1343 Deus
3118 1287 3287 1357 eguit,
3323 1284 3420 1342 sed
3462 1299 3586 1341 eam
3613 1281 3840 1338 salvan-

2233 1380 2358 1436 dam
2378 1397 2502 1437 cum
2522 1395 2689 1437 carne
2713 1380 2952 1451 suscepit
2978 1397 2991 1435 :
3023 1378 3178 1449 cujus
3205 1378 3400 1434 animm
3435 1377 3690 1433 humana:
3710 1389 3839 1429 sns-

2235 1473 2540 1544 ceptionem
2584 1473 2905 1544 prophetico
2949 1485 3102 1527 more
3127 1469 3301 1526 David
3345 1476 3567 1526 sanctus
3617 1467 3838 1522 intimat

2235 1564 2422 1621 dicens
2449 1582 2462 1618 :
2493 1563 2632 1620 Ecce
2659 1566 2797 1620 enim
2822 1562 2966 1618 Deus
2987 1562 3203 1634 adjuvat
3228 1577 3329 1628 me,
3354 1569 3405 1615 et
3434 1559 3695 1615 Dominus
3714 1574 3839 1613 ηιμ

2236 1664 2414 1727 ceptor
2439 1664 2516 1712 est
2554 1657 2747 1713 anima
2779 1673 2908 1712 mea:
2937 1654 3111 1728 (Psal.
3145 1669 3255 1720 Lm,
3287 1654 3369 1723 6).
3398 1651 3618 1722 Adjuvit
3645 1649 3840 1719 utique

2238 1763 2402 1818 quam
2447 1750 2704 1821 suscepit,
2737 1765 2899 1820 quam
2929 1747 3117 1818 procul
3144 1746 3331 1815 dubio,
3373 1744 3477 1800 nisi
3504 1743 3835 1813 susciperet,

454 1865 465 1876 ’
521 1869 708 1929 CAPUT
752 1885 868 1927 vltt.
909 1842 1221 1923 Mediatoris
1249 1864 1698 1936 duplexrnaturaq
1724 1859 2125 1936 ex‘AScripturis

2238 1857 2347 1899 non
2369 1842 2620 1914 iuvisset.

593 1939 1022 1998 demonstranda.
1049 1936 1137 1992 Ea:
1163 1930 1332 1992 verbis
1358 1933 1518 1989 Isaia:
1547 1934 1651 1987 tria
1683 1934 1737 1988 in
1767 1930 1976 1987 Christo
1998 1948 2121 2002 pro-

594 2013 802 2078 bantur,
825 2026 972 2077 caro,
995 2008 1196 2073 anima,
1223 2014 1273 2061 et
1301 2004 1566 2060 divinitas.

595 2103 665 2160 Et
690 2113 752 2160 ut
778 2116 942 2159 omne
983 2099 1367 2156 submoveatur
1409 2091 1763 2148 dubitationis
1787 2090 2120 2160 ambiguum,

524 2195 584 2252 in
624 2207 734 2250 una
759 2189 1075 2248 Mediatoris
1113 2186 1212 2244 Dei
1254 2195 1311 2242 et
1347 2184 1632 2241 hominum
1659 2183 1892 2239 hominis
1918 2181 2124 2238 Christi

525 2299 762 2359 persona
817 2280 1080 2354 perfectio
1135 2277 1331 2334 divina:
1385 2277 1743 2344 humanaeque
1809 2273 2127 2330 substantia:

525 2377 857 2452 propheticis
903 2382 993 2451 est
1038 2370 1456 2444 apostolicisque
1524 2367 1849 2424 testimoniis
1898 2365 2128 2422 demon-

524 2471 766 2532 stranda.
787 2468 970 2535 Isaias,
994 2467 1132 2524 sicut
1153 2479 1318 2536 supra
1340 2461 1778 2527 memoravimus,
1797 2459 1961 2516 dicit:
1996 2459 2128 2514 Ecce

534 2563 700 2636 Virgo
722 2566 778 2618 in
805 2571 954 2639 utero
977 2559 1249 2631 concipiet,
1279 2565 1329 2612 et
1373 2556 1541 2627 pariet
1567 2555 1756 2626 ﬁlium,
1787 2562 1837 2609 et
1863 2555 2129 2610 vocabitur

529 2656 645 2729 (al.
675 2653 926 2711 cocabitis
963 2652 1051 2708 vel
1092 2649 1346 2718 vocabis)
1394 2665 1579 2703 nomen
1625 2650 1736 2720 ejus
1791 2645 2124 2702 Emmanuel.

531 2747 784 2818 Butyrum
807 2753 857 2800 et
885 2743 988 2799 mel
1014 2738 1372 2806 manducabit,
1403 2740 1704 2810 priusquam
1731 2738 1864 2793 sciat
1883 2748 1974 2792 aut
2001 2754 2128 2809 pro-

530 2840 667 2913 ferat
709 2837 943 2910 maligna
964 2875 980 2903 ,
1011 2831 1228 2888 mutabit
1274 2831 1498 2896 bonum;
1544 2830 1789 2902 quoniam
1828 2821 2130 2902 priusquam

529 2932 665 2987 sciat
693 2946 820 3003 puer
849 2934 1038 2984 bonum
1077 2934 1166 2979 aut
1187 2923 1404 2990 malum,
1447 2938 1552 2977 non
1595 2921 1759 2976 credit
1805 2920 2044 2989 malitia,
2073 2928 2131 2974 ut

528 3022 692 3094 eligat
735 3019 872 3093 quod
920 3007 1108 3072 bonum
1134 3024 1232 3081 est,
1263 3023 1313 3070 et
1339 3014 1658 3084 relinquetur
1685 3020 1825 3066 terra
1850 3012 2127 3079 desolata;

531 3111 777 3183 quoniam
803 3109 1103 3180 priusquam
1129 3107 1264 3161 sciat
1305 3120 1430 3176 puer
1458 3119 1643 3159 uocare
1667 3112 1867 3173 patrem
1892 3111 1983 3158 aut
2011 3120 2127 3157 ma-

535 3213 684 3269 trem,
731 3202 949 3271 accipiet
992 3199 1232 3254 virtutem
1260 3194 1530 3263 Damasci,
1574 3204 1624 3250 et
1667 3196 1836 3266 spolia
1866 3194 2129 3250 Samariae

535 3294 692 3367 (Isai.
716 3300 813 3358 vn,
843 3289 1057 3360 lli-16).
1089 3289 1148 3344 ln
1187 3288 1295 3344 hoc
1337 3287 1649 3344 testimonio
1677 3294 1792 3343 tota
1821 3287 2131 3343 continetur

533 3384 787 3443 salutaris
828 3381 1071 3454 mysterii
1103 3378 1424 3452 plenitudo:
1457 3394 1582 3434 nam
1624 3379 1826 3434 veritas
1854 3379 2036 3435 carnis
2080 3381 2136 3436 in

535 3475 783 3545 virginali
828 3467 1099 3544 conceptu
1143 3461 1510 3541 cognoscitur,
1539 3478 1597 3528 et
1632 3471 1685 3526 in
1713 3472 1979 3527 electione
2009 3471 2138 3528 boni

543 3569 726 3626 anima
753 3566 1132 3624 intellectualis
1157 3566 1481 3634 ostenditur,
1508 3574 1564 3621 et
1604 3566 1656 3621 in
1685 3564 2005 3620 Emmanuel
2033 3580 2136 3621 no-

537 3663 685 3720 mine
711 3677 842 3718 vera
869 3660 1086 3716 deitatis
1114 3669 1306 3716 natura
1335 3667 1692 3724 monstratur;
1725 3674 1791 3714 ac
1818 3658 1896 3715 sic
1922 3659 1977 3714 in
2004 3674 2138 3716 vero

538 3753 675 3822 Deo,
695 3769 797 3812 nec
822 3753 953 3810 falsa
980 3753 1077 3810 fuit
1106 3754 1366 3822 hominis,
1398 3769 1499 3810 nec
1519 3753 1817 3822 semiplena
1839 3754 2132 3824 susceptio.

538 3848 769 3920 Dignum
811 3849 1011 3906 etenim
1037 3848 1137 3905 fuit
1173 3858 1234 3904 ut
1269 3850 1326 3904 in
1354 3855 1695 3904 sacramento
1741 3847 2136 3918 redemptionis

537 3945 808 4012 humanae,
842 3961 945 4002 nec
968 3946 1167 4000 veritas
1210 3942 1472 3999 defuisset
1503 3941 1842 4013 perfectioni,
1872 3957 1974 3998 nec
2002 3957 2133 4012 per-

536 4035 702 4093 fectio
728 4036 970 4094 veritati.
997 4035 1131 4089 Nam
1159 4034 1205 4089 si
1233 4049 1361 4090 vera
1389 4049 1520 4090 caro
1560 4033 1616 4088 in
1645 4032 1862 4090 Christo
1888 4050 1994 4090 non
2016 4032 2134 4102 fuit,

537 4128 668 4197 quid
697 4127 749 4182 in
779 4136 936 4182 utero
963 4126 1130 4196 Virgo
1171 4128 1458 4197 concepit?
1487 4135 1541 4182 et
1567 4128 1613 4182 si
1653 4127 1834 4182 anima
1861 4127 1947 4182 vel
1976 4127 2139 4183 intel-

537 4215 714 4274 lectus
738 4225 943 4273 natura:
973 4218 1027 4272 in
1068 4216 1284 4272 Christo
1323 4216 1558 4272 defuisse
1587 4217 1839 4273 credatur
1869 4218 2136 4282 humanae,

539 4308 671 4379 quid
702 4309 755 4363 in
795 4307 1000 4364 infante
1035 4307 1235 4363 bonum
1266 4306 1576 4376 malumque
1605 4307 1802 4362 dicitur
1830 4308 2140 4378 ignorasse?

541 4399 626 4456 An
653 4395 799 4455 illa'm
838 4401 1074 4456 divinam
1103 4399 1224 4453 Filii
1252 4397 1350 4453 Dei
1379 4404 1629 4453 naturam
1659 4400 1978 4468 ignorantia:
2011 4402 2140 4458 boni

541 4492 780 4562 malique
809 4491 1142 4561 subjicimus,
1169 4498 1229 4545 ut
1256 4489 1550 4544 humanam
1581 4490 1635 4546 in
1663 4489 1876 4548 Christo
1905 4493 2139 4548 animam

540 4586 913 4656 denegemus?
942 4585 1094 4640 Itane
1141 4583 1444 4641 credendus
1472 4591 1557 4639 est
1585 4585 1750 4641 homo
1796 4595 2078 4658 susceptus
2106 4604 2138 4643 a

542 4676 658 4734 Deo
698 4692 819 4748 qua:
857 4676 953 4733 Dei
995 4683 1136 4732 sunt
1155 4675 1494 4745 aliquatenus
1531 4676 1772 4747 potuisse
1818 4693 2007 4749 sapere
2031 4719 2046 4746 ,
2086 4681 2138 4736 in

544 4781 654 4840 quo
699 4770 816 4839 ipsa
841 4768 1105 4839 sapientia
1140 4766 1450 4838 cognitione
1493 4769 1620 4824 boni
1668 4770 1902 4840 malique
1941 4770 2144 4828 dicitur

545 4861 823 4918 caruisse?
853 4860 1044 4915 Anima
1074 4861 1236 4932 igitur
1272 4860 1535 4928 humana,
1567 4877 1687 4932 quae
1715 4863 1943 4919 rationis
1969 4879 2143 4934 capax

545 4952 869 5009 naturaliter
895 4952 1037 5008 facta
1074 4962 1176 5020 est,
1219 4953 1421 5009 bonum
1473 4955 1782 5026 malumque
1835 4957 1890 5011 in
1938 4956 2142 5014 infante

547 5043 767 5103 Christo
796 5045 1034 5102 nescisse
1061 5045 1274 5114 dicitur,
1305 5060 1426 5117 qua:
1452 5047 1750 5102 secundum
1771 5047 2141 5117 evangelicam

544 5139 830 5195 veritatem
852 5137 906 5192 in
929 5151 1097 5207 puero
1123 5134 1253 5192 Jesu
1275 5136 1541 5207 sapientia
1569 5147 1624 5193 et
1651 5137 1822 5208 gratia
1845 5136 2142 5208 profecisse

548 5241 801 5289 narratur
832 5251 846 5286 :
873 5231 1014 5287 sicut
1057 5229 1232 5288 Lucas
1277 5233 1433 5302 ponit
1477 5238 1534 5286 et
1579 5231 1745 5286 dicit:
1777 5230 1922 5287 Puer
1970 5244 2143 5290 autem

548 5323 829 5390 crescebat,
859 5331 907 5378 et
937 5323 1350 5395 confortabatur,
1371 5322 1554 5394 plenus
1579 5323 1870 5394 sapientiae,
1900 5333 1951 5379 et
1969 5327 2143 5396 gratia

551 5412 654 5472 Dei
683 5427 792 5471 erat
820 5418 876 5470 in
904 5418 996 5475 illo
1027 5415 1178 5490 (Luc.
1211 5434 1268 5483 ιι,
1312 5415 1425 5486 40).
1477 5414 1546 5470 Et
1591 5416 1752 5486 paulo
1798 5425 1922 5488 post
1947 5435 1961 5472 :
1991 5416 2142 5474 Jesus

549 5507 852 5580 proﬁciebat
880 5509 990 5581 76
1015 5509 1295 5580 sapientia,
1325 5516 1500 5575 (etate,
1530 5516 1579 5561 et
1616 5509 1790 5579 gratia
1816 5510 1953 5581 apud
1975 5507 2144 5565 Deum

550 5609 605 5657 et
641 5603 873 5658 homines
924 5601 1114 5673 (Ibid.,
1158 5600 1268 5673 52).
1315 5601 1450 5662 Nam
1504 5601 1644 5660 sicut
1671 5601 1851 5673 carnis
1875 5610 1961 5659 est
1987 5611 2147 5660 mtate

552 5692 840 5768 proﬁcere,
856 5695 936 5752 sic
953 5703 1038 5751 est
1064 5707 1256 5750 anima:
1277 5692 1542 5765 sapientia
1567 5701 1622 5752 et
1642 5693 1818 5766 gratia
1832 5695 2147 5768 profecisse,

630 5890 657 5923 ⁸
684 5879 785 5937 κε.
811 5877 961 5935 addit
984 5877 1061 5932 sic

2226 1955 2409 2013 CAPUT
2439 1974 2512 2014 lx.
2556 1956 2680 2012 Ovis
2722 1972 2905 2020 errans
2939 1963 3182 2025 peccator
3208 1960 3287 2009 est
3325 1950 3834 2025 aDeoaberrans.

2307 2028 2419 2152 Vite
2466 2027 2681 2083 Domini
2721 2027 2876 2098 ﬁdes,
2926 2022 3157 2099 justitia,
3207 2022 3592 2087 misericordia,
3644 2031 3696 2075 et
3737 2035 3836 2074 ue-

2299 2117 2345 2155 η
2371 2117 2454 2155 as.

2299 2193 2676 2250 Necessarium
2731 2199 2913 2248 autem
2969 2205 3097 2247 reor
3146 2187 3444 2261 perfectam
3489 2184 3729 2242 hominis
3775 2183 3838 2244 in

2228 2286 2447 2343 Christo
2472 2285 2874 2357 susceptionem
2925 2283 3250 2354 evangelicae
3293 2295 3511 2351 quoque
3556 2276 3838 2350 parabolm

2228 2385 2548 2440 recensione
2571 2381 2998 2447 monstrandum,
3016 2381 3134 2437 ovis
3153 2379 3361 2436 scilicet
3385 2377 3652 2442 erraticas,
3667 2388 3837 2445 quam
3878 2405 3884 2411 -

2229 2476 2464 2548 pr0priis
2498 2475 2738 2531 humeris
2773 2473 3086 2530 subvectam
3130 2471 3393 2526 Dominus
3423 2467 3726 2539 reportavit
3755 2461 3836 2520 ad

2230 2571 2479 2634 domum;
2525 2566 2677 2637 cujus
2704 2565 3008 2636 qumrendae
3036 2561 3206 2618 David
3228 2561 3341 2633 jam
3379 2559 3592 2631 pridem
3621 2556 3836 2625 ﬂagita-

2230 2660 2326 2716 bat
2353 2657 2690 2732 lacrymabili
2723 2657 3089 2729 postulatione
3118 2653 3434 2719 subsidium,
3467 2651 3694 2707 dicens:
3726 2646 3835 2703 Er-

2231 2753 2342 2808 ravi
2389 2753 2520 2806 sicut
2565 2750 2672 2805 ovis
2717 2766 2834 2823 qua:
2878 2750 3128 2820 perierat,
3174 2747 3373 2816 require
3420 2759 3626 2798 servum
3683 2749 3827 2794 tuum

2233 2841 2407 2914 (Psal.
2433 2857 2615 2905 cxvm,
2650 2839 2797 2912 176).
2829 2837 2966 2894 Cum
2994 2851 3124 2907 ergo
3152 2840 3551 2891 murmurarent
3574 2828 3836 2887 Pharismi

2231 2941 2288 2990 et
2333 2932 2538 2990 Scriba:
2582 2931 2862 2988 dicentes:
2896 2929 3032 2996 Quia
3076 2929 3158 2983 hic
3204 2935 3502 2999 peccatores
3531 2925 3736 2996 recipit,
3777 2929 3838 2979 et

2230 3023 2513 3080 manducat
2559 3039 2674 3077 cum
2717 3022 2822 3076 illis
2872 3019 3025 3093 (Luc.
3079 3035 3168 3084 xv,
3195 3017 3276 3082 2),
3310 3015 3481 3073 refert
3508 3013 3842 3084 evangelista

2231 3116 2378 3188 quod
2406 3115 2547 3171 hanc
2577 3115 2654 3170 eis
2696 3113 2958 3168 Dominus
2989 3111 3308 3182 parabolam
3335 3093 3569 3165 dixerit:
3603 3105 3729 3171 Quis
3769 3119 3844 3158 ea:

2231 3208 2372 3264 vobis
2397 3208 2546 3262 homo
2567 3208 2652 3278 qui
2675 3203 2822 3259 habet
2845 3212 3048 3258 centum
3075 3219 3210 3268 oves,
3233 3211 3281 3255 et
3307 3202 3354 3256 si
3373 3199 3654 3272 perdiderit
3672 3211 3844 3251 unam

2237 3316 2304 3356 ea:
2331 3300 2457 3365 illis,
2504 3315 2676 3352 nonne
2704 3297 2916 3351 dimittit
2943 3295 3036 3367 (al.
3067 3292 3311 3366 dimittet)
3333 3296 3622 3363 nonaginta
3659 3303 3843 3344 nouem

2238 3391 2293 3443 in
2321 3389 2544 3453 deserto,
2567 3397 2618 3442 et
2641 3387 2778 3442 vadit
2799 3385 2868 3440 ad
2893 3386 3044 3439 illam
3071 3401 3184 3452 qua:
3211 3383 3457 3456 perierat,
3505 3385 3670 3436 donec
3698 3379 3842 3432 inve-

2240 3486 2351 3538 niat
2381 3482 2570 3536 illam?
2597 3479 2669 3536 Et
2693 3496 2810 3534 cum
2836 3479 3087 3534 invenerit
3111 3492 3259 3546 eam,
3288 3476 3507 3547 imponit
3539 3473 3647 3545 (al.
3673 3474 3841 3542 impo-

2239 3574 2348 3644 net)
2379 3575 2435 3628 in
2480 3573 2719 3628 humeros
2766 3587 2886 3626 suos
2937 3569 3203 3642 gaudens;
3249 3576 3299 3622 et
3345 3568 3554 3622 ueniens
3602 3565 3834 3630 domum,

2241 3673 2488 3720 conuocat
2518 3648 2720 3719 amicos
2745 3672 2795 3717 et
2823 3663 3040 3731 vicinos,
3084 3661 3259 3715 dicens
3303 3658 3452 3713 illis:
3486 3654 3840 3728 Congratula-

2239 3757 2370 3812 mini
2398 3755 2546 3824 mihi,
2563 3757 2684 3828 quia
2712 3754 2884 3810 inveni
2912 3768 3056 3808 ovem
3073 3767 3240 3807 meam
3265 3766 3379 3824 qua:
3398 3750 3625 3820 perierat
3646 3746 3841 3815 (Ibid.,

2240 3850 2310 3905 40
2336 3850 2471 3922 seq.)
2499 3888 2514 3904 .
2546 3847 2699 3904 Hanc
2729 3863 2908 3913 ovem,
2939 3847 2994 3902 in
3014 3860 3122 3914 qua
3153 3844 3450 3915 peccatoris
3475 3841 3711 3898 hominis
3740 3855 3835 3896 na-

2242 3949 2364 3996 tura
2407 3942 2675 4011 signatur,
2715 3938 2862 4010 quali
2892 3951 3078 3992 errore
3118 3935 3358 3990 dicemus
3385 3933 3630 3989 errasse?
3660 3930 3842 3988 cordis

2242 4051 2313 4091 an
2340 4035 2625 4106 corporis?
2653 4047 2837 4089 errore
2865 4030 3062 4102 pedum
3090 4045 3160 4084 an
3199 4043 3385 4084 errore
3430 4025 3681 4082 morum?
3720 4023 3839 4080 Non

2242 4130 2436 4199 opinor
2456 4140 2780 4199 quemquam
2800 4125 2879 4180 sic
2896 4124 3146 4179 humana:
3169 4120 3513 4190 cogitationis
3542 4125 3838 4183 exsortem,

2241 4225 2334 4296 qui
2364 4231 2519 4296 putet
2546 4221 2822 4277 hominem
2849 4216 3260 4289 quomodolibet
3308 4216 3404 4286 (at.
3457 4212 3780 4284 quemlibet)
3809 4225 3840 4267 a

2241 4323 2354 4380 Deo
2396 4321 2790 4391 longinquitate
2835 4318 3185 4374 habitationis
3231 4324 3286 4371 et
3333 4331 3440 4372 non
3484 4316 3842 4386 perversitate

2242 4413 2587 4484 cogitationis
2633 4426 2837 4466 errare.
2871 4409 2928 4465 ln
2957 4411 3043 4466 via
3073 4409 3168 4465 Dei
3199 4424 3306 4464 non
3347 4406 3534 4476 gresSu
3574 4407 3838 4478 corporis,

2242 4509 2339 4565 sed
2365 4494 2568 4563 mentis.
2583 4504 2889 4560 ambulatur
2910 4505 3142 4559 incessu.
3165 4503 3264 4559 Via
3290 4502 3387 4558 Dei
3420 4501 3550 4557 tides
3567 4511 3650 4557 est
3671 4509 3836 4568 recta,

2241 4615 2364 4668 qua:
2394 4599 2448 4653 in
2488 4605 2700 4652 tantum
2731 4597 2818 4652 via
2847 4611 3069 4667 prorsus
3097 4595 3421 4662 ostenditur,
3471 4603 3531 4648 ut
3557 4594 3610 4648 in
3649 4608 3714 4648 ea
3743 4607 3841 4648 nos

2245 4691 2540 4763 Apostolus
2566 4690 2844 4746 ambulare
2890 4696 3154 4743 testctur:
3187 4685 3294 4741 Per
3341 4686 3499 4757 ﬁdem
3541 4685 3838 4758 (inquiens)

2245 4781 2594 4848 ambulamus,
2635 4798 2741 4837 non
2768 4797 2860 4853 per
2883 4780 3106 4851 speciem
3137 4775 3227 4850 (11
3257 4777 3377 4833 Cor.
3406 4794 3458 4842 v,
3500 4777 3574 4848 Ἰ).
3605 4775 3706 4831 Via
3739 4776 3842 4832 Do-

2243 4874 2376 4928 mini
2400 4873 2610 4944 justitia
2639 4882 2743 4941 est,
2759 4888 2857 4944 per
2877 4886 3038 4943 quam
3057 4885 3118 4926 se
3136 4870 3328 4925 beatus
3356 4868 3522 4923 David
3551 4868 3840 4922 deductum

2241 4980 2363 5022 esse
2383 4972 2794 5029 commemorat,
2827 4964 3050 5020 dicens:
3085 4960 3256 5031 Super
3303 4977 3490 5032 aquam
3539 4959 3841 5031 refectionis

2243 5059 2480 5113 educavit
2508 5075 2610 5128 me,
2639 5058 2870 5112 animam
2895 5071 3063 5111 meam
3093 5054 3340 5109 convertit
3362 5071 3380 5108 :
3410 5052 3627 5108 deduxit
3657 5069 3739 5106 me
3758 5067 3844 5105 su-

2249 5167 2342 5220 per
2370 5149 2580 5204 semitas
2604 5148 2828 5220 justitice
2857 5154 3069 5217 propter
3095 5162 3281 5201 nomen
3309 5162 3459 5200 suum
3490 5142 3662 5214 (Psal.
3711 5149 3857 5209 xxii;

2248 5237 2328 5312 2).
2368 5239 2482 5295 Via:
2520 5240 2687 5296 etiam
2730 5238 2944 5294 Domini
2973 5237 3333 5292 misericordia
3359 5243 3409 5290 et
3438 5236 3628 5290 veritas
3669 5231 3843 5303 (Psal.

2250 5346 2398 5397 xxrv,
2432 5330 2543 5404 i0),
2588 5345 2685 5401 per
2712 5345 2846 5400 quas
2875 5329 3061 5401 utique
3090 5343 3198 5384 non
3235 5327 3483 5398 corporis
3509 5339 3722 5395 gressu,
3751 5321 3844 5379 sed

2251 5422 2445 5477 anima:
2471 5422 2642 5491 magis
2662 5421 2968 5476 ambulatur
3011 5418 3225 5476 affectu.
3272 5418 3426 5474 Hanc
3472 5417 3628 5473 nobis
3647 5415 3844 5471 ambu-

2251 5511 2398 5569 landi
2427 5513 2725 5569 doctrinam
2761 5511 2952 5568 beatus
2979 5511 3215 5568 Joannes
3245 5511 3459 5565 intimat
3486 5508 3674 5565 dicens
3699 5525 3712 5560 :
3741 5506 3842 5570 Qui

2255 5603 2380 5659 dicit
2409 5621 2466 5660 se
2493 5605 2549 5659 in
2589 5601 2798 5659 Christo
2842 5621 3073 5673 manere,
3120 5601 3268 5659 debet
3296 5600 3732 5673 quemadmodum
3755 5597 3844 5654 ille

2257 5699 2559 5765 ambulavit,
2579 5707 2603 5736 ι
2620 5706 2670 5755 et
2691 5699 2802 5773 ipse
2829 5697 3097 5756 ambulare
3124 5697 3144 5772 (
3168 5697 3194 5753 l
3216 5695 3377 5753 Joan.
3409 5711 3474 5766 n,
3500 5693 3581 5767 6).
3612 5692 3732 5763 Qua
3757 5690 3845 5749 vis
