4120 6466
1500 279 1616 300 υ.-

182 359 325 444 133
1473 384 1565 442 an
1601 380 2103 442 rassmunnuu
2141 383 2317 446 LlB.l.
3433 392 3546 453 ass

186 515 260 559 se
293 498 580 572 praecipit
605 484 852 556 Christus
892 499 1011 572 ipse
1030 499 1386 570 sequendum,
1417 497 1601 554 dicens
1627 516 1639 552 :
1674 497 1736 554 Si
1763 499 1837 553 vis
1866 498 1919 559 Λ
1942 497 2140 553 Christi
2165 499 2437 569 loquentis
2461 498 2577 556 lucc
2603 500 2734 556 dicit
2762 515 2775 555 :
2807 501 3052 559 Gaudens
3081 503 3316 578 gaudebo
3351 505 3407 560 in
3430 503 3542 562 Do-

187 596 506 664 perfectus
527 610 657 658 esse,
685 594 828 659 vade,
861 594 1021 648 vende
1043 595 1218 648 omnia
1238 610 1352 666 qua:
1372 593 1476 664 77
1498 593 1674 654 habes.
1699 601 1749 646 et
1769 593 1836 646 da
1939 592 2101 656 mino,
2130 600 2179 645 et
2203 591 2482 646 exsultabit
2511 594 2687 647 anima
2716 593 2845 660 fntea
2884 596 2937 648 in
2987 593 3098 650 Deo
3136 596 3230 666 (al.
3265 595 3368 652 Dee
3400 597 3540 670 meo)

186 683 592 754 pauperibus;
617 691 668 738 et
695 683 904 738 habebis
933 685 1233 740 thesaurum
1261 686 1314 738 in
1343 684 1500 750 caelo;
1531 694 1581 739 et
1601 685 1735 751 veni,
1755 701 1837 739 se-
1939 680 2026 750 qui
2058 679 2151 750 (al.
2183 681 2327 752 quia)
2354 681 2524 736 induit
2568 701 2649 737 me
2684 683 3040 740 vestimentum
3071 687 3276 749 salutis,
3309 696 3357 740 et
3386 687 3540 743 indu-

187 793 381 849 αιτιοι-ε
412 793 506 831 me
535 775 750 848 (Matth.
779 792 888 841 xix,
921 775 1032 844 2i).
1065 777 1183 832 Non
1212 791 1341 847 ergo
1360 777 1627 848 corporali
1650 792 1837 846 gressu
1938 778 2165 825 mentum
2188 771 2409 842 justitia:
2432 773 2770 828 circumdedit
2803 791 2903 842 me,
2936 777 3083 846 quasi
3111 793 3355 848 sponsum
3385 777 3539 833 deco-

187 871 338 926 solo
369 871 673 942 quisquam
702 871 948 939 sequitur
976 869 1270 938 Christum,
1312 878 1403 924 aut
1454 877 1600 926 errat
1624 885 1655 924 a
1681 869 1837 925 Chri-
1938 873 2109 918 ratum
2138 881 2352 933 corona,
2390 875 2440 920 et
2469 867 2615 938 quasi
2651 883 2896 938 sponsam
2939 868 3233 923 decoratam
3263 867 3539 924 monilibus

189 969 321 1015 sto.
364 970 395 998 η
435 959 706 1031 Equidem
754 961 954 1016 erroris
1008 961 1168 1029 hujus
1215 962 1531 1031 qualitatem
1578 961 1838 1018 Dominus
1937 956 2046 1011 suis
2069 955 2224 1028 (Isai.
2261 972 2370 1023 ιιι,
2401 957 2512 1029 10).
2544 957 2683 1014 Ecce
2722 975 2863 1016 unus
2901 969 2985 1016 est
3022 975 3275 1031 sponsus,
3302 959 3328 998 ἀ
3361 968 3445 1015 est
3480 968 3538 1016 et

189 1052 330 1122 ipse
365 1052 742 1120 Salvatorque
771 1060 976 1118 noster,
998 1053 1124 1108 dum
1155 1051 1481 1108 Sadduczeos
1509 1053 1835 1124 increparet,
1939 1063 2156 1120 sponsa,
2186 1048 2278 1117 qui
2305 1063 2365 1104 se
2391 1049 2555 1104 etiam
2587 1051 2823 1106 animam
2851 1051 3052 1108 habere
3077 1061 3302 1109 testatur
3326 1072 3338 1106 :
3370 1068 3536 1123 quam

191 1143 738 1206 ostendit,dicens:
769 1143 1001 1213 Erratis,
1024 1145 1309 1200 nescientes
1330 1147 1651 1216 Scripturas,
1675 1161 1836 1217 neque
1938 1148 2000 1196 ut
2045 1141 2363 1198 ostenderet
2409 1159 2518 1204 non
2565 1145 2682 1200 sine
2730 1145 3004 1202 intellectu
3053 1156 3394 1220 susceptam,
3432 1142 3536 1203 Vcor

191 1234 478 1289 uirtutem
498 1235 599 1290 Dei
628 1234 844 1308 (Matth.
876 1253 1006 1301 xxn,
1038 1236 1151 1307 29).
1183 1237 1476 1308 Propterea
1506 1237 1693 1306 utique
1731 1237 1837 1292 mi-
1940 1233 2107 1302 (quod
2134 1233 2412 1305 proprium
2439 1243 2526 1291 est
2563 1237 2753 1292 anima:
2796 1239 3065 1310 humanm)
3097 1241 3206 1311 78
3227 1239 3387 1294 simul
3412 1255 3536 1294 cum

1937 1337 2104 1379 carne
2154 1324 2209 1378 in
2251 1324 2362 1378 Deo
2401 1325 2703 1381 exsultasse
2744 1342 2811 1381 ex
2859 1343 3092 1397 persona
3135 1329 3370 1384 hominis
3416 1345 3534 1384 sus-

1937 1413 2080 1484 cepti
2107 1415 2431 1470 monstravit
2461 1415 2646 1471 dicens
2673 1435 2688 1471 :
2715 1416 2816 1471 Cor
2839 1436 3005 1473 meum
3051 1429 3103 1474 et
3131 1437 3252 1474 caro
3280 1437 3395 1474 mea
3434 1438 3530 1475 ea:-

1935 1507 2256 1561 sultauerunt
2303 1509 2359 1562 in
2398 1507 2570 1562 Deum
2617 1510 2780 1564 nimim
2811 1509 2982 1579 (Psal.
3026 1527 3253 1578 Lxxxm,
3284 1511 3361 1583 2).
3396 1511 3533 1578 Quia

1934 1612 2066 1653 vero
2107 1604 2313 1653 natura:
2357 1599 2624 1669 primitias
2652 1601 2949 1671 suscipiens
2987 1602 3263 1664 Dominus.
3310 1603 3452 1658 sicut
3478 1604 3532 1660 in

194 1327 550 1382 Ierabiliter
577 1329 852 1395 errabant,
894 1328 1021 1397 quia
1072 1327 1244 1394 illum,
1283 1329 1376 1399 qui
1404 1327 1498 1382 Dei
1527 1327 1698 1383 virtus
1725 1335 1833 1396 est,

191 1419 577 1475 nesciebant.
608 1419 759 1475 Sicut
793 1433 923 1488 ergo
952 1419 1165 1474 virtutis
1195 1420 1287 1475 Dei
1315 1421 1542 1476 scientia
1564 1426 1726 1474 tenax
1749 1426 1838 1475 est

195 1508 474 1564 cmlestis
505 1509 736 1576 itineris,
765 1510 844 1566 sic
868 1517 951 1566 est
980 1511 1193 1566 inscitia
1230 1518 1405 1565 mater
1431 1510 1650 1566 erroris.
1674 1509 1834 1576 Quod

193 1600 388 1656 etiam
424 1600 625 1655 beatus
654 1601 823 1656 David
847 1597 1110 1666 ostendit;
1134 1601 1319 1658 dicens
1358 1601 1426 1657 de
1470 1602 1828 1674 quibusdam:

199 1690 574 1758 Nescierunt,
607 1709 767 1764 neque
805 1693 1190 1762 intellexerunt,
1221 1695 1276 1748 in
1304 1693 1530 1749 tenebris
1567 1692 1833 1748 ambulant
1933 1704 2036 1744 suo
2063 1704 2294 1760 corpore
2332 1699 2649 1747 cunctorum
2691 1691 2926 1748 ﬁdelium
2972 1707 3191 1764 corpus,
3233 1694 3310 1748 sic
3339 1695 3390 1748 in
3433 1710 3531 1750 sua

197 1783 403 1854 (Psal.
442 1800 674 1850 Lxxxm,
702 1782 779 1856 1).
813 1783 908 1841 His
945 1793 1109 1855 atque
1156 1785 1462 1856 huiusmodi
1509 1786 1833 1842 testimoniis
1935 1781 2114 1836 anima
2143 1784 2518 1838 universorum
2558 1780 2792 1840 ﬁdelium
2821 1785 3029 1842 animas
3057 1801 3154 1856 per
3175 1793 3383 1841 naturae
3412 1787 3530 1841 uni-

199 1873 646 1930 evidcntissime
673 1874 1079 1932 demonstratur
1107 1878 1224 1934 ovis
1253 1877 1396 1935 illius
1417 1892 1692 1944 errorem,
1716 1894 1826 1934 non
1855 1874 1905 1934 B
1932 1878 2102 1928 tatem
2143 1881 2201 1929 et
2246 1875 2474 1942 gratiam
2519 1873 2916 1944 justilicationis
2960 1878 3172 1946 accepit
3203 1895 3215 1930 ε
3249 1893 3346 1948 per
3391 1878 3531 1933 hanc

198 1969 402 2024 solum
439 1969 683 2040 corpori,
713 1969 810 2026 sed
851 1971 1014 2025 etiam
1061 1971 1255 2026 anima:
1303 1969 1704 2040 deputandum;
1736 1970 1830 2027 illa

202 2061 436 2117 scilicet
467 2061 700 2128 ratione,
731 2063 986 2132 quoniam
1009 2063 1110 2120 etsi
1139 2063 1208 2119 ab
1235 2063 1455 2120 homine
1474 2063 1831 2134 corporaliter

202 2150 491 2206 videatur
517 2151 733 2224 aliquod
763 2153 971 2208 admitti
999 2162 1300 2224 peccatum,
1349 2169 1418 2210 ex
1459 2153 1626 2210 corde
1665 2155 1831 2210 sumit

205 2244 544 2310 exordium,
577 2260 680 2301 nec
709 2247 1044 2302 extrinsecus
1083 2247 1377 2317 quidquam
1406 2246 1702 2319 perﬁcitur,
1725 2247 1829 2303 nisi

205 2335 324 2392 hoc
373 2337 710 2395 intrinsecus
736 2339 1076 2408 cogitationis
1095 2339 1296 2410 judicio
1318 2341 1643 2411 porrigatur.
1663 2340 1830 2412 Cujus

204 2429 296 2484 rei
327 2430 636 2487 veritatem
663 2431 875 2488 Veritas
901 2433 1059 2488 nobis
1089 2433 1203 2503 ipsa
1233 2434 1571 2500 monstravit,
1617 2435 1692 2489 ita
1720 2435 1831 2491 dis-

207 2521 424 2592 cipulis
468 2525 729 2593 loquens:
768 2525 848 2580 De
874 2525 1028 2580 corde
1073 2526 1212 2580 enim
1257 2534 1447 2580 exeunt
1493 2527 1829 2598 cogitationes

205 2619 405 2684 malm,
444 2619 749 2687 homicidia,
772 2619 1051 2682 adulteria,
1076 2619 1464 2690 fornicationes,
1497 2620 1657 2690 furta,
1679 2609 1831 2690 gfalsa

211 2711 555 2774 testimonia,
585 2709 932 2779 blasphemiae.
958 2708 1006 2762 Η
1015 2723 1088 2763 ωε
1116 2717 1234 2761 sunt
1252 2724 1365 2779 qua:
1392 2707 1830 2778 coinquinantho—

209 2801 420 2855 minem
457 2799 672 2869 (Matth.
699 2815 786 2866 xv,
813 2798 924 2868 l9).
947 2798 1008 2853 In
1035 2798 1144 2854 hoc
1167 2798 1330 2868 igitur
1356 2799 1724 2870 unusquisque
1743 2813 1830 2854 er-

212 2900 323 2958 rat,
359 2892 419 2946 in
461 2908 568 2962 quo
597 2892 946 2963 semetipsum
966 2890 1122 2946 malae
1149 2890 1496 2962 cogitationis
1516 2891 1830 2949 assensione

210 2983 622 3039 commaculet.

211 3093 412 3170 Carn'r
455 3113 508 3150 x.
539 3096 911 3170 Egparabola
957 3100 1063 3154 ovis
1100 3108 1376 3170 reportata:
1407 3100 1654 3170 probatur
1697 3105 1830 3154 totus

290 3166 467 3222 homo
505 3183 548 3241 ε
585 3165 787 3241 Christo
831 3179 1120 3241 susceptus.
1158 3165 1416 3224 Christus
1465 3187 1556 3241 per
1603 3171 1830 3224 animam

1935 1978 2152 2019 omnem
2179 1963 2476 2020 Ecclesiam
2496 1965 2552 2020 in
2578 1965 2885 2036 conjugium
2912 1967 3013 2022 sibi
3041 1975 3316 2038 perpetua:
3347 1968 3530 2022 incor-

1930 2055 2302 2126 ruptibilitatis
2331 2056 2541 2122 ascivit,
2580 2057 2736 2126 cujus
2763 2058 3142 2128 desponsionis
3168 2058 3414 2114 mirabile
3443 2073 3528 2113 sa-

1931 2155 2267 2211 cramentum
2291 2147 2370 2204 sic
2399 2147 2570 2204 ﬁdelis
2595 2149 2779 2220 sponsi
2803 2165 2990 2206 servus
3017 2150 3118 2220 ipsi
3145 2166 3357 2221 sponszc
3381 2167 3528 2206 com-

1929 2240 2172 2304 mendat,
2206 2247 2268 2294 ut
2294 2239 2491 2295 mentis
2515 2241 2846 2309 intelligatur
2865 2243 3038 2311 magis
3065 2257 3186 2298 esse
3213 2258 3377 2313 quam
3406 2258 3528 2298 cor-

1928 2330 2096 2401 poris,
2127 2330 2350 2388 dicens:
2384 2331 2651 2403 Despondi
2695 2335 2831 2387 enim
2872 2350 2958 2388 vos
3003 2336 3094 2388 uni
3125 2335 3256 2399 viro,
3279 2335 3528 2406 virginem

1930 2431 2129 2476 castam
2150 2421 2393 2476 exhibere
2413 2421 2637 2478 Christo.
2667 2422 2840 2478 Timeo
2865 2413 3034 2478 autem
3065 2440 3130 2478 ne
3156 2426 3287 2478 sicut
3315 2441 3528 2496 serpens

1928 2511 2097 2568 Evam
2140 2513 2346 2569 seduxit
2391 2515 2586 2569 astutia
2630 2531 2747 2580 sua,
2791 2516 2865 2568 ita
2912 2523 3310 2586 corrumpantur
3346 2531 3530 2572 sensus

1928 2607 2103 2670 vestri,
2129 2614 2178 2658 et
2213 2605 2459 2659 excidant
2503 2622 2536 2658 a
2574 2605 2923 2676 simplicitate,
2963 2609 3078 2678 qua:
3105 2615 3182 2662 est
3223 2607 3276 2660 in
3321 2605 3527 2665 Christo

1931 2695 2021 2767 (II
2049 2695 2169 2752 Cor.
2202 2712 2278 2764 χι,
2308 2695 2362 2761 2,
2395 2694 2472 2766 5).
2504 2695 2580 2750 lbi
2605 2710 2736 2764 ergo
2764 2697 3020 2766 spiritalis
3042 2697 3256 2752 adulter
3283 2711 3528 2753 corrum-

1928 2801 2061 2857 pere
2089 2787 2281 2856 qumrit
2326 2787 2960 2856 castitatemvirginalis
3013 2788 3380 2853 matrimonii,
3434 2789 3526 2844 ubi

1929 2879 2102 2935 cernit
2131 2878 2336 2934 caelesti
2361 2893 2560 2948 sponso
2587 2878 2744 2933 ﬁdem
2773 2879 3027 2933 connubii
3058 2880 3255 2935 debere
3294 2881 3521 2936 servari.

1928 2971 2169 3026 lnaniter
2200 2978 2381 3026 autem
2419 2971 2612 3026 anima:
2653 2971 2958 3027 castitatem
2995 2972 3254 3027 custodiri
3303 2973 3527 3027 mandat

1929 3061 2238 3132 Apostolus,
2267 3062 2310 3115 si
2340 3060 2500 3130 hujus
2524 3061 2790 3131 primitias
2829 3061 3224 3132 conjunctionis
3249 3063 3303 3116 in
3329 3078 3388 3117 se
3412 3079 3526 3120 non

1929 3153 2120 3210 habuit
2147 3155 2308 3209 homo
2336 3169 2367 3208 a
2404 3153 2515 3210 Deo
2543 3161 2860 3225 susceptus;
2891 3154 3192 3224 praesertim
3216 3169 3338 3208 cum
3359 3161 3527 3224 caput

291 3235 789 3317 suamnEqdqsiam
820 3240 877 3293 in
905 3235 1201 3317 conjugittm
1229 3241 1438 3312 recepit.
1465 3235 1703 3295 Christus
1730 3257 1824 3295 εα-
1853 3247 1900 3312 C
1927 3254 1986 3303 et
2019 3261 2215 3317 corpus
2244 3245 2517 3302 Christum
2548 3245 2953 3316 Ecclesiamque
2992 3245 3185 3301 doctor
3220 3235 3360 3300 idem
3389 3259 3526 3314 gena

294 3316 415 3376 put,
452 3305 688 3363 Ecclesia
710 3326 892 3378 corpus
921 3305 1282 3367 recte'dicitur.

225 3393 228 3396 ’
299 3397 675 3470 QuaprOpter,
706 3417 827 3458 cum
856 3418 1011 3459 error
1037 3403 1141 3460 iste
1164 3405 1355 3460 animae
1378 3405 1536 3460 simul
1565 3405 1831 3475 intelliga-

226 3496 320 3543 tur
345 3496 408 3545 et
437 3491 702 3560 corporis,
731 3492 777 3545 si
809 3491 904 3546 Dei
950 3493 1114 3549 Filius
1141 3495 1343 3566 absque
1372 3497 1548 3551 anima
1577 3496 1830 3551 rationali

225 3577 254 3618 δ
279 3581 464 3636 solam
493 3582 704 3652 accepit
729 3583 963 3639 hominis
990 3599 1206 3641 carnem
1223 3628 1239 3655 ,
1281 3587 1590 3643 inferiorem
1617 3597 1829 3658 partem

225 3672 383 3728 illius
417 3673 532 3727 ovis
558 3673 777 3728 domum
806 3675 1006 3742 retulit,
1030 3677 1310 3733 meliorem
1329 3694 1460 3735 vero
1482 3679 1648 3749 (quod
1666 3680 1828 3749 absit)

222 3764 419 3818 errori
469 3773 732 3835 perpetuo
785 3765 1072 3837 dereliquit
1116 3787 1129 3822 :
1181 3785 1306 3824 nam
1354 3771 1695 3826 manifestum
1747 3779 1832 3827 est

224 3854 496 3924 quoniam
528 3855 634 3912 hoc
670 3858 962 3924 revocavit,
1004 3859 1151 3927 quod
1190 3861 1422 3930 pr0priis
1461 3860 1699 3917 humeris
1737 3876 1828 3917 re-

225 3946 493 4018 portavit.
544 3945 602 4002 Si
648 3955 830 4005 autem
876 3949 991 4022 ipse
1037 3957 1205 4006 totam
1244 3965 1305 4007 se
1342 3950 1627 4022 proﬁtetur
1671 3967 1828 4009 ovem

227 4040 473 4112 propriis
501 4042 739 4099 humeris
759 4043 1065 4116 impositam
1088 4055 1111 4085 ο
1141 4053 1467 4116 reportasse,
1495 4053 1637 4102 totus
1665 4048 1828 4104 homo

227 4139 598 4201 cognoscatur
624 4133 680 4188 in
712 4133 952 4192 Christo.
990 4135 1257 4203 Quoniam
1299 4144 1427 4193 tunc
1463 4145 1550 4192 est
1594 4137 1830 4194 hominis

228 4223 512 4280 credenda
547 4225 847 4297 redemptio
875 4228 921 4283 si
948 4227 1004 4282 in
1039 4227 1177 4284 Filio
1215 4229 1313 4284 Dei
1350 4229 1703 4300 susceptionis
1732 4229 1830 4286 hu-

231 4328 435 4384 manae,
469 4315 523 4371 id
559 4323 643 4372 est
669 4317 786 4373 ovis
814 4317 956 4374 illius
993 4327 1298 4391 reportattn,
1331 4337 1438 4376 non
1467 4307 1637 4376 defuit
1661 4320 1829 4392 pleni-

231 4405 386 4461 tudo.
421 4403 538 4463 Hoc
565 4409 707 4464 enim
731 4408 870 4465 Deus
892 4410 944 4465 in
973 4411 1129 4467 nobis
1153 4412 1398 4480 salvavit,
1429 4412 1573 4482 quod
1601 4427 1700 4484 pro
1724 4427 1824 4468 no-

231 4493 318 4552 bis
359 4499 605 4569 accepit;
647 4507 702 4554 et
731 4499 876 4556 illam
907 4501 1046 4557 Deus
1091 4501 1189 4557 Dei
1228 4501 1395 4558 Filius
1423 4512 1669 4558 naturam
1700 4501 1827 4558 fecit

1934 3337 2067 3391 tium
2111 3333 2407 3406 praedicare
2437 3350 2547 3391 non
2583 3343 2786 3403 cesset,
2815 3335 3039 3391 dicens:
3075 3335 3368 3390 Secundum
3396 3353 3524 3406 ope-

1933 3429 2190 3483 rationem
2227 3429 2470 3498 potentia:
2504 3429 2706 3484 uirtutis
2744 3428 2858 3500 ejus
2902 3445 3056 3500 quam
3091 3439 3332 3501 operatus
3363 3439 3439 3484 est
3463 3430 3526 3485 its

1935 3519 2138 3576 Christo
2164 3520 2310 3586 Iesu,
2338 3522 2596 3576 suscitans
2631 3521 2779 3578 illum
2805 3539 2838 3575 a
2871 3523 3108 3588 mortuis,
3133 3534 3183 3576 et
3208 3524 3526 3578 constituens

1931 3613 2003 3667 ad
2033 3613 2300 3668 dexteram
2323 3629 2474 3668 suam
2494 3614 2550 3666 in
2588 3612 2872 3668 caelestibus
2905 3629 3063 3683 supra
3091 3629 3294 3668 omnem
3321 3614 3524 3682 princio
3617 3681 3623 3685 .

1931 3713 2130 3776 patum,
2171 3714 2221 3760 et
2255 3713 2578 3777 potestatem,
2618 3715 2670 3759 et
2703 3704 2959 3771 virtutem,
3007 3713 3056 3758 et
3093 3705 3522 3772 dominationem,

1929 3803 1980 3850 et
2009 3811 2160 3850 omne
2179 3812 2365 3850 nomen
2391 3795 2528 3866 quod
2552 3796 2868 3862 nominatur,
2901 3811 3004 3850 non
3027 3795 3194 3849 solum
3217 3797 3272 3848 in
3302 3795 3395 3850 hoc
3421 3810 3523 3849 sa:-

1930 3887 2066 3954 culo,
2091 3887 2182 3941 sed
2201 3889 2358 3942 etiam
2385 3887 2438 3940 in
2473 3887 2646 3957 futuro
2671 3902 2690 3940 :
2719 3895 2769 3941 et
2796 3887 2970 3941 omnia
3001 3886 3219 3956 subjecit
3249 3886 3340 3939 sub
3372 3887 3524 3955 pedi-

1932 3979 2024 4033 bus
2065 3979 2197 4049 ejus,
2227 3987 2277 4033 et
2319 3980 2490 4048 ipsum
2535 3978 2676 4031 dedit
2722 3986 2875 4048 caput
2919 3993 3077 4046 supra
3107 3992 3310 4030 omnem
3338 3975 3522 4029 Eccle-

1929 4071 2083 4135 siam,
2132 4085 2246 4140 qua:
2290 4078 2368 4123 est
2411 4085 2597 4138 corpus
2644 4068 2836 4138 ipsius,
2888 4067 3152 4138 plenitudo
3205 4066 3337 4136 ejus,
3372 4077 3393 4103 ο
3434 4065 3524 4136 qui

1929 4164 2103 4218 munia
2144 4163 2201 4216 in
2246 4161 2482 4217 omnibus
2525 4160 2771 4232 adimplet
2809 4158 3023 4232 (Ep/tes.
3066 4177 3103 4228 ι,
3135 4158 3340 4230 20-22).
3403 4159 3525 4216 Alio

1931 4265 2148 4320 quoque
2186 4249 2307 4306 loco
2333 4249 2530 4306 dicitur
2559 4248 2655 4321 (al.
2687 4247 2837 4320 dicit)
2868 4265 2881 4301 :
2922 4247 3017 4302 Vir
3057 4256 3210 4320 caput
3241 4257 3318 4302 est
3347 4248 3524 4302 mulie-

1927 4343 2023 4407 ris,
2054 4342 2187 4397 sicut
2226 4341 2461 4398 Christus
2508 4348 2662 4412 caput
2702 4348 2779 4396 est
2824 4333 3094 4406 Ecclesiae,
3142 4341 3252 4410 ipse
3282 4339 3525 4396 Salvator

1931 4435 2164 4503 corporis
2194 4432 2409 4505 (Ephes.
2439 4449 2493 4499 v,
2518 4432 2630 4504 25).
2660 4431 2943 4500 Quomodo
2983 4445 3112 4501 ergo
3135 4432 3312 4486 anima
3338 4431 3526 4488 Eccle-

1929 4524 2023 4580 siae
2071 4523 2271 4595 poterit
2313 4523 2531 4589 salvari,
2577 4524 2621 4579 si
2659 4522 2830 4578 defuit
2867 4523 3046 4578 anima
3091 4522 3401 4578 Salvatori?
3436 4524 3525 4580 vel

232 4589 554 4659 participem
594 4590 782 4647 salutis
818 4599 1049 4659 aeternae,
1098 4607 1259 4662 quam
1310 4593 1410 4648 sibi
1444 4594 1724 4664 conjunxit
1771 4596 1828 4650 in

1932 4589 2108 4684 qualis
2144 4613 2363 4669 eﬁ'ectus
2408 4613 2742 4669 liberationis
2784 4613 3034 4668 credetur
3064 4613 3159 4685 (al.
3191 4615 3526 4684 crederetur)

233 4680 445 4735 unitate
473 4696 716 4752 personae
749 4700 762 4734 :
795 4681 940 4736 illam
997 4683 1050 4736 in
1097 4684 1317 4739 cmleste
1359 4685 1614 4755 palatium
1653 4686 1829 4743 intro-

236 4769 415 4837 duxit,
447 4787 569 4826 cum
597 4787 704 4843 qua
732 4787 962 4842 sponsus
993 4771 1061 4828 de
1098 4774 1336 4828 thalamo
1377 4775 1516 4829 uteri
1553 4775 1829 4844 virginalis

235 4862 445 4931 exivit):
472 4864 582 4933 ipse
609 4864 776 4930 enim,
795 4873 1041 4935 tanquam
1068 4881 1288 4935 sponsus
1315 4865 1593 4934 procedens
1623 4867 1685 4920 de
1708 4869 1826 4920 tha-

237 4953 374 5008 lamo
423 4971 538 5023 suo,
582 4957 870 5024 exsultavit
903 4965 960 5010 ut
1012 4959 1159 5030 gigas
1209 4957 1280 5010 ad
1330 4959 1638 5012 currendam
1692 4960 1826 5013 viam

175 5106 185 5116 ο
237 5043 410 5112 (Psal.
442 5062 589 5112 xvm,
617 5047 672 5115 6,
702 5046 779 5117 7).
811 5046 943 5114 Quis
971 5056 1150 5104 autem
1178 5047 1432 5103 moliatur
1453 5048 1632 5104 dicere
1662 5048 1824 5104 Verbi

236 5135 331 5193 Dei
359 5155 611 5210 sponsam
640 5155 859 5195 carnem
885 5142 1068 5208 fuisse,
1098 5159 1204 5198 non
1235 5143 1505 5198 animam?
1526 5144 1612 5199 cui
1635 5144 1826 5200 animae

236 5225 343 5296 jam
363 5231 567 5300 pridem
580 5231 783 5287 dictum
795 5241 877 5288 est
892 5234 959 5290 ab
977 5235 1090 5304 ipso
1103 5233 1330 5288 Domino
1357 5249 1456 5304 per
1469 5235 1787 5305 prophetam
1809 5253 1822 5290 :

239 5319 308 5374 Et
345 5323 664 5394 desponsabo
715 5334 763 5380 te
802 5327 926 5378 mihi
965 5328 1020 5379 in
1060 5335 1350 5391 wtcrnum;
1391 5333 1441 5380 et
1481 5326 1734 5396 sponsabo
1778 5336 1827 5382 te

240 5413 362 5467 mihi
392 5415 461 5468 ad
481 5417 741 5488 justitiam
769 5410 871 5489 (ζει.
903 5418 957 5469 in
974 5417 1182 5486 justitia
1206 5417 1224 5487 )
1244 5459 1259 5483 ,
1289 5425 1338 5471 et
1374 5419 1426 5472 in
1451 5417 1669 5489 judicio,
1699 5427 1747 5474 et
1767 5419 1823 5473 in

241 5507 608 5573 misericordia,
653 5515 703 5562 et
741 5508 928 5577 pietate
956 5507 1129 5579 (Osca:
1165 5525 1222 5574 ιι,
1255 5509 1362 5579 19).
1395 5510 1560 5579 Cujus
1584 5511 1824 5585 mysterii
1865 5559 1873 5564 .

245 5603 402 5666 Isaias
443 5623 660 5680 quoque
687 5608 842 5666 testis
879 5608 1052 5681 ﬁdelis
1097 5609 1320 5674 exstitit,
1352 5611 1441 5680 qui
1482 5626 1550 5668 ex
1590 5626 1819 5682 persona

312 5747 458 5818 ξμς.
490 5748 680 5816 Corb.,
709 5748 778 5802 Et
800 5749 1024 5818 quidem.

308 5815 334 5855 ⁵
351 5815 458 5874 Ms.
483 5815 671 5883 Corb.,
692 5815 878 5874 solum.

299 5897 321 5927 ε
346 5888 528 5946 Abest
557 5906 587 5944 a
614 5905 714 5943 ms.
747 5889 910 5946 Corb.
941 5891 1055 5947 haec
1082 5889 1188 5948 vox
1211 5893 1520 5962 impositam.

513 5989 786 6051 Parnm"
824 5986 1020 6048 LXV.

1930 4714 2217 4760 secuturus
2242 4705 2297 4759 in
2324 4719 2570 4774 corpore,
2597 4704 2691 4774 qui
2736 4715 2842 4759 non
2886 4705 3164 4774 prmcessit
3210 4705 3263 4759 in
3304 4706 3526 4775 capite!

1931 4792 2067 4848 Nam
2105 4793 2246 4848 sicut
2284 4794 2396 4848 suis
2434 4791 2678 4848 ﬁdelibus
2705 4793 2834 4848 dicit
2863 4810 2876 4845 :
2911 4792 2972 4848 Si
3012 4809 3100 4848 vos
3129 4792 3299 4847 Filius
3329 4794 3523 4848 libera-

1928 4883 2078 4949 verit.
2101 4893 2222 4936 tunc
2249 4899 2362 4937 vere
2389 4883 2537 4936 liberi
2565 4884 2710 4936 eritis
2739 4881 2922 4953 (loan.
2952 4897 3062 4947 vni,
3093 4882 3209 4952 56),
3241 4883 3313 4938 ita
3354 4883 3420 4938 de
3461 4899 3523 4938 sc

1929 4987 2146 5042 quoque
2185 4973 2538 5043 pronuntiat:
2565 4971 2702 5036 Quia
2752 4974 2920 5043 factus
2958 4980 3034 5026 est
3060 4974 3191 5026 sicut
3231 4974 3383 5027 homo
3413 4975 3525 5026 sine

1933 5061 2193 5133 adjutorio
2216 5063 2352 5117 inter
2378 5071 2606 5117 mortuos
2635 5061 2764 5116 liber
2796 5062 2968 5131 (Psal.
2999 5079 3235 5126 Lxxxvn,
3268 5061 3342 5128 5).
3373 5063 3526 5128 Quod

1932 5166 2064 5222 ergo
2085 5161 2246 5224 caput
2272 5153 2500 5210 liberum
2522 5152 2648 5209 fecit
2676 5154 2730 5209 in
2751 5167 2832 5220 se,
2859 5153 2966 5209 hoc
3005 5154 3168 5210 etiam
3199 5153 3443 5206 liberavit
3473 5153 3526 5209 in

1931 5258 2185 5314 corpore,
2217 5243 2343 5314 quia
2393 5244 2602 5298 intrans
2649 5243 2702 5298 in
2743 5243 2964 5298 domum
3015 5243 3188 5304 fortis,
3219 5247 3382 5308 atque
3409 5240 3526 5295 alli-

1929 5351 2064 5408 gans
2106 5336 2301 5391 fortem
2333 5333 2548 5406 (Matth.
2583 5350 2678 5401 xn,
2707 5333 2821 5404 29),
2851 5335 2956 5389 hoc
2985 5332 3056 5387 ibi
3085 5347 3114 5384 a
3145 5328 3364 5384 servitio
3392 5329 3528 5384 libe~

1930 5427 2090 5491 ravit,
2122 5428 2266 5498 quod
2305 5427 2552 5498 primitus
2589 5429 2644 5481 in
2687 5441 2745 5481 se
2783 5439 2882 5496 pro
2919 5437 3076 5478 servo
3116 5421 3380 5490 suscepit;
3423 5435 3526 5477 nec

1932 5517 2075 5574 aliud
2103 5526 2187 5575 est
2233 5519 2288 5574 in
2334 5532 2564 5588 corpore
2596 5515 2616 5554 ί
2651 5524 3016 5583 regnaturum,
3069 5526 3232 5582 quam
3279 5511 3423 5584 quod
3467 5511 3525 5566 in

1929 5613 2105 5684 capite
2135 5612 2405 5682 praecessit
2434 5610 2529 5684 (al.
2555 5604 2842 5680 processit)
2877 5605 2944 5660 ad
2982 5605 3196 5661 cmlum.
3243 5604 3406 5673 Cujus
3440 5603 3521 5659 rei

1999 5753 2024 5790 ἀ
2055 5754 2112 5809 In
2136 5771 2237 5809 ms.
2271 5753 2432 5809 Corb.
2463 5751 2616 5806 deest
2645 5760 2740 5806 est.

2002 5835 2024 5859 σε
2054 5823 2152 5878 Ms.
2185 5824 2370 5885 Corb.,
2401 5823 2521 5892 quia
2550 5822 2723 5892 omnia
2751 5821 2802 5875 in
2834 5823 3068 5876 omnibus
3093 5818 3422 5888 adimpletur.

2001 5893 2022 5930 ί
2047 5892 2127 5949 Ita
2155 5909 2257 5949 ms.
2289 5890 2451 5949 Corb.
2479 5891 2546 5945 At
2573 5890 2702 5948 editi
2732 5892 2932 5950 habent
2953 5892 3296 5964 regnantium.

2471 5987 2474 5992 ’
2903 5996 2906 5998 ⁷
3002 5985 3044 6047 8
