2060 3236
75 213 146 240 εἴη

728 210 773 239 AD
793 209 1041 241 TRASIMUNDUM
1061 211 1125 240 LIB.
1144 212 1166 240 1.

1693 215 1747 246 238

82 268 172 300 Deo,
192 272 312 303 tanquam
329 266 427 294 Aaron.
446 264 491 294 Sic
502 269 527 293 et
540 260 658 294 Christus
673 274 724 294 non
739 268 900 303 semetipsum
915 269 941 299 Α
953 268 1027 302 eguit
1040 268 1193 297 liberatoris
1207 269 1317 298 auxilio.
1331 267 1360 298 Si
1372 274 1461 299 autem
1476 274 1561 300 totum
1573 270 1667 300 debuit
1677 272 1748 302 libe-

81 315 261 350 ctariﬁcauit
280 317 309 341 ut
328 313 445 349 pontifex
467 313 549 348 ﬁeret,
574 312 620 340 sed
638 314 680 349 qui
699 313 797 341 locutus
816 313 903 341 estad

83 370 160 388 eum
177 369 187 388 :
200 359 284 387 Filius
304 366 374 386 meus
394 366 422 386 es
444 363 480 391 tu,
494 367 540 394 ego
550 359 626 386 hodie
645 360 719 395 genui
730 363 754 386 te
769 359 860 395 (Hebr.
873 368 900 392 v,

87 409 98 436 I
126 408 280 447 5)._QUem
306 411 395 435 tamen
418 407 575 443 pontiﬁcem
601 407 665 434 dicit
683 414 731 442 per
750 407 838 434 omnia
852 415 902 442 pro

84 454 282 483 similitudine
316 453 416 488 absque
444 455 555 488 peccato
587 456 729 480 tentatum.
765 452 816 480 Per
842 458 901 488 quas

83 504 200 527 autem
224 499 314 526 omnia
343 502 461 526 tentatus
490 498 590 531 fuerit,
618 498 740 533 superius
763 498 902 526 evidenter

86 546 228 574 ostendit
241 545 332 574 dicens
347 553 353 571 :
371 543 505 580 Nusquam
520 545 587 572 enim
601 544 705 580 angelos
720 544 899 579 apprehendit,

83 591 144 617 Sed
158 598 251 617 semen
271 588 381 620 Abruhw
400 589 579 624 apprehendit.
601 588 675 616 Unde
690 588 776 615 debuit
789 595 834 623 per
845 597 901 615 om-

85 636 141 662 uia
163 635 292 670 fratribus
311 635 433 668 similari,
458 639 485 661 ut
510 635 655 661 misericors
674 633 755 669 ﬁeret,
777 637 800 660 et
814 633 901 668 ﬁdeli!

85 683 226 717 pontifex
245 682 279 708 ad
296 681 387 714 Deum,
403 685 431 708 ut
451 682 628 716 repropitiaret
645 680 739 707 delicta
751 679 847 714 populi.
867 678 900 706 In

84 735 122 754 eo
139 727 218 754 enim
232 734 280 763 quo
309 727 355 762 (al.
383 726 465 762 quod)
485 732 576 762 passus
599 729 638 753 est
655 726 710 761 ipse
725 726 754 752 et
777 729 897 757 tentatus,

87 778 197 808 potens
216 777 256 800 est
278 773 317 800 his
331 773 374 808 qui
394 777 525 800 tentantur
544 772 667 799 auxiliari
691 770 783 806 (Hebr.
805 778 833 803 ιι,
849 770 898 797 16-

89 817 157 853 ts).

87 863 198 891 Cum?
214 871 269 891 xui.
285 863 344 890 Alia
364 864 431 904 ratio
450 862 608 904 ez_Paulo,_
621 862 682 904 quia
697 861 813 904 Christus
833 865 857 888 et
870 862 898 888 in

283 906 361 925 carne
374 902 399 925 et
413 899 440 924 in
452 899 541 924 animo
556 902 668 924 tentati“
679 902 727 924 nt.

955 321 1015 341 rare
1030 314 1125 349 pietas,
1141 318 1226 342 totum
1247 315 1339 343 debuit
1353 317 1491 352 suscipere
1504 316 1594 345 divina
1608 317 1749 353 maiestas.

955 361 1048 388 Totius
1067 368 1131 396 ergo
1150 361 1198 389 fuit
1214 362 1331 390 hominis
1345 370 1358 390 a
1375 364 1430 391 Deo
1449 363 1616 398 suscipienda
1641 368 1748 398 natura,

953 407 1080 441 quoniam
1095 407 1121 434 in
1137 411 1195 434 toto
1212 408 1260 435 fuit
1274 409 1413 443 captivitas
1426 410 1595 444 captivanda,
1616 414 1647 438 ut
1662 413 1674 430 ³
1689 415 1749 441 tota

953 452 1030 480 simul
1045 453 1229 487 acquireretur
1241 453 1275 481 de
1291 455 1424 489 captivata
1441 456 1596 490 captivitate
1609 457 1721 485 victoria
1736 465 1746 485 :

953 501 980 524 c1
996 497 1042 532 (at.
1061 498 1099 533 ut)
1110 519 1117 531 ,
1137 499 1283 526 secundum
1298 499 1496 534 prmdicationis
1519 501 1673 535 apostolica:
1687 508 1748 530 scn-

953 543 1064 570 tentiam
1078 563 1084 575 ,
1107 543 1239 578 captivant
1263 544 1365 572 ducens
1387 545 1568 580 captivitatem
1585 546 1691 582 (Ephet.
1707 551 1746 581 Ν,

952 588 1001 623 8),
1027 589 1193 624 principatus
1216 592 1244 617 et
1264 593 1412 625 potestates
1435 588 1588 620 traduceret
1609 591 1747 620 conliden-

952 637 1002 667 ter,
1018 635 1107 670 palam
1124 634 1291 670 triumphans
1305 633 1365 663 illos
1384 635 1411 663 in
1426 636 1573 672 semetipso
1589 636 1700 673 (Colon.
1715 643 1746 670 η.

953 677 1014 715 ts).
1566 688 1568 690 τ

950 736 1041 764 CAPUT
1053 745 1105 764 xiv.
1118 737 1178 764 Alia
1188 738 1254 764 ratio
1269 745 1285 763 α
1300 736 1426 765 divisione
1437 746 1482 772 per
1497 733 1607 774 quatuor
1618 737 1745 766 membra.

986 791 1027 819 Ad
1039 796 1190 819 extremum
1203 792 1307 819 dicatur
1326 800 1375 820 cur
1388 793 1422 820 ab
1442 793 1487 820 illa
1502 788 1629 821 iuetiabili
1648 793 1746 820 divini<

951 841 1007 864 tate
1022 845 1075 864 non
1099 838 1180 865 fuerit
1196 838 1292 865 anima:
1306 842 1403 866 natura
1427 843 1554 873 suscepta
1567 846 1628 866 cum
1640 837 1745 867 carne?

951 887 1040 910 utrum
1055 890 1070 909 α
1082 883 1138 910 Deo
1153 890 1207 910 non
1223 882 1303 911 fuerit
1313 883 1402 911 facta?
1414 883 1455 910 An
1469 887 1582 918 peccato
1593 892 1652 911 non
1662 884 1746 913 luerit

127 943 162 971 Si
177 949 246 978 ergo
266 944 292 970 in
305 950 338 970 eo
357 950 411 977 quo
436 943 483 979 (al.
499 942 581 977 quod)
597 946 716 969 tentatus
734 945 776 970 at
787 942 899 970 tentati:
913 952 938 986 Β
950 927 1062 986 ξψξῗῖ
1370 928 1529 986 universfns
1541 928 1682 986 ‘medicma
1694 929 1745 980 “,e‘

86 989 235 1015 auxilium
255 988 336 1016 donat
352 1007 359 1020 ,
372 988 497 1023 proiecto
519 988 545 1015 in
565 995 619 1022 quo
641 991 759 1016 tentatus
780 995 835 1015 non
855 991 898 1016 est

86 1034 216 1062 tentatis
230 1034 358 1060 auxilium
383 1041 436 1060 non
458 1033 601 1060 ministrat.
621 1032 681 1066 Quo
705 1032 846 1062 conﬁcitur
867 1037 900 1061 ut

85 1079 116 1106 hi
134 1080 190 1114 qui
206 1078 313 1107 Christo
327 1079 411 1106 solum
427 1086 534 1106 carnem
550 1079 695 1106 humanam
709 1079 855 1113 assignant,
869 1083 900 1106 et.

84 1124 222 1151 animant
236 1124 379 1157 denegant,
404 1124 430 1151 in
459 1124 516 1151 sola
535 1131 615 1151 carne
635 1129 754 1158 quarunt
768 1124 900 1151 auxilium

83 1169 212 1201 Christi,
239 1170 265 1196 iu
286 1170 374 1197 anima
398 1176 463 1196 vero
484 1173 640 1197 remaneant
660 1169 899 1197 destitutizFilius

83 1215 137 1243 Dei
166 1221 292 1249 namque
305 1214 357 1241 hoc
375 1214 484 1248 adjuvat
507 1214 534 1241 in
561 1214 678 1246 homine,
694 1213 765 1248 quod
779 1214 897 1249 suscepit

85 1268 141 1296 pro
158 1260 286 1287 homine.
311 1259 387 1292 Quod
414 1259 436 1286 si
460 1263 489 1286 et
509 1259 535 1286 in
554 1259 641 1285 anima
655 1263 683 1285 et
697 1259 724 1285 in
736 1266 817 1286 carne
829 1266 895 1293 pro-

86 1307 199 1334 mereri
219 1305 319 1333 Christi
341 1305 510 1332 delectantur
532 1304 677 1335 auxilium,
696 1303 830 1332 fateantur
847 1310 897 1331 ne-

86 1360 174 1380 cesse
188 1356 233 1379 est
248 1352 328 1387 (sicut
341 1352 441 1379 veritas
460 1351 552 1385 habet)
566 1354 595 1378 et
613 1351 639 1377 in
653 1350 741 1377 annos
754 1350 854 1384 pariter
867 1353 898 1377 et

87 1399 117 1425 in
129 1404 222 1425 carne
236 1400 379 1424 tentatum.
396 1395 430 1422 Et
449 1395 538 1422 enim
553 1394 634 1429 igitur
647 1395 774 1426 humana,
789 1397 817 1421 et
831 1401 896 1421 caro

87 1443 179 1470 simul
194 1446 239 1471 est
255 1442 283 1469 in
296 1441 405 1470 Christo
428 1445 541 1469 mata.
563 1440 641 1474 Quod
658 1440 681 1467 si
705 1439 783 1467 simul
801 1443 843 1467 est
868 1439 896 1467 in

86 1489 209 1516 Christo
223 1492 251 1516 et.
268 1489 356 1516 anima
378 1492 406 1515 et
424 1495 488 1515 caro
505 1490 619 1519 tentata,
644 1486 723 1514 simul
745 1490 787 1514 est
805 1486 839 1513 ab
861 1493 897 1514 eo

86 1539 218 1569 utraque
236 1536 423 1568 suscepta;et
437 1533 460 1560 si
483 1536 623 1566 utramque
642 1531 767 1566 dignatus
781 1532 833 1566 ει
853 1535 897 1558 est

88 1580 248 1614 suscipere.
272 1582 413 1613 utramque
438 1577 562 1612 (limatus
583 1580 625 1604 est
648 1577 706 1604 sine
728 1576 896 1604 dubitatione

950 975 1040 1009 spexit
1053 975 1063 1009 (
1074 974 1111 1001 at.
1126 973 1319 1009 despexerit)?
1334 974 1374 1001 An
1386 974 1491 1009 peccati
1506 975 1617 1002 vulnere
1637 974 1744 1002 saucia-

948 1024 1005 1048 tam
1017 1020 1188 1054 omnipotens
1198 1026 1293 1046 curare
1307 1019 1427 1053 nequivit
1438 1019 1487 1055 (at.
1499 1019 1678 1054 nequiverit)?
1689 1019 1745 1047 Sed

947 1066 1045 1094 horum
1058 1065 1174 1100 primum
1196 1068 1415 1100 postremumque
1438 1065 1484 1100 qui
1505 1064 1636 1098 senliunt,
1654 1068 1682 1092 et
1693 1064 1759 1092 ιιι--

947 1119 1041 1139 versus
1053 1111 1179 1138 virtutem
1190 1109 1331 1143 creatoris,
1356 1115 1384 1138 et
1398 1114 1494 1138 contra
1517 1110 1668 1145 potentiam
1681 1109 1746 1138 Sal-

948 1158 1050 1186 vuloris
1073 1157 1189 1185 rebelles
1210 1157 1338 1190 existunt,
1362 1157 1438 1184 sive!
1452 1156 1569 1192 aliquam
1589 1159 1744 1186 creaturam

948 1208 1043 1239 putant
1057 1211 1073 1231 a
1086 1203 1144 1231 Deo
1154 1210 1208 1230 non
1222 1202 1332 1235 factam,
1347 1202 1390 1230 vel
1399 1202 1435 1229 ad
1446 1201 1560 1229 salutem
1566 1202 1664 1228 anima:
1674 1209 1743 1229 con-

948 1249 1084 1277 ferendam
1098 1252 1260 1284 potestatem
1275 1248 1368 1276 dicunt
1377 1247 1571 1282 omnipotentis
1585 1247 1741 1274 invalidam.

948 1294 1059 1322 Duobus
1072 1301 1139 1322 vero
1152 1293 1258 1324 mediis,
1272 1300 1325 1321 nec
1349 1297 1490 1328 peccatum
1504 1291 1679 1331 considerant
1698 1300 1742 1318 ra-

949 1340 1058 1367 tionalis
1075 1343 1220 1371 creaturze,
1245 1346 1298 1367 nec
1316 1338 1459 1371 meritum;
1481 1345 1536 1365 non
1560 1338 1742 1371 intelligenles

947 1394 1030 1416 carne
1041 1394 1090 1415 sua
1103 1386 1227 1414 viliorem
1240 1393 1300 1413 esse
1315 1393 1370 1413 non
1382 1393 1465 1421 posse
1478 1392 1538 1420 quae
1551 1386 1634 1413 vitam
1647 1386 1741 1413 tribuit

947 1432 1031 1465 carni,
1047 1436 1076 1459 et
1089 1432 1162 1460 illam
1184 1432 1292 1466 gravius
1304 1432 1484 1466 vulneratam,
1498 1439 1559 1466 qum
1573 1439 1621 1467 per
1641 1431 1742 1459 intelli-

947 1479 1065 1512 gentiam
1087 1478 1172 1512 magis
1194 1478 1282 1513 potuit
1300 1478 1429 1506 resistere
1447 1478 1583 1506 tentatori.
1600 1477 1647 1504 Illa
1662 1478 1742 1511 igitur

948 1523 1119 1558 omnipotens
1141 1523 1237 1557 virtus,
1257 1526 1286 1551 et
1308 1523 1353 1558 pia
1374 1522 1523 1558 sapientia,
1548 1531 1599 1550 nec
1617 1522 1743 1557 despexit

947 1570 1021 1597 velut
1040 1573 1196 1596 extraneam
1216 1577 1297 1605 quam
1319 1576 1336 1597 a
1360 1576 1390 1597 se
1413 1572 1527 1596 noverat
1550 1568 1665 1600 factam,
1689 1575 1743 1597 nec

89 1625 217 1652 salvere.
233 1624 345 1659 Dignum
360 1631 476 1659 namque
496 1624 556 1657 fuit,
571 1627 724 1658 nasumque
737 1624 816 1651 saluti
827 1631 894 1651 oon-

948 1615 1049 1649 sprevit
1062 1615 1208 1642 sanandam
1223 1622 1304 1650 quam
1316 1615 1419 1642 sciebat
1434 1615 1542 1649 gravius
1554 1614 1742 1648 vulneratam.

948 1667 996 1670 μ--
1018 1667 1074 1670 --μ
1093 1666 1169 1670 -.___
1189 1667 1266 1670 μ---
1285 1660 1418 1670 _-.=-___
1436 1658 1498 1670 .__..
1515 1666 1527 1670 -
1552 1659 1669 1670 “an..-
1696 1665 1722 1670 --

90 1670 224 1700 veniens.
240 1658 273 1697 ut
282 1669 352 1698 Deus
364 1658 445 1697 verus
460 1677 494 1697 ex
502 1676 569 1697 vero
584 1668 664 1696 Patre
685 1668 759 1696 solus
771 1668 895 1696 substan-
906 1658 931 1670 ’⁸
947 1667 998 1686 ηθο
1015 1667 1076 1686 eam
1090 1666 1172 1694 quam
1186 1667 1268 1687 came
1285 1660 1420 1694 Ροιίοπθιη
1435 1658 1501 1686 fec“
1514 1666 1530 1686 a
1552 1659 1672 1686 remedio
1695 1665 1742 1686 ⁸³⁸

91 1716 204 1744 “aliter
224 1719 304 1743 enatus
330 1723 423 1743 veram
444 1715 561 1743 hominis
578 1723 659 1750 quam
680 1715 738 1750 ipse
762 1714 825 1742 fecit
838 1715 895 1742 anis

91 1768 168 1787 mam
180 1767 346 1795 carnemque
356 1760 514 1795 susciperet,
528 1760 554 1787 iu
568 1764 680 1794 utraque
689 1767 750 1787 cum
762 1762 897 1787 tentatore

90 1809 245 1840 pugnaret,
265 1806 293 1832 in
307 1810 420 1839 utraque
433 1805 565 1836 vinceret,
584 1812 617 1831 ac
635 1804 761 1839 deinceps
781 1804 808 1831 in
823 1808 896 1832 utra-

81 1859 148 1886 .que
166 1851 282 1877 tentatis
304 1850 519 1877 subministraret
541 1849 681 1883 auxilium,
699 1858 759 1877 cum
779 1850 806 1877 in
822 1855 897 1877 utra-

91 1903 150 1931 que
177 1894 292 1922 inﬁrmis
315 1902 348 1922 ac
370 1894 505 1922 morituris
523 1894 643 1921 victoria:
658 1895 790 1929 prmberct
805 1902 897 1922 exem-

91 1941 185 1977 plum.
203 1939 251 1967 llla
265 1947 373 1975 quoque
386 1940 519 1968 sententia
533 1944 730 1967 sacramentum
744 1940 898 1968 Mediatoris

93 1985 247 2014 manifesto
258 1985 425 2014 demonstrat
438 1985 547 2019 indicio,
562 1994 642 2021 quam
656 1986 712 2021 ipsa
724 1986 822 2013 veritas
834 1993 897 2021 pro-

94 2032 171 2064 tulit,
188 2031 300 2059 dicens:
321 2031 396 2059 Venit
421 2032 491 2059 enim
515 2032 600 2059 Filius
620 2032 728 2060 hominis
742 2032 839 2059 salvum
853 2033 896 2067 fa-

93 2085 155 2105 cere
171 2081 198 2104 et
208 2085 322 2113 querere
337 2077 406 2113 quod
423 2078 535 2113 perierat
547 2077 621 2113 (Luc.
634 2086 689 2111 χιι,
702 2077 757 2114 10).
768 2077 897 2106 Attenda-

96 2130 160 2150 mus
181 2122 264 2157 isitur
285 2122 349 2158 quid
366 2123 476 2158 perierit
499 2123 598 2151 terreni
625 2123 742 2150 hominis
764 2123 851 2158 lapsu,
869 2127 898 2151 et

97 2175 282 2203 agnoscamus
295 2169 358 2203 quid
374 2169 514 2203 quaesitum
537 2168 617 2196 fuerit
641 2169 756 2196 hominis
779 2169 896 2196 cmlestis

97 2214 230 2242 adventu.
242 2213 448 2242 Consideremus
460 2214 524 2249 quid
535 2214 562 2241 in
577 2221 606 2241 sc
624 2214 759 2248 peccando
771 2214 817 2248 (al.
832 2221 897 2248 pec-

97 2261 175 2297 cato)
187 2260 337 2288 vendiderit
345 2268 448 2294 servus,
463 2264 490 2288 et
504 2260 642 2295 apparebit
653 2260 716 2295 quid
725 2259 896 2294 suscipiendo

99 2307 250 2335 redemerit
273 2306 411 2334 Dominus.
435 2306 610 2333 Attendamus
633 2305 697 2340 quid
720 2305 790 2332 latro
805 2305 830 2332 in
848 2305 935 2349 lto-D

99 2352 184 2380 minis
201 2352 358 2380 scductione
381 2351 570 2383 vulneraverit,
592 2355 621 2377 ut
642 2350 743 2377 clarcat
758 2349 821 2384 quid
840 2357 898 2376 me-

100 2398 178 2426 dicus
203 2398 231 2426 in
253 2398 369 2426 hominis
395 2397 565 2432 susceptione
588 2396 734 2423 sanaverit.
753 2395 847 2423 Nonne
862 2402 897 2422 ex

99 2450 186 2471 carne
213 2443 292 2471 simul
314 2444 457 2477 animaque
476 2441 640 2476 compositus
661 2445 823 2476 praeceptum
848 2440 896 2468 Dei

100 2489 185 2517 homo
197 2489 300 2524 primus
316 2488 444 2524 accepit?
466 2486 542 2521 Quod
563 2487 585 2514 si
605 2486 632 2513 in
652 2490 763 2520 utraque
777 2492 896 2519 praecep-

101 2540 160 2565 tum
181 2538 228 2565 Dei
250 2537 420 2572 cognoscitur
442 2535 592 2570 accepisse,
618 2534 645 2561 in
669 2537 781 2567 utraque
804 2531 896 2559 debuit

102 2583 283 2611 obedientiam
297 2582 423 2618 pmepti
443 2588 559 2609 servare.
575 2579 604 2608 Si
628 2583 716 2606 autem
737 2578 763 2605 in
783 2581 895 2612 utraque

101 2628 151 2656 fuit
177 2629 324 2664 parendum
349 2632 495 2663 praecepto,
518 2627 552 2654 ab
578 2630 691 2660 utraque
715 2624 830 2651 admissa
854 2627 895 2651 est

102 2674 280 2708 transgressio
298 2683 304 2700 :
325 2673 450 2708 quoniam
472 2672 540 2699 sicut
560 2675 601 2699 est
621 2670 774 2708 inchoatum
799 2669 894 2695 animm

103 2706 248 2755 cupiditate
262 2706 412 2755 peccatum,
428 2718 467 2745 sic
481 2721 522 2744 est
542 2715 642 2744 carnali
657 2706 822 2742 comestione
838 2721 895 2748 per.

105 2765 201 2793 fectum
218 2775 223 2792 :
239 2770 266 2792 et
290 2764 361 2796 ideo,
385 2762 457 2797 quod
484 2766 554 2789 totus
578 2761 658 2787 homo
680 2763 782 2785 reatum
807 2763 894 2784 trans-

104 2811 248 2843 gressionis
271 2809 392 2841 admisit,
419 2810 504 2835 totum
525 2805 573 2833 sibi
594 2804 717 2831 diabolus
740 2802 893 2838 captivavit.

105 2853 180 2887 Quod
199 2857 220 2883 si
240 2860 312 2883 totus
338 2855 478 2881 tenebatur
502 2849 664 2885 captivitatis
685 2849 800 2881 vinculo,
822 2852 894 2875 totus

140 2916 150 2929 "
163 2911 214 2946 llis.
232 2912 322 2943 Corb.,
340 2916 402 2941 toto,
419 2910 486 2946 forte
507 2916 556 2943 pro
579 2908 633 2934 toti.
660 2905 759 2946 Supple
776 2905 883 2946 nomini.

139 2945 211 2975 bEd.
228 2947 289 2974 cod.
306 2946 385 2973 Basil.
403 2945 493 2978 habet,
512 2951 612 2971 necesse
630 2946 685 2968 erat
705 2945 731 2966 ut
745 2944 882 2966 interverti-

948 1704 1010 1731 lutis
1020 1704 1135 1731 exclusit
1159 1713 1166 1730 :
1189 1704 1238 1732 sed
1258 1704 1329 1732 sicut
1355 1708 1441 1732 totum
1460 1705 1597 1732 hominem
1617 1703 1742 1732 diabolus

946 1749 1105 1784 decipienda
1117 1750 1259 1784 percussit,
1271 1749 1308 1776 ita
1321 1749 1392 1777 Deus
1406 1754 1492 1777 totum
1506 1749 1676 1785 suscipiendo
1688 1749 1742 1777 sal-

947 1795 1020 1821 vavit
1040 1804 1046 1821 :
1071 1796 1126 1830 82
1150 1799 1181 1822 ut
1203 1799 1396 1830 agnosceretur
1414 1795 1484 1822 idem
1504 1799 1635 1823 creatura:
1659 1794 1742 1822 totius

947 1840 1071 1868 conditor
1081 1846 1109 1868 et
1119 1839 1300 1876 Redemptor,
1315 1841 1360 1876 qui
1373 1841 1462 1876 potuit
1473 1847 1502 1867 et
1515 1840 1586 1875 quod
1609 1847 1662 1867 non
1681 1837 1742 1869 erat

947 1885 1046 1918 facere,
1062 1889 1090 1913 et
1103 1886 1174 1920 quod
1188 1886 1322 1921 dilapsum
1336 1885 1422 1914 fuerat
1434 1893 1571 1920 reparare.

947 1940 1039 1968 Cum
1059 1949 1103 1968 xv.
1123 1941 1184 1968 Atio
1193 1941 1273 1973 ratio,
1293 1949 1328 1969 ea:
1340 1942 1445 1969 nonum
1459 1941 1631 1973 Hediatorin,
1650 1945 1678 1967 ut
1691 1941 1742 1968 Ita~

1161 1976 1220 2003 beat
1234 1978 1261 2003 in
1271 1984 1299 2004 se
1311 1980 1390 2003 totam
1405 1980 1534 2003 naturam.

983 2020 1100 2049 Cunctos
1114 2025 1244 2056 praeterea
1259 2021 1305 2057 qui
1328 2021 1422 2049 salutis
1437 2029 1496 2048 esse
1510 2020 1621 2056 cupiunt
1632 2021 1741 2048 aciemin

948 2068 1092 2104 participes
1112 2072 1221 2103 oportet
1241 2074 1387 2103 agnoscere
1410 2068 1511 2102 pariter
1523 2071 1550 2094 et
1571 2071 1663 2094 tenere
1684 2074 1739 2095 non

948 2115 1082 2142 incassum
1098 2114 1233 2142 hominem
1247 2113 1340 2141 Jesum
1352 2113 1488 2141 Christum
1504 2113 1677 2140 Mediatorem
1689 2112 1738 2140 Dei

946 2164 975 2187 et
988 2160 1127 2187 hominum
1138 2163 1331 2195 nuncupatum,
1348 2159 1398 2186 nisi
1411 2159 1473 2194 quia
1488 2158 1558 2186 idem
1574 2158 1643 2185 Deus
1656 2161 1740 2186 totam

947 2205 974 2232 iu
988 2214 1017 2233 se
1031 2209 1155 2233 naturam
1165 2204 1284 2240 suscepit
1294 2204 1419 2236 hominis,
1431 2208 1458 2231 et
1473 2203 1543 2231 idem
1559 2203 1640 2231 homo
1656 2207 1739 2230 totam

948 2253 974 2279 in
984 2260 1014 2279 se
1025 2252 1107 2279 habet
1119 2251 1297 2279 substantiam
1307 2250 1415 2277 deitatis
1426 2249 1473 2285 (at.
1486 2249 1654 2283 divinitatis).
1672 2248 1739 2276 Nam

947 2298 1010 2332 quia
1024 2304 1073 2332 per
1083 2300 1222 2332 peccatum
1237 2296 1318 2323 homo
1336 2295 1385 2322 fuit
1403 2298 1543 2329 separatus
1556 2302 1570 2322 a
1587 2293 1652 2326 Deo,
1669 2294 1740 2321 inter

948 2344 1032 2372 Deum
1047 2344 1207 2370 irascentem
1222 2342 1413 2375 hominemque
1428 2345 1584 2376 peccantem
1604 2340 1665 2366 talis
1686 2339 1739 2366 uti~

948 2396 1001 2424 que
1015 2388 1169 2416 Mediatoris
1178 2386 1191 2406 ι)
1206 2386 1300 2414 debuit
1310 2386 1474 2413 intervenire
1487 2393 1613 2421 persona,
1630 2392 1690 2420 qua:
1705 2383 1739 2412 ad

948 2433 1148 2470 propitiandum
1167 2433 1251 2460 Deum
1265 2432 1368 2459 homini
1389 2435 1474 2459 totum
1500 2438 1645 2465 verumque
1667 2431 1693 2459 in
1708 2438 1739 2459 se

948 2479 1032 2506 Deum
1047 2479 1080 2506 de
1095 2478 1151 2505 Deo
1165 2481 1257 2505 natum
1271 2477 1398 2510 haberet,
1414 2480 1442 2504 et
1456 2475 1490 2503 nd
1509 2475 1738 2504 reconciliandum

948 2525 1084 2552 hominem
1110 2523 1166 2551 Deo
1189 2526 1275 2550 totum
1297 2529 1447 2557 verumque
1472 2521 1499 2549 in
1524 2529 1555 2549 se
1574 2521 1607 2549 de
1628 2521 1738 2549 homine

948 2574 1040 2597 natum
1050 2569 1187 2596 hominem
1202 2568 1366 2599 contineret,
1385 2572 1466 2602 atque
1484 2568 1521 2595 ita
1535 2575 1567 2595 ex
1582 2570 1696 2600 utroque
1710 2565 1737 2594 in

949 2621 1064 2650 utroque
1079 2622 1146 2642 unus
1170 2613 1292 2641 Christus
1315 2617 1398 2648 esset,
1422 2617 1452 2640 ut
1471 2612 1610 2648 plenitudo
1630 2611 1738 2639 deitatis

949 2664 1103 2696 susceptum
1119 2667 1172 2687 non
1197 2662 1380 2692 consumeret,
1401 2657 1448 2686 sed
1470 2657 1632 2693 proveheret
1651 2656 1737 2684 homi-

949 2715 1021 2741 nem,
1035 2711 1062 2734 et
1078 2705 1214 2741 plenitudo
1233 2704 1405 2732 humanitatis
1426 2710 1477 2730 nec
1496 2703 1643 2730 minoraret
1659 2708 1669 2720 ο
1685 2702 1736 2730 im-

949 2760 1078 2785 mensam,
1093 2760 1143 2780 nec
1157 2755 1272 2779 mutaret
1287 2750 1477 2786 impassibilcm
1492 2748 1619 2776 deitatem
1637 2758 1642 2775 :
1656 2756 1687 2776 ac
1696 2749 1736 2777 sic

949 2799 1065 2827 hominis
1079 2803 1184 2830 natura,
1200 2805 1259 2832 qua:
1273 2800 1375 2823 mutata
1397 2795 1484 2822 fuerat
1504 2794 1530 2821 in
1545 2794 1672 2826 deterius,
1688 2802 1735 2829 per

951 2844 1024 2872 illum
1053 2848 1108 2872 tota
1134 2843 1369 2876 redintegraretur,
1396 2848 1450 2877 quo
1475 2840 1540 2868 nihil
1563 2845 1605 2868 est
1629 2840 1733 2867 melius.

944 2907 981 2930 ret
994 2912 1001 2935 ;
1014 2901 1111 2932 ueteri.
1124 2901 1217 2928 debuit.

977 2932 1077 2964 e'Editi
1092 2937 1189 2964 habent
1206 2935 1365 2962 immensum.
1383 2934 1432 2963 Ms.
1455 2934 1549 2966 (ἴοι-1)..
1569 2932 1731 2960 immotum.
