4068 6478
632 387 742 448 Ξὶθ

1656 385 1713 442 S.
1753 380 2118 440 FULGENTll
2155 381 2462 441 EPISCOPI
2503 381 2874 444 RUSPENSIS

3807 391 3935 447 210

632 499 927 568 Propterea
980 509 1041 552 se
1091 494 1354 552 Mediator
1405 494 1502 551 Dei
1550 501 1605 550 et
1657 494 1935 549 hominum
1989 493 2207 562 plenum
2239 496 2291 556 Α
2315 496 2436 564 quia
2467 495 2634 551 Mater
2655 497 2787 552 Sion
2811 497 2978 554 dicet:
2998 496 3198 570 Homo,
3217 508 3270 556 et
3286 500 3438 559 homo
3461 502 3628 577 factus
3651 510 3727 558 est
3747 505 3808 560 in
3832 522 3933 572 ea,

631 589 803 644 Deum
858 588 1187 658 plenumque
1241 587 1492 656 dignatus
1547 593 1630 641 est
1677 585 1951 640 hominem
1998 584 2226 640 demon-

631 686 829 756 strarc.

631 788 815 849 Cum
853 806 962 845 xvr.
1015 791 1148 845 Alia:
1197 807 1394 862 quoque
1432 791 1661 862 rationes
1705 805 1768 843 ex
1812 788 2026 844 diversis
2073 788 2224 844 Scri-

650 918 656 925 ι
819 909 823 914 ,
1263 870 1428 930 ριιινιε
1447 861 1596 914 locis.
1628 899 1630 901 -
1939 913 1944 918 .
2081 898 2083 900 -

646 1018 649 1020 _
707 951 861 1018 Quod
888 951 933 1005 si
964 952 1084 1020 quis
1104 951 1326 1020 ambigit
1354 958 1446 1004 aut
1467 950 1687 1005 omnino
1710 965 1817 1005 non
1845 950 2038 1018 credit,
2064 950 2227 1018 eligat

632 1051 812 1120 utrum
843 1042 943 1098 sibi
991 1042 1208 1097 nomine
1255 1056 1322 1094 an
1370 1056 1535 1111 opere
1575 1041 1705 1095 velit
1749 1040 1893 1110 quod
1934 1041 2225 1096 asserimus

633 1115 995 1190 demonstrari
1033 1151 1045 1185 :
1099 1147 1274 1200 neque
1313 1132 1456 1186 enim
1495 1130 1775 1202 Scriptura
1803 1139 1988 1187 sancta
2029 1132 2086 1185 in
2115 1147 2224 1187 uno

633 1224 936 1293 eodemque
964 1220 1201 1288 Christo,
1250 1233 1344 1276 aut
1369 1222 1467 1277 Dei
1495 1222 1817 1277 vocabulum
1845 1222 2222 1292 praetermisit,

634 1324 730 1370 aut
753 1315 1006 1378 hominis,
1047 1314 1376 1382 evangelista
1417 1315 1630 1369 dicente
1665 1333 1677 1366 :
1712 1313 1777 1367 In
1824 1315 2080 1384 principio
2111 1322 2224 1369 erat

640 1407 882 1471 Verbum,
916 1415 965 1459 et
1000 1405 1224 1460 Verbum
1260 1415 1373 1459 erat
1415 1405 1555 1477 apud
1603 1404 1789 1471 Deum,
1829 1415 1879 1460 et
1925 1404 2066 1459 Deus
2112 1414 2226 1460 erat

638 1496 864 1550 Verbum
893 1513 911 1549 :
942 1496 1037 1550 hoc
1065 1504 1176 1549 erat
1199 1497 1253 1549 in
1278 1495 1533 1566 principio
1557 1495 1694 1566 apud
1716 1493 1882 1548 Deum
1898 1511 1916 1559 ;
1941 1495 2115 1548 omnia
2135 1510 2225 1565 per

627 1587 798 1658 ipsum
826 1591 965 1660 {acta
995 1598 1134 1653 sunt,
1166 1594 1216 1640 et
1255 1588 1367 1641 sine
1407 1589 1518 1657 ipsa
1542 1589 1736 1656 factum
1757 1597 1833 1640 est
1863 1586 1994 1640 nihil
2026 1585 2220 1656 (Joan.

628 1696 669 1748 ι,
697 1681 750 1749 1,
773 1680 851 1749 2).
885 1680 952 1734 Ει
986 1679 1149 1750 paulo
1185 1688 1308 1749 post
1342 1696 1354 1731 :
1409 1678 1628 1732 Verbum
1662 1694 1784 1731 caro
1809 1679 2007 1748 factum
2035 1683 2141 1739 est,
2173 1682 2226 1729 et

630 1772 881 1826 habitavit
908 1775 963 1826 in
1010 1770 1156 1826 nobis
1189 1768 1554 1843 (Ibid.,.lt).
1588 1770 1724 1824 Illud
1771 1770 1956 1839 utique
1985 1768 2223 1823 Verbum

2330 586 2578 641 eumdem
2607 603 2793 643 verum
2826 581 2996 644 Deum
3024 592 3200 646 credit
3235 602 3290 648 et
3313 594 3586 664 praedicat,
3631 597 3760 667 quia
3810 600 3938 669 ipse

2330 678 2565 748 fundavit
2591 696 2704 734 eam
2731 681 3044 736 Altissimus;
3090 682 3260 750 Quem
3288 700 3476 740 verum
3514 687 3792 744 hominem
3824 706 3939 744 no—

2327 767 2404 821 vit
2431 767 2686 836 Joannes,
2711 772 2934 827 audiens
2962 789 3085 828 eum
3115 773 3386 830 dicentem
3412 795 3425 830 :
3453 775 3694 853 Quaeritis
3725 798 3816 834 me
3841 797 3938 834 occ

2326 860 2516 930 cidere,
2536 862 2811 929 hominem,
2828 867 2912 935 qui
2935 866 3200 920 veritatem
3219 867 3417 922 locutus
3440 885 3551 922 sum
3571 868 3705 926 vobis
3727 869 3934 942 (locis.

2326 966 2439 1014 Vill,
2473 951 2586 1022 40),
2628 953 2878 1009 eumdem
2915 957 3312 1032 verum‘Dcnm
3350 968 3645 1027 monstrat,
3685 962 3933 1018 dicens:

2326 1042 2431 1098 Hic
2455 1054 2534 1098 est
2578 1063 2723 1100 verus
2749 1045 2910 1114 Deus,
2940 1057 2989 1102 et
3015 1050 3119 1103 vita
3157 1059 3371 1104 (eterna.
3404 1050 3601 1106 Verum
3637 1052 3934 1110 hominem

2326 1133 2598 1190 Christum
2628 1138 2988 1205 recognoscit,
3030 1140 3156 1210 quia
3195 1139 3417 1195 Verbum
3445 1157 3568 1197 caro
3594 1145 3798 1214 factum
3827 1155 3934 1211 est,

2326 1237 2375 1283 et
2401 1229 2647 1283 habitavit
2669 1231 2720 1284 in
2748 1230 2916 1297 nobis,
2932 1231 3289 1303 eumdemque
3306 1243 3330 1270 ⁸
3347 1249 3537 1289 verum
3553 1234 3718 1291 Deum
3737 1245 3936 1293 osten«

2325 1318 2422 1385 dit,
2464 1321 2588 1389 quia
2625 1323 2680 1374 in
2718 1324 2974 1395 principio
3002 1335 3114 1379 erat
3151 1325 3397 1391 Verbum,
3449 1335 3499 1380 et
3544 1327 3768 1383 Verbum
3812 1338 3934 1385 erat

2326 1412 2466 1482 apud
2487 1411 2672 1479 Deum,
2697 1423 2746 1468 et
2768 1414 2908 1470 Deus
2938 1425 3051 1470 erat
3088 1417 3332 1472 Verbum.
3364 1417 3534 1485 Quem
3561 1436 3749 1476 verum
3783 1425 3933 1480 scier

2325 1501 2419 1557 bat
2444 1503 2717 1560 hominem
2749 1505 2965 1576 Paulus,
3009 1510 3137 1578 quia
3165 1511 3469 1566 voluntaria
3508 1513 3707 1584 pietate
3733 1514 3931 1572 factus

2326 1601 2412 1650 est
2447 1610 2513 1650 ex
2547 1597 2772 1654 muliere
2804 1599 3060 1656 Dominus
3101 1603 3353 1670 hominis,
3395 1613 3451 1660 et
3486 1604 3655 1662 lactus
3691 1618 3782 1663 est
3825 1611 3930 1665 sub

2325 1688 2444 1757 lege
2471 1689 2730 1745 Dominus
2760 1691 2891 1760 legis
2914 1691 3113 1763 (Gatat.
3138 1711 3212 1764 IV,
3238 1696 3292 1768 4)
3327 1697 3489 1767 (sicut
3516 1699 3627 1768 ipse
3653 1709 3924 1755 testatur:

2325 1776 2461 1846 Quia
2506 1781 2651 1834 misit
2697 1780 2838 1836 Deus
2875 1781 3076 1837 Filium
3113 1801 3280 1851 suum,
3339 1788 3536 1857 factum
3570 1772 3633 1842 ea:
3678 1790 3926 1857 muliere,

626 1882 848 1922 carnem
889 1866 1089 1921 factum
1137 1865 1349 1930 asserit,
1398 1863 1544 1934 quod
1588 1863 1755 1918 Deum
1809 1877 1928 1916 esse
1974 1862 2220 1951 superius
2250 1889 2298 1951 Β
2325 1876 2521 1946 [auum
2547 1874 2640 1928 sub
2673 1874 2822 1946 tege;
2861 1885 2917 1930 ei
2943 1877 3070 1947 quia
3107 1878 3274 1947 [auus
3303 1890 3380 1931 ευ
3420 1895 3486 1932 εκ
3528 1882 3718 1934 semine
3746 1880 3928 1935 οπίδ

626 1958 968 2023 memoravit,
1013 1966 1073 2013 ut
1099 1957 1410 2012 ostenderet
1448 1956 1696 2011 eumdem
1717 1969 1904 2010 verum
1943 1945 2110 2009 Deum
2151 1968 2222 2008 ex

629 2044 811 2111 Patre,
843 2047 934 2114 qui
965 2055 1046 2100 est
1079 2047 1239 2100 homo
1266 2061 1426 2100 verus
1450 2060 1517 2100 ex
1544 2045 1784 2099 homine.
1817 2043 2066 2100 Ostendit
2091 2057 2223 2115 prte-

628 2143 778 2191 lerea
805 2137 861 2190 in
889 2151 996 2204 quo
1031 2136 1354 2190 naturaliter
1396 2135 1786 2206 sempiternum
1829 2135 2110 2191 credamus
2153 2151 2222 2191 ex

628 2226 742 2284 Deo
771 2227 949 2291 Patre,
977 2235 1032 2282 et
1056 2227 1109 2281 in
1132 2242 1240 2296 quo
1267 2227 1642 2297 temporaliter
1669 2243 1737 2283 ex
1765 2228 1982 2284 homine
2016 2229 2220 2284 factum

628 2318 913 2391 hominem
936 2317 1227 2373 debeamus
1249 2317 1516 2388 accipere,
1548 2317 1690 2372 aliud
1721 2318 1777 2371 in
1804 2318 2048 2390 exordio,
2074 2319 2221 2375 aliud

628 2409 688 2463 in
717 2405 1168 2484 subsequentibus
1209 2416 1537 2463 monstrans.
1579 2407 1880 2463 Eternitas
1909 2408 2071 2478 igitur
2100 2408 2222 2466 Filii

627 2503 726 2557 Dei
753 2495 1045 2579 asadﬁur,
1091 2503 1219 2558 dum
1246 2503 1486 2558 Verbum
1516 2501 1659 2559 Deus
1689 2503 1742 2558 in
1791 2504 2056 2576 principio
2086 2520 2223 2575 pne-

629 2582 969 2668 ὐίωιυιελῌ
997 2594 1233 2650 Verbum
1251 2610 1362 2650 non
1389 2594 1522 2650 dicit
1545 2594 1769 2662 factum,
1792 2595 1938 2667 quod
1965 2612 2034 2650 ex
2064 2597 2223 2652 Patre

629 2697 861 2742 noverat
887 2673 1157 2756 genitum;
1189 2689 1264 2744 ibi
1309 2704 1417 2744 non
1448 2696 1533 2744 est
1579 2689 1843 2758 temporis
1881 2704 2100 2754 nomen,
2129 2687 2222 2744 ubi

628 2762 1050 2853 sempiternitas,
1080 2795 1181 2835 nec
1209 2779 1418 2835 initium
1447 2786 1629 2849 potest
1650 2779 1872 2845 habere,
1906 2794 2009 2836 nec
2033 2779 2217 2836 tinem.

628 2858 985 2945 Cum‘laut'em
999 2873 1214 2926 venitur
1250 2870 1318 2925 ad
1346 2872 1526 2927 carnis
1545 2871 1886 2937 vocabulum,
1931 2879 2061 2927 tunc
2082 2871 2222 2926 Ver-

631 2943 758 3014 bum
787 2943 918 3014 caro
955 2943 1157 3016 dicitur
1185 2959 1382 3017 factum
1406 3004 1421 3030 ,
1471 2969 1533 3017 ut
1581 2977 1938 3032 agnoscamus
1966 2978 2092 3018 eum
2129 2962 2222 3032 qui

631 3048 803 3105 factus
823 3051 932 3106 non
961 3061 1100 3120 erat,
1131 3052 1225 3108 sed
1250 3061 1409 3110 natus
1427 3053 1497 3111 de
1516 3053 1677 3110 Patre
1704 3070 1918 3125 semper
1945 3061 2080 3120 erat,
2093 3062 2223 3110 tunc

630 3141 747 3197 ﬁeri
763 3144 1021 3212 voluisse,
1037 3144 1256 3213 quando
1281 3146 1425 3216 quod
1437 3145 1659 3210 fecerat,
1685 3145 1858 3201 factus
1887 3161 2023 3215 opus
2042 3161 2218 3212 suum,

631 3235 882 3302 dignatus
923 3245 1006 3291 est
1046 3251 1321 3306 reparare.
1354 3237 1412 3291 In
1441 3239 1549 3293 hoc
1587 3237 1731 3292 facto
1773 3239 1964 3292 beatus
2007 3253 2222 3307 quoque

633 3321 846 3387 Paulus,
873 3324 1010 3378 sicut
1033 3325 1315 3379 veritatem
1331 3325 1586 3393 hominis,
1605 3325 1682 3380 sic
1705 3327 1988 3380 veritatem
2018 3327 2226 3406 curavit

633 3415 893 3483 temporis
921 3415 1183 3484 proﬁteri,
1215 3416 1426 3472 dicens:
1451 3415 1580 3470 Cum
1600 3425 1772 3472 autem
1797 3420 1933 3472 venit
1958 3419 2224 3488 plenitudo

633 3506 740 3576 33
771 3507 1037 3575 temporis,
1060 3506 1204 3560 misit
1231 3507 1372 3562 Deus
1400 3507 1598 3562 Filium
1625 3525 1774 3563 suum
1806 3511 1999 3581 factum
2019 3527 2085 3564 ea:
2113 3527 2226 3564 mu-

634 3596 784 3663 liere,
813 3599 1007 3667 factum
1037 3597 1132 3650 sub
1161 3597 1291 3669 lege,
1334 3609 1390 3651 ut
1433 3615 1520 3653 eos
1548 3601 1634 3670 qui
1666 3601 1758 3654 sub
1804 3601 1913 3671 lege
1950 3610 2100 3656 erant
2138 3619 2224 3656 re-

635 3687 868 3751 dimeret,
915 3696 970 3740 ut
999 3689 1328 3757 adoptionem
1354 3691 1584 3760 ﬁliorum
1611 3693 1951 3760 reciperemus
1974 3690 2116 3764 (Gal.
2150 3709 2222 3758 tv,

634 3778 688 3842 ll,
720 3777 796 3847 5).
829 3776 944 3834 Hoc
978 3779 1174 3848 ipsum,
1209 3781 1406 3851 ubique
1433 3784 1713 3854 prophetis
1744 3785 1840 3855 (al.
1869 3785 2223 3855 propheticis)

634 3875 954 3937 congruens,
996 3872 1295 3940 apostolica
1343 3883 1528 3929 servat
1554 3877 1866 3942 auctoritas,
1917 3883 1978 3930 ut
2022 3875 2223 3932 factum

634 3961 930 4032 pimdicans
960 3963 1253 4033 Christum,
1277 3975 1335 4023 et
1353 3966 1483 4038 quid
1501 3967 1674 4023 factus
1702 3969 1792 4037 sit,
1809 3975 1866 4024 et
1891 3967 2032 4024 unde
2051 3969 2226 4025 lactus

633 4055 703 4110 sit
742 4056 1018 4112 evidenter
1067 4059 1316 4115 ostendat
1364 4078 1377 4114 :
1417 4069 1480 4116 ut
1519 4057 1842 4131 agnoscatur
1887 4076 2070 4117 rerum
2102 4078 2222 4119 om-

637 4147 786 4201 nium
812 4147 1097 4203 Dominum
1140 4151 1220 4206 sic
1257 4151 1486 4206 formam
1514 4155 1817 4222 suscepisse
1844 4154 2092 4208 servilem
2116 4195 2133 4219 ,
2165 4161 2226 4208 ut

636 4250 744 4289 non
769 4236 1004 4305 aliunde,
1054 4238 1152 4293 sed
1181 4254 1249 4294 ex
1277 4241 1494 4296 homine
1533 4257 1716 4297 veram
1763 4243 2061 4312 susceperit
2105 4257 2226 4299 car-

636 4341 782 4380 nem.
831 4325 968 4381 Dicit
1008 4329 1173 4396 igitur
1195 4330 1364 4384 David
1395 4349 1408 4384 :
1438 4332 1610 4385 Mater
1640 4332 1771 4387 Sion
1813 4334 1948 4386 dicet
1978 4350 1996 4388 :
2026 4333 2220 4400 Homo,

636 4425 685 4469 et
714 4417 864 4470 homo
894 4420 1065 4489 factus
1094 4430 1172 4475 est
1198 4423 1254 4476 in
1283 4439 1365 4484 ea,
1397 4431 1447 4476 et
1475 4424 1583 4494 ipse
1610 4424 1846 4495 {undavit
1873 4443 1987 4480 eam
2013 4428 2222 4482 Altissi-

636 4522 748 4561 mus
778 4507 950 4576 (Psal.
976 4525 1194 4578 uxxvr,
1214 4509 1290 4582 5).
1316 4510 1455 4568 Ecce
1481 4514 1533 4568 in
1566 4530 1670 4570 uno
1695 4515 1928 4584 Christo,
1958 4519 2096 4575 sicut
2116 4535 2218 4577 una

636 4613 868 4668 persona
895 4599 1265 4657 indubitanter
1292 4604 1570 4671 asseritur,
1599 4607 1677 4662 sic
1703 4607 1904 4664 veritas
1925 4608 2020 4664 Dei
2059 4618 2220 4681 atque

635 4688 870 4745 hominis
893 4691 1172 4748 inconfusa
1201 4703 1528 4752 monstratur
1556 4715 1569 4750 :
1595 4698 1688 4768 qui
1713 4701 1855 4754 enim
1879 4702 2028 4758 homo
2051 4707 2221 4776 factus

636 4780 790 4832 estin
819 4797 901 4843 ea,
931 4781 1041 4850 ipse
1070 4783 1307 4854 fundavit
1338 4803 1452 4840 eam
1477 4787 1795 4845 Altissimus.
1827 4789 1965 4848 Huic
1990 4794 2133 4850 dicto
2154 4796 2221 4850 il-

635 4866 729 4921 lud
755 4871 1109 4938 apostolicum
1135 4889 1356 4944 prorsus
1383 4884 1466 4930 est
1492 4881 1916 4949 comparandum
1953 4902 1966 4938 :
1994 4882 2221 4949 Quorum

636 4967 830 5030 patres,
863 4975 927 5014 ea:
950 4960 1131 5032 quibus
1170 4965 1402 5020 Christus
1439 4971 1714 5026 secundum
1743 4989 1968 5042 carnem,
2020 4979 2106 5046 qui
2145 4987 2223 5034 est

636 5067 791 5122 super
814 5055 991 5107 omnia
1018 5053 1158 5109 Deus
1201 5057 1492 5114 benedictus
1515 5063 1574 5115 in
1603 5064 1796 5118 swcula
1825 5065 2000 5136 (Rom.
2033 5084 2108 5134 lx,
2138 5069 2218 5140 5).

636 5140 795 5209 Quod
824 5145 988 5200 David
1016 5145 1144 5202 dicit
1169 5146 1271 5202 :Et
1295 5149 1446 5206 homo
1477 5154 1645 5224 factus
1670 5163 1748 5210 est
1774 5157 1830 5210 in
1849 5174 1930 5223 ea,
1954 5159 2059 5215 hoc
2080 5157 2220 5216 Pau-

635 5235 719 5292 lus
747 5236 921 5293 tirmat
950 5239 1135 5297 dicens
1164 5260 1176 5294 :
1208 5241 1435 5307 Quarum
1462 5255 1657 5316 patres,
1698 5264 1764 5302 ea:
1787 5248 1967 5320 quibus
1988 5251 2220 5308 Christus

635 5331 917 5385 secundant
953 5349 1192 5399 carnem;
1233 5335 1376 5405 quod
1422 5346 1603 5393 autem
1632 5339 1800 5395 David
1829 5342 2021 5397 asserit
2052 5361 2064 5396 :
2099 5342 2222 5414 Ipse

637 5420 873 5490 fundavit
899 5439 1015 5477 eam
1041 5425 1358 5492 Altissimus,
1387 5428 1494 5484 hoc
1508 5427 1706 5485 Paulus
1726 5433 1984 5500 sequitur,
2005 5433 2217 5491 dicens:

636 5509 737 5576 Qui
761 5522 839 5567 est
857 5530 1010 5582 super
1037 5519 1210 5571 omnia
1239 5518 1378 5573 Deus
1404 5518 1698 5575 benedictus
1723 5525 1775 5576 in
1794 5525 2013 5578 saecula.
2040 5525 2222 5582 Testa-

634 5612 872 5662 mentum
899 5607 1060 5664 Vetus
1088 5609 1326 5665 concinit
1360 5609 1539 5675 Novo;
1570 5609 1736 5665 David
1763 5611 1955 5667 Ioanni
1990 5630 2217 5678 concor-

629 5695 723 5752 dat
766 5707 823 5755 et
867 5698 1054 5756 Paulo.
1105 5700 1276 5765 Quem
1312 5715 1497 5754 verum
1545 5701 1815 5755 hominem
1860 5703 1988 5758 dicit
2018 5704 2207 5776 David,

701 5867 726 5897 ⁸
745 5856 891 5919 Editi
916 5859 1118 5917 habent
1154 5858 1393 5918 Verbum.
1415 5862 1515 5928 Ms.
1546 5864 1734 5936 Corb.,
1759 5882 1956 5924 rerum.

2321 1966 2601 2020 secundum
2630 1984 2871 2044 carnem;
2900 1975 2957 2022 et
2987 1968 3218 2033 Quorum
3243 1977 3441 2036 patres,
3471 1987 3538 2023 ea:
3565 1970 3740 2042 quibus
3771 1972 3926 2026 (Πινρ

2321 2066 2430 2111 stus
2459 2059 2741 2112 secundum
2763 2059 3016 2131 carnem),
3056 2059 3306 2114 eumdem
3332 2074 3518 2114 verum
3550 2060 3715 2115 Deum
3738 2062 3924 2116 conli-

2320 2150 2425 2205 teri
2453 2165 2563 2205 non
2591 2159 2790 2215 cessat,
2821 2150 3006 2206 dicens
3031 2169 3043 2204 :
3071 2149 3172 2215 Qui
3190 2161 3267 2205 est
3292 2167 3444 2208 super
3470 2153 3644 2206 omnia
3665 2151 3815 2206 Deus
3837 2153 3923 2208 be-

2321 2241 2554 2295 nedictus
2580 2243 2644 2296 in
2661 2242 2878 2296 swcula.

2319 2354 2503 2410 CAPUT
2533 2372 2661 2410 xvn.
2704 2356 2960 2427 Objectio,

2391 2444 2513 2496 ergo
2543 2429 2720 2480 anima
2769 2429 2954 2482 caruit.

2338 2542 2340 2545 .
2393 2513 2487 2566 pro
2515 2507 2621 2552 toto
2650 2497 2878 2552 homine.

3069 2357 3137 2411 od
3172 2356 3409 2411 Christus
3445 2366 3523 2429 est
3558 2373 3680 2412 caro
3718 2359 3919 2429 factus,

3048 2444 3140 2482 aro
3178 2444 3274 2498 pro
3313 2437 3420 2482 toto
3467 2428 3693 2483 homine.
3720 2429 3923 2484 Anima

3036 2427 3046 2443 1

2391 2604 2577 2674 Neque
2606 2621 2737 2662 vero
2757 2606 2887 2661 illud
2902 2621 2972 2662 ex
2987 2605 3216 2662 adverso
3233 2607 3503 2663 nescimus
3523 2609 3741 2679 opponi.
3757 2607 3922 2675 Quod

2321 2712 2444 2753 cum
2467 2697 2691 2753 Verbum
2719 2715 2842 2755 cara
2872 2702 3066 2772 factum
3086 2699 3302 2767 dicitur,
3327 2708 3385 2756 et
3411 2700 3608 2756 Factus
3636 2711 3711 2756 est
3735 2719 3805 2756 ea:
3835 2720 3920 2757 se-

2321 2791 2460 2845 mine
2489 2790 2661 2846 Dauid
2704 2792 2985 2848 secundum
3027 2810 3256 2860 carnem,
3295 2802 3351 2850 et
3381 2793 3614 2860 Quorum
3649 2806 3829 2867 patres
3855 2815 3922 2853 ea:

2321 2882 2502 2955 quibus
2529 2878 2768 2940 Christus
2791 2883 3068 2939 secundum
3094 2901 3322 2954 carnem,
3354 2887 3408 2941 in
3429 2888 3750 2958 supradictis
3779 2888 3922 2946 locis

2321 2974 2395 3029 ita
2425 2975 2777 3045 quorumdam
2799 2976 3028 3031 carnalis
3053 2991 3242 3033 sensus
3283 2977 3460 3034 carnis
3501 2979 3719 3034 nomine
3738 2986 3922 3035 tenea-

2323 3075 2430 3132 tur,
2461 3075 2538 3131 ut,
2571 3073 2818 3137 suscepta
2847 3081 3028 3133 carne,
3059 3082 3170 3123 non
3197 3068 3449 3124 credatur
3475 3067 3721 3125 Christus
3746 3071 3921 3127 etiam

2322 3159 2642 3214 rationalem
2678 3160 2912 3214 animam
2951 3161 3271 3230 suscepisse.
3302 3159 3411 3217 Sed
3441 3162 3534 3232 qui
3562 3163 3639 3218 sic
3674 3163 3924 3219 sentiunt

2249 3257 2298 3322 ο
2329 3252 2506 3306 minus
2532 3251 2817 3306 attendunt
2838 3252 2890 3306 id
2910 3267 3031 3308 esse
3058 3252 3346 3308 locutionis
3365 3253 3633 3320 humanm,
3656 3269 3762 3325 qua
3786 3271 3924 3312 non-

2327 3340 2602 3412 nunquam
2627 3348 2801 3398 totum
2829 3343 3160 3413 signiﬁcatur
3185 3360 3215 3399 a
3243 3353 3418 3415 parte.
3456 3344 3714 3402 Noverint
3750 3347 3924 3415 igitur

2327 3437 2382 3490 in
2424 3436 2714 3506 Scripturis
2751 3437 2952 3493 sanctis
2999 3437 3286 3507 aliquando
3323 3439 3500 3494 carnis
3542 3440 3922 3496 tantummodo

2324 3529 2566 3594 nomine,
2598 3543 2982 3598 nonnunquam
3010 3530 3202 3585 animae
3230 3531 3396 3588 solius
3419 3531 3709 3599 vocabulo,
3737 3540 3917 3588 totum

2326 3621 2598 3675 hominem
2624 3620 3017 3687 demonstrari;
3049 3622 3203 3691 cujus
3241 3625 3320 3679 rei
3353 3625 3659 3692 veritatem,
3689 3641 3800 3680 non
3828 3641 3917 3681 so-

2326 3713 2436 3768 lum
2474 3729 2541 3768 ex
2583 3713 2781 3768 Vetere
2819 3713 3198 3782 Testamento,
3240 3731 3426 3771 verum
3465 3717 3630 3772 etiam
3668 3733 3738 3773 ex
3766 3717 3932 3774 Novo

2324 3805 2438 3876 84
2475 3805 2631 3860 facile
2675 3805 3003 3875 perdocebo.
3049 3805 3221 3862 David
3263 3809 3444 3864 carnis
3472 3810 3694 3865 nomine
3746 3819 3919 3867 totum

2327 3895 2596 3964 signiﬁcat
2623 3895 2916 3961 hominem,
2941 3897 3126 3953 dicens
3153 3897 3418 3965 :Exaudi,
3441 3899 3601 3968 Deus,
3629 3904 3918 3958 orationem

2325 4004 2517 4054 meam,
2533 3987 2604 4040 ad
2621 3998 2667 4041 te
2679 3990 2846 4042 omnis
2869 4003 2991 4042 caro
3011 3990 3175 4043 veniet
3202 3989 3376 4060 (1)εαί.
3403 4007 3548 4056 utv,
3570 3992 3649 4062 5).
3677 3993 3818 4059 Quid
3839 4002 3918 4049 est

2325 4085 2507 4132 autem
2537 4077 2714 4133 omnis
2741 4093 2892 4145 caro,
2941 4078 3044 4133 nisi
3083 4079 3258 4134 omnis
3298 4080 3502 4136 homo-?
3552 4082 3818 4139 Similiter
3855 4085 3920 4139 ab

2325 4169 2516 4224 eodem
2545 4168 2600 4223 in
2644 4168 2752 4224 alio
2777 4169 2986 4238 psalmo
3014 4157 3247 4225 dicitur:
3274 4170 3339 4224 In
3367 4172 3478 4227 Deo
3527 4175 3770 4244 sperabo,
3819 4193 3918 4230 non

2326 4257 2512 4313 timebo
2538 4259 2661 4331 quid
2690 4261 2850 4331 faciat
2877 4261 3003 4314 mihi
3022 4278 3144 4316 caro
3167 4261 3341 4332 (Psals
3360 4279 3446 4331 LV,
3465 4264 3541 4335 5).
3573 4265 3644 4320 Et
3665 4276 3728 4321 ut
3747 4278 3918 4323 osten-

2325 4350 2479 4404 deret
2507 4351 2652 4419 quod
2682 4353 2859 4408 carnis
2885 4354 3102 4410 nomine
3132 4363 3304 4410 totum
3345 4357 3620 4413 hominem
3667 4359 3913 4430 designa-

2325 4448 2428 4508 ret,
2457 4441 2617 4511 paulo
2642 4451 2764 4512 post
2792 4445 3081 4501 identidem
3113 4447 3242 4503 dicit
3271 4466 3283 4501 :
3318 4448 3386 4504 In
3415 4449 3522 4506 Deo
3553 4451 3785 4509 laudabo
3813 4473 3914 4509 ver-

2324 4529 2462 4598 bunt,
2493 4533 2549 4586 in
2573 4531 2681 4589 Deo
2715 4535 2806 4605 (al.
2841 4535 3084 4609 Domino)
3125 4538 3347 4594 laudabo
3385 4559 3699 4612 sermonem,
3725 4549 3784 4601 in
3812 4545 3913 4601 Dea

2248 4637 2301 4698 D
2323 4625 2558 4694 sperabo,
2585 4623 2688 4680 non
2709 4628 2895 4683 timebo
2922 4631 3044 4699 quid
3065 4632 3226 4701 faciat
3250 4633 3377 4687 mihi
3404 4635 3557 4690 homo
3586 4636 3788 4708 (Ibid,
3814 4639 3913 4708 ll).

2325 4718 2420 4773 His
2451 4718 2610 4775 dictis
2635 4720 2784 4775 Isaiae
2805 4737 3017 4797 quoque
3039 4721 3180 4777 dicta
3201 4727 3556 4791 concordant,
3585 4744 3715 4786 cum
3743 4733 3918 4788 Salva-

2329 4813 2461 4867 toris
2495 4813 2661 4867 nostri
2699 4813 2990 4868 adventum
3028 4815 3082 4873 in
3120 4832 3284 4873 carne
3320 4822 3705 4891 pronuntians,
3749 4827 3913 4884 dicit:

2326 4901 2495 4957 Erunt
2526 4921 2686 4974 prava
2734 4907 2787 4958 in
2817 4904 3037 4974 directa,
3075 4915 3125 4960 et
3153 4925 3339 4980 aspera
3374 4913 3428 4966 in
3468 4914 3576 4969 vias
3621 4917 3837 4990 planas,
3873 4928 3918 4975 et

2323 4995 2510 5048 videbit
2529 4996 2698 5049 omnis
2725 5013 2846 5051 caro
2870 4997 3099 5052 salutare
3129 4999 3228 5055 Dei
3258 5001 3413 5072 (Isai.
3449 5021 3537 5070 XL,
3567 5006 3623 5073 4,
3670 5007 3750 5078 5).
3786 5010 3918 5079 Quid

2325 5096 2410 5140 est
2439 5095 2618 5140 autem
2649 5088 2822 5142 omnis
2851 5104 2998 5154 caro,
3030 5091 3131 5146 nisi
3161 5094 3335 5149 omnis
3355 5095 3555 5152 homo?
3583 5099 3668 5154 An
3693 5101 3920 5159 forsitan

2323 5176 2627 5231 exanimem
2650 5179 2728 5234 sic
2748 5179 3075 5236 elevabimus
3100 5198 3338 5251 carnem,
3368 5197 3426 5243 ut
3454 5189 3529 5244 illi
3561 5208 3673 5247 non
3702 5194 3921 5251 dubite-

2322 5279 2442 5320 mus
2485 5267 2721 5324 divinam
2767 5271 3002 5328 tribuere
3051 5275 3347 5332 visionem?
3393 5280 3451 5336 ln
3499 5281 3656 5339 Novo
3701 5302 3922 5358 quoque

2325 5354 2674 5414 Testamento
2706 5361 2819 5431 ipse
2844 5362 3061 5419 humani
3091 5369 3302 5434 generis
3322 5380 3537 5427 creator
3575 5383 3635 5429 et
3661 5354 3922 5434 Dominus

2322 5450 2499 5504 carnis
2522 5453 2739 5507 nomine
2763 5461 2933 5510 totum
2960 5459 3228 5527 reperitur
3252 5461 3524 5519 hominem
3549 5482 3921 5540 nuncupasse,

2319 5537 2444 5593 dum
2490 5541 2848 5598 tribulationis
2892 5555 3146 5603 extremm
3181 5555 3548 5619 prmuuntians
3570 5537 3917 5627 qualitatem,

2321 5630 2432 5683 lnec
2487 5630 2762 5703 discipulis
2813 5636 3047 5705 loquitur
3085 5657 3098 5692 :
3132 5639 3248 5694 Erit
3286 5646 3423 5698 enim
3478 5655 3597 5700 tunc
3647 5650 3918 5708 tribulatio

2320 5737 2527 5795 magna,
2579 5727 2743 5797 qualis
2789 5746 2891 5785 non
2938 5733 3034 5804 fuit
3065 5734 3127 5786 ab
3162 5735 3307 5792 initio
3338 5739 3514 5802 mundi
3543 5759 3706 5816 usque
3734 5748 3915 5815 modo,
