4068 6464
165 403 252 460 2M

1352 399 1441 453 AD
1478 397 1975 455 TRASIMUNDUM
2012 398 2138 455 ΗΒ.
2179 394 2220 456 Ι.

3307 407 3412 476 242

164 527 306 575 neque
328 510 416 581 ﬁet
439 524 458 564 :
487 516 537 564 et
560 511 661 565 nisi
690 511 904 566 breviati
931 513 1150 584 fuissent
1183 511 1292 566 dies
1314 512 1412 580 illi,
1441 531 1545 569 non
1574 514 1725 584 ﬁeret
1750 527 1804 583 Α
1829 516 2000 585 gratia
2021 516 2172 585 ﬂecto
2198 532 2362 588 genua
2392 534 2507 572 mea
2530 519 2598 572 ad
2627 520 2838 576 Patrem
2866 521 3076 582 Domini
3106 532 3268 586 nostri
3281 530 3412 590 Iesu

159 607 286 660 salva
311 604 471 656 omnis
496 620 658 670 caro;
689 605 779 658 sed
800 616 1010 675 propter
1027 604 1212 660 electos
1234 605 1594 662 breviabuntur
1613 609 1722 663 dies

159 697 230 751 illi
254 693 456 766 (Matth.
483 711 625 762 xxiv,
647 694 738 759 20,
761 694 849 761 2i,
868 696 980 766 22).
1000 697 1206 757 Animae
1227 713 1442 769 quoque
1463 700 1723 756 vocabulo

160 797 316 842 totum
347 786 632 856 signiﬁcari
673 789 945 846 hominem
979 789 1186 846 Veteris
1229 791 1307 846 ita
1332 801 1358 829 ι
1387 791 1724 848 demonstrat

157 881 307 936 series
337 878 683 948 Testamenti,
734 898 856 937 cum
906 882 1101 939 dicitur
1135 882 1345 939 :Erant
1390 893 1563 940 autem
1601 888 1724 942 uni-

155 984 299 1024 versae
329 969 516 1023 anima:
540 970 604 1024 de
629 970 794 1025 Iacob
822 974 1041 1046 quinque
1065 983 1116 1028 et
1154 976 1484 1046 septuaginta
1507 974 1716 1047 (Cenes.

155 1076 283 1125 xui,
297 1058 404 1129 27).
414 1060 617 1116 Rursus
633 1063 684 1116 in
697 1062 888 1120 eodem
899 1064 1248 1124 Testamento
1264 1068 1473 1122 :Anima
1485 1085 1721 1140 qutecun-

152 1168 238 1221 que
269 1151 530 1222 deliquerit
560 1163 682 1208 ante
708 1154 990 1212 Dominum
1011 1161 1212 1224 nolens,
1241 1161 1297 1214 in
1328 1160 1564 1216 omnibus
1590 1177 1722 1231 prte-

151 1243 291 1310 ceptis
311 1240 523 1297 Domini
552 1261 666 1313 qua:
689 1263 792 1300 non
823 1257 1023 1318 oportet
1053 1252 1253 1320 facere,
1276 1259 1326 1305 et
1353 1253 1532 1322 fecerit
1559 1267 1718 1307 unum

151 1332 206 1384 de
227 1332 406 1388 his:si
442 1335 648 1414 quidem
695 1340 934 1410 princeps
974 1341 1235 1410 sacerdos,
1275 1345 1360 1414 qui
1398 1353 1582 1399 unctus
1616 1353 1714 1416 est,

153 1421 422 1492 deliquerit,
457 1442 524 1480 ne
554 1427 647 1495 (al.
679 1433 794 1498 nec)
817 1431 891 1484 sic
911 1429 1053 1501 plebs
1083 1433 1265 1503 faciat,
1291 1433 1477 1503 olferat
1510 1435 1602 1506 (al.
1631 1438 1716 1507 of-

147 1512 280 1584 feret)
302 1532 392 1584 pro
414 1516 602 1572 delicto
625 1535 739 1583 suo,
770 1521 825 1574 in
854 1538 952 1590 quo
974 1522 1208 1595 deliquit,
1235 1525 1447 1579 vitulum
1473 1541 1537 1580 ea:
1559 1525 1715 1583 bobus

145 1603 516 1660 immaculatum
545 1605 784 1665 Domino
835 1611 1021 1681 (Levit.
1050 1630 1120 1677 iv,
1152 1613 1208 1678 2,
1234 1612 1309 1686 ὅ).
1361 1614 1502 1671 Ecce
1538 1621 1717 1674 anima

144 1691 334 1760 dicitur,
380 1705 436 1751 et
465 1700 710 1754 sacerdos
738 1711 922 1756 unctus
956 1703 1212 1775 deinceps
1254 1716 1616 1778 nuncupatur,
1656 1717 1717 1765 ut

143 1799 250 1838 cum
277 1786 508 1841 animam
538 1789 804 1857 audimus,
829 1801 1001 1847 totum
1030 1795 1188 1850 simul
1216 1795 1491 1852 hominem
1513 1811 1716 1867 cogno-

141 1889 355 1932 scamns.
386 1878 501 1934 Nec
521 1881 574 1935 in
603 1881 754 1938 Novo
784 1883 1134 1942 Testamento
1164 1887 1325 1958 hujus
1367 1891 1714 1960 signiticatio-
1745 1908 1793 1967 B
1819 1903 1977 1950 cente
2004 1896 2197 1967 angelo
2225 1895 2294 1951 ad
2321 1896 2544 1952 Mariam
2568 1916 2580 1953 :
2607 1898 2835 1971 Spiritus
2858 1878 3410 1972 sanctus—superveniet
3509 1963 3511 1965 1

1827 606 2040 673 Christi,
2081 627 2148 664 ex
2184 627 2283 681 quo
2312 613 2479 666 omnis
2516 616 2810 684 paternitas
2833 619 2886 672 in
2925 621 3064 676 cretis
3099 625 3241 684 etin
3273 635 3412 682 terra

1827 700 2162 755 nominatur:
2185 709 2240 754 ut
2261 702 2346 756 det
2370 702 2508 759 vobis
2537 707 2813 762 secundum
2836 709 3043 767 divitias
3071 715 3252 785 gloria:
3280 734 3409 788 sum,

1823 790 2008 844 virtute
2049 792 2375 849 corroborari
2401 813 2494 865 per
2527 798 2764 869 spiritum
2807 801 2918 872 ejus
2946 804 2999 858 in
3043 806 3289 863 interiore
3316 811 3413 866 ho-

1825 887 1962 940 mine
1981 883 2009 923 τι
2041 885 2275 942 habitare
2304 888 2564 945 Christum
2587 908 2678 963 per
2704 893 2862 964 ﬁdem
2888 897 2943 950 in
2968 898 3206 954 cordibus
3228 905 3411 958 vestris

1825 975 2044 1048 (Ephes.
2077 994 2154 1045 Ill,
2190 979 2277 1045 M,
2311 980 2423 1052 15).
2455 981 2595 1039 Ecce
2616 993 2673 1039 et
2698 985 2932 1042 animam
2956 991 3216 1056 nominat,
3241 1001 3298 1046 et
3314 1008 3412 1048 cor

1822 1069 2079 1138 appellat,
2127 1070 2220 1126 ubi
2246 1070 2520 1130 Christum
2558 1075 2803 1133 habitare
2826 1078 3127 1137 confirmat.
3165 1082 3314 1138 Unde
3343 1084 3411 1138 li-

1822 1158 1986 1229 quido
2033 1162 2376 1230 cognoscitur
2422 1163 2652 1222 Verbum
2700 1170 2868 1225 Deum
2911 1181 3083 1228 totum
3132 1175 3411 1233 hominem

1821 1251 2125 1322 suscepisse
2146 1293 2162 1319 ,
2193 1269 2317 1309 cum
2346 1256 2605 1326 probetur
2649 1261 3036 1319 habitationem
3064 1264 3183 1320 Filii
3215 1265 3307 1320 Dei
3350 1267 3408 1323 in

1820 1341 2002 1397 anima
2029 1344 2200 1413 magis
2227 1359 2390 1414 quam
2435 1346 2488 1401 in
2517 1362 2682 1404 carne
2717 1355 3025 1408 monstrari.
3069 1354 3239 1424 Hujus
3264 1356 3408 1412 inse-

1819 1433 2075 1504 parabilis
2098 1435 2298 1490 veritas
2317 1439 2662 1506 sacramenti,
2676 1455 2783 1508 quo
2809 1450 2982 1497 totum
3003 1443 3276 1500 hominem
3295 1462 3408 1504 sus-

1819 1525 2003 1595 cipere
2036 1525 2285 1596 dignatus
2329 1535 2412 1584 est
2439 1527 2584 1586 Deus
2607 1571 2622 1596 ,
2656 1540 2712 1587 et
2740 1540 2886 1589 totus
2913 1534 2969 1588 in
2995 1533 3106 1590 Deo
3134 1545 3404 1592 monstra-

1819 1626 1910 1674 tur
1943 1620 2107 1676 homo
2142 1635 2366 1678 manere
2392 1632 2694 1695 susceptus,
2742 1633 2801 1681 et
2843 1626 2899 1682 id
2924 1628 3068 1696 quod
3094 1627 3160 1682 de
3187 1629 3412 1705 homine

1817 1710 2140 1766 naturaliter
2167 1721 2251 1768 est
2277 1712 2472 1769 Filium
2503 1714 2634 1782 Dei,
2669 1723 2722 1772 et
2750 1716 2804 1772 id
2841 1707 3079 1788 quo‘d‘de
3105 1719 3216 1774 Deo
3244 1714 3408 1776 Patre

1819 1801 2138 1857 naturaliter
2182 1810 2267 1858 est
2313 1803 2510 1860 Filium
2552 1804 2681 1861 fecit
2716 1806 2950 1863 hominis
2999 1809 3288 1880 appellari,
3317 1809 3404 1864 di-

140 1964 212 2019 uis
231 1968 400 2034 potuit
430 1969 619 2026 deesse
646 1973 849 2030 locutio
879 1993 892 2029 :
926 1975 972 2030 si
1001 1977 1217 2046 quidem
1240 1995 1363 2034 cum
1388 1981 1560 2036 sancti
1593 1980 1716 2052 Spi-
1745 1964 1784 1967 —
1816 1986 1872 2039 in
1916 1994 1983 2053 te,
2032 1964 2098 2041 et-
2125 1988 2288 2042 virtus
2320 1989 2576 2044 Altissimi
2617 1964 2940 2046 obumbrabit
2969 1991 3100 2047 tibi:
3126 1964 3242 2047 ideo
3264 1992 3408 2064 quod

139 2057 260 2112 ritus
306 2059 539 2116 adventu
588 2063 783 2132 ﬁrmati
831 2065 1107 2138 discipuli,
1156 2071 1355 2140 rejecta
1405 2073 1711 2142 formidine,

137 2146 346 2213 publicae
395 2154 789 2221 praedicationis
836 2161 1246 2240 auspicarentur
1274 2162 1529 2232 cilicium,
1577 2182 1713 2222 con-

135 2251 388 2328 summato
419 2243 567 2301 Petri
597 2264 865 2317 sermone,
895 2252 1032 2307 liber
1062 2254 1290 2309 Actuum
1319 2257 1709 2328 apostolorum,

134 2326 262 2385 Luca
294 2348 568 2404 narrante,
600 2341 678 2396 sic
705 2342 949 2398 continet
973 2361 987 2398 :
1013 2344 1113 2410 Qui
1134 2364 1256 2418 ergo
1282 2357 1581 2419 receperunt
1603 2367 1713 2405 scr-

131 2437 322 2478 monem
355 2428 489 2498 ejus,
532 2430 783 2498 baptizati
818 2444 970 2500 sunt;
1010 2447 1060 2490 et
1089 2439 1338 2508 apposita:
1381 2449 1502 2494 sunt
1537 2442 1592 2495 in
1629 2441 1714 2497 die

130 2512 210 2566 illa
238 2519 430 2572 animo:
469 2521 674 2576 circiter
701 2525 802 2578 tria
842 2527 1006 2579 millia
1052 2527 1185 2596 (Act.
1219 2544 1275 2594 ιι,
1307 2527 1420 2600 41).
1458 2528 1711 2600 Quisquis

128 2599 203 2655 hic
249 2605 553 2662 animarum
593 2611 812 2666 nomine
849 2612 1178 2682 signiﬁcatus
1226 2599 1473 2672 homines
1522 2599 1711 2673 nititur

126 2687 386 2760 denegare
408 2735 424 2760 ,
454 2699 704 2755 ostendat
730 2715 955 2758 necesse
982 2713 1063 2759 est
1101 2705 1333 2774 qualiter
1360 2707 1428 2762 ab
1451 2709 1710 2777 apostolis

123 2782 230 2837 sine
277 2787 600 2855 corporibus
630 2791 824 2845 anima:
869 2793 1157 2848 credantur
1190 2805 1586 2851 sacramentum
1615 2799 1710 2854 ba-

123 2873 381 2942 ptismatis
413 2878 708 2949 accepisse.
731 2879 919 2937 Simile
947 2883 1072 2938 huic
1094 2870 1216 2940 loco
1245 2884 1497 2955 quiddam
1517 2887 1711 2944 beatus

123 2961 327 3034 quoque
357 2964 555 3022 Petrus
583 2969 661 3024 sic
705 2971 757 3024 in
800 2987 897 3026 sua
934 2974 1088 3043 ponit
1125 2971 1364 3044 Epistula
1396 2993 1409 3029 :
1441 2975 1509 3030 In
1531 2977 1709 3033 diebus

125 3050 246 3122 Noe,
278 3055 554 3125 inquiens,
585 3075 700 3113 cum
728 3059 1074 3132 fabricaretur
1092 3079 1238 3131 arca,
1259 3064 1316 3118 in
1337 3081 1438 3136 qua
1459 3068 1630 3136 pauci,
1652 3067 1708 3122 id

127 3155 187 3198 est
212 3156 324 3203 octo
364 3148 558 3204 animm
583 3151 743 3206 salva:
771 3153 928 3222 factae
963 3162 1086 3207 sunt
1120 3169 1215 3224 per
1255 3171 1442 3226 aquam
1472 3154 1528 3226 (Ι
1559 3156 1703 3212 Petr.

129 3248 191 3300 lli,
206 3233 319 3306 20).
345 3236 484 3291 Cum
501 3239 573 3294 sit
593 3239 758 3310 igitur
775 3241 1120 3298 manifestum
1135 3242 1532 3314 Scripturarum
1553 3262 1705 3303 more

130 3331 284 3381 totum
313 3327 613 3398 hominem,
646 3331 936 3401 aliquando
965 3333 1162 3400 carnis,
1212 3334 1502 3406 aliquando
1537 3337 1705 3395 solius

130 3417 298 3472 anima:
353 3422 641 3488 vocabulo,
692 3423 995 3494 designari,
1055 3425 1301 3496 profecto
1347 3437 1701 3496 monstratur,

130 3521 232 3586 cum
258 3513 589 3582 evangelista
616 3513 750 3570 dicit
777 3533 791 3568 :
831 3514 1055 3571 Verbum
1082 3532 1206 3572 caro
1233 3519 1429 3591 factum
1449 3530 1554 3586 est,
1580 3519 1607 3559 ι’
1630 3521 1706 3576 ni-

131 3595 190 3652 hil
217 3601 358 3656 aliud
387 3604 620 3673 intelligi
645 3605 843 3662 debere
873 3608 979 3663 nisi
1008 3607 1247 3665 Verbum
1285 3611 1450 3667 homo
1478 3610 1700 3669 factum.

131 3684 287 3748 CAPUT
316 3711 504 3768 xvlit._
517 3695 780 3752 Mediator
801 3699 964 3768 igitur
985 3698 1220 3756 Christus
1256 3710 1417 3756 totum
1444 3703 1704 3758 hominem

187 3766 419 3836 suscepit.
464 3765 692 3836 Propter
727 3765 855 3822 duas
892 3770 948 3822 in
985 3767 1189 3824 Christo
1230 3781 1447 3825 naturas
1475 3782 1526 3826 et
1549 3775 1703 3830 homo

184 3829 345 3912 filius
373 3835 479 3892 Dei
528 3829 587 3890 δι’
612 3836 752 3892 Deus
798 3836 848 3890 F
853 3839 971 3892 ilius
993 3839 1218 3912 hominis
1267 3842 1580 3912 appellatur.
1633 3842 1701 3898 In

185 3899 374 3959 Christo
404 3923 531 3961 vera
558 3923 681 3962 caro
709 3916 758 3961 et
786 3923 906 3962 vera
936 3909 1151 3962 animm.

182 3993 280 4062 85
307 3992 612 4067 Propterea
657 3996 844 4066 utique
889 3997 1156 4054 Mediator
1195 3997 1295 4055 Dei
1342 4009 1392 4055 et
1436 4001 1703 4057 hominum

131 4079 258 4139 homo
284 4086 526 4144 Christus
563 4087 718 4144 Iesus
768 4090 837 4144 ab
865 4089 1126 4162 Apostolo
1171 4092 1525 4162 praedicatur;
1575 4110 1703 4150 nam

130 4175 234 4242 quia
261 4177 397 4236 Deus
426 4188 547 4236 erat
585 4180 822 4249 Verbum,
853 4183 909 4238 in
947 4199 1014 4239 eo
1042 4183 1190 4255 quod
1217 4185 1359 4250 Deus
1398 4195 1573 4242 totum
1601 4186 1703 4244 ho-

131 4266 300 4326 minem
329 4274 576 4344 suscepit
601 4289 701 4344 pro
730 4275 887 4330 nobis
915 4274 1136 4330 Verbum
1155 4293 1279 4333 caro
1308 4280 1503 4350 factum
1527 4289 1624 4346 est,
1651 4287 1703 4336 et

132 4355 348 4420 habitavit
373 4369 432 4422 in
462 4365 639 4422 nobis.
685 4367 904 4422 Verbum
930 4369 1117 4440 utique
1144 4387 1266 4427 caro
1305 4374 1501 4444 factum
1528 4383 1605 4429 est
1640 4374 1699 4430 in

132 4456 184 4500 eo
205 4455 339 4520 quod
366 4465 453 4512 est
474 4472 590 4512 una
617 4457 672 4512 in
700 4456 913 4514 Christo
942 4459 1039 4514 Dei
1066 4461 1403 4531 hominisque
1422 4478 1654 4533 persona
1678 4481 1694 4519 :

133 4537 368 4604 Habitavit
390 4560 571 4606 autem
597 4553 653 4605 in
681 4550 848 4618 nobis,
897 4552 1024 4622 quia
1053 4553 1110 4607 in
1135 4553 1350 4610 Christo
1378 4571 1508 4610 vera
1554 4563 1698 4613 tota-

1817 2086 2060 2130 nascetur
2099 2094 2166 2133 ex
2192 2086 2243 2133 te
2278 2089 2514 2133 sanctum
2550 2080 2814 2135 vocabitur
2841 2079 3014 2135 Filius
3041 2080 3141 2136 Dei
3175 2079 3327 2153 (Luc.
3352 2098 3403 2148 ι,

1817 2164 1936 2239 ⁵⁵)·
1966 2166 2131 2225 Μαι·σί
2158 2184 2375 2241 quoque
2401 2185 2512 2226 non
2539 2170 2812 2228 discordat
2843 2172 3093 2237 assertio,
3123 2172 3229 2228 tale
3255 2172 3419 2228 scili-i

1815 2266 1902 2315 cet
1940 2257 2229 2329 Evangelio
2275 2276 2374 2316 suo
2401 2263 2654 2332 ponentis
2697 2263 2978 2319 exordium
3021 2261 3408 2336 :Evangelium

1811 2351 1940 2408 Iesu
1969 2352 2160 2417 Christi
2180 2353 2311 2411 Filii
2341 2354 2440 2411 Dei
2471 2354 2662 2428 (Marc.
2687 2373 2725 2422 ι,
2756 2357 2832 2427 1).
2863 2355 3161 2412 Nathanael
3187 2371 3420 2427 quoque:

1813 2443 1884 2500 de
1939 2461 2048 2516 quo
2095 2445 2307 2502 dixerat
2349 2465 2362 2499 :
2403 2446 2448 2500 A
2507 2443 2775 2501 Nazareth
2817 2455 2987 2518 potest
3032 2446 3229 2517 aliquid
3280 2439 3406 2502 boni

1813 2551 1924 2590 esse
1974 2536 2153 2606 (Joan.
2207 2553 2245 2602 ι,
2294 2535 2423 2609 46)?
2474 2552 2583 2592 non
2622 2546 2908 2617 cunctatur
2953 2537 3050 2593 Dei
3085 2536 3277 2593 Filium
3313 2553 3422 2608 apt

1811 2625 2015 2696 pellare
2047 2645 2060 2681 :
2093 2626 2282 2695 Rabbi,
2305 2627 2576 2697 inqmens,
2607 2638 2660 2682 tu
2687 2645 2742 2684 es
2769 2628 2940 2685 Filius
2967 2629 3087 2696 Dei,
3121 2640 3174 2684 tu
3202 2647 3258 2686 es
3286 2629 3406 2688 Rea:

1815 2713 1987 2771 Israel
2016 2716 2205 2788 (Ibid.,
2237 2718 2350 2789 49).
2385 2717 2486 2774 Ubi
2512 2717 2687 2787 Iesus,
2718 2730 2780 2775 ut
2807 2721 3022 2792 plenum
3048 2722 3262 2792 pietatis
3291 2738 3405 2780 sum

1810 2811 2125 2880 mysterium
2145 2811 2562 2879 demonstraret,
2583 2827 2694 2868 non
2719 2813 2894 2869 solum
2912 2814 2968 2870 id
2987 2814 3132 2885 quod
3151 2815 3220 2870 de
3241 2813 3404 2872 Patre

1811 2899 2129 2955 naturaliter
2174 2917 2388 2972 semper
2432 2911 2518 2958 est
2555 2903 2785 2960 libenter
2819 2905 3058 2977 audivit,
3101 2906 3198 2963 sed
3234 2907 3421 2963 etiam'

1810 2991 1960 3062 quod
1999 3007 2071 3048 ex
2095 2992 2319 3049 muliere
2345 2993 2768 3050 misericorditer
2795 2996 2967 3055 factus
2995 3006 3079 3053 est
3105 2997 3420 3055 evidentis-'

1809 3082 1947 3138 sime
1971 3083 2301 3153 praedicavit,
2353 3083 2538 3140 dicens
2573 3085 2792 3153 :Amen,
2818 3102 2972 3142 amen
2999 3087 3115 3147 dico
3141 3090 3303 3157 vobis,
3332 3092 3421 3145 vit

1808 3171 1993 3228 debitis
2018 3173 2200 3230 calum
2238 3185 2494 3245 apertum,
2538 3185 2589 3230 et
2623 3177 2838 3248 angelos
2865 3175 2964 3232 Dei
2991 3179 3328 3234 ascendentes
3347 3187 3404 3235 et

1731 3285 1778 3351 ρ
1809 3265 2341 3338 άεεεεηάεηιεεξεαρεν
2359 3265 2558 3322 Filium
2581 3267 2805 3324 hominis
2821 3267 3009 3340 (Ibid.,
3034 3267 3147 3334 5i).
3169 3269 3402 3342 Propter

1807 3355 1949 3410 hanc
1970 3357 2024 3410 in
2048 3353 2264 3412 Christo
2290 3357 2552 3413 unitatem
2578 3373 2846 3430 personae,
2875 3368 2932 3416 et
2957 3359 3293 3417 inconfusam
3311 3375 3399 3420 vo-

1804 3445 2020 3502 ritatem
2046 3447 2238 3502 divinae
2260 3447 2616 3519 humanaeque
2636 3452 2969 3520 substantias,
2987 3469 3126 3510 unus
3146 3453 3402 3527 idemque

1807 3535 2072 3604 Christus,
2109 3546 2167 3592 et
2203 3535 2345 3594 Puer
2371 3541 2438 3595 ab
2464 3539 2602 3596 Isaia
2631 3541 2846 3611 dicitur,
2880 3551 2936 3600 et
2958 3543 3126 3602 Filius
3162 3561 3226 3610 ac
3253 3545 3398 3606 Deus

1803 3632 2007 3701 pariter
2030 3631 2372 3701 prmdicatur,
2392 3633 2531 3688 sicut
2555 3635 2726 3706 inquit
2753 3654 2766 3689 :
2791 3636 2932 3692 Puer
2951 3651 3105 3694 natus
3127 3647 3204 3693 est
3225 3639 3392 3708 nobis,

1804 3721 1945 3790 ﬁlius
1973 3721 2124 3776 datus
2147 3732 2223 3776 est
2251 3722 2398 3778 nobis
2409 3740 2428 3789 ;
2458 3725 2604 3795 cujus
2633 3728 2944 3798 principium
2969 3746 3122 3799 super
3154 3730 3396 3785 humeros

1802 3811 1937 3881 ejus,
1977 3820 2024 3864 et
2049 3811 2310 3867 vocabitur
2348 3829 2533 3867 nomen
2570 3814 2705 3884 ejus,
2732 3816 3088 3885 Admirabilis,
3135 3817 3394 3874 Consilia-

1802 3901 1933 3968 rius,
1968 3910 1991 3938 ο
2021 3900 2182 3966 Deus,
2213 3905 2322 3974 86
2345 3902 2525 3959 Fortis
2547 3905 2703 3978 (Isai.
2737 3923 2811 3973 ix,
2841 3907 2914 3977 6).
2947 3909 3007 3962 In
3037 3925 3143 3964 uno
3171 3911 3394 3966 Christo

1803 4007 1912 4047 non
1940 4002 2063 4048 sunt
2089 3995 2207 4049 dua:
2234 4011 2496 4065 personae,
2546 4004 2606 4050 ut
2633 3996 2770 4052 alius
2795 4012 2951 4068 puer,
3003 4007 3058 4053 et
3085 3999 3220 4054 alius
3247 3997 3392 4054 Deus

1801 4079 1963 4137 fuerit
1991 4095 2359 4154 nuncupatus;
2392 4085 2489 4139 sed
2517 4086 2572 4140 in
2614 4100 2722 4140 una
2749 4102 2978 4157 persona
3004 4096 3088 4144 est
3114 4087 3254 4144 Deus
3282 4081 3414 4160 ple;

1801 4191 1921 4241 nus,
1954 4184 2010 4231 et
2057 4177 2220 4232 homo
2267 4178 2554 4248 perfectus,
2603 4181 2729 4251 quia
2775 4181 3202 4238 substantialiter
3243 4182 3391 4242 aliud

1799 4285 1954 4342 puer,
1978 4278 2033 4326 et
2053 4271 2199 4327 aliud
2223 4271 2397 4340 Deus,
2430 4290 2552 4330 cum
2575 4283 2757 4332 tamen
2799 4275 3157 4347 personaliter
3182 4291 3292 4331 non
3319 4275 3394 4333 sit

1800 4360 1937 4416 alius
1964 4377 2116 4432 puer,
2147 4373 2203 4418 et
2231 4365 2365 4421 alius
2393 4365 2556 4422 Deus.
2589 4364 2740 4423 Unus
2771 4367 2913 4422 enim
2953 4365 3121 4423 Filius
3147 4375 3203 4422 et
3230 4383 3390 4440 puer,

1798 4458 1856 4506 et
1881 4450 2044 4520 Deus,
2067 4454 2191 4522 quia
2220 4473 2364 4525 puer,
2389 4457 2474 4528 qui
2506 4467 2658 4512 natus
2682 4469 2760 4512 est
2779 4458 2948 4526 nobis,
2996 4469 3046 4514 et
3074 4459 3214 4516 idem
3241 4450 3413 4530 ﬁlius'

1798 4541 1892 4610 qui
1919 4541 2072 4597 datus
2101 4552 2178 4597 est
2205 4545 2370 4612 nobis,
2395 4554 2620 4601 vocatur
2657 4564 2843 4603 nomen
2885 4550 2997 4620 ejus
3025 4549 3386 4620 Admirabilis,

135 4642 220 4696 que
241 4647 528 4704 permane;
550 4639 732 4695 divina
755 4641 1096 4711 humanaque
1116 4643 1433 4698 substantia.
1461 4644 1697 4701 Verbum
1725 4654 1778 4714 D
1800 4631 2163 4700 Consiliarius,
2195 4634 2355 4703 Deus,
2386 4635 2587 4692 Fortis.
2620 4636 2720 4694 Hic
2745 4647 2928 4696 tamen
2953 4656 3107 4712 puer,
3132 4641 3272 4696 sicut
3298 4656 3389 4697 ve-

135 4724 252 4782 enim
276 4729 533 4789 habitans
562 4733 616 4788 in
640 4733 881 4799 homine,
910 4748 1020 4790 non
1047 4744 1131 4789 est
1149 4743 1414 4790 mutatum
1444 4736 1497 4791 in
1527 4737 1702 4793 homi-

136 4827 252 4874 nem.
299 4821 400 4880 Ubi
448 4835 637 4882 autem
673 4825 910 4882 maxime
937 4826 1172 4884 Verbum
1208 4829 1386 4899 potuit
1431 4830 1695 4900 habitare,

136 4919 268 4974 Quam
295 4915 349 4971 in
376 4918 472 4973 illa
495 4918 801 4975 substantia
829 4932 992 4987 quam
1021 4918 1105 4986 adi
1125 4934 1278 4975 suam
1305 4919 1593 4988 imaginem
1619 4920 1700 4977 fe-

137 4997 211 5067 cit,
235 5003 331 5064 hoc
354 5020 458 5079 est,
491 5013 551 5068 in
573 5012 750 5067 anima
777 5011 920 5067 illius
942 5011 1175 5068 hominis
1197 5027 1357 5082 quem
1385 5012 1478 5082 (al.
1509 5012 1693 5084 quam)

137 5099 372 5166 suscepit?
401 5100 564 5170 Quod
593 5103 906 5174 prophetice
927 5104 1022 5176 (al.
1053 5103 1392 5175 prophetica)
1423 5120 1521 5175 per
1549 5103 1699 5162 Salo-

138 5192 321 5244 monem
345 5193 582 5263 spiritali
607 5194 779 5264 gratia
805 5195 1077 5251 cernimus
1098 5195 1421 5262 intimatum,
1453 5211 1575 5252 cum
1614 5197 1697 5252 di-

140 5271 253 5332 eitur
279 5297 293 5334 :
319 5283 513 5339 Anima
535 5286 666 5356 justi
691 5297 713 5325 ο
740 5286 886 5341 sedes
911 5296 988 5342 est
1007 5286 1275 5358 sapientia:
1292 5285 1445 5358 (Sap.
1464 5285 1695 5360 vu,'.27).

140 5360 265 5438 Nam,
311 5385 371 5432 ut
420 5378 744 5435 ostendatur
783 5377 1028 5435 Christus
1055 5380 1114 5436 in
1161 5380 1355 5454 animus
1398 5379 1697 5436 substantia

141 5462 413 5525 lillecialiter
440 5471 706 5536 habitare,
744 5469 941 5527 Paulus
964 5471 1124 5529 nobis
1151 5473 1391 5544 porrigat
1417 5486 1527 5527 suae
1553 5478 1696 5528 atte-

141 5552 358 5616 stationis
387 5561 445 5617 in
472 5561 705 5619 veritate
741 5561 1059 5632 subsidium,
1107 5563 1200 5635 qui
1227 5562 1356 5619 dicit
1387 5579 1401 5617 :
1431 5559 1605 5632 Hujus
1619 5562 1698 5618 rei

195 5683 311 5764 flia
338 5694 489 5764 editi,
523 5706 578 5752 at
621 5714 722 5756 ms.
751 5700 912 5757 Corb.
939 5701 1105 5758 habet
1127 5701 1507 5758 demonstratur
1531 5703 1691 5761 serie.

176 5817 185 5828 ,
193 5749 223 5833 ξ
242 5749 489 5820 Abel-ant,
503 5749 576 5822 ab
592 5749 748 5826 ediiis
898 5749 1078 5827 ⁷νειῖιῖεῖ

144 5828 272 5899 imis;
299 5835 392 5888 sed
421 5839 670 5894 restituta
692 5851 818 5896 sunt
845 5857 911 5898 ex
941 5859 1040 5897 ms.
1072 5828 1404 5899 Co'rbeiensi.

201 5904 220 5933 ο
240 5897 493 5976 Antuerp.
527 5917 584 5968 et
609 5909 821 5975 Colon.
852 5897 994 5973 sedes
1018 5897 1147 5972 esse.
1193 5913 1382 5981 Basih.
1407 5913 1556 5973 sedes
1591 5919 1690 5977 est.

1802 4739 1919 4779 ram
1946 4741 2183 4793 carnem,
2224 4728 2303 4783 sic
2349 4738 2404 4783 et
2447 4744 2634 4784 veram
2669 4729 2857 4786 habuit
2894 4733 3147 4799 animam,
3196 4741 3256 4787 ut
3290 4732 3385 4787 illa

1802 4831 1931 4871 vera
1957 4815 2208 4875 divinitas
2235 4826 2402 4874 totam
2433 4820 2662 4877 hominis
2689 4831 2746 4878 et
2768 4824 3130 4879 renovandam
3152 4825 3388 4896 suscipe.

1801 4914 1908 4973 ret,
1961 4916 2018 4965 et
2063 4919 2368 4979 susceptam
2413 4921 2598 4981 posset
2623 4929 2887 4970 renovare
2929 4923 3196 4982 naturam,
3245 4916 3387 4974 sicut

1802 4999 2050 5069 superius
2078 5009 2180 5068 est,
2210 4999 2354 5056 Luca
2371 4989 2622 5074 testante,
2652 5014 3004 5062 monstratum
3033 5026 3046 5061 :
3075 5004 3209 5071 Quia
3233 5023 3381 5075 puer,

1802 5089 1857 5146 id
1893 5100 1978 5147 est
2015 5091 2190 5160 Iesus,
2225 5096 2528 5166 proﬁciebat
2563 5108 2714 5154 (etate
2747 5110 2796 5155 et
2832 5102 3088 5172 sapientia
3123 5110 3173 5154 et
3207 5103 3381 5172 gratia

1803 5181 1943 5251 apud
1968 5180 2136 5236 Deum
2163 5193 2213 5237 et
2235 5185 2466 5241 homines
2503 5187 2654 5258 (Luc.
2688 5207 2741 5258 ιι,
2775 5190 2884 5264 51).
2919 5192 3208 5262 Propterea
3241 5192 3292 5244 in
3322 5207 3382 5246 se

1799 5289 1902 5329 nec
1923 5275 2102 5330 carnis
2127 5292 2344 5343 nomen,
2380 5296 2480 5336 nec
2505 5283 2716 5348 animm,
2741 5283 2994 5338 Dominus
3021 5284 3136 5352 ipse
3165 5292 3378 5352 prmter.

1799 5374 1945 5430 misit
1989 5376 2294 5448 ostendere,
2345 5395 2562 5436 carnem
2591 5382 2809 5450 quidem
2848 5397 2907 5437 se
2934 5382 3131 5438 habere
3159 5385 3377 5440 verissi-

1799 5489 1944 5530 mam
1970 5485 2294 5545 monstrans,
2323 5495 2444 5534 cum
2474 5481 2603 5535 dicit
2627 5498 2639 5534 :
2663 5479 2813 5544 Quod
2840 5482 3067 5534 nascitur
3101 5483 3164 5536 de
3197 5500 3376 5554 carne,

1800 5581 1922 5620 caro
1957 5574 2033 5620 est
2079 5567 2258 5629 (Joan.
2288 5585 2366 5635 ιιι,
2395 5570 2472 5639 6).
2513 5570 2677 5640 Cujus
2704 5570 2862 5641 plena
2907 5569 3106 5634 veritas
3151 5588 3375 5644 operum

1798 5702 1897 5778 Ms.
1928 5705 2111 5778 Corh.,
2137 5707 2282 5761 sedes
2309 5709 2592 5778 sapientiae.
2617 5741 2622 5746 -

1867 5775 1894 5814 ’ί
1927 5776 2112 5842 Basil.,
2141 5787 2190 5830 et
2217 5775 2465 5832 habitare.

1876 5855 1899 5882 ο
1928 5847 2050 5929 Ant.
2066 5856 2141 5929 Aet
2168 5865 2264 5904 ms.
2297 5849 2480 5914 (1011).,
2509 5847 2673 5916 Deus.
2694 5846 2892 5914 Fortis.
2906 5851 3100 5914 Colon.
3113 5853 3366 5929 etBasil.,

1799 5913 1941 5975 Deus
1974 5918 2138 5988 fortis.
