4068 6522
471 387 568 442 247

1507 377 1562 430 S.
1604 370 1968 430 FULGENTII
2009 366 2311 424 EPISCOPI
2352 364 2720 424 RUSPENSIS

3633 362 3736 426 ω

471 512 635 558 tatem
667 498 880 570 repulit,
923 495 1071 552 illum
1114 490 1372 549 inﬁrmari
1407 506 1515 545 non
1553 490 1706 555 sivit;
1738 488 1879 542 illius
1905 502 2052 552 esca,
2081 489 2134 548 Α
2157 485 2405 554 exclusit,
2427 500 2497 540 ne
2521 499 2663 548 eum,
2693 498 2854 553 quem
2881 497 3002 537 cum
3033 479 3192 538 Patre
3220 497 3384 538 unum
3412 483 3740 553 audiremus,

473 594 628 648 istius
653 589 940 646 medicina.
985 585 1136 640 Hunc
1172 593 1352 639 autem
1401 580 1642 651 quisquis
1683 594 1872 633 sanum
1897 577 2057 647 sapit,

472 685 669 739 Filium
690 681 787 736 Dei
816 694 936 736 esse
958 693 1068 734 non
1095 675 1336 746 ambigit,
1359 675 1449 744 qui
1487 680 1570 730 est
1592 671 1752 724 virtus
1777 677 1826 723 et
1858 670 2064 741 sapien-

473 779 550 832 tia
604 775 821 829 Patris:
853 771 1116 844 sapientia
1163 783 1283 838 quae
1337 771 1530 822 cuncta
1572 762 1854 833 disposuit,
1893 761 2066 815 virtus

476 883 597 938 quae
627 851 1071 928 omnia’creavit;
1112 858 1376 931 sapientia
1414 871 1534 926 qua:
1562 854 1868 919 illuminat,
1897 852 2067 907 virtus

479 975 603 1034 quae
628 958 951 1028 adjutorium
1001 961 1247 1027 przestat;
1286 950 1570 1022 sapientia,
1608 948 1734 1018 quia
1763 944 2070 1003 immutabi-

477 1051 584 1118 lis;
615 1050 807 1119 virtus,
859 1049 985 1118 quia
1031 1043 1423 1116 insuperabilis.
1466 1042 1568 1110 Qui
1616 1041 1760 1096 omni
1808 1047 2070 1096 creatura:

482 1157 594 1199 suae
615 1157 713 1212 per
741 1138 1006 1194 inﬁnitam
1033 1137 1331 1208 potentiam
1383 1133 1681 1191 naturalem
1728 1147 1940 1204 semper
1974 1130 2071 1185 ad-

484 1242 590 1302 est,
619 1241 676 1289 et
703 1234 995 1288 immensus
1043 1243 1314 1298 nunquam
1364 1226 1556 1293 deest;
1587 1225 1680 1294 qui
1717 1224 1821 1279 hoc
1857 1231 2072 1278 natura-

487 1325 610 1381 liter
633 1326 688 1379 in
716 1339 775 1378 se
800 1323 963 1377 habet
995 1335 1113 1376 esse
1141 1318 1286 1389 quod
1324 1317 1487 1373 Pater
1527 1325 1631 1385 est,
1661 1321 1718 1371 et
1746 1314 1868 1369 ideo
1897 1312 2076 1384 potuit

488 1425 546 1471 et
573 1414 821 1485 angelum
850 1414 904 1467 in
933 1410 1304 1482 superioribus
1341 1407 1600 1471 stabilire,
1647 1413 1703 1462 et
1728 1419 1827 1474 pro
1856 1416 2076 1473 repara-

489 1509 638 1564 tione
673 1505 808 1576 lapsi
852 1503 1086 1559 hominis
1130 1500 1198 1555 ad
1243 1497 1498 1554 inferiora
1544 1493 1893 1562 descendere,
1940 1493 2079 1547 sicut

489 1598 606 1666 ipse
650 1602 900 1659 testatur,
932 1593 1116 1648 dicens
1149 1608 1162 1644 :
1189 1588 1447 1644 Descendi
1490 1587 1554 1642 de
1591 1582 1754 1654 caelis,
1784 1600 1888 1638 non
1916 1593 1972 1636 ut
1997 1583 2080 1654 fa-

491 1687 624 1741 ciant
662 1685 972 1739 uoluntatem
1015 1696 1212 1749 meam,
1244 1678 1336 1732 sed
1381 1677 1696 1732 voluntatem
1734 1675 1846 1746 ejus
1888 1673 1973 1746 qui
2001 1685 2082 1726 me

485 1771 633 1832 'misit
664 1785 689 1813 ιι
721 1773 899 1828 Patris
925 1770 1101 1843 (Joan.
1145 1786 1219 1839 vr,
1252 1767 1366 1838 '58).
1397 1765 1552 1822 Hunc
1586 1764 1807 1836 quidam
1835 1763 1931 1834 (al.
1961 1760 2083 1831 qui-

491 1867 660 1937 dem),
696 1880 818 1920 cum
859 1863 1084 1918 audiunt
1117 1858 1476 1923 descendisse,
1525 1856 1928 1913 descensionem
1967 1853 2084 1923 ejus

495 1954 763 2013 aﬁirmare
803 1955 1046 2010 nituntur
1083 1952 1334 2019 localem,
1374 1950 1500 2020 quia
1529 1949 1776 2004 nesciunt
1802 1946 1917 2012 Dei,
1948 1944 2089 2000 sicut

497 2055 742 2120 oportet,
773 2044 1122 2102 considerare
1148 2043 1429 2108 virtutem,
1461 2055 1562 2095 nec
1585 2038 1768 2109 valent
1795 2049 2089 2106 agnoscere

496 2142 577 2197 sic
603 2156 703 2210 pro
733 2138 949 2194 homine
985 2136 1157 2191 Deum
1189 2133 1462 2190 hominem
1501 2132 1721 2197 factum,
1757 2136 1817 2184 ut
1865 2137 2088 2197 accepta

500 2231 735 2287 hominis
777 2230 950 2284 forma
984 2234 1231 2282 maneret
1269 2223 1618 2281 immutabilis
1643 2221 1822 2278 divina
1842 2221 2091 2278 substan-

501 2322 578 2377 tia
603 2339 617 2389 ;
647 2336 748 2377 nec
776 2321 856 2376 sic
882 2318 1189 2388 intelligunt
1225 2315 1596 2387 temporaliter
1621 2322 1830 2380 natum,
1871 2321 1932 2368 ut
1950 2327 2093 2367 sem-

500 2428 600 2485 per
629 2413 792 2469 fuisse
831 2420 1051 2468 teneant
1098 2408 1505 2485 sempiternum.
1545 2406 1612 2462 Hi
1657 2413 1782 2462 sunt
1808 2405 1900 2475 qui
1927 2405 2092 2460 etiam

503 2484 851 2563 considerare
890 2508 1245 2559 contemnunt
1282 2484 1520 2571 qualiter
1559 2497 1930 2567 descenderit,
1971 2512 2094 2553 cum

505 2603 883 2668 perseveraret
926 2595 1238 2658 immensus,
1278 2589 1366 2645 vel
1401 2589 1633 2660 qualiter
1669 2588 1976 2644 humiliatus
2001 2586 2093 2655 sit,

506 2689 601 2759 qui
629 2695 873 2742 maneret
901 2684 1210 2740 altissimus.
1239 2680 1300 2737 Si
1326 2682 1470 2737 enim
1507 2681 1622 2751 ejus
1665 2688 1858 2734 natura
1887 2692 2097 2748 quaera-

507 2789 616 2844 tur,
661 2787 742 2833 est
797 2762 1153 2834 essentialiter
1187 2773 1358 2840 Deus,
1389 2773 1516 2843 quia
1568 2771 1636 2826 In
1683 2771 1938 2842 principio
1983 2778 2098 2824 erat

513 2871 761 2940 Verbum,
781 2881 840 2926 .et
875 2870 1100 2926 Verbum
1149 2880 1262 2935 erat
1306 2868 1446 2941 apud
1489 2867 1676 2935 Deum,
1721 2877 1771 2922 et
1816 2865 1957 2921 Deus
1985 2873 2098 2920 erat

519 2962 759 3017 Verbum.
812 2962 906 3018 Est
951 2963 1113 3018 etiam
1161 2961 1517 3033 sempiternus
1537 3001 1554 3026 ,
1608 2958 1734 3030 quia
1787 2958 2100 3028 sempiterna

509 3054 613 3111 Dei
639 3046 796 3111 virtus
825 3065 925 3121 est,
960 3065 1112 3127 atque
1146 3055 1395 3110 divinitas
1425 3050 1604 3125 (Rom.
1644 3067 1691 3117 ι,
1725 3048 1840 3118 20).
1871 3047 1967 3103 Est
1995 3048 2098 3103 im-

510 3150 756 3216 mensus,
774 3148 901 3218 quia
925 3147 994 3204 de
1040 3149 1157 3218 ipso
1193 3145 1455 3203 Jeremias
1476 3145 1604 3201 dicit
1635 3142 1896 3214 :Magnus
1925 3151 2021 3207 est,
2051 3135 2101 3196 et

2161 584 2346 630 natum
2368 575 2589 630 minime
2605 573 2972 630 crederemus.
2990 573 3064 629 De
3083 573 3195 629 Deo
3211 574 3353 630 Deus
3374 575 3552 645 potuit
3572 577 3744 646 nasci,

2163 669 2259 726 sed
2279 669 2575 725 immensus
2593 669 2664 724 ab
2680 668 2942 724 immenso
2957 683 3065 723 non
3081 668 3256 739 potuit
3277 670 3568 740 segregari.
3581 669 3751 726 Natus

2165 763 2311 820 enim
2339 764 2564 828 exstitit,
2613 778 2725 818 non
2751 761 3008 818 abscessit
3041 779 3053 815 :
3087 761 3208 819 talis
3252 769 3335 818 est
3370 763 3514 818 enim
3560 763 3651 818 illa
3679 763 3756 819 di-

2165 856 2291 912 vina
2315 854 2794 925 inenarrabilisque
2819 853 3090 919 nativitas,
3119 863 3180 910 ut
3197 866 3360 924 quem
3388 852 3549 910 Pater
3571 857 3757 924 genuit

2170 962 2238 1004 ex
2264 964 2350 1017 se,
2379 947 2606 1004 haberet
2632 947 2687 1003 in
2718 963 2796 1004 se.
2828 946 2982 1002 Hanc
3007 945 3132 1002 ﬁdei
3159 947 3401 1018 regulam
3429 963 3529 1018 per
3560 947 3755 1003 Isaiam

2173 1039 2331 1097 nobis
2357 1039 2536 1096 unitas
2563 1039 2730 1110 ipsius
2757 1053 2898 1095 verte
2927 1038 3220 1095 divinitatis
3265 1039 3522 1108 ostendit,
3549 1055 3758 1096 memo-

2160 1138 2292 1190 rato
2332 1132 2596 1202 propheta
2626 1129 2842 1188 dicente
2875 1149 2888 1186 :
2918 1128 3176 1197 Quoniam
3221 1132 3277 1186 in
3307 1141 3354 1186 te
3390 1141 3467 1187 est
3508 1131 3670 1199 Deus,
3709 1142 3760 1187 et

2173 1241 2278 1280 non
2299 1233 2375 1280 est
2393 1223 2536 1279 Deus
2562 1234 2750 1294 preter
2777 1233 2846 1280 te.
2871 1223 2954 1279 Tu
2981 1227 3118 1281 enim
3147 1242 3201 1280 es
3229 1223 3393 1294 Deus,
3421 1235 3471 1281 et
3497 1228 3762 1282 nescieba-

2175 1331 2321 1380 mus,
2356 1313 2496 1370 Deus
2524 1313 2696 1370 Israel
2738 1315 3002 1372 Salvator.
3053 1315 3369 1374 Erubescent
3406 1326 3457 1373 et
3497 1319 3763 1389 pudebunt

2178 1421 2352 1462 omnes
2393 1407 2483 1476 qui
2537 1406 2876 1462 adversantur
2916 1409 2984 1474 ei,
3029 1416 3080 1462 et
3117 1408 3262 1463 ibunt
3283 1467 3286 1471 ,
3307 1424 3421 1464 cum
3461 1412 3766 1482 confusione

2180 1496 2338 1570 (Isai.
2362 1497 2592 1566 XLv,l6,
2625 1497 2734 1572 17).
2765 1498 2865 1565 Qui
2896 1507 3076 1555 autem
3097 1499 3235 1556 Filio
3263 1492 3358 1556 Dei
3388 1501 3764 1572 adversantur,

2181 1589 2283 1644 nisi
2307 1589 2398 1658 qui
2426 1588 2642 1646 Patrem
2687 1590 2742 1644 in
2770 1591 2906 1660 ipso,
2937 1599 2992 1646 et
3019 1592 3193 1661 ipsum
3226 1593 3280 1646 in
3318 1591 3500 1665 Patre,
3520 1611 3622 1666 per
3646 1597 3768 1652 uni-
3805 1609 3814 1628 ’

2182 1689 2347 1738 tatem
2374 1683 2676 1738 naturalem
2699 1683 2968 1752 denegant
3003 1698 3143 1751 esse,
3172 1692 3334 1754 atque
3361 1684 3575 1742 Patrem
3605 1695 3661 1743 et
3682 1687 3769 1743 Fi-

2184 1773 2316 1828 lium
2343 1787 2442 1843 per
2478 1772 2777 1828 naturalem
2812 1773 3178 1830 diversitatem
3207 1775 3406 1831 audent
3441 1777 3661 1848 perﬁda:
3689 1779 3771 1834 in-

2113 1865 2162 1926 B
2187 1865 2459 1922 ﬁdelitatis
2484 1866 2616 1921 vitio
2647 1867 2944 1936 separare?
2971 1865 3062 1923 Sic
3087 1875 3173 1923 est
3197 1867 3339 1923 enim
3371 1865 3531 1924 Pater
3549 1871 3604 1925 in
3633 1869 3773 1926 Filio

2188 1959 2328 2015 sicut
2364 1964 2449 2012 est
2493 1955 2660 2012 Filius
2696 1955 2753 2010 in
2796 1955 2989 2024 Patre;
3039 1958 3217 2014 unitas
3269 1958 3343 2014 ibi
3393 1961 3652 2016 naturalis
3697 1962 3775 2018 sic

2188 2049 2452 2120 aequalem
2491 2047 2828 2105 demonstrat
2872 2057 3178 2120 utrumque,
3230 2057 3290 2106 ut
3344 2051 3638 2109 immensus
3674 2054 3778 2108 ini-

2191 2155 2437 2197 mensum
2463 2139 2739 2208 gigneret,
2768 2147 2825 2194 et
2859 2139 3152 2198 immensus
3179 2155 3248 2197 ex
3273 2141 3537 2201 immenso
3563 2146 3779 2216 genitus

2192 2231 2570 2288 immensitatis
2595 2238 2834 2302 paternae
2857 2232 2990 2288 nihil
3016 2234 3195 2290 minus
3221 2233 3464 2292 haberet.

2392 2323 2575 2381 CAPUT
2605 2341 2677 2381 iv.
2705 2325 2870 2381 Pater
2895 2343 2988 2398 per
3013 2325 3211 2383 Filium
3238 2331 3414 2385 omnia
3434 2332 3575 2402 fecit.

2201 2449 2203 2451 ι
2267 2416 2481 2486 Quaeso,
2510 2426 2765 2496 regnator
2789 2419 3008 2491 inclyte,
3055 2437 3126 2476 ne
3171 2421 3273 2479 ista
3315 2437 3436 2492 quae
3463 2424 3532 2481 de
3560 2426 3674 2482 Deo
3702 2428 3782 2484 lo-

2196 2511 2413 2581 quimur
2444 2511 2801 2582 corporaliter
2849 2512 3128 2570 existimes
3177 2516 3480 2586 cogitanda.
3528 2517 3782 2591 Superat,

2198 2599 2292 2670 qui
2315 2597 2461 2664 fecit,
2492 2607 2685 2654 cuncta
2713 2615 2834 2670 qua:
2877 2600 3021 2657 fecit.
3052 2599 3218 2672 Cujus
3249 2611 3333 2659 est
3363 2605 3784 2665 substantialiter

2199 2689 2318 2746 sine
2343 2689 2498 2745 initio
2537 2704 2688 2757 esse,
2719 2691 2888 2747 solius
2909 2700 2993 2747 est
3019 2691 3448 2752 substantialiter
3473 2698 3591 2754 sine
3630 2701 3786 2758 initio

2200 2778 2448 2848 genuisse
2479 2794 2494 2844 ;
2533 2778 2687 2848 cujus
2730 2788 2816 2837 est
2851 2795 2950 2851 per
2998 2781 3324 2840 inell'abilem
3369 2787 3788 2848 immensitatem

2205 2875 2376 2923 totum
2405 2868 2629 2939 implere
2653 2869 2799 2939 quod
2835 2868 2991 2941 fecit,
3017 2871 3134 2942 ejus
3158 2881 3243 2929 est
3275 2889 3374 2945 per
3401 2877 3661 2934 unitatem
3690 2895 3789 2935 na-

2205 2967 2337 3014 turae
2366 2966 2538 3016 totum
2563 2959 2699 3016 Filio
2722 2961 2916 3028 inesse,
2957 2970 3014 3017 et
3042 2969 3216 3018 totum
3252 2962 3449 3020 Filium
3477 2966 3530 3020 in
3561 2983 3622 3023 se
3642 2983 3789 3024 sem-

2203 3067 2302 3123 per
2330 3051 2551 3118 habere,
2593 3066 2756 3122 quem
2782 3053 2984 3123 genuit.
3035 3051 3092 3107 Si
3130 3069 3240 3110 non
3267 3055 3446 3110 omnia
3475 3055 3639 3112 Filius
3667 3075 3792 3117 cum

2207 3140 2371 3198 Patre
2397 3142 2682 3213 disposuit,
2714 3158 2823 3198 non
2871 3151 2954 3198 est
2998 3143 3284 3214 sapientia,
3325 3161 3446 3216 qua:
3469 3147 3630 3204 dicit:
3661 3148 3792 3206 Cum

511 3257 618 3296 non
641 3241 790 3294 habet
819 3240 994 3310 ﬁnem,
1019 3240 1251 3293 excelsus
1288 3245 1339 3292 et
1372 3238 1654 3291 immensus
1686 3233 1836 3305 (Bar.
1877 3249 1952 3300 lli,
1983 3232 2099 3304 25).
2132 3253 2178 3317 ρ
2209 3244 2420 3304 pararet
2443 3235 2644 3301 cretum,
2668 3234 2879 3289 aderant
2918 3235 3018 3302 illi,
3047 3244 3098 3290 et
3125 3252 3241 3290 cum
3279 3239 3583 3310 segregabat
3619 3243 3794 3298 sedem

513 3330 584 3387 Et
604 3332 764 3401 paulo
791 3340 936 3401 post,
969 3339 1029 3385 ut
1057 3330 1174 3385 haec
1195 3329 1264 3385 de
1286 3328 1424 3384 Filio
1446 3344 1506 3384 se
1535 3327 1735 3383 dixisse
1761 3327 2101 3382 demonstra-
2206 3346 2356 3384 suam
2383 3345 2535 3400 super
2549 3339 2724 3384 ventos
2745 3345 2763 3383 :
2785 3330 2992 3401 quando
3029 3332 3191 3402 fortes
3211 3333 3439 3404 faciebat
3463 3352 3668 3392 sursum
3695 3354 3795 3392 nu-

513 3433 623 3493 ret,
667 3423 909 3494 adjecit:
941 3423 1047 3478 llic
1086 3421 1229 3478 Deus
1275 3430 1488 3490 noster,
1533 3431 1585 3476 et
1625 3435 1732 3474 non
1766 3419 2106 3475 testimabitur

516 3518 652 3571 alius
679 3516 747 3569 ad
774 3532 911 3570 eum.
951 3515 1228 3570 Adinvenit
1270 3530 1484 3590 omnem
1534 3515 1669 3568 viam
1706 3512 2014 3580 disciplima,
2055 3518 2106 3565 et

519 3608 662 3662 dedit
683 3623 797 3661 eam
820 3604 984 3661 Iacob
1009 3623 1166 3677 puero
1192 3622 1306 3672 suo,
1337 3613 1385 3660 et
1409 3603 1580 3660 Israel
1600 3603 1784 3658 dilecto
1804 3619 1915 3658 suo.
1939 3600 2110 3658 hPost

521 3697 630 3752 hac
655 3698 711 3750 in
749 3697 901 3750 terris
944 3696 1082 3751 uisus
1116 3703 1214 3762 est,
1246 3705 1296 3750 et
1324 3711 1441 3748 cum
1467 3693 1756 3749 hominibus
1782 3702 2108 3748 conversatus

522 3801 598 3846 est
643 3790 832 3866 (lbid.,
875 3791 967 3860 36,
996 3790 1087 3860 57,
1117 3790 1228 3863 58).
1279 3790 1610 3846 Altissimum
1664 3805 1795 3845 vero
1841 3789 1962 3860 quis
2012 3804 2112 3843 auo

523 3883 649 3938 deat
671 3883 764 3937 Dei
795 3882 985 3938 Filium
1013 3882 1326 3951 denegare?
1363 3880 1430 3936 de
1458 3896 1566 3951 quo
1596 3879 1763 3936 David
1789 3880 1918 3937 dicit
1943 3897 1959 3934 :
1989 3879 2112 3934 Ma-

525 3984 602 4030 ter
631 3975 762 4030 Sion
797 3987 819 4014 °
851 3975 984 4029 dicet
1013 3991 1032 4028 :
1059 3973 1253 4039 Homo,
1290 3981 1340 4027 et
1369 3973 1517 4028 homo
1545 3975 1716 4045 factus
1744 3981 1820 4026 est
1848 3972 1904 4026 in
1942 3988 2028 4040 ea,
2063 3980 2116 4026 et

526 4070 636 4138 ipse
663 4069 1029 4140 fundavitjeam
1049 4067 1343 4121 Altissimus
1365 4065 1538 4136 (Psal.
1555 4081 1768 4134 Lxxxvr,
1803 4063 1882 4136 5).
1907 4064 1986 4120 De
2005 4078 2114 4134 quo
2143 4088 2151 4096 ·

528 4160 692 4215 etiam
715 4152 1027 4226 Zacharias,
1055 4165 1312 4212 nascente
1357 4155 1582 4222 Joanne,
1614 4157 1690 4213 sic
1715 4155 1968 4226 pnedicat
2001 4173 2014 4211 :
2046 4152 2117 4209 Et

532 4263 614 4317 tu,
647 4268 792 4322 puer,
824 4249 1073 4321 propheta
1109 4249 1364 4305 Altissimi
1395 4249 1683 4316 vocaberis,
1727 4247 1935 4319 prwibis
1978 4250 2118 4303 enim

533 4353 651 4397 ante
679 4343 864 4414 faciem
885 4340 1116 4408 Domini,
1140 4339 1167 4379 ἀ
1196 4360 1384 4413 parare
1408 4344 1518 4397 uias
1540 4343 1651 4413 ejus
1676 4341 1825 4412 (Luc.
1857 4358 1894 4407 ι,
1920 4338 2029 4410 76).
2059 4338 2118 4395 Si

504 4500 508 4504 ,
533 4450 662 4505 ergo
684 4435 908 4489 docetur
927 4448 1046 4489 esse
1073 4434 1384 4488 naturaliter
1410 4433 1574 4500 Deus,
1597 4433 1642 4488 si
1671 4434 1981 4497 immensus,
2007 4433 2114 4501 91

534 4531 580 4584 si
622 4528 932 4594 altissimus,
964 4528 1008 4582 si
1038 4535 1121 4582 est
1156 4529 1317 4582 etiam
1346 4528 1726 4598 sempiternus,
1755 4526 1964 4581 dicatur
1991 4521 2119 4593 quid

2209 3419 2315 3487 bes,
2355 3428 2405 3474 et
2441 3435 2556 3474 cum
2593 3419 2803 3474 stabiles
2839 3419 3062 3489 ponebat
3103 3423 3270 3493 fontes
3317 3425 3409 3478 sub
3455 3428 3580 3483 caelo
3609 3427 3792 3499 (Prov.

2159 3527 2165 3534 '
2207 3518 2319 3578 Vm,
2350 3509 2443 3579 28,
2471 3508 2563 3580 29)
2588 3527 2603 3576 ;
2633 3517 2689 3564 et
2715 3508 2938 3566 inferius
2965 3528 2978 3564 :
3005 3508 3225 3576 Quando
3251 3515 3408 3586 fortia
3429 3517 3650 3588 faciebat
3675 3522 3797 3591 fun-

2211 3603 2456 3658 damenta
2496 3611 2672 3669 terrae,
2715 3618 2859 3656 eram
2896 3604 3036 3674 apud
3071 3620 3189 3659 eum
3227 3605 3526 3677 disponens.
3566 3610 3721 3678 Quod
3747 3613 3795 3667 si

2210 3695 2472 3766 sapientia
2501 3692 2646 3748 Patri
2686 3704 2957 3752 cozeterna
2996 3712 3106 3754 non
3153 3698 3419 3766 creditur,
3459 3717 3678 3760 necesse
3713 3715 3799 3762 est

2212 3797 2274 3845 ut
2298 3789 2460 3844 etiam
2489 3788 2632 3843 Deus
2660 3787 2716 3843 in
2749 3788 3106 3860 dispositione
3153 3800 3329 3864 coepta
3358 3795 3632 3852 mutabilis
3659 3813 3799 3868 pra:-

2214 3883 2442 3940 dicetur.
2475 3880 2532 3938 Si
2563 3897 2670 3937 non
2696 3891 2889 3939 cuncta
2917 3884 3046 3940 fecit
3070 3883 3257 3950 Filius,
3287 3901 3388 3943 nec
3416 3888 3586 3945 virtus
3604 3890 3801 3947 debeat

2216 3975 2508 4048 appellari,
2539 3990 2640 4031 nec
2667 3991 2878 4031 manus.
2917 3973 2986 4030 Et
3032 3975 3123 4032 ubi
3155 3985 3236 4032 est
3266 3978 3428 4052 quod~
3439 3995 3539 4050 per
3564 3982 3802 4053 praphe—

2218 4077 2329 4124 tam
2353 4069 2547 4124 dicitur
2579 4067 2809 4123 :Ctelum
2835 4067 2963 4122 mihi
3003 4068 3148 4122 sedes
3182 4079 3279 4133 est,
3310 4077 3452 4124 terra
3489 4081 3659 4127 autem
3685 4091 3803 4128 sca-

2219 4161 2406 4217 bellum
2457 4161 2641 4231 pedum
2689 4173 2968 4214 meorum:
3012 4175 3169 4230 quam
3219 4159 3428 4214 domum
3475 4164 3803 4233 wdiﬁcabitis

2219 4253 2346 4307 mihi
2383 4251 2508 4306 dicit
2556 4249 2852 4305 Dominus?
2878 4257 2968 4302 aut
3007 4250 3120 4320 quis
3165 4258 3244 4302 est
3297 4251 3438 4303 locus
3474 4255 3804 4322 requietionis

2219 4341 2383 4397 mete?
2404 4339 2597 4395 Nonne
2625 4355 2808 4394 manus
2834 4355 2946 4392 mea
2975 4339 3095 4410 fecit
3119 4338 3227 4393 luec
3262 4340 3438 4392 omnia
3467 4339 3620 4410 (Isai.
3653 4358 3800 4413 uvr,

2220 4432 2272 4499 l,
2303 4429 2398 4502 2)?
2446 4430 2580 4486 Nam
2625 4438 2682 4485 et
2714 4429 3043 4498 evangelista
3084 4427 3214 4484 dicit
3245 4446 3258 4481 :
3293 4425 3483 4483 Omnia
3516 4446 3608 4499 per
3633 4433 3804 4502 ipsum

2223 4527 2365 4597 facta
2388 4532 2527 4590 sunt,
2557 4531 2608 4578 et
2633 4523 2747 4577 sine
2784 4523 2897 4592 ipso
2936 4523 3130 4592 factum
3169 4528 3247 4576 est
3285 4521 3416 4576 nihil
3441 4522 3619 4595 (Joan.
3649 4542 3686 4591 ι,
3720 4527 3796 4600 3).

536 4622 726 4677 melius
756 4621 888 4689 Deo,
918 4621 1046 4692 quid
1074 4621 1247 4690 majus
1274 4622 1561 4689 immenso,
1592 4620 1722 4689 quid
1759 4607 2006 4690 superius
2040 4616 2120 4672 al-
2144 4630 2201 4693 D
2223 4614 2281 4672 Si
2311 4625 2334 4654 ο
2364 4614 2557 4670 alicubi
2603 4612 2754 4668 deest
2788 4610 2971 4676 Filius,
3010 4611 3301 4667 immensus
3325 4627 3448 4676 non
3485 4621 3596 4680 est;
3621 4614 3665 4670 si
3697 4632 3804 4673 non

537 4714 764 4777 tissimo,
795 4712 923 4783 quid
959 4713 1195 4768 anterius
1234 4713 1610 4784 sempiterno?
1637 4709 1778 4766 Deus
1821 4709 1981 4778 igitur
2008 4723 2118 4762 non

539 4803 812 4873 discrepat
837 4817 868 4856 a
895 4791 1074 4869 Patre,
1107 4803 1395 4859 immensus
1423 4817 1531 4858 non
1560 4808 1711 4858 caret
1747 4797 1922 4853 Patris
1947 4810 2122 4866 aequa-

539 4894 714 4961 litate,
767 4908 868 4948 nec
915 4892 1230 4949 celsitudine
1274 4894 1516 4964 privatur
1554 4889 1863 4955 altissimus,
1914 4901 2015 4941 nec
2038 4893 2122 4940 est

541 4984 750 5053 origine
778 4986 1047 5054 posterior
1078 4972 1455 5056 sempiternus.
1486 4982 1619 5038 Nam
1644 4980 1769 5050 quia
1798 4979 1854 5033 in
1877 4977 1989 5032 Deo
2014 4975 2120 5031 Pa-

542 5083 626 5130 tre
647 5072 985 5145 nihil'potest
1009 5091 1127 5133 esse
1145 5076 1420 5142 mutabile,
1443 5089 1510 5130 ex
1532 5073 1643 5127 Deo
1665 5078 1822 5125 natus
1841 5073 1925 5122 est
1944 5067 2117 5134 Deus;

541 5166 668 5236 quia
700 5167 830 5220 nihil
858 5167 1050 5236 locale,
1099 5184 1166 5224 ex
1211 5168 1472 5223 immenso
1505 5161 1772 5232 processit
1801 5159 2122 5225 immensus;

543 5257 671 5326 quia
701 5258 754 5311 in
783 5258 894 5314 Deo
920 5259 1122 5314 humile
1164 5256 1363 5325 aliquid
1401 5269 1508 5308 non
1557 5259 1660 5316 est,
1694 5249 2012 5304 altissimum
2039 5263 2128 5319 ge-

544 5350 755 5404 neravit
783 5348 1099 5416 altissimus;
1128 5360 1182 5404 et
1205 5349 1328 5417 quia
1359 5346 1622 5399 initiatum
1649 5343 1780 5397 nihil
1811 5343 1864 5396 in
1894 5343 2004 5398 Deo
2033 5359 2128 5414 po-

546 5439 674 5494 terit
719 5443 939 5511 reperiri
964 5480 980 5505 ,
1037 5438 1418 5507 sempiternum
1472 5433 1695 5503 protulit
1745 5433 2121 5504 sempiternus.

545 5529 836 5588 Generatio
865 5534 953 5588 illa
975 5547 1084 5588 non
1112 5527 1458 5601 aliquam_(al.
1488 5525 1710 5599 nullam)
1731 5527 2126 5596 separationem

546 5617 723 5679 Patris
760 5621 982 5692 Filiique
1019 5617 1352 5682 monstravit,
1390 5616 1486 5674 sed
1523 5631 1762 5675 errorem
1797 5616 2125 5676 confusionis

616 5752 646 5782 ιι
677 5742 775 5798 Ms.
799 5740 985 5801 Corb.,
1010 5735 1189 5789 Pater.

614 5811 644 5853 b
666 5811 824 5873 Editi,
848 5808 1040 5863 Colon.
1069 5814 1125 5861 et
1152 5808 1299 5869 Ant.,
1333 5805 1579 5866 Posthac.

622 5895 644 5925 ε
671 5881 864 5939 Colon.
892 5887 949 5936 et
973 5877 1159 5949 Basil.,
1188 5877 1330 5933 dicit.

2225 4725 2346 4767 eum
2376 4711 2485 4780 92
2521 4706 2681 4762 Pater
2718 4703 2882 4761 corde
2921 4706 3170 4770 ructavit,
3208 4703 3443 4761 Verbum
3490 4722 3599 4763 non
3646 4709 3807 4766 debet

2225 4801 2332 4858 dici
2355 4819 2371 4870 ;
2398 4801 2443 4856 si
2470 4800 2538 4856 de
2565 4807 2721 4854 utero
2742 4795 2937 4865 Patris,
2965 4798 3071 4853 hoc
3093 4806 3176 4854 est
3199 4797 3266 4854 de
3293 4798 3590 4856 substantia
3610 4800 3806 4872 Patris,

2226 4908 2337 4948 non
2380 4899 2464 4948 est
2491 4889 2737 4960 genitus,
2788 4887 2922 4945 falso
2951 4888 3118 4961 (quod
3157 4888 3320 4959 absit)
3376 4891 3594 4945 nomine
3647 4908 3807 4950 verus

2228 4981 2373 5038 Deus
2399 4981 2622 5046 dicitur,
2662 4979 2730 5036 de
2773 4995 2881 5050 quo
2930 4986 3160 5034 testatur
3195 4976 3428 5036 Joannes
3454 4981 3577 5049 quia
3615 4982 3696 5035 hic
3735 4991 3811 5037 est

2227 5089 2377 5141 uerus
2403 5072 2566 5141 Deus,
2600 5081 2650 5127 et
2684 5073 2788 5127 vita
2825 5080 3018 5127 (eterna
3048 5070 3102 5142 (Ι
3127 5069 3286 5127 Joan.
3317 5088 3372 5141 v,
3411 5061 3522 5143 20).
3566 5072 3631 5127 In
3661 5076 3811 5146 prin-
3841 5076 3850 5082 ’

2229 5164 2362 5231 cipio
2416 5177 2632 5233 quoque
2681 5171 2790 5218 erat
2847 5160 3100 5227 Verbum,
3151 5169 3201 5214 et
3247 5159 3470 5216 Verbum
3514 5173 3628 5217 erat
3673 5165 3811 5234 apud

2227 5251 2414 5318 Deum,
2447 5261 2496 5309 et
2517 5253 2656 5308 Deus
2677 5261 2788 5308 erat
2817 5251 3060 5308 Verbum.
3087 5248 3188 5308 Hic
3209 5253 3604 5324 sempiternitas
3632 5262 3810 5310 osten-

2229 5345 2392 5413 ditur,
2436 5347 2524 5402 hic
2566 5346 2899 5402 immensitas
2921 5337 3235 5411 invenitur,-
3260 5345 3349 5400 hic
3382 5347 3684 5401 essentialis
3711 5363 3810 5403 na—

2232 5446 2355 5494 tura
2375 5448 2722 5496 monstratur.
2752 5440 2886 5495 Nam
2922 5439 3066 5508 quod
3105 5441 3161 5494 in
3208 5440 3464 5511 principio
3498 5451 3629 5508 erat,
3679 5457 3814 5497 nun-

2232 5545 2395 5600 quam
2437 5547 2545 5588 non
2591 5539 2742 5596 erat,
2773 5532 2898 5601 quia
2925 5545 3140 5601 semper
3165 5539 3312 5598 erat;
3343 5531 3486 5599 quod
3519 5545 3647 5586 vero
3677 5534 3816 5604 apud

2234 5618 2402 5677 Deum
2443 5631 2576 5681 erat.
2628 5623 2801 5679 locale
2843 5639 2950 5680 non
2993 5630 3127 5690 erat,
3172 5621 3269 5680 sed
3309 5621 3629 5682 itnmensum
3675 5631 3812 5692 erat,

2301 5739 2329 5779 ά
2355 5741 2452 5814 llis.
2484 5741 2670 5814 Corb.,
2701 5757 3014 5814 prepararc.

2307 5823 2330 5850 ε
2360 5812 2496 5870 Editi
2548 5812 2725 5870 alicui.
