4120 6476
219 361 362 420 249

1448 366 1536 421 .m
1573 362 2068 424 rnasmunnun
2105 368 2231 425 un.
2272 334 2332 426 ti.

3435 372 3539 429 250

213 476 388 544 quia
428 489 559 532 cum
582 473 725 533 Deus
762 476 949 534 localis
976 492 1083 532 non
1118 475 1204 543 sit,
1252 476 1504 545 Verbum,
1537 481 1682 550 quod
1716 483 1854 551 apud
1883 491 1934 548 Α
1955 492 2044 550 get
2064 493 2337 550 aeternam,
2368 485 2608 555 quisquis
2637 485 2826 540 asserit
2850 485 3169 541 defuturam.
3200 486 3268 540 At
3307 488 3420 556 ipse
3444 488 3538 557 qui

219 563 446 620 Deum
475 577 605 633 erat,
650 567 704 621 in
752 567 873 624 loco
903 583 1021 623 non
1041 577 1186 635 erat;
1229 569 1373 638 quod
1420 579 1596 626 autem
1626 570 1860 626 Verbum

217 657 414 714 Deus
443 670 559 716 erat
582 661 636 716 in
665 653 869 718 unitaté
911 669 1115 716 natura:
1141 669 1196 716 et
1226 662 1457 717 nominis
1479 663 1726 730 veritate,
1756 664 1860 719 hoc

220 752 468 821 utique
495 763 614 808 erat
638 753 782 824 quod
824 752 914 808 ille
942 752 1230 812 Deus-erat
1260 753 1404 825 apud
1440 770 1601 826 quem
1638 754 1860 812 Verbum

220 839 412 896 Deus
455 853 588 898 erat.

222 931 463 991 CAPUT
492 953 547 991 v.
582 933 814 1009 Objectio
844 936 907 1009 tle
932 953 991 991 eo
1013 937 1168 1009 quod
1185 937 1392 1009 dicitur,
1423 937 1482 1009 in
1504 937 1786 1008 principio,
1812 944 1863 1009 et

315 1023 454 1079 non
482 1015 609 1062 ante
642 1007 962 1079 principium
990 1007 1108 1062 erat
1130 1007 1378 1079 Yerbum.
1410 1007 1642 1064 Christus
1668 1007 1864 1079 princi-

314 1077 490 1144 pium
511 1088 561 1132 et
588 1079 730 1146 ﬁnis.
771 1077 1104 1146 Yitajteterna
1135 1077 1383 1134 Christus.
1427 1077 1694 1144 Quomodo
1731 1078 1863 1132 veri-

317 1155 437 1220 tas
474 1148 726 1203 catholica
760 1145 1020 1202 Christum
1061 1147 1372 1220 principium
1417 1160 1465 1204 et
1509 1150 1667 1220 ﬁnem
1709 1147 1862 1205 intel-

318 1218 487 1287 ligit.

317 1309 427 1360 An
461 1307 620 1374 forte,
651 1307 776 1378 quia
803 1309 860 1363 in
886 1310 1138 1380 principio
1168 1317 1280 1364 erat
1309 1309 1608 1366 audivimus
1635 1309 1859 1375 dictum,

226 1396 496 1466 aliquod
533 1396 669 1453 Filio
697 1398 963 1454 existendi
991 1398 1305 1454 audebimus
1333 1398 1427 1470 (al.
1459 1399 1742 1469 audemus)
1771 1412 1860 1453 as-

226 1487 490 1556 signare
517 1489 854 1558 principium,
886 1497 942 1545 et
962 1488 1083 1544 ideo
1111 1490 1228 1545 sine
1250 1490 1402 1546 initio
1425 1499 1584 1545 natus
1610 1504 1730 1544 esse
1751 1504 1860 1544 non

225 1579 528 1645 creditur,
555 1580 678 1651 quia
705 1577 940 1636 Joannes
967 1596 1076 1636 non
1104 1595 1228 1636 eum
1255 1589 1375 1635 ante
1402 1580 1732 1651 principium,
1764 1578 1861 1635 sed

226 1674 300 1727 in”
328 1673 608 1743 principio
637 1671 803 1727 fuisse
834 1674 1098 1726 testatur?
1120 1672 1271 1727 Absit
1301 1679 1358 1726 ut
1387 1673 1501 1727 haec
1541 1671 1741 1726 insulsa
1768 1686 1862 1726 co-

229 1765 460 1832 gitatio
484 1765 798 1834 cujusquam
826 1775 1062 1819 mentem
1091 1764 1348 1835 sapientis
1369 1764 1597 1832 attingat
1617 1764 1713 1833 (al.
1738 1777 1863 1816 con-

1962 583 2212 630 estverus
2224 574 2362 630 Deus
2373 584 2428 630 et
2443 577 2549 632 vita
2560 585 2781 642 aeterna,
2792 575 2967 646 justos
2979 577 3110 630 dicit
3119 577 3291 642 ituros
3306 577 3358 630 in
3375 577 3538 630 vitam

1959 675 2235 723 aeternam.
2253 668 2534 736 Quomodo
2550 683 2678 739 ergo
2701 669 2969 740 justorum
2993 671 3101 724 vita
3124 677 3324 723 {eterna
3341 669 3464 735 erit,
3493 669 3538 722 si

1956 759 2070 814 vita
2091 759 2206 830 ipsa
2232 768 2434 816 aeterna
2459 760 2783 831 quandoque
2807 775 2916 816 non
2943 760 3084 814 erit?
3105 765 3219 826 aut,
3236 765 3293 813 ut
3312 758 3439 828 quid
3455 758 3540 812 hic

1959 849 2112 906 labor
2136 861 2336 911 sanctae
2356 853 2781 910 conversationis
2807 861 2863 908 et
2889 852 3128 908 continui
3150 839 3406 906 adversus
3433 859 3544 905 ten-

1959 950 2197 998 tamenta
2219 945 2528 1002 certaminis
2556 945 2835 1012 toleratur,
2869 945 2914 1000 si
2951 944 3228 1016 praemium
3251 940 3542 1005 victoribus

1959 1033 2281 1104 quandoque
2299 1035 2550 1091 tolletur?
2576 1049 2596 1074 ε
2615 1035 2860 1093 Haecine
2875 1042 2957 1092 est
2971 1033 3251 1090 laudabilis
3277 1031 3331 1088 in
3346 1032 3544 1088 sanctis

1962 1126 2129 1182 totius
2155 1142 2343 1183 cursus
2371 1128 2632 1184 intentio?
2656 1137 2942 1200 propterea
2971 1144 3166 1200 corpus
3196 1142 3351 1184 suum
3377 1127 3540 1182 casti-

1960 1226 2111 1286 gant,
2135 1227 2191 1275 ct
2206 1219 2452 1274 servituti
2463 1219 2774 1289 subjiciunt?
2784 1223 2854 1278 ob
2876 1221 2980 1277 hoc
2995 1235 3055 1278 se
3075 1235 3182 1275 non
3210 1221 3265 1275 in
3281 1227 3543 1274 incertum

1960 1315 2293 1377 prtesumunt
2312 1323 2546 1374 currere,
2571 1317 2626 1364 et
2646 1319 2944 1379 pugnantes
2962 1313 3138 1367 sciunt
3165 1327 3224 1368 se
3244 1328 3350 1367 non
3363 1324 3544 1366 aerem

1960 1398 2250 1456 verberare
2294 1399 2349 1472 (Ι
2382 1399 2501 1456 Cor.
2544 1417 2620 1470 ix,
2650 1400 2782 1473 26)?
2827 1403 2950 1459 ideo
2988 1405 3088 1459 sibi
3130 1412 3394 1459 noverunt
3436 1419 3544 1457 non

1961 1502 2080 1544 esse
2121 1491 2556 1546 colluctationem
2597 1493 2836 1548 adversus
2877 1510 3085 1548 carnem
3125 1503 3174 1548 et
3222 1496 3542 1566 sanguinem,

1962 1581 2054 1636 sed
2082 1581 2326 1638 adversus
2350 1583 2672 1654 principatus
2700 1593 2750 1638 et
2774 1590 3072 1654 potestates,
3097 1587 3342 1640 adversus
3367 1587 3546 1640 mundi

1961 1684 2186 1730 rectores
2216 1673 2540 1730 tenebrarum
2570 1675 2784 1742 harum,
2815 1686 2998 1732 contra
3025 1678 3282 1748 spiritalia
3309 1679 3546 1749 nequitia

1961 1766 2020 1820 in
2044 1764 2328 1822 caelestibus
2360 1766 2576 1839 (Ephes.
2599 1784 2674 1836 vt,
2706 1766 2831 1838 12)?
2867 1766 3074 1823 idcirco
3112 1767 3256 1822 leoni
3293 1767 3544 1836 rugienti,

227 1855 500 1926 tingat)!
542 1858 680 1912 absit
721 1865 780 1912 ut
823 1857 936 1914 hmo
983 1857 1036 1911 in
1073 1855 1315 1926 quolibet
1367 1854 1579 1910 letlialis
1626 1850 1862 1924 perﬁdite
1895 1858 1939 1920 Β
1967 1864 2023 1912 et
2049 1856 2320 1914 indefesso
2347 1859 2570 1915 circuitu
2591 1858 2853 1930 quazrenti
2879 1873 3040 1929 quem
3068 1858 3290 1914 devoret
3323 1857 3377 1932 (ι
3401 1859 3546 1912 Petr.

231 1950 523 2018 contagio
578 1951 864 2019 puritatem
915 1948 1232 2004 Christiana:
1292 1947 1564 2017 religionis
1617 1945 1856 2002 inliciat!

231 2040 389 2108 Quis
425 2043 572 2097 enim
613 2058 718 2097 non
747 2041 1057 2098 consideret
1079 2041 1206 2096 illud
1232 2040 1390 2109 digne
1417 2039 1737 2110 principium
1757 2034 1864 2094 dici

235 2133 405 2202 quod
462 2133 609 2188 nullo
653 2133 828 2203 potuit
872 2131 1138 2202 principio
1175 2130 1493 2202 prmveniri?
1531 2127 1665 2183 Nam
1708 2127 1864 2197 quid-

233 2221 389 2292 quid
421 2231 553 2277 ante
572 2221 852 2292 quodlibet
870 2223 1190 2294 principium
1217 2222 1460 2292 cogitare
1479 2219 1734 2285 volueris,
1759 2219 1866 2275 hoc

238 2326 497 2368 necesse
527 2321 610 2367 est
635 2328 822 2368 verum
860 2312 1181 2382 principium
1235 2311 1474 2366 fatearis.
1523 2307 1588 2362 Et
1607 2308 1864 2378 quoniam

237 2418 491 2474 semper
517 2403 802 2472 cogitando
832 2404 1175 2474 principium,
1217 2402 1395 2457 nullus
1435 2401 1637 2456 invenit
1676 2399 1863 2454 termi-

242 2513 416 2562 num,
451 2505 736 2568 propterea
767 2497 896 2551 illud
924 2504 1007 2552 est
1037 2495 1323 2551 dicendum
1364 2509 1492 2550 vere
1518 2493 1861 2566 principium,

239 2589 409 2658 quod
445 2597 527 2644 est
555 2589 910 2644 essentialiter
932 2589 1332 2659 sempiternum.
1363 2586 1497 2643 Hinc
1520 2595 1604 2642 est
1622 2583 1866 2658 profecto

242 2681 410 2752 quod
445 2681 558 2752 ipse
588 2681 754 2737 Filius
776 2682 963 2738 volens
988 2681 1184 2736 Judmis
1225 2680 1640 2736 immensitatem
1667 2678 1868 2749 sempi-

243 2774 672 2842 ternitatissuze
693 2781 840 2829 certa
854 2789 1073 2844 prorsus
1096 2770 1530 2826 manifestatione
1544 2778 1864 2835 monstrare,

244 2865 728 2934 interrogantibus
772 2863 893 2934 quis
939 2871 1083 2918 esset
1128 2861 1407 2932 respondit
1446 2879 1460 2915 :
1509 2861 1866 2931 Principium,

243 2959 398 3032 quod
435 2967 483 3014 et
503 2959 680 3028 loquor
716 2955 856 3012 vobis
886 2954 1063 3028 (Joan.
1093 2969 1202 3020 vin,
1233 2953 1348 3024 25).
1377 2953 1498 3026 .Sed
1544 2952 1771 3008 forsitan
1799 2967 1867 3008 eo

245 3052 425 3123 quod
469 3058 552 3107 est
587 3051 895 3122 principium
937 3049 1133 3114 dictus,
1175 3047 1344 3118 magis
1384 3047 1656 3118 putabitur
1714 3045 1867 3104 initio

245 3142 541 3201 existendi
567 3141 858 3211 subjectus.
887 3139 1042 3208 Quod
1083 3139 1128 3195 si
1175 3155 1242 3195 ex
1284 3138 1390 3194 hoc
1417 3137 1681 3194 vocabulo
1720 3137 1868 3209 quis-

1965 1965 2019 2017 v,
2051 1949 2128 2022 8),
2150 1951 2408 2007 resistunt
2433 1952 2644 2008 fortiter
2673 1953 2728 2008 in
2765 1952 2901 2020 ﬁde;
2946 1960 3006 2008 ut
3031 1961 3315 2023 postquam
3358 1954 3445 2008 hic
3494 1953 3548 2009 in

1963 2036 2310 2097 tribulatione
2329 2042 2597 2112 patientes
2615 2041 2870 2109 vixerint,
2892 2051 3211 2112 consumpta
3231 2041 3550 2110 quandoque

1962 2130 2157 2186 divina:
2210 2131 2584 2202 promissionis
2620 2131 2925 2188 seductoria
2981 2132 3150 2201 magis
3197 2131 3552 2186 retributione

1963 2234 2127 2290 quam
2145 2236 2297 2292 vera,
2316 2236 2386 2277 au
2424 2221 2618 2279 misere
2636 2221 2839 2288 vivant,
2861 2229 2956 2277 aut
2970 2223 3188 2278 omnino
3208 2236 3318 2276 non
3333 2221 3552 2276 vivant?

1978 2309 2098 2366 Vita
2140 2327 2374 2382 namque
2418 2312 2662 2368 Christus
2695 2311 2908 2379 dicitur,
2957 2313 3098 2368 sicut
3134 2313 3250 2366 ait:
3284 2310 3400 2384 Ego
3438 2329 3552 2366 sum

1964 2403 2116 2472 via,d
2147 2406 2336 2459 veritas
2363 2413 2413 2458 et
2434 2403 2552 2458 vita
2601 2402 2780 2474 (Joan.
2813 2419 2925 2471 XIV,
2969 2402 3047 2473 6).
3079 2401 3296 2457 Initium
3335 2411 3386 2456 et
3430 2403 3554 2472 ﬁnis

1965 2491 2216 2549 Christus
2254 2494 2468 2561 dicitur,
2497 2493 2622 2564 quia
2649 2493 2897 2554 similiter
2940 2493 3057 2563 ipse
3095 2492 3267 2548 dixit:
3299 2489 3412 2564 Ego
3441 2509 3552 2546 sum

1967 2584 2129 2655 alpha
2155 2592 2204 2640 et
2225 2601 2426 2656 omega,
2449 2584 2653 2638 initium
2680 2593 2729 2640 et
2757 2585 2881 2655 ﬁnis
2908 2584 3090 2655 (Apoc.
3123 2598 3163 2651 ι,
3193 2581 3280 2653 8);
3312 2584 3426 2638 haec
3453 2599 3554 2638 au-

1969 2683 2081 2731 tem
2109 2677 2240 2743 vita,
2265 2677 2332 2745 si,
2357 2692 2424 2731 eo
2442 2675 2587 2745 quod
2613 2676 2818 2730 initium
2839 2675 3054 2740 dicitur,
3083 2674 3236 2730 initio
3262 2676 3556 2732 nativitatis

1967 2777 2190 2842 putatur
2208 2768 2438 2837 subdita,
2461 2783 2800 2840 consequens
2827 2777 2910 2824 est
2933 2775 2993 2824 ut
3019 2784 3086 2825 eo
3114 2768 3258 2840 quod
3271 2769 3406 2832 ﬁnis
3430 2767 3555 2824 dici-

1970 2871 2063 2918 tur
2094 2862 2418 2932 quandoque
2461 2869 2688 2933 putetur'
2715 2847 2949 2917 ﬁnaliter
2988 2861 3285 2929 abolenda.
3315 2861 3557 2930 Qualiter

1971 2970 2105 3011 vero
2134 2955 2252 3009 sine
2297 2951 2405 3010 ﬁne
2432 2954 2625 3009 victuri
2651 2962 2778 3010 sunt
2807 2955 3000 3026 quibus
3027 2955 3138 3010 vita
3165 2963 3368 3010 :eterna
3397 2955 3553 3011 dabi-

1969 3055 2080 3111 tur,
2108 3047 2156 3102 si
2181 3047 2306 3102 vitae
2342 3046 2509 3117 ipsius
2541 3046 2814 3102 aeternitas
2861 3044 3114 3102 ﬁnietur?
3144 3045 3302 3115 Quod
3345 3048 3392 3103 si
3441 3046 3554 3102 haec

1970 3137 2196 3194 omnino
2224 3137 2454 3193 absurda
2505 3145 2646 3203 sunt,
2688 3144 3083 3207 consequenter
3112 3136 3310 3192 veritas
3352 3144 3436 3192 est
3459 3151 3553 3192 ca--

247 3250 436 3307 quam
478 3232 696 3289 molitur
723 3229 1088 3302 prtejudicium
1115 3238 1323 3286 struere
1350 3228 1582 3295 veritati,
1621 3236 1680 3282 ut
1704 3243 1866 3297 quem
1891 3227 1938 3291 C
1971 3229 2184 3285 tholicte
2223 3237 2388 3299 atque
2433 3229 2744 3300 apostolicze
2785 3228 2908 3285 ﬁdei
2937 3229 3242 3297 retinenda,
3270 3244 3390 3300 qua:
3417 3231 3556 3286 sicut

252 3325 523 3398 principii
549 3323 824 3395 cognoscit
861 3323 1044 3380 vocari
1082 3322 1321 3390 nomine,
1358 3319 1632 3392 quoddam
1669 3318 1868 3390 princi-

256 3420 424 3491 pium
473 3400 768 3473 nativitatis
812 3415 1084 3472 existimet
1124 3413 1398 3482 habuisse,
1438 3413 1587 3468 dabit
1625 3411 1868 3483 profecto

259 3511 441 3566 etiam
470 3507 615 3563 Patri
646 3507 813 3580 (quod
845 3507 995 3561 nefas
1015 3503 1120 3577 est)
1150 3503 1371 3574 aliquod
1409 3503 1673 3558 existendi
1721 3501 1868 3572 prin-

262 3602 503 3673 cipium,
531 3615 692 3669 quem
720 3613 842 3654 cum
871 3597 1008 3651 Filio
1028 3596 1349 3668 principium
1377 3594 1750 3664 cognoscimus
1769 3609 1870 3649 no-

261 3694 560 3755 minatum,
591 3691 728 3745 sicut
772 3689 888 3759 ipse
915 3687 1078 3742 dicit:
1111 3687 1297 3742 Tecum
1339 3687 1650 3758 principium
1688 3688 1744 3741 in
1782 3685 1869 3741 die

263 3785 479 3840 virtutis
521 3791 622 3838 tute
648 3784 703 3836 in
734 3780 1092 3853 splendoribus
1124 3788 1442 3846 sanctorum,
1473 3795 1538 3834 ea:
1565 3787 1708 3836 utero
1749 3789 1869 3834 ante

265 3876 554 3946 luciferum
576 3874 730 3946 genui
775 3882 842 3926 te.
874 3869 1012 3938 Quid
1039 3877 1223 3925 autem
1261 3868 1630 3939 respondebit,
1669 3869 1763 3939 qui
1803 3868 1872 3925 de

270 3977 298 4004 ι·
332 3965 587 4038 principii
620 3964 850 4021 nomine.
865 3962 1058 4019 asserit
1099 3960 1296 4018 Filium
1337 3960 1631 4016 nativitatis
1671 3960 1871 4017 habere

271 4057 638 4132 principium?
1272 4115 1278 4122 ,

347 4148 507 4216 Quod
531 4148 579 4203 si
603 4147 740 4219 quis,
773 4160 872 4218 pro
897 4159 965 4201 eo
988 4144 1134 4215 quod
1149 4143 1460 4216 principium
1483 4140 1698 4207 dicitur,
1726 4140 1872 4196 nati-

273 4243 506 4298 vitatem
542 4229 662 4294 Filii
703 4238 904 4294 habere
931 4235 1102 4294 credit
1126 4235 1370 4305 initiam,
1409 4249 1746 4305 consequens
1789 4241 1875 4290 est

277 4343 340 4390 ut
388 4335 561 4405 ipsum
603 4331 816 4398 Filium,
847 4346 947 4402 pro
990 4345 1057 4387 eo
1090 4329 1237 4402 quod
1275 4329 1401 4401 ﬁnis
1445 4327 1659 4396 dicitur,
1709 4325 1873 4381 ﬁnem

279 4437 502 4494 quoque
542 4430 748 4478 asserat
787 4421 1128 4476 habiturum:
1173 4434 1300 4475 nam
1327 4419 1443 4491 ipse
1478 4418 1756 4485 Dominus,
1788 4418 1874 4473 in-

281 4514 686 4584 terrogantibus
721 4511 936 4580 Iudaeis,
989 4511 1300 4584 principium
1341 4525 1404 4567 se
1456 4525 1576 4566 esse
1622 4509 1874 4577 limavit,

1970 3315 2246 3378 Christum
2273 3329 2561 3392 propterea
2588 3318 2749 3376 ﬁnem
2778 3321 3042 3387 nominat,
3085 3321 3212 3390 quia
3241 3336 3353 3377 non
3380 3321 3554 3376 solum

1968 3415 2027 3470 in
2054 3414 2145 3470 ila
2172 3413 2470 3469 substantia
2492 3427 2599 3483 qua
2625 3419 2784 3468 natus
2809 3421 2894 3468 est
2920 3412 3241 3468 naturaliter
3267 3413 3554 3483 sempiter-

1971 3523 2076 3564 nus
2102 3523 2173 3564 ex
2223 3507 2403 3575 Patre,
2445 3507 2540 3564 sed
2589 3506 2753 3563 etiam
2801 3507 2857 3561 in
2905 3522 2969 3562 ea
3000 3522 3163 3577 quam
3192 3507 3264 3562 in
3313 3514 3558 3578 tempore

1969 3597 2281 3668 sumpsitex
2300 3605 2471 3652 matre
2497 3592 2669 3652 credit
2685 3597 2802 3652 sine
2827 3596 2932 3654 ﬁne
2951 3606 3267 3668 perpetuum
3287 3636 3304 3665 ,
3335 3598 3413 3654 sic
3431 3613 3556 3652 eum

1971 3687 2096 3744 ideo
2135 3688 2282 3758 juste
2333 3685 2590 3758 prtedicat
2626 3685 2996 3756 veraciterque
3022 3687 3373 3758 principium,
3424 3701 3558 3755 quo—

1972 3781 2118 3835 niam
2187 3779 2245 3834 in
2289 3777 2467 3833 divina
2529 3791 2690 3846 quam
2761 3777 2927 3833 habet
2973 3777 3272 3833 substantia
3329 3778 3558 3847 genitori

1973 3886 2192 3942 semper
2235 3871 2428 3926 asserit
2476 3876 2824 3924 comternum.
2873 3867 2993 3922 Non
3043 3877 3225 3923 autem
3269 3868 3560 3936 ambigitur

1973 3976 2105 4018 vero
2133 3961 2397 4032 principio
2425 3959 2560 4014 nihil
2587 3961 2826 4018 anterius
2849 4000 2866 4027 ,
2893 3973 3026 4014 vero
3052 3957 3158 4013 line
3197 3957 3330 4012 nihil
3377 3965 3559 4027 poste-

1974 4054 2090 4109 rius
2115 4052 2362 4108 inveniri.
2385 4050 2708 4121 Principium
2733 4049 2894 4120 igitur
2918 4049 3178 4114 Christus,
3203 4048 3330 4118 quia
3356 4048 3557 4117 sempi-

1975 4156 2164 4204 ternus
2183 4148 2362 4204 omnia
2378 4145 2657 4218 praecedit;
2683 4145 2808 4216 ﬁnis
2830 4143 3094 4212 Christus,
3123 4143 3248 4213 quia
3268 4150 3562 4212 perpetuus

1977 4242 2227 4296 universa
2274 4238 2571 4303 concludit;
2619 4237 2938 4309 principium
2983 4233 3248 4300 Christus,
3294 4234 3420 4302 quia
3450 4234 3563 4303 ipse

1978 4331 2253 4389 inchoavit
2280 4327 2636 4402 perﬁcienda;
2667 4328 2788 4398 ﬁnis
2816 4326 3074 4392 Christus,
3105 4326 3232 4396 quia
3262 4324 3377 4394 ipse
3402 4321 3562 4394 perli—

1980 4422 2056 4479 cit
2085 4422 2364 4486 inchoata;
2395 4420 2707 4492 principium
2733 4415 3000 4483 Christus,
3047 4416 3302 4486 quoniam
3349 4416 3416 4470 ab
3447 4417 3564 4485 ipso

1933 4479 1936 4490 ’
1982 4513 2185 4570 habent
2224 4479 2361 4582 quas,
2395 4479 2503 4566 non
2544 4479 2762 4565 fuerunt
2798 4520 2858 4564 ut
2899 4479 3007 4563 sint
3037 4479 3081 4572 ;-
3102 4508 3226 4577 ﬁnis
3274 4479 3520 4562 Christus
3543 4544 3561 4572 ,

281 4607 474 4664 dicens
499 4625 513 4661 :
544 4605 886 4676 Principium,
907 4605 1042 4676 quod
1069 4613 1119 4658 et
1137 4605 1318 4676 loquor
1331 4602 1492 4660 vobis.
1524 4601 1722 4660 Paulus
1741 4616 1875 4659 vero
1902 4596 1956 4658 ι)
1979 4605 2236 4675 quoniam
2264 4604 2331 4659 ab
2353 4603 2472 4672 ipso
2494 4600 2696 4657 habent
2720 4599 2965 4670 quzedam
2987 4613 3107 4669 qua:
3134 4613 3255 4655 esse
3283 4605 3563 4668 creperum

281 4696 562 4753 Christum
597 4698 758 4767 ﬁnem
802 4694 1062 4760 nominat,
1096 4693 1324 4750 dicens:
1371 4693 1524 4748 Finis
1572 4695 1711 4750 enim
1747 4693 1879 4766 legis

286 4788 526 4844 Christus
555 4787 623 4840 ad
659 4785 915 4858 justitiam
938 4786 1077 4840 omni
1109 4785 1338 4841 credenti
1366 4783 1543 4857 (Rom.
1573 4801 1630 4853 ι,
1652 4785 1728 4856 4).
1760 4785 1882 4857 Ipse

286 4895 508 4953 quoque
533 4879 601 4936 de
645 4893 705 4934 se
746 4877 1042 4933 Dominus:
1086 4875 1201 4948 Ego
1229 4893 1345 4931 sum
1386 4876 1546 4947 alpha
1589 4886 1639 4930 et
1677 4893 1882 4949 omega,

285 4973 496 5026 initium
517 4980 565 5025 et
590 4969 715 5041 ﬁnis
739 4968 919 5040 (Apoc.
942 4984 984 5037 ι,
1006 4966 1085 5039 8).
1108 4966 1265 5034 Quod
1288 4967 1335 5022 si
1361 4981 1460 5036 pro
1480 4981 1547 5022 eo
1573 4965 1716 5036 quod
1735 4968 1883 5041 prin-

289 5064 484 5132 cipium
511 5061 724 5127 dicitur,
756 5059 1014 5116 asseritur
1035 5067 1262 5129 emptus,
1292 5057 1456 5112 etiam
1492 5072 1592 5127 pro
1624 5071 1691 5112 eo
1738 5058 1882 5127 quod

291 5155 415 5222 ﬁnis
459 5154 671 5218 dicitur,
714 5159 934 5223 putetur
973 5153 1136 5208 etiam
1186 5149 1466 5206 ﬁniendus.
1517 5149 1587 5206 Et
1641 5151 1732 5206 ubi
1778 5152 1884 5207 erit

292 5241 516 5299 Joannis
536 5244 626 5297 illa
655 5241 905 5309 ructatio,
937 5259 1099 5314 quam
1125 5242 1232 5314 93
1271 5242 1340 5298 de
1366 5251 1588 5312 pectore
1614 5243 1720 5298 vivi
1761 5241 1880 5298 fon-

295 5333 409 5410 tisb
439 5335 694 5391 bibebat?
725 5333 928 5388 Scimus
955 5336 1074 5405 quia
1111 5332 1284 5389 Filius
1313 5332 1413 5389 Dei
1450 5335 1606 5401 venit,
1653 5343 1702 5388 et
1739 5334 1878 5389 dedit

297 5429 440 5484 nobis
469 5429 800 5495 intellectura,
831 5441 885 5482 ut
924 5446 1290 5500 cognoscamus
1320 5447 1512 5497 verum,
1540 5440 1590 5484 et
1630 5432 1789 5485 simus
1825 5433 1882 5486 in

202 5583 204 5586 ν
296 5538 412 5578 vero
435 5523 572 5580 Filio
601 5527 712 5597 ejus
733 5524 856 5580 Iesu
878 5524 1119 5582 Christo:
1143 5529 1225 5584 hic
1244 5540 1320 5584 est
1346 5547 1493 5585 uerus
1522 5529 1681 5596 Deus,
1713 5539 1762 5585 et
1782 5532 1883 5585 vita

301 5624 492 5671 eterna
522 5617 573 5689 (ι
601 5617 762 5673 Joan.
787 5634 840 5686 v,
881 5619 996 5690 2i).
1027 5619 1200 5686 Quam
1224 5622 1390 5677 vitam
1432 5638 1652 5682 necesse
1679 5631 1764 5680 est
1791 5640 1885 5682 ne-

373 5740 395 5806 _°
428 5729 740 5806 his.u(}orl)_.,
771 5733 1038 5806 principio.

373 5799 398 5838 ιι
428 5799 608 5864 Basil.,
636 5799 850 5856 biberat.

377 5881 396 5910 ε
427 5867 586 5938 Editi,
618 5869 748 5926 Htec
768 5875 915 5932 inest.

1984 4704 2046 4751 ut
2063 4709 2276 4764 semper
2302 4693 2428 4748 sint.

1983 4806 2167 4862 Cum
2195 4821 2270 4860 vt.
2296 4803 2528 4876 Objectio
2567 4805 2632 4858 de
2670 4803 3046 4877 Melchisedech
3074 4805 3210 4877 quod
3239 4805 3426 4860 dicitur
3453 4805 3564 4858 sine

2004 4912 2017 4928 .
2056 4887 2203 4948 patre
2229 4884 2280 4930 et
2315 4873 2426 4929 sine
2455 4886 2637 4929 matre.
2678 4873 2913 4948 Christus
2951 4892 3044 4948 rex
3075 4873 3296 4947 justitia:
3322 4887 3370 4930 et
3399 4877 3560 4948 pacis.

2058 4943 2291 5017 Christus
2311 4947 2423 4999 sine
2451 4955 2631 5010 matre,
2659 4955 2714 4998 ut
2735 4944 2906 5012 Deus;
2928 4947 3039 5000 sine
3068 4943 3214 5017 patre
3231 4957 3286 5001 ut
3309 4943 3477 5000 homo.
3497 4943 3562 4997 In

2058 5033 2164 5070 una
2187 5015 2381 5071 Christi
2410 5033 2632 5087 persona
2650 5017 2855 5088 gemina
2885 5015 3146 5072 nativitas.

2060 5157 2200 5224 Quid
2226 5163 2408 5212 autem
2443 5155 2568 5211 hinc
2593 5154 2941 5213 dubitationis
2962 5155 3202 5212 creditur
3227 5151 3563 5215 derelictum,

1987 5272 2112 5313 cum
2135 5257 2189 5312 in
2209 5255 2562 5311 Melchisedec
2584 5258 2711 5326 (qua
2740 5256 2834 5328 [αι.
2866 5255 2959 5326 qui
2985 5255 3064 5310 oet
3090 5251 3240 5323 quia]
3259 5250 3458 5306 Christi
3489 5252 3562 5307 fu-

1988 5350 2096 5406 turi
2125 5349 2393 5420 pontiﬁcis
2418 5355 2602 5419 typum
2631 5348 2816 5420 gessit)
2845 5347 3002 5402 unius
3023 5345 3369 5414 ejusdemque
3391 5345 3483 5398 Dei
3513 5353 3569 5398 et

1990 5441 2223 5497 hominis
2249 5439 2448 5495 Christi
2476 5454 2764 5510 personam
2791 5436 3147 5508 signiﬁcatam
3175 5437 3569 5494 demonstraret

1991 5531 2301 5603 Apostolus,
2345 5530 2634 5586 ostendens
2664 5541 2688 5570 ο
2729 5547 2848 5586 eam
2870 5570 2886 5597 ,
2930 5538 2986 5584 et
3007 5531 3302 5586 secundum
3336 5531 3568 5586 divinam

1991 5625 2346 5683 substantiam
2373 5625 2490 5679 sine
2520 5624 2673 5680 initio
2701 5625 2811 5697 94
2836 5625 3215 5697 sempiternam
3239 5669 3256 5696 ,
3295 5633 3350 5682 et
3373 5640 3567 5680 secun-

2056 5737 2082 5776 ἀ
2115 5739 2211 5794 Ms.
2237 5739 2424 5805 Corb.,
2453 5747 2503 5792 et
2527 5737 2711 5792 ueritas

2070 5821 2094 5847 ο
2125 5810 2220 5864 Ms.
2253 5809 2413 5864 Corb.
2443 5817 2499 5862 et
2520 5807 2746 5881 Victor.,
2773 5813 3047 5871 ostendens
3069 5826 3276 5870 eum...
3302 5807 3567 5880 sempiter-

1992 5897 2202 5936 num...
2233 5889 2547 5952 perpetuum.
