4068 6516
1460 398 1519 455 S.
1557 389 1923 453 FULGENTH
1961 386 2267 449 EHSCOPI
2304 381 2679 444 RUSPENSIS

3500 328 3743 443 .252

415 518 816 578 dum'serrilem
852 515 1084 575 formam
1110 557 1127 585 ,
1177 529 1339 588 quam
1369 514 1422 569 in
1463 520 1708 583 tempore
1748 507 1996 580 accepit,
2028 509 2081 571 Α
2101 519 2250 560 sonae
2270 504 2468 573 unitas,
2500 509 2596 557 aut
2619 500 2715 557 Dei
2744 516 2797 555 tn
2822 499 3061 584 nomiqe,
3089 505 3183 555 aut
3202 496 3446 588 hominis
3472 497 3524 557 in
3551 498 3742 566 Deo.

415 612 530 668 sine
559 609 667 667 ﬁne
695 616 1029 682 perpetuam.
1061 606 1152 663 Sic
1190 587 1330 662 idem
1354 604 1519 674 igitur
1545 603 1784 673 gentium
1813 600 2005 655 doctor
2102 610 2287 651 veram
2316 602 2500 667 posset
2527 593 2745 651 abolere
2784 589 3159 651 substantiam.
3199 587 3284 682 Et
3306 588 3433 682 licet
3461 596 3749 661 utraque-

416 701 655 775 loquitur
681 679 749 758 ad
781 679 1034 758 Hebraeos
1066 717 1082 756 :
1113 699 1216 754 Hic
1243 700 1427 764 etenim
1466 694 1861 756 Melchisedech,
1910 708 2003 748 rea:
2103 704 2230 744 vera
2277 688 2331 742 in
2363 702 2469 742 uno
2499 683 2714 741 Christo
2743 682 3044 740 substantia
3073 679 3376 775 naturalem
3410 679 3555 775 inse
3594 687 3744 737 tes-

418 792 617 861 Saiem,
658 791 901 848 sacerdos
929 790 1027 844 Dei
1050 790 1256 857 summi,
1296 788 1384 860 qui
1408 786 1628 842 obuiauit
1666 785 1892 840 Abt-alue
1918 801 2002 839 re-

415 900 592 958 gresso
619 900 651 937 a
673 882 814 938 crede
842 899 1039 954 regum,
1069 890 1119 935 et
1140 880 1403 935 benedixit
1430 881 1496 945 ei,
1530 880 1611 959 cui
1641 878 1865 931 decimas
1889 892 2003 930 om-

419 973 562 1028 nium
586 973 759 1045 divisit
784 970 1066 1025 Abraham.
1112 969 1345 1030 Primum
1384 969 1605 1041 quidem,
1638 968 1724 1038 qui
1749 967 2006 1037 interpre-

421 1070 562 1117 tatur
586 1052 678 1117 rea:
702 1063 953 1133 justitiw,
1006 1060 1191 1114 deinde
1231 1067 1402 1113 autem
1430 1067 1481 1111 et
1506 1074 1602 1111 rex
1642 1056 1837 1121 Salem,
1871 1056 2010 1127 quod

422 1167 500 1211 est
524 1172 618 1210 rea:
645 1156 807 1226 pacis,
842 1156 954 1210 sine
980 1163 1146 1227 patre,
1179 1155 1292 1207 sine
1318 1160 1506 1219 matre,
1537 1151 1650 1204 sine
1676 1148 2003 1221 genealogia,

422 1261 585 1313 neque
609 1245 813 1299 initium
842 1244 1060 1308 dierum,
1093 1258 1259 1314 neque
1285 1241 1443 1312 ﬁnem
1471 1241 1591 1296 vita:
1631 1239 1843 1303 habens,
1876 1239 2007 1294 assi-

423 1334 632 1388 milatas
660 1341 831 1388 autem
873 1330 1017 1386 Filio
1064 1331 1165 1386 Dei
1187 1372 1201 1397 ,
1245 1337 1421 1385 manet
1450 1331 1693 1385 sacerdos
1730 1331 1786 1383 in
1827 1344 2009 1399 perpe-

426 1431 567 1477 tuum
601 1422 790 1494 (Hebr.
834 1438 927 1489 vn,
958 1421 1010 1487 l,
1043 1420 1097 1487 2,
1146 1420 1224 1490 5).
1273 1418 1461 1474 Posset
1508 1426 1781 1489 utcunque
1826 1418 1878 1471 in
1905 1417 2011 1473 hoc

423 1511 645 1568 forsitan
692 1513 1005 1571 testimonio
1041 1510 1336 1579 quidquam
1378 1511 1734 1566 contradictio
1771 1511 2011 1565 reniten-

424 1602 579 1670 tium,
608 1618 773 1673 super
810 1601 970 1671 hujus
1010 1590 1403 1657 Meichisedech
1441 1618 1673 1673 persona
1695 1643 1708 1666 ,
1740 1610 1894 1658 tanto
1922 1603 2009 1657 lu-

423 1693 559 1750 mini
593 1694 840 1749 veritatis
867 1705 1173 1762 opponere,
1203 1692 1250 1746 si
1278 1701 1425 1748 esset
1463 1692 1791 1748 credendum
1826 1707 2013 1763 quam-

424 1781 557 1838 libet
581 1792 884 1841 creaturam
913 1782 1031 1837 sine
1078 1781 1233 1837 initio
1263 1783 1584 1838 naturaliter
1619 1783 1908 1838 exstitisse.
1942 1783 2013 1836 At
2056 1797 2059 1799 ί

2106 787 2268 844 tetur,
2299 786 2355 832 et
2375 776 2597 845 originis
2626 775 2982 839 nativitatem,
3014 780 3070 830 et
3093 771 3388 827 nativitatis
3407 771 3739 842 originem.

2105 866 2348 938 mysterii
2374 874 2551 921 tamen
2575 864 2750 936 pietas
2764 862 3025 921 mirabilis
3045 876 3392 935 permanens,
3407 860 3744 934 quamdam
3772 933 3781 942 _

2107 958 2298 1019 divina:
2327 957 2467 1019 illius
2504 965 2560 1013 et
2587 955 2873 1021 ineil‘abilis
2911 952 3309 1029 generationis,
3334 967 3459 1026 quae
3485 952 3741 1011 initium

2108 1066 2220 1109 non
2266 1050 2454 1114 habet,
2498 1048 2526 1089 δ
2556 1049 2609 1105 in
2656 1050 2757 1105 hae
2794 1063 3011 1119 quoque
3064 1048 3301 1103 humana
3346 1046 3743 1117 generatione

2107 1151 2312 1198 certam
2339 1141 2875 1211 nobisinteliigentize
2895 1140 3093 1196 lineam
3107 1139 3497 1197 demonstravit
3526 1156 3541 1192 :
3574 1153 3741 1194 nam

2110 1233 2202 1303 qui
2224 1218 2449 1303 [semper
2485 1233 2628 1289 Deus
2651 1248 2717 1287 ex
2746 1232 2886 1298 Deo,
2930 1231 3038 1309 95
3066 1232 3207 1288 idem
3232 1232 3612 1303 temporalitcr
3649 1246 3742 1295 ex

2110 1323 2329 1379 homine
2362 1324 2503 1379 Deus
2528 1332 2583 1378 et
2604 1325 2766 1381 homo
2791 1340 2807 1390 ;
2836 1330 2892 1380 et
2918 1323 2970 1378 in
2993 1338 3101 1393 quo
3130 1324 3433 1378 naturalem
3461 1331 3742 1394 paterna)

2109 1414 2422 1469 substantiae
2452 1413 2842 1485 plenitudinem
2870 1414 3125 1471 nativitas
3154 1415 3484 1486 sempiterna
3512 1431 3740 1485 posse-
3780 1402 3785 1405 ’

2111 1505 2210 1572 dit,
2244 1506 2296 1561 in
2327 1506 2517 1561 eodem
2540 1508 2751 1578 plenam
2783 1506 3017 1561 hominis
3047 1514 3296 1562 naturam
3315 1507 3519 1563 veritas
3548 1514 3739 1563 natus

2112 1596 2242 1653 ralis
2269 1598 2533 1654 exhibuit.
2566 1598 2731 1654 Filius
2774 1599 2915 1655 enim
2947 1598 3065 1667 Dei,
3110 1607 3171 1652 ut
3196 1606 3442 1654 nostrum
3470 1615 3537 1655 ex
3579 1599 3739 1657 visi-a

2111 1688 2312 1744 bilibus
2356 1688 2425 1744 ad
2450 1688 2735 1745 invisibilia
2765 1690 3091 1761 proveheret
3118 1688 3470 1754 intellectum,
3501 1690 3740 1745 verita-

2116 1789 2227 1836 tem
2254 1781 2305 1837 in
2335 1796 2394 1837 se
2422 1780 2815 1837 demonstravit
2842 1781 3089 1837 humana:
3131 1790 3358 1848 naturae,
3411 1791 3470 1837 ut
3514 1798 3736 1840 conse-

425 1888 548 1929 cum
577 1872 783 1929 ctareat
816 1887 1039 1928 omnem
1063 1871 1386 1929 omnimodis
1425 1882 1759 1937 creaturam,
1801 1882 1861 1926 ut
1888 1881 2016 1942 pote
2044 1878 2094 1942 Β
2118 1882 2350 1944 quenter
2387 1874 2699 1929 crederetur
2746 1889 2814 1931 ex
2855 1874 2972 1929 veri
3018 1872 3115 1930 Dei
3162 1860 3354 1928 natura
3380 1873 3520 1929 Deus
3547 1890 3737 1935 verus

424 1975 649 2035 prorsus
674 1979 745 2019 ex
775 1961 945 2018 nihilo
983 1961 1179 2019 laetam
1199 2005 1216 2032 ,
1264 1962 1420 2019 initio
1446 1977 1556 2018 non
1585 1978 1772 2019 carere
1795 2004 1809 2030 ,
1860 1964 2013 2033 cujus

427 2052 581 2122 origo
606 2052 723 2108 sala
754 2050 1033 2109 Creatoris
1060 2052 1345 2109 voluntate
1370 2060 1427 2107 et
1465 2060 1755 2123 potestate,
1800 2054 2014 2124 quando

428 2144 725 2201 faciendam
750 2143 1044 2215 judicavit,
1086 2145 1180 2214 qui
1208 2145 1544 2201 mutabilium
1573 2161 1798 2216 operum
1827 2147 2015 2217 dispo-

429 2234 678 2290 sitionem
706 2250 918 2305 semper
944 2236 1333 2291 immutaiilem
1363 2237 1570 2304 habuit,
1600 2238 1892 2294 substituta
1929 2257 2020 2297 co-

429 2329 720 2392 gnoscatur
766 2338 835 2380 ex
876 2324 1046 2380 nihile
1075 2362 1091 2388 ,
1140 2339 1262 2395 qua
1308 2332 1489 2381 tamen
1531 2343 1807 2397 nunquam
1855 2328 2019 2385 fuerit

430 2412 746 2484 priusquam
799 2414 957 2470 inrtio
1010 2414 1307 2473 creatienis
1353 2417 1662 2486 exstiterit,
1711 2419 2019 2476 nullatenus

430 2506 694 2577 accipitur
710 2508 856 2578 quod
875 2507 1294 2578 Melchisedech,
1323 2518 1416 2565 aut
1442 2526 1508 2566 ex
1538 2519 1694 2582 patre
1714 2514 1879 2569 fuerit
1904 2530 2020 2569 ma-

430 2604 622 2667 treque
649 2612 758 2654 non
787 2598 997 2668 genitus
1025 2597 1194 2672 (quod
1217 2608 1301 2655 est
1326 2599 1562 2656 hominis
1589 2602 1772 2674 primi)
1805 2611 1897 2657 aut
1924 2605 2021 2659 ini-

431 2685 509 2742 tio
535 2686 797 2743 esisteudi
830 2687 1148 2745 naturaliter
1172 2698 1376 2757 careat,
1407 2692 1553 2761 quod
1584 2694 1755 2750 solius
1783 2703 1868 2751 est
1897 2696 2013 2753 Dei.

431 2772 526 2835 ille
550 2777 741 2847 itaque
754 2778 939 2847 ligneo
958 2778 1118 2848 hujus
1146 2779 1345 2861 retinet
1368 2781 1689 2838 naturaliter
1711 2785 2016 2855 veritatem,

432 2868 526 2936 qui
553 2868 610 2929 in
637 2876 871 2941 utraque
910 2869 1196 2926 nativitate
1222 2871 1509 2941 mirabilis,
1554 2889 1655 2930 nee
1684 2878 1892 2947 uspiam
1919 2894 2017 2933 ve-

433 2961 595 3021 ritate
622 2961 886 3019 hamulis
911 2961 1087 3017 canit
1122 2961 1378 3032 originis,
1426 2971 1482 3019 et
1511 2963 1565 3018 in
1596 2972 1827 3035 utroque
1856 2968 2020 3022 mira-

431 3051 614 3116 biliter
639 3062 803 3112 natus
824 3059 910 3119 est
937 3052 1244 3122 singularis.
1272 3050 1406 3120 Quis
1432 3062 1519 3110 est
1555 3056 1700 3112 enim
1740 3071 1840 3111 rex
1862 3057 2020 3126 justi:-

433 3144 543 3213 tite,
572 3144 677 3204 ubi
698 3159 796 3202 rex
816 3141 1294 3208 aeterm,
1321 3143 1412 3213 qui
1437 3143 1610 3200 iactus
1628 3152 1712 3201 est
1733 3160 1832 3216 pro
1863 3147 2017 3202 nobis

2116 1963 2435 2019 naturaliter
2462 1964 2751 2028 exstitisse,
2784 1972 2947 2034 quem
2972 1979 3157 2029 verum
3177 1963 3452 2019 hominem
3480 1974 3733 2022 natura-

2116 2055 2240 2111 liter
2265 2063 2453 2111 natum
2480 2065 2757 2113 constaret
2787 2072 2855 2112 ex
2878 2057 3116 2113 homine.

2117 2144 2301 2220 CAPUT
2330 2164 2424 2202 vn.
2465 2144 3006 2220 TemporaiisgC/aristi
3041 2150 3286 2220 nativitas
3317 2148 3459 2220 ducit
3506 2152 3562 2205 iu
3612 2168 3728 2208 co—

2191 2219 2475 2293 gnitionem
2514 2218 2743 2293 ceterum.
2772 2218 3255 2293 ImmensaChristi
3279 2218 3559 2293 majestas,
3586 2227 3731 2293 quia
3762 2244 3767 2249 ι

2188 2288 2505 2362 sempiterna
2550 2291 2817 2344 natiuitas.
2863 2288 2987 2362 Non
3034 2291 3134 2362 fuit
3168 2291 3311 2362 locus
3360 2288 3481 2345 ante
3511 2288 3731 2362 Filium

2194 2355 2370 2412 Dei'in
2410 2376 2508 2431 quo
2537 2368 2854 2419 nasceretur.
2908 2355 3154 2430 Nec'fuit
3182 2355 3320 2421 ullus
3354 2362 3498 2416 locus
3540 2361 3735 2419 Verbo

2190 2445 2521 2500 comquwvus.

2181 2519 2396 2575 initium
2413 2520 2934 2590 quoquenativitatis
2950 2520 3002 2575 in
3017 2529 3205 2579 natura
3218 2522 3453 2579 hominis
3463 2521 3727 2581 Christus

2120 2612 2330 2685 habuit,
2356 2612 2411 2667 in
2439 2627 2546 2684 qua
2573 2612 2690 2668 sine
2718 2612 2871 2667 initio
2902 2628 3009 2668 non
3039 2613 3215 2683 potuit
3243 2623 3418 2669 mater
3443 2629 3564 2673 esse
3588 2628 3727 2684 qm

2120 2696 2337 2772 genuit;
2371 2710 2429 2757 ut
2458 2710 2843 2771 agnosceretur
2865 2745 2879 2769 ,
2912 2712 3117 2758 natura:
3147 2705 3374 2763 veritate
3404 2707 3687 2779 recognita
3707 2749 3728 2778 ,

2122 2795 2326 2850 nullum
2349 2794 2544 2853 divinae
2565 2793 2861 2850 nativitatis
2892 2806 2913 2832 ο
2936 2794 3145 2853 initium
3176 2795 3448 2863 habuisse,
3467 2786 3726 2855 ubi‘sem‘

2121 2886 2338 2956 piterno
2365 2885 2542 2954 Patri,
2568 2886 2707 2943 sicut
2735 2885 2945 2941 initium
2967 2886 3231 2942 existendi
3261 2887 3467 2945 nullum
3492 2887 3610 2955 fuit,
3633 2891 3729 2946 sic

2122 2978 2269 3032 nulla
2336 2978 2587 3036 nativitas
2638 2976 2861 3033 initiatae
2914 2979 3280 3046 generationis
3333 2981 3578 3037 accessit.
3629 2980 3725 3039 [ta

2120 3084 2353 3140 namque
2382 3070 2658 3141 utriusque
2686 3072 2738 3124 in
2767 3084 2826 3125 se
2865 3068 3109 3129 Christus
3136 3069 3293 3127 Jesus
3319 3072 3725 3135 demonstravit

2119 3161 2432 3219 substantiae
2453 3162 2754 3228 veritatem,
2786 3168 2844 3216 ut
2866 3162 3004 3219 sicut
3025 3176 3078 3218 tn
3106 3162 3337 3220 hominis
3366 3164 3567 3221 Christi
3587 3165 3723 3222 sub-

435 3244 763 3307 ρθββωιιωι
802 3243 863 3299 ut
896 3249 1005 3292 nos
1024 3234 1363 3290 diceremur
1384 3233 1592 3305 justitia
1636 3234 1734 3292 Dei
1762 3237 1817 3292 in
1846 3237 1964 3308 ipso
1989 3239 2014 3293 ’ἔ

2126 3255 2346 3325 stantia,
2374 3254 2522 3314 salva
2550 3254 2902 3329 praerogativa
2925 3255 3210 3323 singularis
3237 3256 3380 3313 illius
3400 3257 3680 3326 dignitatis
3704 3299 3724 3326 ,

435 3324 567 3392 Quis
595 3333 680 3387 est
711 3324 889 3387 etiam
915 3339 1015 3383 ne:
1053 3326 1238 3396 pacis?
1267 3325 1460 3381 Nonne
1503 3327 1597 3383 ille
1623 3328 1718 3398 qui
1754 3329 1832 3384 ait
1864 3347 1876 3382 ε
1912 3328 2022 3384 Pa-

435 3435 545 3476 rem
570 3416 825 3483 tuenda
852 3418 1015 3486 vobis,
1043 3434 1223 3490 manu
1248 3435 1415 3475 me:
1438 3420 1645 3479 dimitte
1670 3419 1812 3477 vobis
1834 3422 2016 3492 (Joan.

433 3529 545 3579 xw,
580 3514 712 3585 θην
741 3512 864 3587 Ipse
887 3524 965 3570 ω
988 3516 1129 3577 enim
1164 3530 1271 3584 pas:
1299 3523 1496 3580 nostra,
1527 3515 1617 3585 qui
1645 3516 1771 3587 fecit
1804 3523 2025 3587 utraque

434 3620 598 3664 unum
620 3605 840 3679 (Ep/tes.
872 3621 932 3670 u,
981 3604 1093 3677 μ).
1144 3604 1227 3660 Ad
1255 3606 1435 3675 ipsum
1460 3605 1727 3677 propheta
1773 3606 1971 3662 clamat
2003 3625 2017 3661 :

435 3696 661 3765 Domine
691 3698 835 3761 Dm
871 3708 1064 3762 noster,
1106 3714 1286 3769 patent
1326 3707 1464 3751 tuam
1507 3697 1574 3750 da
1616 3697 1784 3752 nobis.
1831 3694 2024 3752 Omnia

436 3790 577 3846 enim
596 3789 785 3855 dedisti
814 3788 986 3857 nobis,
1009 3788 1233 3845 Densius
1259 3787 1400 3842 Deus
1422 3796 1617 3853 noster,
1649 3788 1863 3854 posside
1883 3804 1979 3842 nos
2001 3803 2023 3841 .-

438 3879 683 3948 Dontt'tte,
722 3868 917 3953 prater
946 3891 995 3936 te
1019 3880 1185 3934 alium
1211 3895 1316 3934 non
1353 3879 1605 3945 norimus,
1650 3894 1840 3935 nomen
1882 3888 2023 3933 tuum

437 3973 763 4029 uomiturus
794 3970 951 4045 (lsas'.
981 3987 1127 4034 uvt,
1156 3969 1269 4040 l2).
1298 3969 1524 4025 Matrem
1549 3984 1771 4040 quoque
1793 3985 1902 4025 non
1922 3970 2024 4025 hs—

437 4060 553 4118 buit
586 4061 835 4119 Christus
878 4062 977 4123 Dei
1027 4061 1196 4120 Filius
1240 4063 1299 4121 in
1342 4061 1439 4118 Dei
1477 4060 1811 4129 substantia,
1861 4077 2027 4133 quam

437 4169 654 4224 semper
680 4154 846 4216 habet
872 4169 941 4217 ex
970 4151 1151 4217 Patre.
1184 4152 1391 4215 ausus
1436 4153 1576 4209 idem
1601 4160 1813 4225 putrem
1841 4153 1897 4208 in
1924 4154 2031 4210 he-

439 4244 601 4303 minis
627 4252 820 4301 natura
848 4258 957 4299 non
986 4243 1193 4310 habuit,
1222 4258 1380 4312 quam
1407 4258 1474 4305 ex
1499 4243 1616 4301 sola
1639 4250 1814 4300 matre
1839 4258 2027 4301 uisce-

439 4336 537 4407 pit.
591 4333 652 4391 In
678 4335 910 4392 veritate
936 4349 1172 4404 namque
1199 4335 1478 4405 utriusque
1506 4334 1804 4393 nativitatis
1844 4336 2029 4405 singu-

438 4424 714 4484 laritatem
747 4426 1003 4491 servavit,
1044 4435 1099 4480 et
1138 4428 1396 4496 parentis,
1423 4435 1479 4482 et
1505 4427 1673 4497 prolis
1706 4444 1719 4481 :
1748 4436 1812 4483 ut
1834 4442 2031 4498 quam-

440 4516 524 4573 vis
551 4516 702 4586 prius
729 4516 798 4573 de
836 4515 954 4572 solo
983 4514 1161 4582 Patre,
1188 4516 1529 4586 postmodum
1557 4516 1627 4574 de
1659 4517 1775 4574 sola
1805 4518 2029 4588 Virgine

2084 3418 2087 3421 ν
2128 3347 2236 3403 hoc
2251 3345 2678 3408 substantialiter
2702 3346 2990 3415 invenitur,
3014 3347 3161 3416 quod
3172 3348 3725 3415 naturaliterconstat

2127 3436 2182 3490 in
2195 3435 2433 3501 homine;
2448 3435 2527 3489 sic
2542 3434 2598 3490 in
2609 3434 2799 3492 eodem
2817 3434 2929 3490 Deo
2942 3433 3158 3495 Christo
3170 3436 3274 3494 hoc
3286 3438 3725 3496 substantialiter

2123 3543 2246 3583 esse
2274 3528 2555 3597 credatur,
2580 3527 2725 3600 quod
2773 3528 3094 3585 naturaliter
3131 3529 3375 3587 subsistit
3421 3531 3475 3587 in
3504 3529 3666 3587 Patre
3707 3550 3723 3585 :

2126 3627 2187 3674 ut
2218 3634 2342 3674 cum
2370 3618 2424 3674 in
2469 3619 2687 3675 homine
2714 3616 2932 3677 Christo
2964 3619 3172 3677 videtur
3216 3620 3418 3679 veritas
3459 3622 3721 3689 hominis.

2126 3708 2182 3763 in
2211 3709 2403 3764 eodem
2441 3708 2555 3766 Deo
2592 3708 2810 3767 Christo
2852 3719 3215 3780 cognoscatur
3241 3721 3482 3783 paterna:
3516 3715 3725 3772 veritas

2125 3799 2380 3867 deitatis;
2427 3808 2483 3857 et
2520 3817 2644 3865 cum
2686 3802 2786 3858 ista
2831 3803 3084 3860 nativitas
3111 3803 3383 3861 invenitur
3411 3806 3564 3863 initio
3594 3808 3720 3863 sub.

2127 3892 2237 3947 dita
2256 3933 2270 3958 ,
2303 3907 2421 3964 quae
2451 3908 2519 3951 ex
2558 3894 2842 3965 temporali
2872 3894 3483 3959 hominesubstantialis
3506 3905 3721 3969 tempo~

2127 3983 2315 4039 raliter
2341 3983 2568 4050 exstitit,
2593 3984 2681 4039 illa
2709 3999 2926 4054 quoque
2967 3985 3084 4039 sine
3132 3984 3284 4040 initio
3314 3986 3567 4043 credatur
3597 4004 3727 4049 esse

2127 4076 2384 4132 nativitas
2406 4118 2421 4143 ,
2453 4091 2572 4147 quae
2600 4076 2668 4131 de
2697 4076 3021 4147 sempiterno
3047 4076 3157 4131 Deo
3185 4073 3210 4112 ι¹
3253 4077 3624 4137 substantialis
3654 4097 3721 4145 ac

2129 4168 2460 4240 sempiterna
2482 4166 2746 4223 subsistit.
2778 4164 2898 4237 Ipse
2921 4166 3084 4233 igitur
3121 4165 3239 4221 sine
3266 4176 3437 4223 matre
3460 4170 3514 4224 in
3541 4169 3719 4230 divina

2130 4259 2460 4323 substantia,
2496 4268 2519 4294 ο
2563 4271 2683 4326 qua:
2712 4263 2793 4313 est
2837 4256 3051 4323 exsolo
3080 4253 3253 4324 Patre,
3282 4258 3600 4319 naturaliter
3626 4274 3720 4329 ge-

2130 4350 2309 4413 nitus;
2362 4348 2477 4415 ipse
2527 4346 2646 4400 sine
2686 4343 2846 4399 Patre
2875 4383 2891 4409 ,
2923 4344 3127 4399 fructus
3157 4344 3424 4400 inviolatae
3463 4347 3717 4417 Virginis,

2130 4453 2294 4507 quam
2350 4434 2666 4504 complexus
2704 4448 2812 4488 non
2849 4434 3075 4502 contigit
3115 4435 3406 4502 maritalis;
3442 4437 3556 4507 ipse
3603 4439 3721 4499 sine

2132 4527 2468 4600 genealogis,
2498 4525 2565 4580 de
2593 4539 2700 4594 quo
2728 4525 2987 4596 scriptum
3015 4534 3098 4581 est
3132 4542 3146 4580 :
3181 4525 3575 4585 Generationem
3606 4532 3719 4605 ejus

439 4617 781 4678 nasceretur,
826 4624 966 4665 unus
993 4618 1175 4664 tamen
1201 4609 1450 4682 idemque
1489 4608 1650 4665 fuerit
1675 4611 1769 4682 qui
1796 4619 1853 4666 et
1879 4611 2029 4682 prius
2048 4623 2108 4687 υ
2131 4621 2248 4691 quis
2282 4616 2301 4655 τ
2334 4613 2599 4671 enarrabit
2645 4613 2800 4691 (Isai.
2842 4631 2957 4685 uti,
3006 4614 3104 4689 8)?
3150 4625 3209 4672 ut
3258 4634 3379 4687 cum
3410 4620 3464 4676 in
3493 4634 3720 4690 genera-

442 4700 511 4756 de
538 4698 716 4767 Patre,
757 4709 813 4756 et
837 4700 1180 4771 postmodum
1210 4702 1278 4756 sit
1305 4711 1461 4759 natus
1489 4718 1557 4757 ex
1592 4703 1804 4773 Virgine
1835 4720 1849 4757 :
1882 4713 1941 4758 ut
1969 4706 2023 4758 in

443 4793 602 4849 unius
629 4792 742 4849 veri
785 4790 884 4853 Dei
914 4792 1134 4863 verique
1175 4792 1407 4855 hominis
1437 4791 1636 4855 Christi
1683 4794 1822 4851 miro
1859 4800 2029 4861 atque

443 4884 703 4941 ineffabili
746 4881 1088 4941 Memento
1122 4900 1226 4940 nec
1254 4885 1517 4941 naturalis
1542 4885 1727 4952 genito
1770 4882 2025 4940 defuisset

443 4991 513 5033 ex
539 4977 791 5045 gignente
817 4975 1134 5040 substantia,
1167 4991 1268 5031 nec
1296 4975 1660 5046 geminaretur
1687 4973 1741 5029 in
1770 4972 2024 5045 gignente

444 5077 695 5141 genitove
720 5083 975 5138 persona,
1007 5068 1133 5125 licet
1160 5068 1215 5123 in
1242 5084 1350 5123 uno
1375 5067 1589 5122 Christo
1612 5064 1893 5120 veritatem
1925 5063 2022 5121 Dei

444 5168 502 5216 et
551 5161 786 5219 nauticis
836 5168 1045 5221 natium
1089 5168 1119 5203 ι
1162 5159 1364 5217 veritas
1410 5152 1690 5211 ireont‘ttsa
1737 5164 2019 5223 servaret,

443 5268 607 5309 uuam
630 5261 810 5313 tanton
852 5252 912 5317 in
938 5251 1159 5319 Christe
1183 5263 1469 5321 personam
1509 5246 1789 5317 utriusque
1817 5256 2025 5304 natura

445 5341 670 5400 indivisa
696 5343 897 5407 veritas
938 5342 1242 5403 exhiberet.
1289 5345 1349 5399 ut
1383 5351 1487 5397 nec
1527 5336 1743 5407 gemina
1770 5339 2029 5397 nativitas

445 5433 603 5489 unius
627 5431 826 5495 cunni
851 5432 1124 5499 videretur
1143 5425 1422 5496 senium
1438 5442 1752 5500 renouata.
1778 5445 1879 5487 nec
1900 5447 2023 5503 ρει·
2052 5467 2060 5476 -

519 5609 542 5637 ο
587 5595 663 5653 ita
691 5613 793 5654 ms.
819 5593 982 5653 Corb.
1010 5599 1066 5649 et
1085 5588 1329 5660 Victam;
1348 5598 1405 5649 at
1430 5590 1563 5659 editi
1589 5590 1793 5655 habent
1818 5600 2023 5651 natura:

497 5677 767 5794 νίηὲοιυη.
793 5742 849 5791 et
877 5732 1025 5799 Ant.,
1047 5734 1103 5788 in
1127 5733 1241 5788 hoc.

522 5805 738 5871 'Ahet'
814 5801 1319 5873 alimmum.
1346 5804 1654 5865 restituatur
1682 5811 1860 5862 estex
1890 5816 2022 5861 mss.

448 5868 614 5942 Corb.
642 5883 697 5936 et
718 5814 921 5936 victor.

598 5913 614 5935 ο
642 5892 697 5936 ει
727 5892 757 5936 Υ
768 5892 921 5935 ιοιοτ.

2132 4690 2281 4761 tione
2317 4718 2445 4759 vera
2469 4701 2593 4757 Filii
2619 4702 2714 4759 Dei
2744 4690 2876 4761 ﬁdes
2902 4704 3058 4761 nobis
3078 4708 3441 4778 cognitionem
3466 4720 3720 4784 praestat,

2131 4808 2439 4851 sermonem
2482 4807 2617 4850 vero
2657 4794 3055 4865 sempiternitas
3092 4807 3338 4870 superat,
3390 4802 3443 4856 in
3480 4818 3547 4858 eo
3575 4803 3720 4874 quod

2135 4887 2259 4943 ﬁdei
2308 4885 2611 4941 constantia
2653 4886 2983 4945 credulitatis
3013 4898 3038 4937 ι
3092 4888 3430 4948 ﬁrmamento
3482 4896 3720 4953 nutritur

2136 4980 2232 5051 (at.
2283 4976 2522 5047 nititur),
2579 4978 2845 5034 sermonis
2885 4993 3015 5034 vero
3054 4979 3274 5035 audacia
3328 4981 3472 5038 ildeli
3526 4985 3721 5040 timore

2129 5069 2509 5140 comprimitur
2528 5108 2544 5137 ,
2573 5068 2769 5125 divinae
2804 5070 3166 5139 generationis
3186 5088 3313 5130 vera
3354 5062 3722 5146 natur-alisque

2128 5158 2532 5229 sempiternltas
2570 5168 2910 5229 agnoscatur.
2950 5160 3083 5216 Nam
3130 5165 3255 5234 quia
3303 5165 3483 5222 divina
3534 5168 3720 5241 utique

2130 5256 2453 5312 naturaliter
2489 5271 2617 5312 vera
2659 5262 2780 5326 est,
2825 5256 2949 5327 quia
2975 5255 3030 5311 in
3070 5256 3181 5313 Deo
3203 5272 3333 5315 vero
3356 5257 3489 5314 nihil
3511 5266 3594 5314 est
3621 5258 3720 5315 fal-

2125 5362 2277 5413 sum;
2309 5348 2435 5417 quia
2463 5362 2594 5405 vero
2618 5364 2719 5405 nec
2742 5356 2920 5420 empta
2947 5356 3049 5416 est,
3078 5364 3179 5406 nec
3201 5358 3412 5420 creata,
3438 5351 3577 5409 sicut
3596 5367 3719 5410 om-

2127 5455 2254 5497 nem
2291 5448 2483 5512 coeptae
2528 5449 2831 5514 creataeque
2867 5452 3072 5500 naturae
3109 5454 3332 5517 superat
3376 5446 3722 5520 cogitationis

2199 5593 2227 5635 δ
2257 5596 2356 5673 με.
2380 5596 2569 5673 99m.
2593 5596 2925 5655 abstulisti
2950 5604 3288 5673 sempiterna.
3350 5634 3357 5641 -

2204 5678 2227 5740 τ
2259 5666 2358 5740 his.
2389 5667 2624 5740 Victori,
2651 5686 2773 5740 qua.

2206 5736 2225 5775 ί
2266 5737 2457 5793 Colon.
2487 5745 2542 5793 et
2570 5736 2757 5805 BasiL,
2787 5741 3070 5801 enarravit.

2203 5817 2228 5860 t
2260 5807 2453 5882 Basil.,
2468 5807 2824 5887 fundamento.
