4120 6462
312 330 457 387 255
1255 392 1258 395 .
1505 338 1594 392 AD
1633 337 1936 396 TRASIMU

2037 338 2132 397 un
2170 341 2300 401 un.
2337 341 2401 400 ιι.
3535 343 3642 418 354

304 445 693 517 hdaginem,
733 445 811 503 sic
838 460 1052 502 omnem
1096 447 1498 519 supergreditur
1542 450 1740 520 eloquii
1789 451 1959 506 lacul-
1989 457 2040 518 Α
2063 455 2232 526 ipsum
2256 458 2434 514 locum
2455 458 2675 530 aliquod
2703 459 3152 527 existimentesse
3179 460 3296 518 sine
3311 461 3629 534 Deoprinci-

310 549 558 598 tatem.
610 539 690 600 An
737 539 960 600 forsitan
1001 539 1143 610 Quod
1195 540 1263 602 de
1310 541 1404 602 Dei
1453 559 1586 613 pace
1636 545 1947 613 apostolicae
2052 547 2377 618 pium,quod
2403 548 2834 618 sempiternitate
2861 549 2945 604 sui
2973 551 3291 606 naturaliter
3317 563 3634 622 perseveret

307 632 704 691 auctoritatis
718 633 940 689 veritate
967 633 1417 702 percepimus,de
1444 634 1562 702 ejus
1597 637 1947 702 generatione
2049 636 2328 693 infectum.
2372 637 2478 696 Sed
2509 640 2759 708 quoniam
2782 639 2897 694 hac
2928 653 3036 694 non
3066 640 3186 695 sine
3203 640 3484 710 impietate
3511 656 3628 696 ere-

301 738 587 798 prorsns
610 724 852 793 accipere
887 721 1229 804 mutilamus?
1256 739 1379 784 cum
1413 725 1565 783 inibis
1589 725 1786 784 Paulus
1813 726 1946 781 bea-
2049 730 2248 784 duntur
2272 770 2286 794 ,
2333 729 2538 787 idcirco
2566 747 2672 787 non
2701 731 2872 787 solum
2897 729 3038 787 Filio
3081 731 3317 786 anterior
3345 771 3359 797 ,
3401 732 3496 786 sed
3533 747 3634 789 nec

310 813 600 886 tissimus
628 812 774 868 dicat
805 831 817 864 :
851 811 968 866 Pas;
997 812 1094 868 Dei
1120 854 1135 879 ,
1165 830 1280 884 quin
1320 825 1595 882 exsuperat
1639 833 1842 872 omnem
1863 819 1948 871 in-
2049 835 2314 891 mqumvus
2338 821 2593 878 dicendus
2621 831 2705 878 θα
2741 823 2911 880 locus.
2950 822 3056 878 per
3082 837 3243 893 quem
3270 822 3413 878 enim
3455 825 3632 878 omnia

304 905 648 972 senectam,
705 903 961 976 custodiat
1011 904 1173 966 corde
1230 914 1399 968 uestro
1419 945 1436 968 ,
1484 916 1530 960 et
1577 907 1946 978 intelligentia
2050 913 2320 982 fastosum
2349 910 2522 984 (Psal.
2546 928 2761 980 chvru,
2785 909 2859 982 5),
2890 911 3017 968 huic
3043 911 3184 968 facta
3215 912 3467 982 qualibet
3487 921 3634 967 ante-

309 1010 558 1060 nestras
575 1003 630 1058 iu
655 1000 856 1059 Christo
880 998 1007 1056 Iesu
1035 999 1255 1070 (Philip.
1276 1016 1346 1065 ιν,
1377 999 1451 1068 7).
1479 1001 1651 1070 Cujus
1665 1014 1792 1069 ergo
1818 1016 1944 1070 pax,
2045 999 2176 1055 ferri
2201 999 2502 1056 conteri-ire
2531 1017 2634 1058 non
2661 1009 2904 1073 possunt.
2934 1001 3200 1068 Quoniam
3226 1002 3323 1071 qui
3365 1001 3553 1058 omnia
3576 1001 3632 1056 in

2049 1105 2296 1155 numero,
2312 1099 2368 1145 et
2383 1092 2638 1161 pondere,
2651 1101 2706 1148 et
2726 1108 2975 1148 mensura
3002 1093 3290 1163 disposuit,
3320 1093 3464 1150 sicut
3491 1101 3630 1148 tem-

2050 1194 2184 1250 pore
2207 1181 2499 1248 numerari,
2521 1181 2600 1237 sic
2627 1183 2748 1238 loco
2771 1184 3068 1241 mensurari
3094 1199 3202 1238 non
3224 1185 3417 1254 potuit.
3441 1182 3634 1239 Proin-

308 1090 476 1160 licet
513 1108 730 1148 onmem
761 1101 979 1162 superet
1001 1091 1363 1155 intellectum,
1400 1107 1526 1152 vera
1559 1101 1734 1148 tamen
1763 1134 1778 1158 ,
1806 1107 1947 1146 sem-

307 1184 573 1258 piterna
596 1183 959 1250 saturnusque
984 1181 1250 1245 creditur;
1298 1196 1389 1236 cur
1421 1181 1536 1248 ejus
1561 1182 1944 1249 generationis,

303 1292 467 1348 qua:
503 1283 727 1345 superat
755 1290 918 1338 cuine
945 1288 1168 1343 prorsus
1193 1273 1484 1342 eloquium,
1515 1272 1774 1330 naturalis
1801 1272 1944 1326 veri.-
2044 1271 2117 1326 .de
2139 1271 2372 1340 psalmus
2399 1273 2663 1330 veraciter
2700 1277 2846 1332 canit
2879 1295 2891 1330 :
2936 1275 3160 1348 [agitus
3189 1276 3442 1332 Dominus
3494 1277 3632 1334 Deus

300 1378 418 1443 με
489 1378 553 1424 et
596 1368 804 1436 inlinita
849 1367 1246 1435 sempiternitas
1289 1365 1632 1432 abnegetur'!‘
1668 1363 1768 1419 Ubi
1815 1379 1946 1432 ergo
2047 1370 2251 1427 uoster,
2280 1370 2329 1414 et
2351 1378 2544 1431 magna
2562 1365 2723 1418 virtus
2751 1365 2891 1436 ejus,
2923 1367 3268 1434 asapientia:
3285 1369 3398 1438 ejus
3425 1383 3528 1422 non
3555 1377 3634 1422 est

307 1462 686 1532 εωιῳὶιοηῃ
717 1477 821 1531 pax
848 1467 961 1534 est,
995 1456 1247 1512 credatur
1273 1457 1435 1518 etiam
1459 1455 1786 1525 sempiterna
1804 1455 1946 1510 nati-
2045 1465 2314 1508 numerus.
2356 1451 2532 1520 Atque
2564 1462 2622 1506 ut
2643 1452 2800 1521 hujus
2834 1454 3165 1510 admirabilis
3191 1458 3634 1526 sempiternitatis

305 1556 526 1621 nitas;
555 1563 612 1618 et
633 1552 785 1620 cujus
809 1547 1173 1617 estcredenda
1198 1547 1528 1618 seumiterna
1556 1547 1948 1618 nativitas,96
2048 1537 2259 1598 inﬁnita
2279 1549 2674 1596 monstraretur
2700 1542 3038 1607 immensitas
3060 1582 3076 1606 ,
3107 1545 3212 1602 alio
3243 1545 3364 1600 loco
3387 1544 3588 1600 dicitur
3615 1563 3629 1598 ε

307 1663 452 1713 Μ
489 1652 722 1714 ,δέμων
1025 1637 1300 1707 missus,
1327 1637 1474 1692 nullo
1502 1637 1700 1706 quippe
1715 1635 1950 1696 naturali
2050 1626 2275 1700 Magnus
2305 1628 2564 1686 Dominus
2591 1639 2642 1684 et
2667 1629 2949 1686 laudabilis
2978 1633 3154 1700 nimis,
3185 1643 3236 1687 et
3262 1633 3634 1704 magnitudinis

472 1737 848 1800 concluditur,
878 1731 1021 1801 quod
1049 1729 1526 1796 nativitatisinitio
1555 1744 1661 1782 non
1693 1736 1937 1790 tenetur;
2047 1717 2161 1786 ejus
2187 1735 2289 1772 non
2335 1729 2412 1772 est
2439 1721 2562 1788 linis
2593 1720 2765 1791 (Psal.
2798 1737 2955 1777 cum
2976 1760 2993 1786 ,
3041 1722 3117 1792 5).
3150 1721 3286 1788 Quia
3317 1738 3504 1778 revera
3533 1738 3633 1778 Ie-

309 1841 382 1897 ρι
415 1831 568 1892 Μω
607 1830 876 1893 mem;-
897 1837 1119 1894 μορε-δυσ
1161 1820 1469 1889 agnoscitur
1499 1819 1586 1876 illa
1617 1819 1937 1882 substantia,
1972 1831 2021 1892 Β
2045 1823 2200 1866 cesse
2244 1818 2326 1864 est
2375 1819 2435 1866 ut
2489 1812 2806 1868 naturaliter
2841 1811 3220 1880 pronuntietur
3266 1812 3630 1877 immensum,

310 1924 508 1990 cuius
551 1929 634 1976 est
662 1918 913 1985 nativitas
952 1929 1061 1978 non
1086 1920 1293 1981 empta,
1323 1911 1416 1965 sed
1456 1925 1602 1964 vera.
1637 1908 1768 1966 Nam
1797 1907 1941 1982 quod
2042 1897 2190 1965 quod
2217 1899 2346 1981 ¹9³1
2391 1909 2476 1958 est
2501 1899 2820 1958 naturaliter
2863 1900 3282 1970 sempiternum,
3313 1901 3440 1971 quia
3481 1901 3631 1970 quod

313 1989 535 2080 minus)
559 2006 1010 2074 circumscribitur
1027 2003 1150 2066 “ne.
1179 2014 1400 2064 necesse
1421 2008 1504 2054 est
1529 2007 1588 2054 ut
1616 1998 1740 2061 loco
1764 2008 1939 2052 tenea-

2043 2001 2258 2055 scmper
2286 1995 2368 2045 est
2395 2003 2504 2043 non
2544 1989 2760 2058 capitur
2784 2002 3044 2054 numero,
3069 1996 3124 2044 et
3147 1989 3292 2058 quod
3323 1989 3522 2059 ubique
3547 1997 3634 2045 to.-

317 2113 422 2168 ιω·
448 2111 556 2166 aut
587 2109 850 2169 tempore,
881 2093 1164 2172 Quomodo
1193 2100 1372 2148 autem
1408 2090 1604 2150 iecisse
1646 2100 1858 2158 tempus
1885 2097 1940 2146 et

316 2190 531 2250 locum
576 2189 829 2256 creditur,
879 2187 923 2242 si
968 2185 1087 2249 loco
1145 2183 1258 2251 ipse
1301 2179 1939 2250 temporive-subdatur?

318 2279 478 2342 Nam
509 2296 612 2351 per
659 2280 833 2349 ipsum
859 2273 1034 2340 omnis
1064 2271 1233 2328 factus
1260 2279 1342 2324 est
1381 2269 1530 2328 locus
1557 2311 1572 2336 ,
1609 2269 1733 2337 quia
1763 2268 1940 2328 omnia

316 2377 656 2449 perﬁipsum
687 2373 826 2440 facta
871 2375 1030 2426 sunt.
1058 2374 1106 2417 et
1134 2364 1244 2415 sine
1294 2363 1406 2430 ipso
1446 2362 1640 2432 factum
1687 2367 1762 2412 est
1802 2357 1934 2410 nihil

326 2465 539 2536 (Jouis.
573 2479 612 2529 ι,
638 2459 717 2529 5).
746 2456 846 2520 Per
869 2455 1038 2526 ipsum
1063 2467 1280 2522 quoque
1309 2449 1507 2502 factum
1539 2456 1747 2516 tempus
1769 2461 1938 2514 agno-

319 2556 539 2624 scitur,
572 2551 641 2608 de
660 2564 768 2622 quo
793 2545 984 2606 Paulus
1013 2543 1143 2602 dicit
1177 2561 1186 2592 :
1219 2540 1511 2611 Multifarie
1532 2539 1805 2610 multisque
1825 2554 1938 2592 "10-,

320 2647 413 2709 dis
443 2645 584 2704 olim
618 2640 756 2702 Deus
781 2638 987 2708 loquens
1018 2633 1250 2704 patribus
1284 2642 1305 2666 "
1341 2634 1395 2686 in
1437 2631 1717 2701 prophetis,
1761 2632 1935 2683 novis-

322 2739 466 2790 sime
501 2732 682 2785 diebus
713 2729 824 2782 istis
853 2727 1048 2779 locutus
1069 2733 1144 2777 est
1172 2722 1319 2777 nobis
1347 2723 1400 2774 in
1436 2719 1607 2785 Filio,
1639 2736 1785 2791 quem
1813 2735 1938 2772 con-

322 2829 517 2883 stituit
537 2821 789 2877 haeredem
810 2819 1160 2870 universorum
1183 2852 1197 2876 ,
1242 2828 1332 2882 per
1356 2826 1502 2881 quem
1533 2811 1653 2880 fecit
1674 2818 1722 2861 et
1742 2807 1938 2862 swcula

2044 2084 2156 2138 tum
2188 2083 2270 2130 est
2296 2093 2404 2132 non
2433 2077 2776 2136 concluditur
2809 2077 2962 2142 loco,
3014 2077 3218 2135 idcirco
3253 2078 3485 2140 denique
3525 2078 3634 2134 alio

2043 2165 2334 2235 Scriptura:
2387 2167 2699 2224 testimonio
2743 2167 2812 2226 de
2841 2165 3116 2236 Sapientia
3143 2166 3342 2230 dicitur
3373 2184 3388 2222 :
3415 2169 3634 2237 Atiam

2042 2265 2212 2308 autem
2234 2255 2416 2325 ubique
2441 2266 2651 2327 propter
2677 2272 2827 2312 suam
2854 2255 3166 2316 munditiam
3192 2255 3346 2324 (δαν.
3382 2271 3454 2312 vu
3470 2294 3485 2321 ,
3516 2253 3634 2324 24),

2041 2341 2107 2398 Et
2131 2345 2293 2416 paulo
2323 2353 2446 2414 post
2476 2363 2488 2398 :
2521 2346 2743 2416 Attingit
2784 2353 2956 2402 autem
2985 2361 3017 2400 α
3045 2343 3156 2414 [ius
3196 2359 3356 2412 usque
3377 2344 3446 2406 ad
3473 2345 3634 2414 ﬁnem

2040 2435 2266 2504 (uniter,
2297 2443 2346 2494 et
2375 2435 2604 2505 disponit
2625 2436 2798 2490 omnia
2820 2421 3045 2494 maritet
3073 2432 3262 2505 (1054.,
3283 2450 3399 2503 vui,
3430 2434 3502 2504 l).
3535 2432 3633 2499 Hie

2038 2526 2224 2594 utique
2235 2541 2358 2581 cum
2373 2541 2404 2580 a
2421 2524 2526 2580 ﬁne
2550 2541 2716 2596 usque
2727 2525 2794 2586 ad
2818 2525 2979 2582 linem
3007 2525 3331 2595 sapientiam
3375 2522 3632 2588 audimus

2002 2673 2005 2675 _
2041 2615 2328 2686 attingere,
2352 2615 2753 2687 intelligendtuu
2783 2624 2867 2678 est
2891 2616 3018 2686 Quia
3037 2631 3160 2676 cum
3182 2630 3214 2672 a
3239 2615 3346 2678 line
3370 2629 3546 2685 usque
3562 2613 3632 2670 ad

2041 2704 2203 2769 tinem
2223 2707 2454 2775 attingit,
2478 2714 2767 2778 utrumque
2793 2707 2955 2772 linem
2984 2707 3345 2768 immensitate
3369 2721 3480 2764 sua:
3510 2703 3630 2760 inli-

2038 2797 2225 2860 nitatis
2251 2797 2484 2854 excedit.
2511 2797 2608 2855 ille
2629 2797 2774 2853 enim
2786 2811 3003 2854 omnem
3027 2804 3208 2867 potest
3233 2803 3536 2860 creaturam
3555 2802 3630 2850 at-

326 2917 544 2992 (Helir,
578 2929 612 2977 ι,
647 2912 699 2977 l,
725 2911 804 2977 2).
835 2907 951 2962 Non
975 2917 1057 2960 est
1079 2919 1208 2973 ergo
1237 2902 1424 2957 localis
1451 2916 1549 2971 per
1576 2915 1735 2969 quem
1765 2899 1936 2953 Iactus
1970 2913 1982 2928 ε

323 2991 418 3062 est
451 3005 614 3058 locus
641 3043 656 3067 ,
691 3015 789 3054 nec
820 2994 1132 3065 temporalis
1157 3008 1254 3062 per
1281 3007 1439 3061 quem
1471 2991 1670 3046 factum
1692 2997 1774 3044 est
1797 2997 1933 3046 tem-

325 3114 434 3182 pus
467 3115 491 3175 ιε
546 3109 667 3148 nam
710 3091 754 3145 si
796 3087 979 3145 localis
1017 3085 1132 3155 ipse
1161 3084 1338 3138 locum
1366 3081 1511 3145 fecit,
1546 3089 1601 3135 et
1623 3088 1826 3136 certum
1854 3087 1936 3134 est

325 3171 512 3251 cuine
541 3183 711 3240 locale
742 3183 794 3236 in
835 3181 956 3234 loco
990 3191 1146 3240 esse;
1191 3179 1586 3242 consequenter
1623 3171 1934 3240 intelligitur
1959 3193 2006 3260 ο

329 3278 491 3350 quod
522 3275 668 3346 prius
708 3272 759 3325 in
797 3270 917 3323 loco
945 3266 1101 3321 fuerit
1125 3305 1140 3329 ,
1173 3272 1226 3318 et
1259 3263 1336 3318 sic
1365 3263 1540 3318 locum
1567 3277 1753 3317 creare
1780 3261 1805 3300 l'
1837 3277 1936 3332 po-

332 3353 532 3423 tuerit.
558 3362 665 3420 Sed
694 3361 781 3414 hic
813 3357 985 3418 locus,
1013 3355 1198 3422 inquo
1228 3352 1390 3406 fuisse
1413 3350 1504 3406 Dei
1533 3350 1700 3406 Filius
1718 3350 1932 3416 dicitur,

334 3473 532 3534 qumro
579 3463 757 3508 utrum
808 3449 946 3504 Filio
986 3447 1244 3509 anterior,
1276 3459 1608 3514 :cqumvusve
1653 3445 1937 3500 credatur?

339 3533 364 3590 ἐ
383 3547 500 3604 Sed
528 3545 584 3602 si'
598 3541 761 3611 aliqui
789 3536 1116 3592 anteriorem
1138 3533 1274 3588 Filio
1294 3533 1603 3588 existimant
1627 3533 1822 3598 locum,
1851 3534 1935 3588 vi-

335 3643 512 3699 deant
541 3638 593 3692 in
623 3632 768 3704 quod
797 3629 1112 3685 barathrum
1143 3622 1360 3679 nefaria:
1400 3625 1714 3680 assertionis
1749 3625 1935 3680 incur-

337 3738 490 3792 rant,
521 3740 642 3780 cum
675 3735 852 3776 rerum
880 3715 1118 3772 omnium
1147 3715 1418 3782 operatori
1448 3714 1726 3768 materiam
1757 3714 1938 3782 cujus-

338 3821 483 3878 libet
510 3814 689 3886 operis
715 3812 1066 3878 anteponunt.
1095 3801 1339 3871 Cumque
1381 3800 1616 3856 Joannes
1644 3803 1818 3857 omnia
1845 3818 1939 3873 per

338 3915 515 3988 ipsum
540 3909 681 3980 facta
706 3903 732 3939 ά
764 3899 1233 3956 commemoraret,
1267 3891 1466 3944 nullam
1499 3889 1666 3959 (quod
1697 3889 1857 3958 absit)
1883 3890 1935 3943 in

339 3980 403 4064 se
428 3999 683 4057 habuisse
706 3987 963 4048 dicendus
983 3992 1067 4040 est
1093 3981 1401 4046 veritatem,
1433 3981 1478 4036 si
1501 3980 1778 4050 quodlibet
1799 3996 1938 4051 opus

339 4090 626 4170 praecessit
651 4083 919 4156 opiﬁcem.
951 4074 1232 4143 Quomodo
1259 4073 1404 4129 enim
1423 4073 1602 4128 locum
1633 4070 1811 4127 facere
1840 4088 1943 4144 po-

339 4160 471 4251 tuit,
504 4189 630 4237 ante
655 4187 816 4248 quem
835 4184 973 4233 esse,
997 4167 1082 4222 vel
1105 4167 1221 4221 sine
1242 4160 1350 4236 quo
1371 4179 1512 4230 esse,
1538 4165 1584 4220 si
1622 4165 1695 4220 ita
1725 4173 1806 4220 est
1853 4165 1936 4219 fa-

344 4286 491 4340 ctus,
524 4273 640 4342 ipse
663 4279 772 4320 non
812 4258 989 4332 potuit
1003 4258 1028 4310 ?
1044 4255 1197 4311 Tunc
1213 4255 1408 4310 deinde
1434 4254 1665 4310 sollicita
1685 4253 1936 4309 conside-

343 4368 562 4426 ratione
591 4354 929 4431 perpendant
967 4352 1219 4422 quoniam
1261 4349 1705 4418 sempiternitatis
1753 4349 1934 4403 inlini-

345 4467 516 4515 tatein
547 4453 668 4506 loco
715 4447 969 4500 videntur
1004 4441 1169 4509 dare,
1191 4455 1353 4510 quam
1393 4439 1530 4496 Filio
1555 4441 1650 4496 Dei
1673 4449 1938 4497 conantur

347 4549 609 4614 adimere.
641 4537 774 4593 Nam
795 4535 840 4589 si
858 4539 1146 4604 propterea
1162 4531 1354 4586 Filium
1368 4530 1462 4585 Dei
1489 4547 1594 4586 non
1623 4531 1742 4586 sine
1769 4531 1926 4585 initio
1955 4570 2004 4631 υ

2038 2887 2268 2958 tingere,
2279 2903 2442 2958 quem
2462 2889 2637 2946 omnis
2655 2903 2764 2944 non
2793 2895 2976 2957 potest
2999 2895 3247 2944 creatura
3264 2886 3588 2947 concludere
3609 2903 3622 2939 :

2039 3000 2163 3048 nam
2192 2984 2330 3040 sicut
2349 2983 2575 3054 impleas
2597 2982 2792 3040 emittm
2821 2992 3135 3051 perseverat
3159 2982 3468 3050 immensus,
3493 2979 3571 3033 sic
3596 2993 3630 3034 a

2037 3075 2146 3142 ﬁne
2188 3090 2356 3145 usque
2402 3074 2469 3131 ad
2505 3073 2669 3134 linem
2721 3073 2990 3142 attingens
3041 3079 3322 3143 permanet
3365 3070 3624 3126 inﬁnitus.

2038 3169 2168 3228 Tale
2197 3182 2430 3237 namque
2458 3174 2540 3224 est
2581 3183 2594 3220 :
2625 3165 2848 3234 Attingit
2870 3181 2903 3218 α
2927 3164 3034 3234 ﬁne
3061 3179 3216 3234 usque
3243 3162 3312 3216 ad
3338 3162 3497 3234 finem
3517 3161 3628 3232 for—

2039 3265 2158 3326 titer
2182 3305 2199 3332 ,
2225 3260 2386 3331 quale
2407 3267 2491 3316 est
2517 3267 2574 3314 et
2612 3257 2740 3312 illud
2763 3255 2908 3326 quod
2936 3270 3034 3325 per
3060 3253 3350 3310 Jeremiam
3372 3251 3571 3314 dicitur
3606 3268 3619 3305 :

2038 3350 2152 3424 Ego
2203 3350 2339 3406 Deus
2385 3351 2711 3422 prodamus,
2751 3357 2812 3402 .et
2840 3363 2945 3402 non
2973 3345 3116 3402 Deus
3143 3345 3205 3400 de
3229 3345 3529 3416 longinquo.
3565 3342 3628 3398 Si

2041 3443 2375 3506 absconditus
2421 3442 2576 3513 fuerit
2620 3441 2769 3496 homo
2815 3439 2870 3494 in
2899 3438 3126 3500 occulto,
3158 3452 3252 3508 ego
3279 3453 3402 3507 ergo
3431 3451 3532 3490 non
3561 3436 3626 3489 si-

2037 3536 2168 3593 debo
2191 3535 2347 3590 sum?
2369 3531 2562 3590 Nonne
2581 3531 2763 3586 coelum
2787 3537 2837 3586 et
2859 3539 3052 3584 terram
3077 3544 3169 3600 ego
3190 3527 3376 3598 impleo
3411 3525 3624 3598 (Jsrem.

2039 3640 2190 3692 una,
2219 3624 2312 3695 25)
2332 3625 2355 3676 ?
2373 3621 2478 3690 Qui
2519 3621 2708 3692 implet
2738 3621 2917 3676 omnia
2935 3658 2953 3686 ,
2984 3618 3130 3674 videt
3157 3617 3357 3674 omnia.
3384 3614 3450 3669 Et
3477 3616 3530 3670 in
3558 3630 3626 3672 eo

2039 3715 2428 3780 demonstravit
2469 3713 2596 3781 quid
2641 3713 2741 3776 sit,
2792 3709 2968 3768 videbo
3014 3725 3164 3775 cuin,
3196 3707 3341 3778 quod
3380 3705 3626 3776 adiunxit

2039 3807 2267 3865 dicens:
2317 3804 2514 3860 Cretum
2555 3813 2604 3858 et
2643 3811 2836 3858 terram
2875 3817 2970 3873 ego
3007 3801 3226 3871 impleo;
3260 3813 3434 3868 neque
3477 3798 3623 3851 enim

2039 3914 2196 3956 more
2239 3896 2508 3967 corporali
2532 3895 2716 3952 videre
2744 3893 3044 3948 credendus
3064 3899 3148 3946 est
3180 3891 3340 3955 Deus,
3366 3897 3624 3967 tanquam

2040 3990 2165 4046 alibi
2193 3989 2263 4044 sit
2289 3965 2405 4056 ipse
2432 4000 2554 4042 cum
2582 3984 2746 4046 videt,
2765 3991 2816 4038 et
2840 3982 2967 4037 alibi
2994 3979 3140 4052 quod
3164 3979 3331 4034 videt.
3357 3965 3624 4046 Quidquid

2039 4079 2182 4140 enim
2212 4076 2378 4143 videt,
2406 4090 2512 4130 non
2534 4083 2688 4138 extra
2714 4088 2774 4130 se
2791 4072 2958 4137 videt,
2993 4071 3117 4148 quia
3147 4070 3262 4142 ipse
3291 4067 3477 4140 implet
3503 4067 3622 4122 uni-

2037 4188 2196 4232 versa
2241 4185 2363 4242 quae
2398 4168 2562 4230 videt.
2594 4166 2727 4230 Nam
2775 4165 3036 4236 scriptum
3086 4171 3170 4220 est
3208 4179 3222 4216 :
3270 4158 3528 4225 Quoniam
3569 4159 3624 4214 in

2038 4264 2178 4326 omni
2206 4262 2318 4316 loco
2339 4258 2475 4316 oculi
2502 4256 2601 4314 Dei
2628 4256 2962 4328 speculantur
2989 4252 3149 4312 bonos
3176 4260 3224 4307 et
3247 4249 3410 4308 ntalos
3441 4248 3622 4318 (Prov.

2038 4352 2227 4424 xv,5).
2277 4349 2342 4416 Et
2382 4348 2491 4410 alio
2530 4346 2694 4406 loco:
2741 4343 2892 4408 Oculi
2920 4341 3135 4406 Domini
3174 4356 3328 4411 super
3345 4341 3548 4412 justas,
3577 4347 3628 4393 et

2038 4461 2188 4499 aures
2207 4443 2318 4513 ejus
2333 4439 2401 4494 ad
2427 4455 2602 4510 preces
2623 4454 2822 4502 eorum,
2846 4435 3014 4495 vultus
3035 4441 3208 4494 autem
3236 4430 3448 4496 Domini
3474 4446 3623 4502 super

2035 4538 2282 4610 facientes
2307 4532 2449 4595 male
2475 4529 2647 4603 (Psal.
2672 4543 2858 4595 xxxiii,
2886 4526 2995 4595 l6).

345 4647 536 4695 natum
559 4634 825 4692 asserunt,
855 4623 980 4693 quia
1023 4623 1154 4678 dicit
1177 4620 1505 4689 evangelista
1533 4637 1546 4673 :
1573 4618 1640 4674 In
1666 4620 1924 4690 principio
1955 4618 1998 4631 "
2027 4649 2208 4706 Cum.
2245 4659 2356 4700 Vl“.
2401 4641 2670 4710 Quomodo
2707 4637 3041 4710 {Mem-9mm,
3081 4638 3148 4692 ³η
3186 4634 3374 4689 dim-me
3422 4640 3623 4686 natura

344 4739 459 4783 erat
499 4721 736 4782 Verbum,
768 4724 824 4770 et
847 4729 952 4768 non
990 4713 1141 4780 dicit,
1171 4719 1296 4766 ante
1316 4711 1636 4782 principium
1657 4718 1776 4766 erat
1799 4710 1931 4766 Ver-

346 4809 510 4880 bum;
541 4811 630 4872 isti
674 4806 766 4877 qui
800 4805 980 4859 locum
1012 4811 1136 4856 ante
1161 4801 1393 4856 Verbum
1442 4801 1610 4857 fuisse
1658 4809 1922 4867 asserunt,

346 4918 474 4965 ante
501 4899 821 4975 principium
855 4908 1070 4963 quoque
1098 4891 1262 4946 fuisse
1283 4907 1502 4947 necesse
1522 4900 1606 4946 est
1627 4891 1924 4957 fateantur;

347 4995 605 5066 quoniam
652 4989 702 5044 id
743 4984 892 5056 quod
933 4982 1100 5037 fuisse
1136 4989 1324 5051 putant
1367 4989 1493 5034 ante
1513 4980 1774 5048 1Verbum,
1823 4980 1929 5036 hoc

348 5085 660 5142 existimant
688 5093 792 5133 non
823 5074 1070 5130 habuisse
1109 5072 1447 5143 principium.
1479 5072 1537 5125 Si
1566 5079 1747 5125 autem
1776 5073 1926 5142 prin-

349 5175 543 5244 cipium
584 5184 692 5224 non
726 5164 914 5220 habuit
944 5164 1120 5226 locus,
1146 5163 1262 5231 ipse
1289 5169 1371 5215 est
1415 5162 1744 5230 sempiterno
1781 5159 1927 5216 Patri

349 5272 461 5317 sine
488 5259 652 5316 dubio
671 5263 986 5312 (ξοπιες-ειυς.
1023 5251 1090 5305 Ει
1118 5250 1371 5320 quoniam
1424 5251 1808 5319 sempiternum
1850 5252 1928 5306 di.

348 5365 490 5408 sure
533 5367 642 5407 non
672 5355 850 5421 potest
877 5347 1226 5415 sempiterno,
1257 5344 1378 5399 talis
1407 5344 1547 5400 hanc
1587 5344 1921 5414 impietatem

349 5451 584 5518 profecto
613 5457 638 5485 ο
661 5442 1005 5512 consequitur
1042 5437 1381 5509 absurdius,
1412 5446 1470 5496 ut
1493 5448 1585 5492 aut
1605 5437 1796 5493 localis
1820 5453 1922 5508 pu-

2687 4711 2966 4782 ubiquitas.
3536 4760 3542 4766 _

2103 4809 2208 4866 Ubi
2231 4823 2338 4863 non
2363 4801 2748 4876 pmtereundae
2774 4801 2930 4856 locus
2951 4798 3192 4856 nascitur-
3204 4795 3538 4866 qmtionis,
3570 4793 3624 4848 in

2030 4916 2100 4958 eo
2117 4897 2263 4970 quod
2289 4895 2548 4951 Salomon
2569 4892 2700 4946 dicit
2729 4907 2743 4943 :
2777 4888 2846 4943 In
2861 4889 3004 4945 omni
3023 4888 3136 4942 loco
3157 4888 3298 4943 oeuli
3318 4885 3416 4940 Dei
3445 4899 3622 4952 specu-

2031 4991 2211 5046 lautur
2229 4987 2388 5042 bonos
2413 4993 2466 5038 et
2495 4982 2684 5037 malos.
2717 4979 2784 5036 Et
2822 4995 3007 5035 rursus
3055 4979 3325 5049 propheta
3377 4975 3507 5030 dicit
3557 4973 3622 5028 ad

2033 5081 2319 5137 Dominum
2350 5096 2364 5131 :
2389 5075 2618 5131 luridus
2653 5081 2731 5128 est
2767 5073 2947 5128 oculus
2975 5082 3122 5140 tuus,
3148 5088 3214 5126 ne
3238 5069 3408 5124 uideat
3431 5068 3622 5122 malum

2035 5169 2264 5241 (llatae.
2291 5183 2329 5235 ι,
2376 5166 2487 5237 l5).
2530 5164 2877 5221 letueudum
2913 5172 2996 5220 est
3040 5163 3186 5220 enim
3213 5175 3284 5216 ne
3313 5160 3399 5214 hic
3419 5158 3510 5227 qui
3542 5158 3622 5211 di-

2031 5262 2174 5318 citur
2213 5275 2280 5316 ea
2323 5259 2508 5315 videre
2533 5273 2654 5328 qum
2673 5256 2872 5312 dicitur
2889 5255 3115 5326 implere
3135 5294 3152 5318 ,
3179 5258 3400 5322 putetur
3429 5250 3622 5305 alicubi

2031 5366 2140 5406 non
2165 5365 2308 5416 esse,
2341 5365 2465 5406 eum
2493 5348 2688 5404 dicitur
2709 5346 2910 5418 aliquid
2955 5359 3064 5400 non
3117 5341 3334 5407 videre;
3363 5341 3621 5410 quoniam

2028 5459 2139 5498 nou
2166 5443 2363 5512 ubique
2389 5440 2814 5498 substantialiter
2853 5446 2955 5503 est,
2985 5437 3031 5491 si
3077 5433 3164 5490 vel
3216 5433 3272 5488 in
3317 5433 3475 5488 malis
3514 5447 3621 5488 non

350 5549 484 5595 letltr
501 5543 766 5607 Dcus,aut
783 5535 935 5592 locus
952 5534 1059 5590 hoc
1079 5530 1332 5588 credatur
1347 5529 1624 5601 essequod
1636 5528 1799 5598 Deus,
1825 5541 1919 5589 aut
2027 5543 2130 5592 est.
2162 5533 2270 5592 Sed
2297 5535 2351 5590 in
2371 5533 2567 5590 divinis
2594 5529 2952 5592 semei-tibus,
2973 5527 3024 5583 si
3075 5533 3326 5584 teneatis:
3347 5522 3621 5583 humilitas

373 5743 376 5746 ι
411 5711 440 5745 β
468 5700 655 5763 Hasil.,
675 5706 729 5753 et
755 5692 1034 5768 pupillus}.

417 5769 442 5808 δ
469 5771 650 5835 Basil.,
683 5765 785 5824 non
806 5765 1040 5838 potuerit.

419 5853 438 5883 ε
463 5841 570 5900 Ms.
593 5839 782 5909 Corb.,
806 5836 950 5910 Quid
967 5838 1034 5896 si.

2102 5689 2128 5728 ἀ
2159 5691 2286 5750 Mss.
2317 5692 2480 5748 Corb.
2513 5699 2568 5745 et
2590 5689 2749 5750 Vict.,
2781 5693 3160 5746 commemoret.

2105 5772 2127 5801 ο
2150 5762 2248 5819 Ms.
2275 5762 2461 5827 Corb.,
2488 5767 2840 5848 consequetur.
