4068 6492
445 417 548 473 2ἴ5

1660 411 1716 467 S.
1757 405 2118 466 FULGENTII
2157 403 2522 467 RUSPENSIS

3608 417 3749 473 258

445 535 640 601 cordis,
667 534 809 588 nulla
857 531 1158 603 reperietur
1200 507 1558 600 repugnantia
1605 524 1863 580 veritatis.
1892 524 2031 590 Quo.
2058 528 2106 587 Α
2132 541 2251 578 rens
2291 542 2486 596 quoque
2531 527 2704 579 omnia
2757 525 2904 580 uerbo
2958 527 3158 581 uirtutis
3205 543 3312 582 sua:
3349 528 3532 602 (Hebr.
3557 547 3602 599 ι,
3645 533 3746 599 '5).

444 624 729 680 dammodo
783 636 910 692 ergo
950 623 1098 677 videt
1144 622 1323 676 omnia
1366 620 1524 684 Deus,
1558 626 1614 673 et
1638 617 2035 686 quodammodo

445 716 686 785 qumdam
714 731 823 770 non
847 715 992 770 videt
1020 714 1160 768 Deus
1181 754 1195 779 ,
1227 713 1365 768 sicut
1393 708 1788 780 quodaminodo
1838 708 2038 777 ubique

447 817 591 864 totus
611 815 691 861 est
712 847 728 873 ,
753 816 808 862 et
840 805 1240 877 quodammodo
1270 803 1461 859 alicubi
1492 817 1598 856 non
1622 810 1705 856 est
1735 819 1747 854 :
1775 817 1881 855 non
1910 800 2036 869 quia

446 897 866 952 substantialiter
909 896 1106 952 alicubi
1151 894 1301 950 deest
1347 891 1437 965 [de
1480 907 1586 961 quo
1632 890 1892 960 scriptum
1923 897 2034 955 est,

449 982 638 1039 Omnia
667 1002 759 1055 per
801 986 969 1055 ipsum
996 993 1045 1038 et
1081 979 1135 1038 in
1187 983 1298 1053 ipso
1345 990 1521 1056 creata
1569 989 1707 1046 sunt,
1739 989 1788 1034 et
1827 980 1937 1051 ipse
1963 986 2040 1034 est

447 1085 569 1129 ante
596 1093 791 1138 omnes,
823 1084 870 1129 et
904 1077 1079 1130 omnia
1102 1075 1155 1127 in
1191 1073 1304 1143 ipso
1334 1080 1571 1127 constant
1594 1069 1812 1141 (Coloss.
1841 1086 1878 1136 1,
1911 1068 2036 1140 16);

447 1170 645 1238 quique
692 1168 984 1223 secundum
1033 1166 1409 1237 propheticum
1457 1165 1678 1230 dictum,
1712 1162 1926 1217 Mensas
1961 1172 2039 1218 est

449 1276 603 1312 manu
637 1275 858 1330 aquam,
902 1267 950 1311 et
986 1257 1167 1311 caelum
1205 1257 1401 1328 palmo,
1439 1266 1488 1310 et
1525 1257 1817 1309 universam
1852 1263 2040 1308 terram

447 1351 625 1404 clausa
661 1367 817 1402 manu
868 1348 1021 1419 (Isai.
1050 1365 1142 1417 XL,
1171 1346 1316 1418 12)],
1356 1347 1451 1402 sed
1479 1347 1604 1416 quia
1635 1362 1742 1400 non
1792 1345 2042 1400 omnibus

447 1439 723 1509 aequaliter
751 1438 905 1492 adest
936 1456 948 1490 :
982 1438 1182 1507 ubique
1211 1437 1354 1492 enim
1383 1435 1536 1491 adest
1580 1451 1678 1506 per
1715 1434 2038 1504 potentiam,

448 1547 554 1585 non
583 1529 778 1597 ubique
800 1544 896 1598 per
932 1529 1158 1598 gratiam
1185 1545 1198 1580 :
1230 1542 1328 1597 per
1367 1527 1687 1597 potentiam,
1715 1541 1822 1594 qua
1851 1534 2042 1581 cuncta

446 1619 586 1674 Deus
607 1620 793 1688 implet
813 1627 867 1672 et
887 1618 1144 1685 continet,
1169 1632 1268 1688 per
1303 1618 1471 1686 ipsam
1519 1617 1667 1671 videt
1708 1616 1919 1682 omnia;
1948 1631 2046 1684 per

2136 613 2277 669 Ecce
2300 623 2356 668 et
2377 615 2632 684 splendor
2659 630 2776 670 esse
2805 615 2988 683 Filius,
3021 625 3075 671 et
3105 618 3284 671 omnia
3312 632 3508 686 gerere
3529 622 3750 692 perhi-

2137 705 2314 759 betur.
2343 703 2400 760 Si
2421 705 2540 774 quis
2566 719 2694 774 ergo
2725 704 2939 762 Patrem
2967 714 3128 776 putat
3142 707 3460 763 immensum
3481 751 3495 776 ,
3522 709 3752 765 Filium

2137 810 2268 850 vero
2304 797 2603 867 quantitate
2650 797 2820 852 credit
2863 798 3039 869 aliqua
3096 801 3457 868 terminatum,
3489 802 3752 858 demon-

2138 895 2276 942 stret
2297 888 2452 943 nobis
2479 889 2710 958 qualiter
2753 889 2846 944 lux
2875 899 2932 944 et
2977 890 3231 960 splendor
3257 891 3482 950 diversa:
3509 895 3756 964 possint

2140 995 2260 1036 esse
2287 981 2616 1048 substantiae,
2653 997 2775 1037 cum
2821 997 2924 1038 nec
2943 981 3339 1038 confundantur
3359 985 3593 1050 nomine,
3623 1000 3754 1042 nec

2140 1079 2490 1140 segregantur
2543 1087 2762 1144 genere,
2795 1088 2895 1128 nec
2923 1071 3150 1143 alterum
3192 1073 3259 1128 ab
3300 1073 3473 1130 altero
3509 1073 3754 1130 dillerat

2141 1164 2462 1232 quantitate.
2494 1163 2628 1218 Nam
2655 1164 2788 1218 lucis
2812 1171 2865 1218 et
2887 1163 3190 1234 splendoris
3216 1179 3325 1219 non
3349 1174 3474 1220 sunt
3500 1164 3753 1223 confusa

2142 1253 2382 1322 nomina,
2409 1253 2504 1307 sed
2533 1253 2665 1310 lucis
2685 1261 2742 1309 et
2759 1253 3061 1324 splendoris
3100 1269 3208 1309 non
3245 1261 3328 1309 est
3371 1255 3602 1311 discreta
3628 1272 3754 1310 na-

2143 1353 2284 1400 tura.
2313 1344 2518 1400 Rursus
2552 1346 2658 1401 lucl
2695 1346 2950 1417 splendor
2988 1348 3068 1403 sic
3097 1346 3399 1403 individuus
3444 1348 3650 1414 unitur,
3683 1356 3754 1410 ut

2145 1440 2214 1494 ab
2234 1455 2298 1494 ea
2325 1441 2628 1495 nullatenus
2654 1449 2955 1510 separetur,
2989 1448 3305 1509 tantumque
3337 1440 3428 1494 lux
3460 1441 3514 1494 in
3545 1455 3603 1495 se
3632 1441 3752 1495 ha-

2143 1529 2236 1585 bet
2256 1529 2618 1600 splendorem,
2649 1539 2901 1600 quantam
2922 1531 2976 1585 in
3013 1546 3074 1586 se
3102 1530 3355 1601 splendor
3382 1531 3623 1586 continet
3648 1529 3753 1586 lu-

2144 1633 2291 1679 cem:
2321 1635 2422 1676 nec
2449 1619 2539 1674 lux
2564 1630 2621 1675 ut
2639 1621 2832 1688 luceat,
2867 1621 3152 1692 splendore
3175 1630 3353 1693 potest
3379 1621 3597 1693 privari,
3627 1635 3752 1677 nec

445 1713 670 1782 gratiam
685 1728 815 1767 vero
832 1712 960 1766 illud
988 1712 1172 1766 videre
1199 1709 1395 1765 dicitur
1416 1709 1561 1778 quod
1591 1709 1705 1779 ipse
1733 1708 1973 1777 largitur,
1991 1715 2046 1763 et
2147 1710 2400 1798 splendor
2413 1720 2472 1766 ut
2492 1713 2792 1783 splendeat,
2816 1713 2933 1770 luce
2959 1722 3141 1784 potest
3167 1712 3454 1784 aliquando
3475 1713 3751 1781 destitui;

445 1803 592 1872 quod
618 1803 671 1857 in
691 1803 804 1857 suis
827 1801 1074 1856 fidelibus
1100 1808 1354 1871 operatur
1384 1817 1396 1852 :
1441 1799 1580 1854 Vidit
1609 1799 1751 1854 enim
1773 1798 1913 1853 Deus
1935 1815 2046 1853 om-
2147 1801 2241 1854 sed
2269 1816 2603 1872 quaecunque
2651 1803 2743 1858 lus
2796 1803 3052 1876 complet,
3092 1802 3314 1873 aequalis
3349 1803 3404 1858 in
3441 1804 3752 1873 splendore

445 1895 535 1948 uia
565 1909 680 1965 qua:
707 1894 861 1964 fecit,
885 1900 935 1946 et
975 1908 1092 1946 ecce
1120 1889 1255 1945 bona
1274 1890 1427 1944 valde
1456 1887 1608 1960 (Gen.
1639 1906 1680 1958 ι,
1709 1889 1822 1959 51).
1853 1888 1929 1944 Ac
1950 1903 2047 1958 per
2074 1905 2121 1967 Β
2147 1906 2490 1961 permanens,
2521 1892 2709 1948 eadem
2733 1901 2787 1948 et
2812 1893 3065 1964 splendor
3089 1893 3345 1964 complet,
3369 1893 3424 1948 in
3452 1895 3571 1950 luce
3593 1896 3753 1966 paris

447 1985 573 2051 hoc,
601 1993 658 2040 et
693 1985 784 2040 ubi
813 1983 1058 2054 quaedam
1086 1997 1194 2036 non
1244 1980 1410 2048 videt,
1443 1987 1500 2033 ut
1540 1979 1760 2046 tribuat,
1795 1979 1943 2033 videt
1980 1985 2040 2033 ut

448 2075 740 2141 retribuat;
771 2074 850 2128 sic
878 2074 1043 2128 etiam
1071 2071 1218 2124 videt
1246 2071 1445 2123 malum
1467 2110 1481 2135 ,
1511 2077 1566 2123 et
1603 2084 1709 2124 non
1739 2068 1885 2122 videt
1927 2083 2042 2122 ma-

449 2163 579 2230 lum,
602 2165 728 2234 quia
762 2163 908 2234 quod
932 2177 1041 2217 non
1059 2161 1207 2215 videt
1234 2168 1293 2215 ut
1313 2159 1524 2230 probet,
1554 2159 1702 2214 videt
1731 2166 1790 2213 ut
1811 2157 2037 2227 iudicet,

449 2263 505 2310 et
531 2255 678 2324 quod
705 2270 814 2310 non
843 2253 991 2309 videt
1009 2267 1108 2323 per
1126 2250 1351 2321 gratiam
1383 2265 1535 2304 suam
1550 2249 1826 2316 donatum,
1849 2249 1996 2304 videt
2013 2263 2046 2304 a

450 2355 711 2418 peccante
739 2363 837 2419 per
859 2345 1125 2418 justitiam
1150 2346 1262 2417 98
1287 2342 1609 2412 exigendum
1638 2360 1652 2396 :
1685 2342 1960 2411 quoniam,
1990 2349 2048 2398 et

451 2439 543 2496 ubi
593 2456 702 2496 non
749 2440 903 2496 adest
939 2437 1271 2509 justiﬁcandi
1325 2437 1567 2505 largitas,
1595 2451 1703 2491 non
1731 2434 1882 2490 deest
1903 2434 2047 2505 judi-

452 2529 611 2586 candi
638 2531 920 2598 severitas,
948 2529 1109 2585 beato
1141 2527 1312 2582 Paulo
1339 2527 1552 2583 dicente
1582 2544 1595 2580 :
1637 2525 1766 2579 Vide
1807 2542 1926 2597 ergo
1952 2525 2046 2581 bo-

453 2625 670 2680 nitatem
695 2635 745 2680 et
771 2626 1091 2680 seueritatem
1115 2621 1213 2676 Dei
1237 2639 1252 2676 :
1275 2622 1332 2676 in
1377 2637 1465 2676 eos
1494 2620 1700 2691 quidem
1735 2621 1822 2691 qui
1852 2619 2047 2674 cecide-

453 2727 608 2785 runt,
634 2718 992 2782 severitatem;
1023 2717 1077 2769 in
1107 2725 1157 2768 te
1185 2721 1356 2768 autem
1384 2713 1669 2767 bonitatem
1690 2752 1706 2778 ,
1735 2713 1781 2767 si
1805 2728 2050 2782 perman-

456 2811 585 2864 seris
613 2810 669 2864 in
690 2808 915 2863 bonitate
932 2805 1108 2877 (Rom.
1127 2821 1200 2869 ιι,
1232 2802 1345 2875 22).
1371 2802 1501 2870 Quae
1523 2819 1645 2858 cum
1669 2803 1743 2857 ita
1763 2802 1888 2868 sint,
1912 2816 2049 2870 quo-

455 2898 620 2954 modo
671 2907 852 2970 potest
888 2894 1319 2952 substantialiter
1341 2892 1536 2948 alicubi
1558 2891 1772 2958 deesse,
1802 2906 1925 2946 cum
1954 2891 2048 2945 lux

455 2990 620 3044 etiam
641 2990 696 3044 in
723 2989 958 3044 tenebris
983 2988 1182 3055 luceat,
1209 2987 1338 3041 licet
1359 2986 1597 3040 tenebras
1624 3000 1744 3040 eam
1776 2998 1884 3039 non
1908 2998 2051 3038 com-

456 3081 791 3150 prebendant
817 3079 996 3152 (Joan.
1023 3095 1060 3146 ι,
1086 3076 1169 3150 5)?
1194 3085 1286 3132 aut
1323 3075 1595 3146 quomodo
1643 3083 1822 3145 potest
1848 3071 2049 3141 aliquid

456 3171 878 3226 substantialiter
904 3185 1012 3224 non
1042 3168 1250 3235 videre,
1277 3165 1346 3220 de
1368 3181 1478 3236 quo
1501 3164 1690 3220 beatus
1714 3161 1911 3216 Paulus
1931 3163 2048 3214 evi-

2145 1988 2228 2035 ter
2251 1983 2473 2052 aequalis
2495 1985 2751 2039 existens.
2776 1982 3040 2050 Quocirca
3060 1985 3106 2040 si
3127 1985 3292 2040 etiam
3309 1985 3401 2040 lux
3421 1986 3511 2040 illa
3529 1995 3751 2046 interna

2143 2087 2245 2128 nec
2271 2072 2387 2129 sine
2407 2089 2505 2129 suo
2531 2076 2709 2144 potuit
2733 2074 3020 2144 splendore
3039 2090 3182 2145 esse,
3203 2090 3306 2132 nec
3331 2074 3525 2145 eodem
3552 2086 3751 2147 potest

2144 2177 2332 2218 carere
2365 2181 2377 2216 :
2404 2173 2799 2234 consequenter
2842 2173 2936 2220 aut
2972 2164 3120 2220 Patri
3138 2165 3384 2237 Filioque
3412 2184 3554 2222 unus
3579 2168 3748 2223 dabi-

2147 2262 2234 2310 tur
2261 2256 2536 2325 qualitatis
2562 2258 2984 2329 quantitatisque
3023 2258 3302 2325 terminus,
3331 2268 3425 2314 aut
3455 2260 3748 2330 aequaliter

2146 2357 2372 2418 uterque
2417 2365 2639 2406 necesse
2681 2359 2764 2406 est
2790 2351 3112 2422 praedicetur
3135 2353 3427 2408 immensus
3457 2370 3470 2406 :
3501 2361 3748 2422 quantus

2147 2450 2230 2495 est
2277 2441 2421 2496 enim
2473 2441 2727 2512 splendor
2777 2441 2920 2496 illius
2970 2442 3124 2511 lucis,
3159 2449 3362 2496 tantam
3401 2455 3624 2497 necesse
3652 2449 3746 2497 est

2148 2534 2320 2589 lucem
2349 2534 2649 2605 splendoris
2669 2537 2777 2607 99
2804 2535 2946 2591 illius
2972 2533 3217 2601 fatearis;
3263 2535 3519 2604 quoniam
3558 2535 3744 2592 lucem

2149 2630 2227 2684 sic
2252 2637 2430 2698 aequat
2465 2644 2593 2684 suus
2615 2629 2670 2683 in
2711 2628 2961 2684 omnibus
2987 2627 3262 2699 splendor,
3294 2636 3354 2683 ut
3379 2639 3400 2668 ε
3435 2643 3536 2685 nec
3561 2628 3744 2699 major

2150 2719 2223 2773 ibi
2250 2720 2421 2790 possit
2448 2735 2590 2797 esse,
2621 2736 2722 2777 nec
2745 2721 2941 2778 minor.

2151 2853 2330 2910 CAPUT
2361 2871 2416 2909 ι.
2458 2853 2584 2910 Non
2610 2856 2873 2911 descendit
2900 2855 3070 2911 Filius
3100 2857 3164 2910 de
3187 2857 3311 2912 calo
3340 2857 3592 2912 localiter.
3621 2855 3745 2914 Ρα-

2224 2935 2313 2998 ter_
2326 2942 2521 2998 quoque
2549 2927 2607 2998 in
2619 2925 2914 2998 rScripturis
2936 2926 3243 2982 descendere
3267 2937 3317 2982 et
3336 2929 3507 2983 venire
3525 2928 3742 2998 dicitur,

2223 2995 2313 3048 sed
2340 2995 2448 3049 non
2472 2995 2725 3050 localiter.
2751 2995 2760 2998 ⁷
3568 3024 3574 3030 ~

2222 3104 2446 3160 Multum
2483 3119 2615 3160 vero
2655 3103 2913 3159 miramur
2951 3104 3083 3161 istos
3126 3105 3218 3177 qui
3256 3106 3311 3162 in
3349 3083 3748 3168 contumeliam.

2152 3193 2274 3250 Filii
2303 3195 2400 3249 Dei
2429 3194 2774 3264 conspirant,
2802 3196 3130 3250 aestimantes
3153 3212 3275 3252 eum
3304 3198 3594 3253 secundum
3621 3198 3740 3256 dei-

456 3262 768 3318 dentissinie
823 3268 1177 3332 protestatur,
1204 3260 1388 3354 dicens
1442 3275 1455 3310 :
1505 3255 1662 3354 Vicus
1680 3265 1758 3354 est
1783 3256 1922 3354 enim
2077 3270 2122 3332 ρ
2154 3287 2280 3342 talis
2307 3252 2661 3341 substantiam
2686 3327 2704 3354 ν
2746 3252 2838 3339 ἐω
2857 3286 2925 3340 ad
2947 3286 3123 3341 locum
3156 3287 3225 3342 de
3247 3252 3550 3344 locormm’u
3575 3252 3740 3350 106;“

456 3371 644 3418 sermo,
677 3365 725 3407 et
745 3355 946 3425 efﬁcax,
976 3361 1025 3406 et
1051 3349 1420 3421 penetrabilior
1448 3349 1589 3403 omni
1609 3348 1784 3418 gladio
1805 3347 2051 3416 ancipiti;

457 3456 506 3501 et
533 3447 825 3516 pertingens
853 3460 1011 3516 usque
1039 3443 1106 3495 ad
1141 3441 1443 3495 divisionem
1487 3441 1678 3493 anima:
1718 3455 1778 3492 ac
1818 3439 2048 3509 spiritus,

458 3544 760 3607 compagum
788 3551 984 3607 quoque
1017 3543 1066 3588 et
1093 3533 1464 3598 medullarum,
1490 3541 1539 3584 et
1578 3531 1830 3585 discretor
1849 3533 2052 3602 cogita-

459 3629 655 3683 tionum
677 3637 726 3681 et
745 3627 1088 3680 intentionum
1117 3624 1309 3679 cordis.
1334 3622 1404 3676 Et
1443 3639 1544 3678 non
1574 3632 1650 3677 est
1678 3624 1786 3676 ulla
1814 3631 2051 3677 creatura

459 3720 728 3774 invisibilis
770 3720 824 3772 in
873 3727 1148 3789 conspectu
1185 3718 1297 3789 ejus
1342 3733 1360 3771 :
1404 3718 1579 3771 omnia
1611 3726 1782 3770 autem
1823 3717 1964 3770 nuda
2003 3724 2054 3770 et

460 3821 639 3881 aperta
666 3820 786 3864 sunt
807 3811 966 3865 oculis
995 3810 1107 3880 ejus
1136 3819 1163 3847 λ
1189 3807 1378 3880 (Ilebr.
1400 3825 1471 3875 iv,
1505 3806 1621 3878 12)?
1636 3806 1746 3864 Nec
1773 3809 1882 3874 hic,
1915 3807 2055 3864 sicut

459 3901 703 3971 superius
723 3901 973 3969 diximus,
1005 3901 1111 3956 ulla
1133 3899 1294 3956 debet
1318 3914 1596 3970 corporeae
1620 3899 1842 3955 visionis
1868 3900 2052 3957 subin-

460 4003 604 4051 trare
638 3995 894 4066 suspicio,
927 4003 1186 4065 tanquam
1226 3993 1323 4050 Dei
1370 3992 1538 4049 Filius
1579 3993 1632 4047 in
1680 3993 1820 4050 caelo
1866 3994 1954 4060 sit,
1997 4002 2055 4051 et

459 4088 652 4144 exinde
680 4097 870 4144 cuncta
895 4087 1092 4156 videat,
1125 4088 1215 4143 ubi
1241 4103 1349 4144 non
1379 4087 1480 4153 sit;
1513 4086 1618 4141 hoc
1644 4095 1728 4141 est
1755 4087 1901 4142 enim
1931 4086 2046 4143 Deo

460 4179 641 4233 videre
664 4178 806 4249 quod
827 4193 965 4243 esse,
992 4187 1048 4233 et
1065 4186 1323 4248 quantam
1339 4179 1573 4232 insinuat
1595 4178 1855 4233 visionem
1875 4193 2048 4242 suam,

463 4278 668 4324 tantam
718 4268 834 4323 vult
881 4268 1027 4323 credi
1056 4268 1411 4323 substantiam
1433 4282 1605 4332 suam,
1633 4275 1690 4320 ut
1731 4283 1854 4322 cum
1892 4265 1919 4304 ι’
1951 4282 2050 4321 au-

461 4362 638 4418 dimus
667 4361 845 4416 omnia
879 4359 1022 4414 nuda
1049 4366 1104 4415 et
1123 4365 1311 4430 aperta
1340 4373 1460 4414 esse
1482 4357 1652 4414 oculis
1680 4357 1816 4427 ejus,
1845 4357 2052 4412 nullum

462 4455 748 4511 terminum
775 4460 1021 4525 putemus
1049 4451 1362 4507 substantiae
1387 4451 1522 4520 ejus.
1938 4457 1944 4463 '

461 4543 643 4602 CAPUT
683 4561 757 4601 Ix.
799 4541 949 4610 Quod
976 4543 1210 4613 inﬁnitas
1250 4541 1390 4626 Filio
1445 4558 1586 4614 atque
1624 4557 1685 4595 ac
1733 4539 1884 4596 Patri
1905 4558 2050 4614 ⁶ωηο-

536 4685 795 4743 Utautem
815 4684 972 4741 unius
988 4621 1406 4740 inﬁnitgfi'xiim
1425 4683 1587 4739 Patre
1599 4681 1764 4738 Filius
1785 4689 2054 4739 monstra-

463 4786 634 4846 retur,
660 4785 847 4832 sancta
874 4774 1151 4847 Scriptura
1171 4775 1376 4830 curavit
1417 4774 1486 4831 de
1509 4773 1785 4845 Sapientia
1825 4773 2006 4838 dicere
2036 4792 2050 4829 :

464 4869 723 4943 Splendor
750 4877 829 4924 est
854 4871 992 4924 enim
1019 4868 1147 4924 lucis
1187 4875 1416 4935 interius,
1443 4877 1493 4922 et
1512 4867 1774 4938 speculum
1800 4869 1914 4922 sine
1937 4883 2055 4922 ma-

464 4965 581 5019 cula
628 4962 725 5017 Dei
772 4963 1078 5036 majestatis,
1110 4970 1159 5017 et
1188 4962 1378 5033 imago
1419 4960 1663 5016 bonitatis
1708 4961 1849 5015 illius
1892 4959 2048 5030 (Sap.

466 5072 560 5124 vn,
584 5053 770 5127 26)..In
791 5055 896 5110 hoc
909 5053 1217 5109 testimonio
1239 5053 1565 5112 etnaturalis
1582 5053 1777 5118 unitas,
1797 5060 2055 5121 etperso-

467 5165 657 5204 narum
686 5147 1017 5218 proprietas,
1046 5154 1102 5201 et
1140 5144 1462 5215 aequalitatis
1507 5144 1840 5201 immensitas
1886 5141 2064 5198 Patris

468 5239 693 5308 Filiique
725 5245 1074 5296 monstratur.
1105 5235 1320 5291 Patrem
1367 5250 1600 5304 namque
1647 5235 1840 5300 lucem,
1858 5231 2060 5287 'Filium

469 5348 598 5386 vero
623 5331 964 5401 splendorem
1009 5331 1112 5386 hoc
1158 5328 1213 5383 in
1249 5328 1371 5382 loco
1409 5327 1586 5382 nullus
1629 5326 1852 5394 ambigit
1873 5323 2062 5393 appel-

467 5425 586 5480 lari.
623 5423 699 5478 De
743 5440 852 5492 quo
900 5425 1061 5480 etiam
1111 5421 1405 5494 apostolica
1434 5419 1562 5474 dicit
1589 5419 1884 5473 auctoritas
1917 5434 1930 5470 :
1961 5413 2064 5480 Qui

471 5533 587 5577 cum
616 5519 682 5571 sit
701 5504 945 5588 splendor
967 5517 1178 5586 glorior,
1203 5523 1253 5568 et
1279 5514 1449 5586 ﬁgura
1469 5510 1770 5565 substantiae
1795 5509 1908 5580 ejus
1924 5547 1940 5574 ,
1971 5523 2058 5578 θεέ

547 5638 573 5666 ⁸
614 5627 924 5699 llzncverba
961 5627 1028 5679 ad
1045 5643 1197 5699 quem
1229 5623 1374 5680 nobis
1403 5638 1570 5676 sermo
1601 5621 1848 5699 leguntur
1869 5618 1973 5699 llic
2005 5616 2059 5699 in

475 5699 633 5754 unico
661 5697 781 5753 cod.
813 5699 983 5760 edito;
1010 5686 1202 5751 absunt
1225 5703 1403 5748 autem
1425 5709 1452 5746 a
1485 5707 1610 5746 mss.
1635 5689 1797 5746 Corb.
1830 5696 1886 5744 et
1912 5686 2053 5743 Vict.

474 5780 531 5824 et
553 5770 709 5824 editi~
737 5768 954 5832 Colon.,
987 5767 1247 5835 Antuerp.
1279 5774 1334 5821 et
1355 5763 1513 5820 Basil.

549 5841 574 5878 ιι
616 5840 800 5907 Basil.,
829 5840 1119 5892 audiamus.

461 5894 468 5969 ξ
550 5922 572 5952 ε
602 5910 684 5966 Ita
700 5894 802 5965 ins:
823 5909 986 5964 Corb.
1005 5917 1058 5964 ct
1074 5908 1272 5962 Victor.
1291 5915 1344 5962 ct
1359 5906 1688 5965 antiquiores
1704 5903 1832 5960 ctliti
1847 5900 2063 5958 Colon..

2075 4649 2132 4710 D

2156 3380 2405 3446 transire,
2435 3386 2528 3433 aut
2550 3393 2658 3434 non
2684 3393 2841 3448 posse
2862 3377 3019 3432 simul
3047 3379 3228 3434 omnia
3255 3378 3471 3435 deitatis
3497 3396 3607 3436 sua:
3633 3381 3740 3436 im-

2154 3472 2442 3528 mensitate
2473 3470 2746 3542 complere
2771 3488 2785 3537 ;
2816 3471 3104 3539 intanlum,
3135 3479 3192 3525 ut
3215 3486 3338 3526 cum
3362 3487 3486 3527 eum
3512 3471 3740 3530 audiunt

2153 3566 2220 3621 ad
2249 3574 2450 3621 terram
2472 3562 2814 3630 descendere,
2848 3562 3067 3617 credant
3097 3578 3220 3617 eum
3249 3563 3304 3617 in
3324 3563 3460 3618 caelo
3481 3563 3568 3619 vel
3595 3563 3740 3634 apud

2153 3655 2357 3712 inferos
2381 3671 2491 3710 non
2517 3653 2702 3722 fuisse,
2726 3661 2781 3710 et
2809 3653 2875 3707 ad
2902 3652 3168 3708 infernum
3196 3653 3493 3708 secundum
3521 3653 3740 3713 deitatis

2153 3749 2506 3806 substantiam
2533 3748 2607 3803 ita
2634 3745 2975 3802 descendisse
3002 3743 3338 3812 confirment,
3371 3754 3431 3800 ut
3458 3761 3578 3801 eum
3599 3744 3740 3800 coelo

2155 3840 2388 3900 defuisse
2441 3849 2570 3897 tunc
2601 3823 2671 3894 ‘et
2717 3838 2874 3894 terris
2922 3839 3246 3892 existiment.
3299 3836 3580 3902 Quomodo
3629 3851 3739 3894 non

2154 3931 2836 3992 considerant‘secundum
2880 3928 3276 3999 Scripturarum
3307 3926 3529 3984 morem
3554 3971 3572 3998 ,
3629 3945 3738 4000 quo

2154 4027 2502 4099 parvulorum
2540 4021 2836 4079 intellectui
2870 4020 3108 4075 cmlestia
3135 4019 3312 4073 solent
3341 4019 3554 4088 eloquia
3576 4036 3738 4093 coap—

2156 4121 2256 4176 tari
2280 4162 2296 4188 ,
2348 4130 2728 4184 nonnunquam
2757 4114 2813 4166 in
2840 4125 3068 4181 persona
3095 4123 3311 4178 quoque
3339 4106 3515 4164 Patris
3543 4111 3737 4167 similia

2154 4211 2424 4278 reperiri?
2454 4205 2524 4261 Ut
2550 4205 2694 4259 cnim
2721 4202 2809 4257 illa
2829 4199 3080 4268 legalium
3107 4198 3440 4254 voluminum
3463 4199 3578 4254 loca
3601 4216 3737 4268 pne-

2154 4308 2380 4362 teream,
2412 4295 2606 4364 quibus
2630 4291 2857 4346 dicitur:
2889 4287 2959 4342 Et
2989 4287 3251 4342 descendit
3281 4284 3536 4339 Dominus
3564 4287 3736 4340 videre

2154 4394 2411 4448 civitatem
2458 4397 2508 4442 et
2559 4388 2744 4440 turrim
2773 4381 2982 4455 (Cenes.
3005 4397 3062 4437 χι
3085 4422 3101 4448 ,
3132 4379 3185 4451 5)
3211 4423 3225 4447 ,
3270 4388 3522 4449 tanquam
3550 4379 3594 4434 si
3625 4395 3735 4434 non

2155 4483 2530 4548 descenderet,
2560 4497 2670 4537 non
2700 4479 2944 4545 videret;
2972 4491 3095 4533 cum
3123 4475 3370 4546 superius
3395 4473 3737 4530 demonstra-

2155 4578 2393 4634 verimus
2421 4574 2751 4643 Scripturam
2779 4570 2978 4625 dixisse
3002 4586 3014 4622 :
3062 4567 3130 4622 In
3159 4567 3298 4621 omni
3330 4566 3442 4621 loco
3472 4567 3605 4620 oculi
3635 4561 3736 4618 Dei

2157 4668 2490 4738 speculantur
2519 4665 2676 4720 bonos
2705 4671 2752 4718 et
2779 4661 2965 4716 malos.
2997 4659 3065 4714 Et
3085 4660 3200 4730 ipse
3225 4657 3483 4713 Dominus
3511 4656 3579 4710 ad
3608 4671 3749 4726 pro--

2158 4763 2418 4834 phetam:
2464 4757 2579 4829 Ego
2615 4772 2728 4810 sum
2771 4753 3023 4807 Dominus
3061 4750 3203 4805 Deus
3241 4751 3494 4803 universa:
3522 4749 3736 4812 carnis;

2159 4850 2388 4922 nunquid
2417 4868 2449 4904 a
2475 4865 2562 4904 me
2574 4845 2904 4901 absconditur
2931 4842 3171 4914 aliquid?
3208 4839 3316 4896 Sed
3336 4848 3392 4895 et
3415 4839 3562 4904 illud,
3593 4837 3738 4908 quod

2159 4942 2320 5014 paulo
2349 4948 2471 5012 post
2497 4938 2690 4994 dicitur
2714 4956 2726 4990 :
2764 4934 2976 5000 Venite,
3003 4932 3402 4996 descendemus,
3434 4939 3484 4984 et
3519 4932 3738 5001 confun-

2160 5035 2340 5089 damus
2368 5035 2423 5086 in
2442 5032 2547 5086 illis
2577 5030 2781 5099 linguas
2811 5041 2984 5079 eorum
3015 5022 3207 5095 (Ibid.,
3237 5022 3314 5092 7).
3361 5018 3431 5074 Ut
3467 5035 3595 5089 ergo
3626 5019 3737 5074 hare

2165 5127 2378 5183 silentio
2418 5138 2561 5177 nunc
2597 5119 2812 5174 interim
2852 5117 3178 5187 deputentur
3201 5155 3218 5182 ,
3265 5113 3521 5183 quoniam
3561 5112 3736 5166 solent

2165 5221 2281 5275 haec
2309 5219 2334 5254 ἀ
2365 5214 2623 5286 aliquanti
2661 5228 2768 5268 non
2812 5224 2836 5248 υ
2877 5211 3042 5265 totius
3083 5208 3359 5263 Trinitatis
3381 5246 3397 5272 ,
3444 5206 3538 5262 sed
3574 5205 3739 5261 solius

2165 5315 2284 5370 Filii
2313 5312 2568 5382 deputare
2596 5321 2839 5378 persona:
2862 5345 2877 5368 ,
2929 5301 3058 5373 quid
3097 5300 3164 5356 de
3193 5300 3284 5355 illo
3313 5300 3436 5356 loco
3465 5294 3738 5369 Evangelii

2164 5405 2360 5464 dicturi
2389 5410 2534 5469 sunt,
2565 5403 2618 5456 in
2646 5415 2753 5468 quo
2776 5397 2939 5452 Filius
2959 5398 3073 5468 ipse
3094 5394 3402 5466 discipulos,
3432 5392 3739 5461 priusquam

2166 5507 2478 5572 pateretur,
2515 5493 2842 5558 informans,
2875 5491 2987 5545 ait:
3022 5487 3125 5553 Qui
3155 5485 3306 5542 habet
3333 5482 3581 5538 mandata
3603 5494 3738 5543 mea,

2169 5612 2426 5678 Antuerp.
2453 5615 2509 5662 et
2538 5604 2723 5670 Βέλβίίά
2755 5611 2810 5656 at
2830 5602 3157 5678 posteriores
3194 5599 3300 5678 duo
3330 5596 3545 5678 habent,
3567 5601 3622 5645 ut
3649 5607 3739 5678 nec

2165 5681 2333 5752 major
2360 5666 2433 5752 ibi
2454 5667 2620 5752 possit
2648 5666 2759 5752 esse
2787 5666 3071 5739 ullatenus,
3110 5687 3203 5725 nec
3225 5670 3395 5724 minor
3422 5666 3524 5719 dici
3557 5666 3738 5734 possit.

2240 5747 2264 5788 ἆ
2299 5750 2483 5816 Basil.,
2511 5747 2688 5818 aliqui.

2248 5833 2270 5859 θ
2303 5810 2481 5877 Forte"
2498 5810 2710 5883 melius,
2738 5833 2839 5870 non
2872 5816 2963 5871 toti
2991 5813 3237 5869 Trinitati
3269 5852 3284 5880 ,
3317 5810 3424 5878 sed,
3456 5815 3562 5863 etc.
