4120 6494
337 403 436 460 257

1536 398 1628 454 AD
1666 392 2163 454 TRASIMUNDUM
2203 395 2330 452 LIB.
2369 395 2430 452 ll.

3506 403 3614 461 258

339 530 380 576 et
408 527 578 576 servat
605 533 669 574 ea
691 554 707 584 ,
737 517 828 575 ille
849 525 928 573 est
946 517 1034 591 qui
1063 516 1238 590 diligit
1258 531 1382 582 me;
1429 515 1516 587 qui
1545 523 1717 570 autem
1745 515 1918 588 diligit
1944 518 1998 576 Α
2022 513 2189 569 Filius
2235 520 2504 581 movetur,
2553 519 2646 569 aut
2692 513 2947 586 Spiritus.
2987 517 3264 574 Noverunt
3301 518 3380 576 sic
3425 521 3614 578 venire

339 629 433 675 me,
466 610 707 680 diligetur
736 625 768 663 a
797 608 960 662 Patre
984 625 1121 675 meo,
1150 617 1200 661 et
1219 624 1312 678 ego
1334 606 1551 679 diligam
1573 621 1711 674 eum,
1741 616 1791 660 et
1810 623 1924 660 ma-

339 704 593 776 nifestabo
614 703 659 756 ei
685 702 934 771 meipsum
959 699 1140 773 (Ioan.
1179 714 1301 764 xxv,
1333 698 1446 769 21).
1487 697 1730 767 Cumque
1757 696 1923 753 Judas

337 793 628 863 discipulus
658 791 788 863 (non
812 791 1062 860 traditor)
1089 788 1460 861 respondisset
1490 787 1676 844 dicens
1698 805 1711 842 :
1735 787 1923 842 Domi-

337 903 436 951 ne,
486 885 609 956 quid
655 885 849 954 factum
888 891 1003 948 est,
1053 881 1175 953 quia
1210 879 1358 935 nobis
1409 880 1838 950 manifestaturus
1868 894 1924 932 es

337 982 572 1050 teipsum,
603 985 653 1031 et
680 993 783 1030 non
806 974 1000 1029 mundo
1022 973 1049 1027 Ρ
1095 981 1156 1028 ut
1186 971 1498 1028 ostenderet
1525 968 1924 1025 manifestatio-

337 1075 418 1128 nis
441 1070 667 1139 gratiam
690 1068 953 1122 adventus
981 1066 1198 1121 nomine
1220 1061 1614 1126 demonstrari,
1648 1059 1928 1132 respondit

337 1163 508 1227 Iesus,
536 1167 592 1216 et
611 1159 744 1214 dixit
767 1159 816 1214 ei
841 1176 854 1212 :
891 1157 952 1213 Si
971 1157 1084 1229 quis
1113 1156 1284 1227 diligit
1311 1171 1410 1220 me,
1443 1167 1728 1208 sermonem
1757 1167 1927 1206 meum

337 1254 588 1313 servabit,
619 1257 667 1305 et
696 1249 859 1304 Pater
883 1264 1026 1302 meus
1054 1247 1234 1318 diliget
1260 1245 1353 1318 (al.
1386 1242 1578 1315 diligit)
1601 1258 1750 1310 eum,
1780 1250 1830 1296 et
1857 1240 1928 1295 ad

337 1363 449 1399 eum
471 1344 748 1406 veniemus,
765 1350 814 1394 et
833 1343 1156 1394 mansionem
1179 1337 1317 1409 apud
1335 1353 1452 1391 eum
1472 1337 1723 1408 faciemus
1738 1333 1926 1408 (Ibid.,

337 1436 447 1505 25).
479 1434 651 1488 Simul
681 1433 927 1500 diligunt,
959 1431 1117 1486 simul
1141 1429 1380 1493 veniunt,
1412 1434 1468 1482 et
1495 1425 1639 1498 apud
1667 1441 1820 1481 suum
1843 1423 1927 1480 di-

339 1527 595 1581 lectorem
629 1523 787 1577 simul
816 1537 976 1576 unam
1021 1519 1222 1575 faciunt
1259 1516 1633 1581 mansionem,
1681 1515 1842 1570 simul
1867 1528 1929 1570 se

338 1614 700 1680 manifestam,
726 1613 852 1682 quia
877 1627 986 1667 uno
1015 1611 1277 1665 adventus
1301 1608 1384 1666 sui
1414 1607 1615 1662 lumine
1643 1622 1740 1662 cor
1758 1605 1927 1662 dileco

340 1707 473 1762 toris
513 1704 836 1759 illuminant.
909 1701 978 1756 Et
1014 1700 1272 1770 quoniam
1324 1697 1614 1754 revelando
1655 1712 1715 1753 se
1750 1695 1962 1750 mani-'

339 1797 559 1864 festant,
589 1811 695 1849 non
716 1811 776 1849 se
803 1795 920 1849 sine
949 1801 1136 1848 sancto
1157 1790 1356 1861 Spiritu
1377 1790 1640 1852 revelant,
1666 1789 1790 1860 quia
1819 1803 1929 1844 non

2028 612 2192 673 atque
2219 604 2369 660 abire
2389 645 2404 672 ,
2436 611 2496 658 ut
2523 620 2625 661 nec
2654 604 2721 660 ad
2748 606 2924 662 locum
2951 607 3201 664 localiter
3225 611 3483 678 veniant,
3515 627 3616 668 nec

2025 695 2274 752 localiter
2301 697 2368 753 de
2397 698 2517 754 loco
2547 697 2846 755 discedant.
2888 699 2988 757 Hic
3019 702 3278 758 adventus
3298 703 3471 758 Patris
3495 747 3511 773 ,
3561 713 3616 762 et

2031 789 2174 857 Filii,
2206 798 2262 846 et
2289 790 2522 862 Spiritus
2550 793 2749 860 sancti,
2781 810 2889 850 non
2919 795 3294 860 mobilitatem,
3324 797 3417 852 sed
3441 797 3615 866 pieta-

2029 890 2138 939 tem
2171 882 2265 940 Dei
2285 885 2552 940 venientis
2582 885 2854 942 ostendit:
2879 904 2985 943 una
3013 888 3154 943 enim
3179 889 3351 944 deitas
3382 900 3404 928 ο
3438 890 3616 946 Trini~

2027 977 2187 1041 tatis,
2220 993 2338 1048 qua:
2370 979 2550 1033 omnia
2572 979 2779 1049 implet,
2818 980 2998 1036 omnia
3025 980 3300 1045 continet,
3330 981 3405 1036 illi
3434 982 3618 1038 venire

2030 1068 2247 1137 dicitur,
2274 1069 2360 1124 cui
2387 1085 2446 1125 se
2467 1070 2811 1127 manifestare
2828 1071 3106 1141 dignatur;
3150 1081 3205 1127 et
3237 1074 3304 1128 ab
3328 1074 3420 1128 illo
3445 1075 3617 1130 disce-

2031 1156 2147 1225 dit,
2178 1173 2210 1213 a
2239 1174 2347 1229 quo
2370 1159 2553 1216 lumen
2581 1177 2692 1216 suae
2720 1162 3022 1218 dilectionis
3047 1163 3334 1219 abscondit
3357 1206 3370 1231 ,
3403 1181 3504 1221 nec
3533 1173 3616 1220 ta-

2030 1265 2154 1306 men
2169 1249 2418 1307 localiter
2443 1252 2638 1308 absens
2667 1251 2915 1321 efﬁcitur,
2944 1271 3065 1311 cum
3089 1255 3233 1324 justc
3254 1258 3510 1327 relinquit
3537 1258 3621 1312 iu-

2029 1342 2268 1412 dignum,
2294 1359 2396 1400 nec
2423 1344 2547 1400 loco
2564 1360 2800 1416 praesens
2829 1349 3080 1414 ellicitur,
3105 1366 3226 1405 cum
3254 1351 3620 1418 misericordi-

2033 1439 2119 1487 ter
2147 1433 2332 1488 visitat
2377 1450 2537 1505 quem
2589 1434 2782 1492 fecerit
2825 1437 3064 1506 dignum.
3125 1439 3456 1512 Propterea,
3497 1444 3622 1498 licet

2031 1520 2174 1577 Deus
2197 1522 2340 1578 dicat
2366 1543 2378 1578 :
2411 1523 2602 1580 Civium
2621 1537 2672 1580 et
2693 1536 2883 1582 terram
2905 1547 2997 1600 ego
3019 1530 3205 1601 impleo
3231 1531 3446 1602 (Jerem.
3470 1549 3622 1599 χχιιι,

2031 1609 2162 1682 24),
2213 1620 2392 1670 tamen
2433 1614 2505 1672 de
2550 1615 2789 1686 quodam
2831 1618 3060 1674 dicitur:
3104 1618 3231 1675 Non
3277 1632 3355 1676 est
3381 1621 3524 1677 Deus
3564 1625 3623 1677 in

2033 1711 2308 1771 conspectu
2338 1702 2448 1773 ejus
2472 1703 2646 1776 (Psal.
2669 1720 2724 1760 Ix
2745 1746 2762 1771 ,
2814 1705 2904 1776 Ei);
2953 1716 3008 1762 et
3049 1708 3176 1764 licet
3201 1717 3372 1764 totum
3402 1710 3623 1780 impleat

2034 1789 2233 1858 Pater,
2285 1793 2483 1850 dicitur
2511 1804 2691 1852 tamen
2719 1797 2772 1852 in
2808 1798 2946 1854 libro
2981 1799 3306 1870 Sapientize:
3358 1802 3624 1859 Perversa:

341 1906 398 1948 se
438 1891 557 1945 sine
590 1895 779 1944 sancto
817 1887 1020 1957 Spiritu
1067 1885 1431 1940 manifestant.
1483 1883 1575 1939 Sic
1616 1884 1762 1938 enim
1813 1883 1931 1940 sine
1960 1885 2173 1971 Benim
2218 1886 2555 1956 cogitationes
2591 1902 2840 1962 separant
2885 1910 2918 1946 a
2961 1892 3071 1948 Deo
3096 1893 3121 1931 ά
3151 1895 3306 1966 (Sap.
3338 1913 3394 1964 ι,
3436 1897 3510 1967 5).
3557 1898 3625 1956 Et

341 1990 526 2040 sancto
557 1981 653 2053 (at.
686 1978 804 2051 suo)
839 1978 1044 2049 Spiritu
1072 1976 1324 2046 cognosci
1352 1991 1461 2030 non
1497 1982 1761 2045 possunt,
1790 1973 1930 2030 sicut

340 2075 458 2130 sine
487 2087 586 2129 suo
615 2071 711 2143 (al.
742 2071 951 2140 sancto)
983 2068 1187 2140 Spiritu
1215 2083 1334 2123 esse
1361 2082 1469 2122 non
1496 2077 1724 2138 possunt
1745 2083 1761 2134 ;
1783 2074 1840 2122 et
1860 2066 1931 2123 ob

342 2164 466 2228 hoc.
494 2165 635 2219 sicut
661 2178 769 2217 una
797 2169 881 2217 est
906 2159 1293 2226 manifestatio,
1325 2161 1403 2215 sic
1426 2176 1532 2215 una
1560 2168 1642 2215 est
1668 2159 1931 2216 revelatio

342 2255 650 2318 Trinitatis,
694 2261 751 2309 et
777 2252 869 2307 ubi
895 2267 1058 2306 unum
1089 2258 1176 2306 est
1205 2249 1401 2305 divina:
1429 2251 1778 2307 revelationis
1808 2266 1930 2306 mu-

343 2362 464 2414 nus,
497 2348 568 2402 ibi
596 2361 734 2402 unus
758 2354 842 2400 est
869 2344 1152 2399 individua:
1174 2343 1451 2399 Trinitatis
1475 2344 1735 2400 adventus
1760 2363 1773 2397 :
1804 2359 1932 2400 nam

343 2442 482 2499 sicut
510 2439 671 2495 Pater
698 2437 940 2494 revelare
970 2443 1333 2499 monstratur,
1367 2436 1486 2507 ipso
1512 2436 1650 2492 Filio
1673 2437 1888 2494 dicente
1915 2455 1930 2491 :

345 2533 536 2588 Beatus
565 2548 638 2598 es,
673 2529 858 2586 Simon
883 2528 1186 2594 Bar-Jona,
1218 2529 1339 2600 quia
1362 2545 1484 2583 caro
1519 2537 1566 2582 et
1593 2530 1806 2601 sanguis
1828 2545 1935 2584 non

345 2623 584 2678 reuelauit
605 2620 726 2688 tibi,
763 2617 853 2674 sed
885 2618 1046 2672 Pater
1086 2635 1226 2672 meus
1251 2619 1338 2690 qui
1368 2627 1442 2672 est
1465 2619 1520 2672 in
1544 2617 1683 2672 caelis
1715 2616 1930 2688 (Matth.

347 2733 468 2782 xvt,
506 2716 623 2784 l7);
665 2713 739 2768 ita
784 2711 952 2767 Filius
998 2709 1214 2766 Patrem
1254 2711 1499 2766 revelare
1543 2727 1642 2766 suo
1683 2727 1936 2767 sermone

346 2813 717 2870 monstratur;
761 2803 890 2858 dicit
927 2803 1108 2857 enim:
1163 2799 1332 2856 Nemo
1371 2802 1513 2856 novit
1542 2801 1588 2854 F
1594 2802 1738 2856 ilium
1764 2843 1779 2867 ,
1832 2803 1936 2856 nisi

348 2899 530 2964 Pater,
563 2913 725 2966 neque
744 2895 959 2950 Patrem
988 2895 1102 2967 quis
1131 2894 1294 2962 novit,
1331 2895 1434 2948 nisi
1468 2896 1624 2966 100
1653 2893 1823 2948 Filius
1841 2935 1856 2960 ,
1887 2903 1937 2948 et

348 2991 429 3044 cui
458 2989 674 3044 voluerit
707 2986 878 3042 Filius
905 2985 1135 3040 revelare
1166 2983 1386 3058 (Matth.
1417 3001 1474 3039 ιι
1498 3024 1514 3052 ,
1544 2985 1660 3058 27).
1703 2984 1822 3039 Non
1854 2993 1940 3040 est

347 3081 510 3135 etiam
542 3078 714 3134 sancti
743 3077 975 3148 Spiritus
1002 3076 1276 3132 dissimilis
1308 3075 1626 3132 aestimanda
1655 3076 1934 3143 revelatio,

347 3173 402 3228 in
431 3186 539 3241 quo
569 3179 652 3225 est
682 3169 847 3240 ipsius
875 3167 970 3223 Dei
999 3167 1262 3223 naturalis
1289 3167 1514 3237 agnitio,
1542 3167 1758 3223 dicente
1786 3166 1937 3238 Apo-

2035 1988 2157 2028 cum
2187 1973 2256 2029 de
2284 1975 2438 2041 Filio,
2468 1977 2520 2032 id
2543 1986 2628 2034 est
2656 1981 2725 2034 de
2747 1982 3010 2052 sapientia
3032 1984 3147 2051 Dei,
3174 1985 3422 2042 dicatur:
3454 1989 3625 2045 Attin-o

2031 2066 2107 2135 git
2133 2082 2166 2118 a
2193 2067 2299 2136 ﬁne
2325 2084 2486 2140 usque
2513 2070 2582 2122 ad
2614 2072 2772 2138 linem
2796 2075 3000 2143 fortiter
3024 2115 3039 2140 ,
3081 2084 3132 2128 et
3174 2076 3406 2146 disponit
3443 2080 3622 2133 omnia

2032 2155 2259 2208 suaviter
2289 2156 2446 2229 (Sap.
2477 2174 2604 2222 vnt,
2639 2158 2694 2228 l)
2720 2197 2736 2224 ,
2782 2160 2972 2217 eadem
3016 2170 3195 2218 tamen
3241 2165 3310 2220 de
3354 2181 3414 2221 se
3451 2167 3622 2222 dicit:

2038 2243 2292 2310 Quterunt
2320 2265 2402 2303 me
2421 2251 2566 2314 mali,
2598 2261 2647 2304 et
2667 2269 2770 2306 non
2795 2254 3073 2308 invenient.
3102 2254 3170 2309 Et
3187 2272 3375 2312 rursus
3393 2257 3624 2313 dicitur:

2035 2338 2103 2394 In
2132 2340 2436 2396 malevolam
2461 2344 2692 2397 animam
2719 2360 2826 2398 non
2852 2343 3086 2399 introibit
3117 2348 3394 2416 sapientia,
3427 2366 3518 2402 nec
3539 2349 3625 2402 in-

2035 2431 2287 2486 habitabit
2334 2433 2428 2503 (al.
2460 2433 2740 2505 inhabitat)
2783 2436 2839 2490 in
2879 2453 3094 2507 corpore
3135 2437 3338 2493 subdito
3377 2441 3624 2508 peccatis.

2035 2518 2269 2591 Spiritus
2295 2536 2513 2591 quoque
2540 2531 2794 2590 sanctus,
2825 2540 2948 2580 cum
2986 2526 3277 2583 immensus
3305 2528 3627 2584 omnimodis

2034 2611 2376 2680 praedicetur,
2412 2613 2538 2681 quia
2571 2612 2799 2683 Spiritus
2828 2614 3046 2670 Domini
3074 2618 3286 2688 replevit
3314 2617 3489 2673 orbem
3520 2629 3626 2674 ter-

2037 2718 2234 2769 rarum,
2261 2702 2330 2758 de
2358 2702 2550 2758 eodem
2582 2712 2759 2760 tamen
2784 2706 3015 2762 dicitur:
3049 2708 3277 2764 Sanctus
3303 2711 3440 2764 enim
3464 2710 3629 2782 Spiri-

2041 2800 2119 2845 tus
2147 2793 2358 2864 e/fugiet
2386 2794 2563 2862 ﬁctum
2586 2835 2602 2860 ,
2643 2807 2693 2848 et
2723 2799 2923 2868 auferet
2948 2815 3003 2852 se
3035 2817 3067 2853 a
3092 2801 3489 2871 cogitationibus
3515 2784 3628 2872 quia

2039 2890 2158 2934 sunt
2196 2883 2307 2935 sine
2334 2871 2615 2938 intellectu.
2658 2883 2926 2950 Quantum
2974 2902 3105 2957 ergo
3152 2889 3219 2943 ad
3275 2871 3629 2948 substantiam

2041 2983 2096 3029 et
2131 2977 2282 3048 101
2313 2977 2610 3046 potentiam
2637 2993 2787 3032 suam
2806 3017 2820 3041 ,
2852 2980 3050 3049 ubique
3072 2990 3155 3036 est
3178 2979 3409 3036 Trinitas
3435 3024 3450 3048 ,
3492 2999 3630 3041 unus

2043 3057 2185 3122 Deus
2213 3073 2379 3134 totus,
2415 3075 2586 3122 totum
2615 3069 2895 3139 complens
2921 3071 3140 3138 virtute,
3179 3089 3287 3127 non
3315 3073 3492 3138 mole,
3539 3083 3626 3129 to-

2043 3165 2130 3213 tus
2166 3157 2221 3212 in
2248 3158 2470 3228 singulis
2495 3203 2510 3227 ,
2554 3167 2701 3214 totus
2745 3161 2903 3215 simul
2950 3161 3005 3215 in
3056 3161 3303 3218 omnibus
3347 3164 3629 3221 creaturis.

347 3262 533 3318 stolo:
568 3259 692 3325 Quis
735 3262 873 3314 enim
919 3260 1016 3313 scit
1065 3259 1331 3314 hominum
1366 3275 1481 3330 qute
1526 3267 1647 3314 sunt
1691 3259 1937 3325 hominis,
1965 3279 2014 3342 ρ
2045 3253 2313 3322 Quantum
2351 3269 2482 3309 vero
2511 3254 2577 3308 ad
2620 3255 2978 3324 cogitationes
3017 3257 3210 3312 attinet
3237 3263 3486 3324 nostras,
3536 3261 3631 3315 de~

350 3353 450 3407 nisi
479 3351 689 3423 spiritus
718 3352 940 3406 hominis
960 3391 974 3417 ,
1005 3350 1094 3422 qui
1122 3350 1178 3404 in
1212 3351 1324 3422 ipso
1353 3352 1476 3406 est?
1499 3353 1575 3405 ita
1613 3359 1663 3405 et
1697 3366 1812 3422 qua:
1841 3349 1940 3406 Dei

350 3449 470 3496 sunt
508 3457 654 3495 nemo
683 3441 934 3511 cognovit,
979 3441 1086 3494 nisi
1115 3438 1343 3510 Spiritus
1370 3439 1470 3493 Dei
1499 3439 1555 3511 (Ι
1581 3440 1701 3494 Cor.
1725 3455 1794 3508 ιι,
1825 3437 1936 3512 ii).

351 3532 428 3586 De
457 3531 574 3602 ipso
602 3530 733 3585 dicit
762 3531 902 3586 idem
928 3532 1167 3599 gentium
1197 3529 1399 3586 Doctor
1433 3550 1446 3585 :
1489 3530 1657 3587 Nobis
1695 3534 1832 3586 enim
1858 3550 1940 3588 re-

350 3624 530 3677 uelauit
552 3621 690 3675 Deus
722 3639 813 3692 per
837 3621 1089 3691 Spiritum
1111 3638 1258 3676 suum
1288 3621 1502 3693 (Ibid.).
1528 3623 1605 3679 De
1629 3624 1735 3680 hoc
1763 3625 1941 3680 denuo

351 3713 419 3767 ad
448 3712 708 3782 Ephesios
738 3713 810 3766 ita
839 3711 1026 3765 scribit
1052 3729 1064 3763 :
1102 3711 1170 3766 Ut
1207 3713 1350 3768 Deus
1381 3713 1596 3769 Domini
1626 3719 1790 3771 nostri
1816 3717 1943 3773 Jesu

351 3801 576 3866 Christi,
623 3801 781 3854 Pater
808 3800 989 3872 gloria:
1010 3842 1024 3865 ,
1065 3799 1149 3854 det
1170 3803 1312 3856 vobis
1341 3805 1579 3873 spiritum
1600 3809 1873 3874 sapientia:
1892 3819 1942 3863 et

352 3894 676 3948 reuelationis
710 3892 925 3963 (Ephes.
957 3892 1129 3960 1,17).
1173 3890 1238 3946 Et
1274 3901 1334 3947 ut
1381 3895 1693 3952 ostenderet
1713 3900 1944 3968 agnitio-

350 4002 475 4042 nem
502 3984 600 4041 Dei
627 3987 681 4040 in
712 3986 866 4042 nobis
895 3985 1281 4042 revelationem
1302 3986 1532 4058 Spiritus
1562 3992 1797 4060 operari,
1819 4008 1942 4048 cum

350 4076 573 4131 dixisset
601 4095 614 4130 :
647 4075 748 4131 Det
779 4076 918 4131 vobis
949 4075 1206 4147 Spiritum
1231 4079 1503 4148 sapientiw
1521 4089 1571 4134 et
1592 4082 1942 4150 reuelationis,

351 4166 544 4235 adjecit
568 4185 579 4219 :
609 4165 674 4220 In
703 4169 964 4240 agnitione
993 4169 1122 4240 ejus.
1164 4168 1291 4224 Sola
1324 4186 1450 4226 vero
1480 4187 1540 4228 se
1567 4181 1746 4243 potest
1769 4174 1944 4231 Trini-

351 4264 434 4308 tas
458 4255 698 4309 revelare
721 4297 736 4320 ,
781 4256 905 4324 quia
939 4255 1052 4311 sola
1080 4272 1139 4312 se
1167 4256 1327 4328 plene
1356 4266 1537 4328 potest
1565 4260 1682 4331 ipsa
1705 4262 1944 4320 Trinitas

354 4360 532 4410 nosse,
567 4353 624 4400 et
649 4353 907 4414 quantum
930 4364 990 4402 se
1010 4347 1224 4403 dederit
1250 4352 1647 4418 agnoscendam
1671 4395 1686 4422 ,
1731 4363 1940 4411 tantum

347 4421 414 4492 ise
442 4435 714 4490 condonat
741 4437 1082 4493 revelandam
1107 4457 1122 4505 ;
1148 4440 1218 4494 ibi
1239 4451 1420 4498 autem
1450 4453 1533 4502 est
1553 4445 1712 4516 plena
1739 4449 1820 4504 sui
1849 4465 1945 4506 co-

353 4524 542 4593 gnitio,
576 4525 665 4580 ubi
691 4541 800 4581 non
830 4535 913 4582 est
934 4531 1196 4585 naturalis
1220 4533 1328 4587 ulla
1349 4534 1637 4592 discretio:
1665 4546 1691 4575 ι
1715 4539 1942 4596 immen-

2043 3344 2305 3400 scendere
2333 3344 2401 3399 ad
2435 3360 2531 3400 nos
2559 3345 2701 3400 Deus
2723 3345 2947 3412 dicitur,
2991 3361 3112 3402 cum
3141 3361 3447 3403 sermonem
3475 3363 3632 3409 suum

2042 3435 2116 3490 ita
2139 3435 2295 3491 nobis
2322 3434 2580 3491 divinitus
2615 3436 2712 3507 (al.
2746 3436 3022 3507 divinitas)
3054 3445 3357 3508 temperat,
3390 3447 3487 3504 ut,
3529 3438 3632 3494 hue

2045 3542 2208 3582 mano
2230 3527 2510 3582 nobiscum
2543 3543 2694 3584 more
2731 3528 2956 3598 loquens
2978 3567 2995 3595 ,
3026 3529 3354 3598 agnitionem
3381 3537 3439 3584 et
3465 3527 3632 3584 «Πιθο-

2045 3617 2248 3673 tionem
2274 3633 2428 3672 suam
2457 3607 2613 3674 nobis
2642 3619 2890 3674 intimare
2927 3619 3212 3687 dignetur;
3253 3617 3495 3674 ascendit
3532 3633 3651 3673 au-'

2043 3716 2153 3762 tem
2182 3708 2236 3763 in
2263 3708 2421 3764 nobis
2450 3709 2670 3778 quando
2715 3725 2814 3764 nos
2841 3709 3181 3766 ascendimds
3211 3725 3308 3780 per
3349 3710 3631 3767 caritatem

2046 3805 2102 3852 et
2126 3799 2409 3854 scientiam
2437 3785 2684 3865 deitatis,
2726 3809 2784 3852 ut
2821 3797 3088 3855 discamus
3110 3841 3126 3866 ,
3158 3814 3258 3854 nec
3285 3800 3340 3853 in
3367 3799 3633 3854 immenso

2045 3890 2334 3961 quidquam
2365 3891 2537 3946 locale
2557 3906 2770 3960 sapere,
2802 3906 2903 3946 nec
2929 3892 2997 3946 de
3023 3890 3284 3946 altissimo
3307 3889 3508 3944 humile
3534 3888 3632 3944 ali.

2045 3979 2173 4048 quid
2199 3981 2488 4047 aestimare,
2518 3995 2620 4036 nec
2654 3981 2854 4050 aliquid
2882 3981 2935 4036 in
2963 3980 3075 4036 Deo
3101 3980 3324 4035 credere
3351 3978 3629 4044 mutabile,

2045 4084 2147 4125 nec
2170 4070 2225 4124 in
2251 4070 2578 4141 sempiterno
2605 4072 2902 4141 temporale
2929 4071 3140 4141 aliquid-
3155 4070 3412 4140 cogitare.

2046 4184 2227 4241 CAPUT
2265 4173 2666 4258 xn.1Requievit
2699 4195 2748 4240 et
2785 4197 3026 4310 operatus
3057 4193 3135 4241 est
3163 4185 3305 4240 Deus
3342 4185 3630 4253 voluntate,

2687 4274 2787 4310 non
2832 4256 3006 4310 abore.

2687 4274 2787 4312 non
2811 4274 3006 4313 taoore.

2118 4349 2262 4406 Talis
2282 4360 2365 4406 est
2389 4351 2585 4419 Patris,
2616 4360 2672 4407 et
2698 4351 2839 4419 Filii,
2869 4360 2925 4407 et
2952 4351 3187 4423 Spiritus
3206 4350 3378 4406 sancti
3403 4351 3633 4406 creden-
3651 4365 3674 4384 ο

2045 4442 2146 4499 dus
2184 4443 2482 4509 adventus;
2531 4445 2789 4514 quoniam
2830 4445 2971 4500 sicut
3009 4444 3280 4499 mundana
3317 4445 3634 4515 operatione

2045 4535 2462 4604 primordialiter
2482 4543 2875 4600 consummata,
2905 4536 3235 4605 requievisse
3256 4534 3449 4590 dicitur
3470 4535 3632 4602 Deus,

352 4633 443 4673 sus
472 4633 702 4687 namque
728 4619 796 4672 ab
829 4619 1088 4676 immenso
1110 4624 1267 4692 plene
1295 4630 1662 4697 cognoscitur,
1695 4640 1750 4687 et
1771 4633 1935 4689 scien-

2049 4626 2140 4694 qui
2172 4633 2349 4680 tamen
2377 4643 2484 4682 non
2512 4628 2778 4683 laboravit
2805 4627 3048 4698 inopem
3069 4669 3085 4693 ,
3128 4628 3252 4696 quia
3291 4638 3484 4682 cuncta
3516 4629 3632 4683 sola

355 4709 441 4764 tia:
467 4710 700 4798 infinitas
733 4719 917 4766 manet
945 4713 1033 4768 ubi
1069 4716 1364 4773 substantia
1388 4719 1550 4777 finem
1579 4723 1604 4761 δ
1626 4740 1734 4780 non
1758 4726 1944 4792 habet,

353 4815 456 4858 nec
476 4800 714 4856 scientiae
743 4802 1002 4858 terminus
1029 4805 1096 4858 ab
1125 4806 1302 4876 aliqua
1322 4820 1567 4868 creatura
1593 4816 1940 4886 contingitur,

351 4895 442 4949 ubi
469 4894 615 4965 quod
640 4894 961 4950 immensum
989 4906 1071 4952 est
1094 4899 1398 4956 nullatenus
1429 4905 1768 4962 terminatur.

353 4986 533 5043 CAPUT
564 5004 637 5042 xl.
686 4986 826 5043 Deus
865 4989 1071 5115 adveni;
1115 4993 1406 5076 hominibus
1430 5033 1446 5060 ,
1489 5014 1593 5052 non
1631 4999 1939 5071 mobilitate,

972 5078 1027 5115 se
1091 5073 1298 5115 metate.

285 5069 294 5077 '
972 5069 1063 5115 sed
1090 5069 1298 5134 pietate.

422 5147 550 5204 Sola
575 5157 809 5218 estergo
837 5165 942 5206 una
965 5150 1222 5220 Trinitas,
1246 5171 1365 5225 qucc
1389 5172 1509 5212 cum
1534 5173 1592 5213 se
1613 5159 1937 5231 manifestat,

349 5240 692 5296 ineffabiliter
711 5242 878 5305 venit,
911 5252 967 5297 et
991 5260 1114 5299 cum
1135 5261 1194 5300 se
1215 5246 1444 5316 indignis
1467 5250 1722 5320 occultat,
1755 5253 1943 5309 ineffa-

2050 4727 2304 4787 operatus
2341 4728 2426 4774 est
2453 4721 2770 4787 voluntate;
2815 4722 2941 4777 huic
2981 4723 3125 4776 enim
3159 4722 3392 4776 dicitur:
3445 4722 3634 4776 Subest

2047 4808 2182 4862 enim
2213 4809 2303 4862 tibi
2332 4825 2446 4864 cum
2488 4810 2626 4864 voles
2655 4828 2802 4881 posse
2841 4811 2998 4882 (Sap.
3029 4827 3122 4878 xu,
3154 4811 3243 4881 i8)
3271 4854 3287 4880 ,
3337 4813 3473 4868 sicut
3495 4821 3551 4867 ct
3578 4813 3631 4868 in

2048 4900 2256 4968 psalmo
2282 4900 2529 4956 audimus
2555 4919 2567 4954 :
2603 4902 2794 4956 Omnia
2819 4917 3134 4976 quacunque
3164 4903 3349 4969 voluit,
3393 4905 3544 4976 fecit,
3577 4905 3633 4958 in

2047 4991 2172 5044 casto
2190 5029 2204 5052 ,
2249 5001 2298 5043 et
2325 4993 2378 5044 in
2410 5001 2546 5045 terra
2570 5031 2586 5056 ,
2617 5001 2666 5047 et
2694 4995 2750 5047 in
2777 4995 2912 5048 mari
2937 5033 2952 5058 ,
2996 5003 3046 5048 et
3074 4995 3130 5049 in
3159 4994 3395 5048 omnibus
3433 4993 3632 5064 abyssis

2050 5079 2222 5142 (Psal.
2263 5097 2490 5150 cxxxnv,
2529 5083 2604 5152 6).
2647 5083 2813 5154 Cujus
2850 5085 3145 5140 voluntatis
3183 5084 3634 5153 omnipotentiam

2046 5172 2389 5239 evangelicus
2413 5175 2504 5230 ille
2534 5175 2780 5246 leprosus
2801 5176 2981 5232 divina
3015 5177 3404 5232 illuminatione
3430 5190 3633 5246 cogno-

2044 5276 2218 5324 scens.
2253 5263 2393 5321 hanc
2413 5266 2480 5320 ad
2503 5283 2612 5323 sua:
2634 5269 2998 5324 mundationis
3025 5266 3270 5323 sufﬁcere
3294 5273 3522 5322 testatur
3548 5267 3632 5322 ef-

351 5330 534 5429 biliter
559 5333 780 5429 omnino
826 5333 1349 5429 disceditaVeniunt
1377 5347 1540 5408 atque
1570 5341 1771 5397 abeunt
1807 5361 1938 5414 pro-
2040 5352 2241 5410 fectum
2282 5355 2466 5414 dicens
2491 5373 2519 5412 τ’
2558 5359 2780 5416 Domine
2802 5403 2818 5429 ,
2864 5361 2909 5415 si
2937 5362 3044 5427 vis,
3093 5368 3236 5429 potes
3276 5377 3356 5414 me
3378 5362 3632 5416 mundare

353 5422 472 5493 prio
511 5430 568 5478 et
589 5423 1118 5494 incomprehensibili
1158 5431 1318 5485 modo
1365 5431 1526 5488 Pater
1553 5441 1609 5488 et
1637 5433 1803 5491 Filius
1826 5479 1841 5506 ,
1883 5447 1935 5495 et

2045 5444 2260 5515 (Matth.
2286 5464 2398 5513 vm,
2431 5449 2486 5522 2)
2513 5468 2528 5518 ;
2551 5467 2672 5508 cum
2696 5422 2850 5515 dicit,
2883 5453 2928 5506 si
2955 5422 3052 5516 vis,
3078 5422 3255 5522 pom,
3275 5453 3517 5508 ostendit
3541 5453 3626 5508 di-

353 5513 584 5586 Spiritus
610 5525 862 5572 sanctus:
895 5532 996 5573 nec
1015 5525 1197 5575 tamen
1219 5521 1481 5590 localiter,
1509 5531 1603 5580 aut
1632 5523 1812 5594 Pater,
1845 5539 1939 5587 aut
2042 5513 2221 5594 vinam
2248 5513 2584 5601 voluntatem
2626 5545 2796 5616 ipsam
2825 5513 2947 5600 esse
2984 5513 3347 5616 plenissimam
3390 5535 3659 5618 potestas

429 5685 456 5714 ⁸
485 5677 582 5732 Ms.
613 5677 800 5744 Corb.,
829 5680 1151 5735 immensum.

426 5745 672 5828 l:‘ltaums.
686 5748 846 5828 (ξρε-ι).
865 5756 917 5803 et
931 5749 1059 5828 editi
1077 5748 1427 5828 antiquiores.
1442 5751 1660 5828 Colon.,
1677 5755 1933 5828 Antuerp.

356 5828 413 5874 et
437 5818 621 5882 Basil.;
654 5819 783 5874 editi
815 5835 944 5874 vero
983 5820 1089 5874 duo
1132 5821 1462 5877 recentiores
1508 5818 1722 5878 ferunt:
1774 5818 1935 5883 ullum

357 5891 566 5945 omnino
605 5907 707 5946 non
755 5890 903 5948 habet
948 5908 1065 5947 nec.
1091 5931 1102 5944 .
1125 5932 1137 5945 .
1171 5887 1404 5963 contingi
1430 5894 1537 5950 ullo
1569 5897 1718 5952 modo
1748 5908 1934 5967 potest.

2124 5704 2146 5772 ξ
2306 5697 2498 5772 Corb.,
2522 5699 2880 5772 _Trinita_sqttc,
2906 5703 3101 5770 omnia,
3127 5712 3236 5760 etc.

2116 5762 2145 5846 ξι
2178 5765 2252 5819 Ita
2286 5784 2383 5846 ius.
2409 5762 2594 5835 Corb.,
2627 5776 2682 5824 et
2708 5762 2966 5846 Antuerpg
2997 5791 3011 5838 ;
3063 5762 3118 5830 at
3143 5774 3304 5832 Basil.
3323 5812 3339 5837 ,
3388 5773 3634 5833 Pet-verse

2043 5838 2179 5889 enim
2202 5838 2486 5909 cogitantes
2516 5850 2761 5911 separant
2789 5858 2844 5896 se
2873 5838 3058 5900 αὐτο.
