4068 6512
410 428 519 496 259

1595 416 1647 477 S.
1683 412 2048 476 FULGENTII
2086 408 2452 475 RUSPENSIS

3614 413 3749 470 260

411 554 542 607 tem“.
596 546 849 620 Denique
888 544 1053 604 etiam
1093 530 1354 600 Dominus
1410 538 1520 595 hoc
1578 531 2000 592 misericorditer
2024 524 2078 594 Α
2103 537 2281 620 serunt
2327 539 2377 585 et
2408 538 2681 586 tenuerunt
2708 530 2861 603 pedes
2896 528 3009 601 ejus
3031 568 3049 598 ,
3096 539 3148 584 et
3186 529 3543 586 ador-atterunt
3597 506 3745 588 ea...

411 637 607 697 effectu
632 636 925 695 curationis
945 632 1207 700 ostendit,
1254 630 1397 703 quod
1430 626 1733 686 crediderat
1767 621 2001 679 ﬁdeliter

412 731 504 802 qui
533 729 812 800 poposcit;
844 728 920 781 ait
946 726 1089 781 enim
1112 742 1123 777 :
1151 723 1304 790 Volo,
1332 719 1583 775 mundare
1604 734 1624 783 ;
1653 724 1703 772 et
1729 713 2001 786 confestim

414 822 663 876 mundata
694 825 772 875 est
793 819 1094 891 lepra'ejus.
1135 814 1287 871 Sicut
1323 810 1524 868 faciens
1559 818 1691 881 ergo
1718 806 2003 871 mundum,

416 930 522 968 non
553 912 867 982 cuiusquam
892 910 1058 966 sensit
1088 907 1286 963 laboris
1316 902 1713 961 incommodum
1731 940 1749 968 ,
1782 906 1840 955 ut
1860 900 2004 955 vires

416 1004 604 1058 labore
627 1000 957 1072 operationis
981 999 1270 1055 exhaustas
1294 1038 1308 1062 ,
1358 995 1555 1065 quietis
1582 998 1768 1064 posset
1794 991 2001 1045 instau-

416 1106 538 1147 rare
565 1106 818 1148 successu
842 1108 856 1158 ;
888 1092 980 1146 sed
1009 1102 1128 1146 eum
1150 1103 1207 1144 se
1227 1086 1557 1158 requievlsse
1581 1078 1729 1149 dicit,
1762 1092 1864 1136 nos
1884 1082 2008 1151 post

418 1187 557 1241 bona
587 1201 753 1256 opera
785 1183 1122 1253 requieturos
1159 1178 1434 1235 ostendit:
1492 1177 1566 1230 ita
1605 1182 1729 1230 cum
1772 1172 2003 1235 venisse,

418 1275 505 1330 vel
528 1274 870 1330 descendisse
898 1270 1114 1335 dicitur,
1146 1267 1342 1323 divina:
1376 1262 1723 1320 revelationis
1753 1270 1883 1330 erga
1908 1266 2008 1314 nos

419 1370 590 1440 gratia
629 1366 1072 1431 commendatur;
1124 1370 1178 1419 et
1214 1374 1334 1419 cum
1361 1372 1469 1415 non
1497 1354 1885 1440 descendere,
1913 1346 2011 1409 sed

421 1438 711 1529 ascendere
750 1458 981 1524 dicitur,
1028 1454 1305 1527 prolectus
1350 1456 1553 1507 nos‘trze
1596 1438 2011 1503 illuminationis

422 1552 814 1625 agnitionisque
839 1555 1186 1606 monstratur.

420 1640 603 1697 Csrur
628 1654 744 1696 xm.
785 1637 867 1693 De
884 1654 1036 1693 sensu
1052 1635 1205 1690 dicti:
1229 1633 1349 1688 Noli
1373 1642 1462 1687 me
1485 1638 1724 1700 tangere,
1757 1638 1854 1685 etc.
1885 1627 2012 1683 Dis-

492 1712 679 1768 solutio
701 1709 1087 1766 contrarietatis
1112 1720 1228 1778 gate
1250 1704 1448 1758 videtur
1467 1705 1606 1757 inter
1629 1699 1935 1772 Evangelia.

494 1800 680 1857 Talem
692 1800 950 1857 Dominus
960 1798 1118 1854 Jesus
1136 1810 1419 1853 ascensum
1439 1792 1777 1863 signiﬁcavit,
1795 1786 2013 1863 quando

2104 614 2319 693 (Matth.
2350 634 2519 678 xxvm
2542 664 2557 688 ,
2611 623 2771 693 1-9).
2832 621 3118 691 Quomodo
3144 638 3275 694 ergo
3300 639 3364 680 se
3384 664 3402 691 ,
3448 640 3519 680 ee
3556 625 3745 696 quod

2104 714 2340 789 nondum
2372 715 2710 770 ascendisset
2737 715 2804 769 ad
2834 713 3079 780 Patrem,
3124 729 3156 768 a
3185 713 3351 769 Maria
3382 714 3746 784 Magdaleno

2104 806 2250 873 tangi
2278 805 2477 871 vetuit,
2508 821 2537 860 a
2566 821 2673 875 qua
2702 806 2801 861 sibi
2835 806 3025 861 eodem
3054 804 3142 860 die
3171 806 3337 875 pedes
3368 807 3543 861 teneri
3585 806 3745 876 per-

2104 897 2292 951 misit?
2332 895 2411 950 An
2444 897 2515 950 ita
2543 897 2828 967 quisquam
2860 911 3117 965 perverso
3143 912 3303 953 sensu
3334 905 3589 967 raptatur
3608 936 3629 963 ,
3670 907 3748 955 ut

2105 989 2501 1045 momentaneis
2520 997 2676 1059 putet
2704 988 2902 1044 Christi
2933 989 3231 1043 sententias
3252 989 3491 1044 motibus
3524 991 3748 1045 vari»

2108 1091 2190 1138 tas
2214 1127 2229 1150 ,
2284 1089 2537 1152 tanquam
2565 1082 2658 1152 qui
2697 1080 3042 1151 postmodum
3065 1119 3081 1143 ,
3141 1080 3332 1135 melius
3371 1082 3750 1152 recogitans.

2109 1166 2289 1231 Mariae
2318 1175 2596 1242 tribuerit,
2624 1173 2774 1245 quod
2802 1182 2964 1228 aut“
2993 1172 3317 1242 denegat-it?
3344 1173 3452 1229 Sed
3483 1176 3589 1231 tali
3626 1192 3748 1230 eo.

2109 1265 2355 1335 gitationi
2384 1266 2630 1335 protinus
2661 1263 2766 1319 Vas
2794 1263 3077 1319 electionis
3103 1263 3322 1319 obsistit
3341 1303 3358 1329 ,
3409 1266 3504 1333 qui
3528 1265 3593 1319 in
3630 1265 3751 1322 Dei

2111 1346 2267 1419 Filio,
2296 1340 2590 1409 secundum
2623 1353 3116 1409 inmutabilitatem
3145 1353 3443 1409 divinitatis
3466 1363 3745 1421 externae.

2113 1438 2257 1501 nulla
2296 1461 2395 1501 nos
2434 1444 2815 1499 mutabilitatis
2851 1443 3162 1514 suspicione
3204 1445 3473 1515 permittit
3500 1462 3747 1511 errare,

2113 1532 2406 1592 Corinthiis
2423 1535 2494 1589 ita
2511 1535 2781 1590 scribens:
2814 1534 2913 1590 Dei
2934 1535 3072 1589 enim
3093 1533 3267 1589 Filius
3287 1534 3441 1590 Iesus
3472 1537 3752 1594 Christus

2090 1628 2199 1699 ,qui
2229 1618 2281 1681 in
2310 1627 2449 1682 vobis
2477 1644 2570 1699 per
2590 1644 2686 1681 nos
2716 1627 3032 1698 praedicatus
3062 1634 3172 1690 est,
3209 1644 3301 1697 per
3326 1644 3435 1692 me,
3467 1638 3517 1682 et
3538 1628 3749 1684 Silvae

2115 1735 2257 1784 num,
2289 1727 2338 1772 et
2370 1717 2715 1787 Timotheum,
2748 1735 2855 1773 non
2878 1718 2983 1789 [uit
3015 1728 3037 1753 °
3069 1718 3125 1771 in
3154 1717 3244 1772 illo
3273 1726 3422 1789 estet
3450 1735 3599 1785 non,
3642 1719 3751 1777 sed

2114 1819 2189 1863 est
2216 1810 2272 1863 in
2312 1809 2402 1863 illo
2433 1811 2551 1881 fuit.
2587 1807 2848 1877 Quotquot
2879 1809 3017 1862 enim
3040 1809 3418 1879 promissiones
3456 1806 3551 1865 Dei
3576 1819 3751 1874 ww.

423 1893 677 1965 tangendi
704 1908 768 1949 se
801 1892 1109 1947 facultatem
1137 1889 1319 1944 Mariae
1344 1887 1672 1956 Magdalente
1710 1878 2009 1956 prohibuit.

2132 1904 2172 1955 ἠ
2219 1898 2309 1955 illo
2364 1899 2391 1939 ι)
2434 1878 2566 1955 sunt
2598 1908 2712 1954 est:
2770 1900 2920 1965 ideo,
2964 1907 3013 1954 et
3049 1916 3141 1970 per
3186 1899 3358 1968 ipsum
3391 1910 3412 1938 α
3453 1900 3703 1955 dicimus
3728 1916 3749 1955 ε

425 1985 556 2042 Petet
588 1986 1037 2043 resurrectionem
1069 1994 1299 2052 namque
1325 1995 1447 2037 cum
1466 1980 1617 2036 flenti
1646 1974 2013 2033 misericordi-

425 2084 509 2131 ter
552 2082 871 2145 appareret,
914 2071 1154 2128 Joannes
1193 2085 1317 2126 eum
1346 2070 1544 2125 dixisse
1583 2074 1971 2124 commentorat
1995 2078 2015 2121 :-

427 2163 557 2221 Νι)ιὶ
598 2181 679 2219 me
719 2173 929 2236 tangere
950 2204 967 2228 ,
1014 2161 1245 2217 nondum
1282 2160 1420 2215 enim
1460 2157 1670 2214 escendi
1708 2157 1779 2211 ad
1802 2153 2016 2210 Patrem

428 2272 597 2311 mentm
629 2254 809 2326 (Joan.
841 2240 953 2320 xx,
985 2252 1095 2324 i7).
1137 2252 1236 2308 Hie
1263 2258 1438 2306 tactus
1464 2292 1479 2318 ,
1522 2248 1590 2304 de
1616 2262 1725 2318 quo
1760 2247 2018 2321 Dominus

427 2345 667 2417 loquitur
688 2385 705 2411 ,
736 2343 1072 2402 credulitatis
1098 2343 1363 2415 probatur
1389 2352 1511 2396 esse
1536 2382 1551 2408 ,
1595 2354 1703 2394 non
1732 2338 2015 2409 corporis;

429 2437 667 2508 alioquin
689 2446 996 2507 repugnans
1023 2434 1479 2503 evangelistarum
1506 2431 1813 2503 reperietur
1839 2440 2017 2486 asser-

429 2529 541 2593 tio;
573 2540 699 2581 nam
724 2542 847 2581 eum
874 2524 1111 2581 Joannes
1141 2523 1394 2593 tangendi
1416 2523 1701 2578 Dominum
1730 2521 1910 2576 Mariis
1938 2519 2019 2576 l‘a-

422 2622 687 2684 tinitatem
720 2625 1043 2687 prter-aptam
1078 2616 1246 2686 ipsius
1274 2615 1487 2671 Domini
1517 2621 1744 2670 testetur
1771 2613 2018 2684 imperio,

431 2705 695 2765 dicentis:
736 2704 867 2762 Noli
901 2723 987 2761 me
1020 2716 1230 2779 tangere
1250 2746 1265 2771 ,
1296 2706 1526 2760 nondum
1556 2705 1692 2760 enim
1721 2702 1931 2759 ascendi
1954 2702 2024 2757 ad

433 2796 651 2854 Patrem
692 2813 863 2853 meum
893 2798 1029 2869 (Act.
1062 2812 1121 2862 ι,
1151 2796 1211 2867 5)
1234 2837 1250 2862 ,
1291 2804 1349 2852 et
1383 2796 1668 2852 Dominum
1712 2798 1767 2851 in
1801 2795 2022 2862 ecelum,

434 2890 725 2948 mundum
753 2890 1045 2955 hominem,
1078 2887 1387 2945 ascendisse
1406 2887 1818 2958 quadragesimo
1838 2900 2023 2942 resur-

435 2984 690 3041 rectionis
724 2983 814 3038 die
838 2982 1118 3054 Scriptura
1158 2981 1441 3038 conﬁrmet
1483 2981 1649 3051 (quod
1695 2995 1807 3036 non
1847 2980 2025 3035 solum

435 3074 689 3133 Ecclesiae
720 3083 928 3133 sanctae
952 3074 1236 3131 catholicas
1274 3070 1409 3128 ﬁdes
1448 3073 1768 3127 intemerata
1808 3071 2024 3136 retinet,

436 3168 533 3224 sed
558 3169 721 3225 etiam
749 3168 1019 3223 variarum
1049 3168 1311 3222 hmresum
1333 3204 1348 3231 ,
1395 3176 1582 3220 earum
1618 3163 1882 3218 duntaxat
1909 3172 2028 3232 qua;

444 3261 599 3331 102
616 3271 759 3314 verre
776 3259 955 3313 carnis
977 3258 1031 3312 in
1053 3258 1148 3312 Dei
1171 3256 1306 3311 Filio
1330 3266 1438 3310 non
1452 3256 1703 3309 abnuunt
1722 3263 2031 3309 sacramen-

440 3357 588 3415 tum,
647 3347 862 3404 diversa
912 3346 1369 3415 multiformisque
1415 3344 1708 3400 credulitas
1733 3382 1748 3406 ,
1796 3344 2030 3399 nnivoco

441 3450 663 3513 prorsus
680 3438 1033 3495 concelebrat
1059 3436 1336 3506 assensu),
1369 3435 1413 3491 si
1442 3436 1758 3506 priusquam
1775 3434 2033 3491 Dominus

442 3527 777 3585 ascendisset
802 3527 871 3582 ad
886 3526 1109 3583 Patrem
1124 3567 1140 3593 ,
1176 3526 1350 3581 noluit
1376 3525 1647 3604 corporali
1676 3539 1900 3581 accessu
1926 3524 2036 3579 Ma-

444 3622 539 3681 ris
560 3621 799 3691 coung
820 3656 836 3685 ,
866 3619 1140 3690 quantulo
1167 3617 1449 3674 Mattheus
1481 3619 1598 3690 ipso
1626 3618 2037 3675 resurrectionis

444 3713 575 3781 die,
601 3711 821 3767 larium
850 3709 1217 3779 Magdalenam
1244 3750 1261 3778 ,
1295 3716 1350 3765 et
1370 3710 1531 3764 aliam
1560 3707 1783 3764 Mariam
1809 3750 1824 3776 ,
1874 3708 2037 3779 pedes

447 3804 576 3862 Iesu
602 3810 871 3860 moment
904 3802 1190 3858 tenuisse?
1220 3790 1382 3869 Quod
1412 3806 1473 3856 ut
1501 3799 1836 3857 manifestius
1865 3814 2035 3869 agno-

448 3903 646 3964 scatur,
679 3900 853 3952 totum
877 3893 1115 3967 ejusdem
1137 3892 1241 3951 loci
1266 3895 1581 3966 capitulum,
1604 3894 1741 3950 sicut
1760 3892 2040 3949 Matthaaus

449 3991 653 4063 posuit,
681 3988 809 4044 huic
834 3987 987 4058 operi
1014 3977 1265 4043 duximus
1298 3985 1665 4041 inserendum.
1711 3985 1799 4040 Ait
1836 3985 2036 4053 igitur:

459 4081 684 4156 Vespere
702 4088 882 4136 autem
899 4079 1120 4147 sabbati,
1156 4088 1271 4152 gnte
1304 4079 1513 4133 lucescit
1538 4080 1594 4133 in
1617 4079 1786 4150 prima
1815 4076 2037 4144 saabati,

453 4176 588 4231 venit
621 4173 797 4229 Maria
826 4173 1177 4246 Hagdalene,
1220 4183 1269 4228 et
1299 4174 1466 4228 altera
1501 4171 1678 4229 Maria
1700 4213 1716 4239 ,
1764 4172 1935 4227 uidere
1961 4184 2045 4226 se-

455 4267 710 4340 pulcrum.
746 4267 812 4322 Et
832 4282 949 4321 ecce
979 4274 1132 4320 terror
1156 4272 1327 4320 motus
1359 4267 1524 4336 [actus
1564 4275 1641 4320 est
1671 4282 1909 4337 magnus.
1942 4268 2045 4319 An-

445 4356 604 4430 gelus
625 4366 795 4412 autem
814 4355 1028 4411 Denisi
1055 4356 1319 4409 descendit
1344 4356 1409 4409 de
1435 4357 1580 4422 omlo,
1615 4364 1662 4411 et
1698 4356 1948 4411 accedens
1970 4373 2047 4409 re-

458 4449 611 4504 volvit
648 4447 914 4519 lapidem,
953 4456 1005 4500 et
1052 4445 1259 4500 sedebat
1305 4463 1459 4519 super
1501 4462 1618 4503 eum
1655 4465 1673 4503 :
1732 4457 1847 4503 erat
1873 4456 2044 4502 autem

463 4545 699 4608 aspectu
740 4539 851 4609 ejus
888 4539 1022 4592 sicut
1042 4538 1217 4610 fulgur
1238 4579 1253 4603 ,
1296 4547 1346 4593 et
1376 4541 1734 4595 vestimentum
1761 4541 1873 4611 ejus
1912 4540 2048 4593 sicut

2118 1990 2281 2046 Amen
2307 1991 2415 2046 Deo
2437 1992 2506 2045 ad
2524 1991 2747 2062 gloriam
2766 1998 2991 2045 vestram
3013 1988 3066 2060 (1
3074 1988 3103 2042 Ι
3131 1987 3253 2045 Cor.
3282 2007 3322 2058 ι,
3356 1988 3577 2060 19,20).
3610 1990 3750 2050 Νοι-

2121 2096 2249 2151 ergo
2290 2080 2378 2137 hic
2409 2082 2866 2150 evangelistarum
2910 2080 3182 2151 discrepat
3224 2080 3571 2147 intellectus;
3630 2096 3751 2142 nec

2121 2164 2366 2228 Christus
2406 2181 2498 2227 aut
2530 2171 2765 2226 inaniter
2806 2186 2864 2226 se
2906 2171 3093 2240 tangi,
3140 2171 3377 2227 uetulum
3426 2173 3750 2232 ascendas.

2126 2260 2191 2316 ad
2220 2260 2461 2330 Patrem,
2493 2261 2790 2332 prohibuit,
2819 2269 2914 2315 aut
2934 2260 3201 2316 incassum
3232 2261 3332 2315 sibi
3354 2260 3522 2331 pedes
3549 2263 3750 2323 tenaci

2123 2352 2386 2423 permisit.
2430 2352 2491 2407 In
2535 2369 2645 2407 uno
2675 2352 2818 2408 enim
2849 2353 3246 2407 demonstravit
3277 2354 3557 2409 veritatem
3601 2371 3749 2411 car.

2124 2443 2226 2505 nis,
2277 2444 2329 2498 in
2354 2443 2527 2499 altero
2561 2444 2858 2499 insinuavit
2886 2445 3112 2513 gloriam
3152 2445 3408 2511 deitatis;
3456 2446 3565 2503 illic
3595 2464 3743 2519 per-

2126 2537 2272 2592 misit
2301 2552 2545 2605 manum,
2574 2537 2662 2593 hic
2689 2533 2717 2574 ά
2746 2537 2949 2592 amovit
2975 2537 3302 2593 intellectum
3327 2555 3341 2603 ;
3374 2547 3434 2593 ut
3462 2539 3516 2595 in
3546 2540 3748 2598 berni-

2130 2645 2200 2684 ne
2227 2626 2447 2684 Christo
2478 2629 2811 2684 resuscitatus
2841 2629 3023 2685 carnis
3053 2637 3363 2698 tangeretur
3386 2630 3591 2686 veritas
3616 2671 3638 2701 ,
3680 2637 3749 2690 ot

2130 2721 2184 2775 in
2215 2721 2405 2775 eodem
2437 2716 2548 2775 Deo
2577 2716 2794 2775 Christo
2816 2728 3059 2790 paternae
3090 2718 3387 2774 divinitatis
3412 2719 3743 2776 crederetur

2126 2810 2423 2879 aequalitas.
2460 2808 2587 2864 Ideo
2628 2809 2788 2878 igitur
2825 2809 2989 2863 dicit:
3028 2807 3153 2863 Noli
3193 2827 3274 2877 me
3312 2794 3560 2882 tangere,
3612 2813 3750 2884 quia

2130 2896 2356 2956 nondum
2386 2900 2597 2956 ostendi
2626 2901 2695 2955 ad
2726 2898 2940 2957 Patrem
2973 2918 3162 2965 meum,
3205 2903 3331 2973 quia
3370 2902 3538 2958 Maria
3576 2904 3750 2974 Μιξ-

2130 2990 2322 3047 dalene
2343 2984 2581 3046 nondum
2619 2980 2764 3046 Patri
2790 2985 3053 3061 aequalem
3076 2990 3354 3063 credebat,
3379 3008 3542 3063 quem
3582 2995 3750 3050 velut

2131 3085 2452 3139 exstinctum
2476 3083 2705 3139 feminea
2729 3085 2931 3154 pietate
2946 3083 3259 3154 plangebat.
3290 3084 3430 3151 Quid
3451 3095 3534 3141 est
3553 3088 3711 3143 enim
3728 3105 3747 3142 :

2135 3170 2264 3230 Noli
2307 3192 2388 3229 me
2414 3184 2629 3245 tangere
2653 3217 2668 3242 ,
2718 3164 2949 3229 nondum
2976 3175 3113 3229 enim
3156 3174 3366 3229 escendi
3407 3177 3477 3229 ad
3514 3174 3752 3233 Patrem

2056 3287 2102 3352 ε
2134 3273 2324 3332 meum,
2349 3266 2469 3331 nisi,
2498 3258 2615 3319 Noli
2644 3260 2753 3319 huc
2783 3263 2836 3352 in
2864 3278 2951 3352 me
2979 3270 3189 3318 tantum
3220 3263 3442 3321 credere
3465 3266 3614 3336 quod
3638 3284 3751 3338 pu-

2139 3363 2221 3410 tas
2246 3398 2261 3423 ,
2307 3350 2414 3409 noli
2439 3354 2545 3409 hoc
2584 3356 2635 3408 in
2666 3346 2828 3408 corde
2854 3347 3072 3408 ﬁrmare
3116 3354 3260 3424 quod
3288 3356 3569 3411 mstimas?
3608 3359 3750 3427 quia

2138 3448 2375 3518 quandiu
2406 3447 2458 3500 in
2489 3462 2576 3501 me
2606 3442 2695 3499 illa
2727 3452 2936 3500 tantum
2964 3461 3085 3517 quae
3116 3454 3243 3501 sunt
3271 3448 3450 3503 carnis
3478 3451 3750 3517 attemlis,

2138 3539 2501 3610 aequalitatem
2535 3552 2710 3591 meam
2741 3551 2864 3590 eum
2896 3534 3055 3591 Patre
3082 3553 3190 3593 non
3225 3537 3413 3592 sentis.
3454 3536 3518 3592 Et
3546 3555 3751 3597 revera

2141 3630 2376 3685 nondum
2408 3622 2510 3682 illis
2538 3620 2787 3682 Christus
2816 3622 2970 3698 103
3000 3627 3246 3683 ascendit
3275 3627 3340 3682 ad
3364 3624 3614 3695 Patrem,
3642 3631 3749 3701 qui

2142 3718 2286 3774 Patri
2316 3716 2509 3773 Filium
2541 3734 2649 3773 non
2679 3712 3005 3773 conﬁtentur
3027 3718 3310 3787 mqualem.
3349 3717 3751 3777 Festinandum

2143 3811 2324 3878 itaque
2352 3818 2453 3873 est,
2490 3820 2546 3863 ut
2578 3806 2944 3878 unusquisque
2965 3800 3351 3879 perfectionem
3379 3817 3436 3864 et
3455 3812 3751 3884 veritatem

2143 3901 2393 3955 humanm
2423 3909 2627 3955 natura:
2671 3901 2724 3955 in
2756 3899 2848 3955 Dei
2878 3892 3019 3955 Filio
3042 3890 3270 3955 credens
3293 3940 3311 3966 ,
3361 3908 3615 3971 tanquam
3648 3920 3750 3974 pe-

2143 3993 2241 4049 des
2267 3991 2464 4049 Christi
2489 4001 2670 4049 teneat
2694 4036 2710 4063 ,
2753 3992 3104 4064 ejusdemque
3124 3992 3245 4048 Filii
3274 3992 3342 4049 de
3365 3994 3527 4049 Patre
3557 4005 3749 4052 natam

2145 4085 2504 4140 substantiam
2530 4084 2782 4148 fateatur,
2814 4094 2873 4138 ut
2899 4078 2974 4137 illi
3002 4080 3251 4140 Christus
3271 4083 3337 4138 ad
3361 4083 3576 4140 Patrem
3598 4127 3614 4152 ,
3648 4103 3751 4158 per

2147 4170 2512 4246 mquaiilatem
2547 4170 2806 4228 naturalis
2828 4170 3146 4240 divinitatis,
3176 4172 3450 4229 ascendat.
3492 4174 3629 4240 Quid
3663 4184 3750 4232 est

2148 4265 2291 4318 enim
2319 4280 2333 4316 :
2368 4261 2619 4318 Nondum
2644 4260 2854 4316 ascendi
2878 4260 2947 4315 ad
2970 4254 3183 4316 Patrem
3212 4278 3409 4326 meum,
3440 4264 3572 4329 nisi,
3608 4267 3751 4323 intra

2149 4354 2364 4410 Patrem
2392 4354 2668 4408 existimas
2691 4392 2708 4417 ,
2738 4365 2898 4421 quem
2931 4359 3208 4407 mortuum
3242 4352 3468 4423 ploras?
3516 4352 3582 4406 Et
3613 4356 3748 4422 quid

2151 4452 2234 4501 es‘t
2262 4464 2274 4500 :
2311 4442 2441 4499 Noli
2468 4454 2549 4497 m'e
2577 4450 2816 4515 tangere,
2842 4438 2975 4507 Nisi,
3008 4442 3117 4497 noli
3148 4442 3201 4497 in
3232 4458 3298 4499 eo
3336 4442 3461 4498 ﬁdei
3489 4452 3592 4498 tua:
3622 4460 3748 4501 mo-

2151 4552 2266 4594 tum
2290 4539 2564 4593 statuere?
2586 4535 3023 4606 Quotiescunque
3052 4536 3196 4590 enim
3224 4536 3477 4592 volumus
3500 4539 3751 4608 quolibet

463 4632 574 4686 nim.
614 4629 740 4685 Prw
768 4631 951 4685 timore
978 4640 1149 4685 autem
1176 4631 1543 4703 ἠυθέμενῆιῦ
1565 4640 1685 4687 sunt
1703 4630 1940 4685 custodes
1958 4672 1974 4698 ,
2000 4637 2051 4684 et
2077 4666 2134 4729 Β
2152 4628 2397 4683 membro
2422 4625 2624 4697 aliquid
2653 4633 2873 4693 tangere
2890 4668 2906 4694 ,
2938 4625 3041 4681 nisi
3066 4625 3307 4696 ejusdem
3334 4629 3560 4685 membri
3584 4630 3747 4688 ﬁnie-

467 4723 591 4798 [σοιὶ
620 4731 742 4777 sunt
772 4723 908 4778 velut
930 4722 1023 4793 (al.
1058 4724 1216 4797 sicut)
1242 4728 1456 4782 mortui.
1503 4723 1841 4797 Respondeas
1877 4731 2049 4777 autem
2078 4716 2124 4729 “’
2154 4722 2323 4776 rimus
2347 4724 2551 4773 motum
2576 4761 2591 4785 ,
2646 4735 2751 4774 non
2793 4716 3021 4774 dicimus
3052 4728 3253 4777 tactum
3279 4740 3293 4775 :
3345 4722 3529 4778 tandiu
3563 4736 3749 4781 autem

466 4814 679 4886 angelus
702 4806 840 4870 dixit
867 4817 1203 4874 audiemus:
1236 4816 1415 4875 Nolite
1435 4820 1611 4873 timere
1630 4832 1718 4873 vos
1740 4832 1757 4871 :
1787 4817 1893 4871 scio
1912 4816 2053 4869 enim

466 4905 604 4979 quod
629 4905 827 4974 Iesum,
853 4909 942 4981 qui
970 4910 1251 4981 cruci/inus
1278 4917 1374 4975 est,
1406 4909 1676 4979 (tuleritis,-
1703 4922 1807 4961 non
1826 4912 1906 4960 est
1926 4905 2007 4959 hic
2030 4921 2051 4959 :

468 4997 693 5051 surrexit
711 4998 870 5066 «sint,
892 5000 1026 5054 siem
1041 5000 1176 5054 dicit
1197 5017 1216 5066 ;
1238 5000 1430 5065 uenite,
1459 5000 1633 5056 uidete.
1662 4997 1831 5051 locum
1851 4996 1938 5049 ubi
1960 5012 2054 5066 ρο·
2083 5040 2097 5059 .

469 5093 599 5146 situs
628 5098 743 5146 erat
772 5089 1048 5149 Dominus.
1098 5092 1169 5146 Et
1194 5093 1297 5147 cito
1324 5099 1502 5145 euntes
1528 5130 1544 5155 ,
1585 5090 1743 5145 dicite
1783 5087 2055 5159 discipulis

472 5182 583 5253 ejus
618 5185 740 5255 quia
774 5187 1044 5251 surrexit;
1094 5193 1145 5238 et
1182 5192 1300 5238 ecce
1340 5181 1588 5252 prtecedit
1637 5180 1731 5251 (al.
1776 5179 2052 5254 prlecedet)

474 5289 561 5328 uos
582 5274 641 5328 in
665 5273 980 5331 Gatilteam:
1016 5274 1092 5330 ibi
1119 5286 1235 5328 eum
1268 5271 1520 5327 videmus.
1574 5269 1712 5327 Ecce
1748 5271 1863 5327 dixi
1891 5270 2056 5328 vobis.

474 5360 545 5416 Et
571 5364 809 5419 exierunt
844 5368 947 5421 cito
983 5363 1046 5417 de
1070 5367 1400 5415 monumento
1434 5370 1552 5415 eum
1573 5361 1759 5416 timore
1785 5368 1836 5416 et
1870 5361 2063 5433 gaudio

475 5470 684 5527 magno,
714 5466 973 5513 currentes
1000 5450 1249 5507 nuntiare
1274 5450 1545 5522 discipulis
1571 5453 1704 5524 ejus.
1736 5449 1808 5508 Et
1844 5468 1957 5509 ecce
1976 5452 2067 5509 Je-

477 5560 565 5600 sus
597 5548 821 5602 occurrit
855 5542 962 5599 illis
984 5580 1003 5608 ν
1038 5540 1258 5596 dicens:
1296 5541 1473 5598 Aucte.
1518 5543 1640 5600 ιιιω
1675 5550 1849 5599 autem
1894 5560 2068 5599 acces-

550 5728 577 5757 ι
605 5719 684 5775 Ita
707 5718 836 5795 e_diti
861 5734 876 5785 ;
904 5723 959 5771 at
982 5730 1084 5795 ms.
1107 5715 1304 5795 _Corb.,
1332 5728 1437 5776 non
1467 5721 1665 5795 fuit‘est
1683 5728 1885 5789 et.non,
1912 5721 2065 5794 juxta

483 5796 692 5865 testam
987 5792 1078 5844 οὐκ
1099 5791 1290 5865 ryllis-ro
1314 5797 1398 5848 ναὶ
1424 5788 1507 5850 κάξ
1535 5792 1613 5849 οὔ.

481 5904 536 5981 ὦ
552 5858 870 5987 ιέἆὲεεὲῗείι.
900 5875 915 5926 ;
948 5866 1001 5914 at
1028 5858 1140 5918 ms.’
1162 5860 1328 5919 Corb.
1352 5874 1452 5921 nec
1474 5874 1584 5920 non
1609 5860 1801 5920 Colon.
1836 5871 1889 5920 et
1913 5861 2062 5929 Ant.,

2158 4812 2458 4867 membrum
2511 4810 2639 4865 illud
2689 4827 2909 4867 necesse
2950 4821 3036 4867 est
3068 4828 3425 4880 moveamus,
3472 4815 3648 4873 donec
3678 4818 3749 4873 ad

2157 4921 2309 4969 rem,
2358 4910 2518 4973 quam"
2547 4904 2793 4960 volumus
2817 4914 3068 4977 tangere,
3108 4907 3388 4962 veniamus
3415 4942 3433 4973 ,
3478 4918 3501 4945 ε
3527 4911 3753 4967 ulterius

2160 5004 2339 5050 autem
2368 5002 2574 5050 mo’tum
2605 4990 2830 5051 membri
2861 5013 2967 5051 non
2997 4998 3336 5067 porrigimus,
3369 5011 3651 5072 postquam
3684 5003 3750 5056 ad

2160 5095 2361 5141 tactum
2389 5086 2653 5154 integrum
2682 5087 3011 5143 venerimus.
3051 5087 3143 5143 Sic
3162 5096 3219 5143 et
3242 5089 3405 5145 animi
3435 5092 3605 5146 nostri
3637 5106 3748 5145 llr-:-

2166 5185 2279 5231 tum
2310 5176 2418 5232 illic
2448 5176 2750 5241 statuimus,
2782 5176 2925 5247 quod
2956 5177 3008 5232 in
3039 5178 3205 5234 corde
3234 5189 3419 5236 nostro
3440 5180 3759 5237 credulitate

2168 5265 2461 5321 ﬁrmamus.
2522 5256 2754 5322 Proinde
2779 5309 2795 5335 ,
2843 5267 2888 5322 si
2917 5282 3038 5337 qua:
3066 5268 3226 5341 digna
3255 5280 3311 5328 et
3338 5287 3573 5343 congrua
3610 5280 3756 5338 sunt,

2169 5356 2456 5413 credamus
2504 5356 2572 5414 dc
2619 5359 2874 5427 Christo,
2959 5368 3088 5416 tunc
3148 5344 3415 5432 tangimus
3461 5364 3756 5418 Christum.

2170 5450 2420 5522 Quisquis
2449 5461 2627 5508 autem
2652 5451 2750 5508 Dei
2772 5452 2992 5519 Filium,
3017 5456 3314 5513 secundum
3342 5456 3576 5510 divinam
3594 5464 3757 5509 natu-

2171 5559 2288 5598 ram
2311 5585 2326 5609 ,
2360 5544 2620 5615 :equalcm
2648 5535 2793 5598 Patri
2825 5561 2931 5601 non
2956 5546 3163 5613 credit,
3198 5546 3432 5602 nondum
3465 5547 3536 5601 illi
3568 5547 3634 5601 ad
3664 5545 3761 5599 Pa-

2253 5734 2274 5762 ε
2306 5723 2386 5808 ita
2407 5723 2535 5779 editi
2561 5730 2662 5808 ;‘at
2691 5737 2798 5808 ms;
2824 5723 2992 5808 Corb.
3021 5736 3081 5808 et
3101 5730 3283 5808 textus
3319 5726 3536 5784 Crmcus
3560 5714 3579 5794 ,
3623 5728 3763 5799 ideo,

2178 5805 2228 5849 et
2252 5812 2343 5863 per
2366 5796 2535 5876 ipsum
2562 5795 2721 5850 Amen
2752 5795 2860 5853 Deo
2892 5797 2960 5851 (ul
2981 5800 3200 5870 gloriam
3225 5807 3476 5856 nostram.

2250 5866 2275 5903 ά
2304 5864 2401 5920 Ms.
2433 5865 2660 5932 Victor.,
2687 5865 2974 5922 admonuit.

2252 5946 2272 5974 ⁸
2300 5934 2397 5992 Ms.
2421 5934 2608 6004 Corb.,
2638 5938 2869 5992 alterius.
