4120 6536
221 458 226 461 ’
266 481 370 542 26!

1525 461 1616 518 AD
1653 453 2152 514 TRASIMUNDUM
2189 454 2317 511 LIB.
2358 454 2423 510 11.

3463 461 3648 526 26!.

271 605 418 655 trem
439 591 685 652 Christds
711 581 981 651 ascendit;
1005 585 1061 638 et
1087 579 1173 637 cui
1200 566 1369 634 Filius
1395 589 1506 630 non
1536 572 1778 630 ascendit
1805 569 1873 625 ad
1902 578 1943 637 Α
1978 571 2167 627 licetur
2195 585 2388 626 nomen
2419 576 2591 632 tuum,
2624 585 2727 624 non
2751 569 2886 642 quod
2912 577 3141 642 optemus
3163 563 3273 630 Deo
3296 582 3351 629 ut
3373 580 3570 634 sancti-

270 690 526 752 Patrem,
579 679 834 750 tangendi
862 675 1134 731 Christum
1161 685 1272 726 non
1302 667 1498 738 accipit
1527 664 1871 719 facultatem:

272 782 354 838 illi
378 786 569 834 autem
597 788 724 832 vere
743 767 910 828 Filius
934 764 1179 824 ascendit
1207 761 1275 818 ad
1303 763 1537 826 Patrem,
1563 759 1654 830 qui
1682 755 1878 811 Filium

273 869 430 925 Patri
459 863 748 936 aequalem,
775 854 1220 928 sempiternitatis
1246 863 1302 908 et
1328 847 1705 906 immensitatis
1735 845 1880 917 pari-

271 961 433 1016 litate
471 935 580 1013 non
610 951 831 1021 ambigit
851 992 867 1020 ,
914 953 976 1004 ut
1004 946 1196 1002 Filium
1226 943 1395 999 Deum
1419 983 1434 1009 ,
1483 940 1551 996 de
1580 939 1693 994 Deo
1720 935 1879 992 Patre

274 1047 605 1108 naturaliter
631 1043 871 1115 genitum
894 1081 909 1107 ,
939 1052 1042 1094 nec
1068 1035 1429 1107 posteriorem
1457 1031 1723 1096 aestimet,
1777 1043 1882 1094 nec

272 1139 554 1193 minorem
579 1152 593 1188 :
622 1135 747 1204 quia
774 1145 882 1187 non
905 1127 1150 1199 aequalis,
1179 1127 1224 1183 si
1246 1125 1423 1179 minor
1453 1123 1742 1187 immenso,
1775 1133 1879 1174 nec
1918 1137 1921 1139 ·
1957 1128 1962 1134 ·

274 1234 595 1283 coaeternus
616 1228 636 1287 ,‘
660 1225 708 1279 si
735 1221 1007 1293 posterior
1033 1218 1365 1288 sempiterno
1391 1232 1405 1282 ;
1441 1223 1668 1283 uterque
1697 1219 1879 1267 autem

271 1335 471 1377 sensus
498 1333 531 1372 a
560 1315 759 1372 Christi
791 1321 936 1370 tactu
960 1317 1195 1383 separat,
1225 1310 1350 1382 quia
1372 1321 1481 1363 non
1512 1315 1757 1376 exaequat
1779 1303 1882 1360 Pa-

274 1411 346 1466 tri
376 1408 601 1475 Filium,
631 1407 726 1461 sed
753 1405 1006 1460 minorat.
1045 1399 1365 1471 Huiusmodi
1394 1410 1574 1454 autem
1603 1397 1762 1467 digne
1785 1411 1881 1451 au-

271 1502 408 1558 dita
428 1498 689 1557 Christo:
722 1496 854 1553 Noti
879 1511 962 1552 me
987 1503 1215 1568 tangere,
1245 1492 1478 1548 nondum
1503 1491 1640 1546 enim
1669 1489 1882 1544 ascendi
1929 1488 1931 1490 ’

272 1593 346 1648 ad
376 1593 602 1647 Patrem
627 1607 818 1646 meum.
867 1588 1120 1659 Quisquis
1161 1587 1306 1643 enim
1339 1593 1563 1654 tangere
1602 1581 1878 1639 Christum

275 1700 389 1741 non
420 1684 646 1750 sinitur,
676 1683 744 1737 ab
768 1682 886 1752 ejus
913 1678 1100 1752 utique
1128 1693 1358 1749 corpore
1382 1684 1701 1748 separatur;
1734 1675 1880 1744 quod

274 1782 360 1832 est
388 1783 579 1830 autem
601 1789 798 1844 corpus
820 1771 1041 1834 Christi,
1066 1771 1167 1826 nisi
1187 1769 1426 1826 Ecclesia
1453 1765 1699 1823 Christi?
1728 1763 1882 1821 Unde

273 1867 607 1937 intelligitur
626 1867 775 1936 quia,
805 1864 980 1921 donec
1011 1861 1203 1935 aliquis
1228 1859 1423 1917 Filium
1450 1859 1548 1916 D‘ei
1585 1859 1880 1916 secundum

1980 664 2162 733 ﬁcetur
2184 661 2504 717 orationibus
2533 665 2744 728 nostris,
2794 663 2886 718 sed
2909 665 3046 736 quod
3077 669 3293 737 petimus
3322 669 3386 724 ab
3415 690 3474 727 eo
3513 682 3570 728 ut

1980 773 2164 810 nomen
2185 754 2296 826 ejus
2320 756 2672 825 sattctiﬁcetur
2692 757 2745 809 in
2768 755 2933 810 nobis.
2961 766 2984 792 ιι
3001 756 3251 813 Caeterum
3272 778 3304 815 a
3319 779 3417 833 quo
3429 752 3569 820 Deus

1979 847 2356 918 sanctiﬁcatur,
2385 851 2469 920 qui
2498 849 2607 919 ipse
2631 850 2966 920 sanctiﬁcat?
2996 852 3087 905 sed
3105 854 3227 924 quia
3259 855 3368 925 ipse
3396 858 3569 915 dixit:

1980 934 2163 992 Sancti
2184 943 2377 1005 estote,
2401 939 2525 1008 quia
2548 946 2602 994 et
2629 953 2730 1008 ego
2759 949 2974 995 sanctus
2996 956 3112 996 sum
3137 941 3325 1015 (Levit.
3352 963 3426 1012 χι,
3457 947 3568 1018 at),

1977 1029 2037 1083 id
2063 1031 2300 1100 petimus,
2333 1037 2382 1083 et
2403 1047 2667 1102 rogamus,
2699 1039 2754 1084 ut
2783 1033 2868 1104 qui
2896 1033 2950 1088 in
2982 1031 3233 1105 baptismo
3257 1029 3575 1110 sanctiﬁcati

1981 1139 2174 1187 sumus,
2206 1125 2258 1177 in
2289 1141 2348 1178 eo
2376 1125 2511 1195 quod
2536 1143 2647 1179 esse
2676 1129 2938 1196 coepimus,
2969 1146 3370 1198 perseveremus,
3402 1145 3451 1188 et
3479 1137 3574 1190 ltoc

1980 1213 2204 1283 quotidie
2231 1213 2586 1284 deprecamur.
2621 1215 2762 1286 Opus
2799 1225 2877 1271 est
2904 1219 3040 1272 enim
3081 1219 3227 1276 nobis
3268 1225 3578 1295 quotidiana

1982 1305 2415 1375 sanctiﬁcatione,
2457 1313 2512 1358 ut
2553 1305 2640 1378 qui
2690 1309 2916 1378 quotidie
2962 1311 3329 1384 delinquimus,
3386 1316 3576 1371 delicta

1983 1401 2160 1449 no‘stra
2191 1397 2601 1467 sanctiﬁcatione
2628 1400 2841 1452 assidua
2862 1398 2888 1438 δ
2916 1418 3265 1474 repurgemus.
3289 1405 3345 1460 Si
3376 1406 3470 1476 (al.
3503 1408 3577 1464 si-

1983 1486 2095 1558 cut)
2125 1501 2253 1556 ergo
2283 1485 2678 1544 sanctificantes
2703 1485 2994 1559 Christum,
3026 1510 3125 1550 nos
3154 1498 3571 1566 sanctilicamur,

1983 1587 2038 1635 et
2049 1591 2241 1635 nomen
2257 1581 2352 1635 Dei
2373 1579 2697 1636 sanctiﬁcari
2712 1591 3018 1652 poscentes,
3037 1601 3137 1640 nos
3152 1586 3354 1642 donum
3375 1591 3576 1645 sancti-

1985 1671 2244 1729 licationis
2265 1674 2576 1756 accipimus,
2605 1689 2701 1729 cur
2717 1674 3021 1732 exultantes
3041 1675 3230 1745 Deum,
3262 1696 3366 1736 non
3395 1682 3576 1750 potius

1984 1781 2081 1819 nos
2111 1780 2206 1836 per
2227 1765 2588 1833 intelligentia!
2609 1763 2911 1835 profectum
2947 1767 3172 1822 exaltari
3209 1778 3231 1806 ε
3257 1769 3576 1826 credamus?

1984 1854 2137 1922 Quod
2175 1857 2219 1910 si
2260 1853 2426 1909 Deum
2465 1855 2784 1924 exultantes,
2816 1870 2916 1910 nos
2941 1857 3119 1927 potius
3149 1859 3450 1914 exaltamur
3479 1861 3572 1932 (al.

273 1959 518 2016 divinam
543 1957 898 2014 substantiam
920 1955 1183 2026 aequalem
1205 1967 1314 2009 non
1336 1951 1508 2009 credit
1525 1949 1692 2018 Patri,
1717 1965 1882 2005 mem-
1911 1961 1958 2024 Β
1985 1946 2326 2014 exaltamus),
2348 1946 2594 2001 similiter
2621 1962 2742 2001 cum
2786 1947 2938 2002 nobis
2982 1948 3168 2004 venire
3214 1950 3428 2018 dicitur,
3477 1945 3575 2008 ἠο..

271 2053 386 2110 bris
414 2050 628 2108 Christi
673 2063 772 2121 per
817 2057 1022 2106 tactum
1070 2047 1192 2104 ﬁdei
1243 2061 1352 2102 non
1380 2051 1571 2117 potest
1595 2044 1876 2116 copulari;

271 2145 365 2201 ille
392 2155 586 2200 autem
630 2141 884 2199 dominici
924 2139 1170 2212 corporis
1213 2145 1362 2194 tenet
1390 2136 1636 2208 profecto
1662 2151 1882 2206 compa-

271 2251 419 2306 gem,
441 2235 541 2292 cui
568 2233 735 2290 Filius
755 2232 995 2289 ascendit
1022 2231 1088 2286 ad
1123 2229 1373 2296 Patrem;
1401 2229 1477 2284 illi
1507 2235 1689 2283 autem
1713 2225 1884 2283 Filius

271 2330 531 2387 ascendit
555 2329 622 2384 ad
643 2327 878 2393 Patrem,
907 2327 999 2397 qui
1027 2325 1283 2381 deitatem
1296 2322 1417 2378 Filii
1438 2319 1711 2379 DeoPatri
1743 2318 1880 2375 fate.

271 2430 362 2477 tur
405 2420 703 2493 aequalem.
745 2416 1028 2473 Manifesta
1075 2417 1257 2486 itaque
1304 2414 1477 2469 claret
1505 2426 1602 2483 per
1636 2411 1783 2465 illum
1812 2409 1883 2465 ad

272 2511 492 2567 Patrem
553 2523 840 2566 ascensum
876 2505 1038 2573 Filii,
1089 2513 1288 2560 nostrae
1347 2503 1527 2574 potius
1563 2501 1881 2572 "profectum

271 2603 395 2659 ﬁdei
433 2601 829 2667 demonstrari,
875 2613 975 2655 nos
1023 2597 1166 2653 enim
1207 2607 1331 2653 eum
1377 2591 1780 2666 quodammodo
1829 2595 1883 2650 in

269 2695 474 2750 nostris
511 2693 766 2748 cordibus
787 2691 1113 2757 exultamus,
1141 2689 1357 2759 quando
1387 2689 1464 2743 sic
1493 2689 1545 2743 in
1577 2688 1695 2757 ejus
1726 2688 1884 2743 intel-

275 2788 508 2857 ligentia
537 2786 851 2849 crescimus,
885 2791 944 2838 ut
972 2783 1042 2838 de
1067 2783 1179 2847 illo,
1212 2788 1470 2850 tanquam
1499 2780 1567 2835 de
1589 2779 1703 2836 Deo
1726 2795 1878 2845 vero,

277 2893 396 2950 quas
425 2880 628 2934 divinae
655 2875 963 2932 celsitudini
1001 2874 1095 2947 (at.
1128 2873 1313 2928 divina
1343 2871 1689 2943 celsitudine)
1721 2871 1882 2940 digna

277 2975 407 3026 sunt
433 2968 758 3038 cogitemus.
1800 2982 1803 2983 ν

348 3082 534 3140 CAPUT
587 3097 695 3136 xw.
743 3079 882 3146 Quid
921 3083 988 3135 sit
1028 3079 1194 3134 Deum
1233 3079 1485 3134 exaltare.
1541 3077 1678 3143 Quid
1717 3080 1787 3133 sit

909 3151 1261 3224 sanctiﬁcare.

351 3246 433 3300 Ad
462 3245 610 3300 hanc
638 3259 738 3299 nos
777 3242 874 3298 Dei
898 3243 1286 3298 exaltationem
1315 3242 1485 3297 David
1513 3248 1733 3297 sanctus
1762 3240 1886 3295 hor-

1931 2049 1936 2052 '
1984 2046 2150 2092 strum
2180 2037 2480 2107 profectum
2510 2038 2768 2092 debemus
2792 2037 3033 2106 credere,
3062 2039 3116 2094 in
3145 2055 3210 2095 eo
3233 2042 3377 2110 quod
3409 2058 3469 2097 se
3496 2044 3580 2098 die

1982 2129 2106 2184 vina
2135 2129 2388 2200 majestas
2418 2130 2616 2186 nostris
2640 2129 2892 2200 dignatur
2915 2125 3167 2188 cordibus
3195 2135 3456 2190 revelare.

1984 2268 2165 2339 Caput
2205 2283 2295 2323 xv.
2329 2265 2600 2339 Quomodo
2639 2286 2672 2322 a
2713 2267 2923 2339 Christo
2968 2270 3130 2339 unus
3173 2272 3324 2339 exiit,
3361 2271 3582 2328 mttere

2054 2338 2315 2411 ﬁmbriam
2343 2337 2452 2410 ejus
2483 2347 2744 2411 tangente.
2773 2338 3040 2411 Quomodo
3061 2337 3473 2410 Christusnest
3501 2360 3582 2398 se-

2057 2409 2168 2494 nire
2196 2409 2528 2494 dicitur-tau:
2549 2409 2602 2494 in
2629 2410 2860 2494 propria.
2884 2409 3125 2494 .Spiritus
3151 2409 3363 2468 sanctus
3385 2430 3582 2487 quoque

2053 2483 2332 2536 immensus
2353 2487 2448 2534 est.
2483 2479 2610 2533 Tota
2631 2479 2861 2535 Trinitas
2879 2479 3148 2537 immensa.

2056 2589 2188 2650 Nam
2219 2595 2265 2651 si
2305 2589 2470 2649 Filius
2501 2593 2594 2649 Dei
2631 2593 2699 2648 ad
2738 2585 3036 2650 noslocali
3083 2603 3235 2652 motu
3281 2595 3578 2664 descendit,
3611 2581 3622 2589 ’

1986 2690 2230 2746 localiter
2276 2689 2345 2744 de
2392 2689 2485 2746 illo
2513 2689 2688 2769 virtus
2731 2689 2897 2743 exivit
2933 2707 2945 2741 :
2979 2705 3100 2745 cum
3143 2689 3285 2745 enim
3333 2690 3581 2760 quazdam

1986 2783 2198 2847 mulier,
2234 2783 2284 2836 in
2319 2781 2582 2852 proﬂuvio
2625 2781 2899 2849 sanguinis
2945 2782 3236 2838 constituta
3269 2779 3418 2854 (Luc.
3468 2799 3580 2850 Vill,

1987 2871 2057 2927 45
2080 2880 2128 2926 et
2158 2873 2313 2944 seq.),
2347 2871 2692 2927 facultatibus
2738 2871 3049 2942 viribusque
3077 2875 3434 2945 consumptis,
3461 2891 3581 2930 om-

1989 2964 2075 3017 nia
2107 2979 2224 3032 qum
2248 2963 2432 3016 habuit
2460 2971 2683 3032 propter
2710 2962 3074 3018 inﬁrmitatem
3104 2963 3300 3029 ﬁniret,
3325 2973 3378 3021 et
3412 2966 3582 3023 solum
3628 2957 3631 2959 ’

1991 3055 2378 3120 inﬁrmitatem,
2413 3071 2572 3134 quam
2604 3054 2805 3108 habere
2845 3055 3036 3121 nollet,
3064 3054 3215 3110 ﬁnire
3240 3073 3348 3112 non
3379 3067 3582 3128 posset,

1990 3147 2198 3216 datque
2239 3163 2266 3200 a
2309 3146 2516 3202 scelesti
2564 3145 2774 3200 medico
2814 3147 2983 3215 gratis
3030 3148 3208 3202 curari
3251 3148 3583 3215 desiderans,

1991 3241 2202 3296 occulte
2251 3239 2514 3294 fimbriam
2548 3249 2795 3307 tangens,
2846 3239 2989 3294 lideii
3021 3249 3178 3311 raptu
3207 3241 3454 3296 sanitatis
3484 3241 3584 3299 sibi

279 3344 446 3402 tatur,
469 3337 656 3392 dicens
682 3352 694 3387 :
727 3333 976 3389 Exaltate
1008 3332 1292 3389 Dominum
1322 3325 1490 3386 Deum
1530 3338 1787 3396 nostrum,
1831 3338 1882 3384 et
1909 3327 1957 3399 (Ζ
1986 3331 2260 3387 fut-aretur
2279 3331 2550 3399 ell'ectum,
2574 3332 3008 3387 illecredulilatis
3029 3335 3276 3389 conscius
3296 3339 3352 3389 et
3373 3334 3582 3401 salutis,

279 3427 499 3481 adorata
527 3424 807 3478 scabettum
834 3423 1020 3494 pedum
1049 3423 1181 3494 ejus,
1227 3421 1476 3492 quoniam
1512 3429 1751 3474 sanctum
1785 3430 1880 3474 est.

281 3517 456 3588 (Psat.
495 3530 689 3577 xcvut,
723 3511 797 3584 ὅ).
825 3512 893 3567 Et
921 3513 1084 3584 paulo
1113 3522 1238 3583 post
1270 3529 1284 3566 τ
1318 3506 1571 3568 Exaltate
1603 3513 1887 3568 Dominum

282 3608 454 3664 Deum
481 3617 718 3662 nostrum
735 3645 750 3671 ,
777 3615 826 3660 et
853 3606 1068 3660 adorata
1105 3607 1162 3659 in
1197 3614 1370 3660 monte
1392 3615 1576 3660 sancto
1604 3607 1735 3678 ejus.
1769 3623 1890 3678 quo-

281 3703 432 3756 niam
465 3707 676 3754 sanctus
713 3698 969 3752 Dominus
996 3696 1140 3750 Deus
1179 3706 1357 3751 noster
1406 3697 1600 3768 (Ibid.,
1631 3699 1706 3770 9).
1749 3698 1890 3765 Quid

280 3801 370 3848 est
396 3798 582 3844 autem
605 3789 849 3851 exaltare
868 3787 1179 3852 Dominum,
1205 3788 1306 3843 nisi
1327 3801 1446 3856 qua:
1463 3789 1720 3844 altissima
1741 3800 1886 3856 sunt,

280 3884 350 3938 de
365 3880 631 3936 altissimo
653 3879 876 3936 credere
887 3880 911 3934 ἲ
922 3876 1038 3934 Hoc
1053 3885 1136 3933 est
1151 3878 1338 3947 utique
1359 3880 1414 3933 in
1440 3888 1623 3936 monte
1639 3882 1886 3946 adorare,

283 3983 344 4027 ut
354 3985 483 4029 eum
497 3971 566 4028 de
578 3971 690 4026 Deo
701 3971 1018 4038 cogitamus,
1037 3968 1169 4023 nihil
1183 3969 1250 4023 de
1264 3967 1356 4024 illo
1370 3968 1576 4025 humile
1587 3971 1886 4042 sapiamus:

281 4065 440 4120 sicin
467 4062 624 4119 nobis
649 4074 782 4117 vero
809 4061 966 4132 104.
987 4059 1274 4126 exaltatur,
1301 4057 1518 4129 quando
1534 4076 1656 4117 eum
1685 4062 1892 4116 exalta-

285 4171 428 4220 mus.
445 4170 572 4212 cum
593 4156 663 4212 sit
677 4155 794 4226 ipse
809 4167 1027 4223 semper
1048 4140 1362 4218 altissimus;
1375 4153 1515 4208 sicut
1529 4154 1582 4208 in
1596 4153 1748 4209 nobis
1767 4169 1892 4209 san-

282 4247 577 4312 etilicatur,
589 4245 808 4317 quando
824 4258 948 4300 eum
968 4242 1390 4310 sanctiﬁcamus,
1405 4258 1527 4300 cum
1545 4260 1760 4316 semper
1779 4246 1895 4317 ipse

288 4348 510 4395 maneat
544 4341 786 4395 sanctus.
837 4337 971 4392 Nam
1001 4335 1193 4391 beatus
1235 4333 1430 4391 Petrus
1468 4337 1723 4393 admonet
1771 4354 1892 4408 nos,

287 4432 503 4486 dicens:
533 4430 812 4484 Dominum
831 4441 950 4482 vero
979 4425 1243 4480 Christum
1281 4426 1611 4498 sanctiﬁcata
1638 4428 1692 4481 in
1720 4427 1893 4482 cordi-

287 4529 385 4574 ius
407 4519 589 4575 vestris
618 4516 675 4589 (1
704 4517 849 4571 Petr.
881 4531 956 4581 ιιι,
987 4513 1099 4587 15);
1129 4516 1255 4584 quid
1287 4524 1370 4572 est
1412 4525 1595 4573 autem
1621 4517 1893 4574 Christum

290 4611 652 4678 sanctiﬁcare,
669 4609 769 4663 nisi
791 4608 860 4662 de
877 4607 1096 4661 Christo
1118 4621 1239 4676 quze
1262 4615 1445 4662 sancta
1467 4614 1594 4663 sunt
1621 4609 1894 4676 cogitare?

1990 3429 2065 3478 ait
2095 3443 2106 3476 :
2144 3423 2331 3494 Tetigit
2359 3440 2437 3477 me
2466 3424 2692 3496 aliquis:
2719 3435 2840 3476 nam
2869 3440 2962 3494 ego
2991 3425 3109 3478 novi
3139 3425 3376 3479 virtutem
3406 3426 3470 3478 de
3503 3442 3585 3479 me

1989 3517 2175 3569 exisse.
2210 3514 2346 3581 Quid
2373 3515 2532 3582 igitur
2558 3514 2669 3591 tunc
2697 3514 2865 3567 virtus
2893 3527 3011 3582 quae
3041 3513 3106 3568 de
3127 3513 3356 3568 Domino
3385 3509 3585 3568 eiivit?

1992 3609 2229 3680 nunquid
2285 3607 2533 3663 exeundo
2582 3606 2865 3662 discessit?
2908 3623 2975 3660 an
3028 3607 3093 3661 ad
3151 3607 3451 3663 sanandam
3511 3607 3587 3664 sic

1992 3702 2176 3756 exiens
2206 3699 2376 3768 potuit
2401 3699 2705 3768 pervenire,
2741 3705 2796 3752 ut
2828 3715 2858 3751 a
2883 3697 3165 3752 Salvatorc
3197 3698 3441 3752 localiter
3481 3714 3587 3754 non

1993 3795 2174 3861 posset
2197 3791 2380 3844 exire?
2407 3787 2564 3854 Quod
2613 3788 2657 3842 si
2686 3787 2934 3843 localiter
2959 3787 3026 3840 ab
3056 3802 3141 3853 eo,
3175 3787 3266 3856 qui
3297 3787 3467 3841 virtus
3508 3787 3588 3841 di-

1993 3883 2153 3944 citur,
2187 3883 2355 3934 virtus
2377 3880 2565 3945 exivit,
2597 3878 2806 3932 dicatur
2835 3877 3067 3948 qualiter
3100 3878 3268 3930 virtus
3310 3893 3340 3930 a
3388 3876 3587 3931 virtute

1995 3973 2283 4029 discessit?
2329 3972 2384 4026 Si
2433 3987 2562 4026 vero
2605 3971 2726 4025 talis
2764 3969 3054 4025 credulitas
3102 3967 3226 4022 ﬁdei
3269 3968 3588 4022 Christiana

1997 4065 2206 4117 videtur
2273 4064 2590 4130 incongrua,
2642 4077 2748 4114 non
2798 4059 2961 4113 alium
3019 4065 3268 4128 putemus
3317 4056 3464 4110 illum
3519 4055 3588 4112 de

1996 4154 2212 4209 Christo
2241 4153 2458 4208 virtutis
2485 4153 2711 4216 exitum,
2750 4149 2902 4222 105
2933 4149 3031 4206 nisi
3063 4148 3254 4204 divinae
3293 4148 3588 4204 curationis

1995 4245 2281 4301 affectum:
2316 4254 2443 4301 tunc
2489 4245 2633 4300 enim
2659 4242 2726 4297 ad
2769 4243 3047 4297 mulierem
3077 4227 3248 4296 virtus
3297 4239 3589 4296 Salvatoris

1997 4341 2180 4404 exivit,
2209 4339 2425 4410 quando
2448 4339 2498 4392 in
2530 4354 2587 4393 se
2611 4337 2866 4392 virtutem
2891 4335 3082 4390 divinae
3111 4334 3403 4390 curationis
3424 4347 3582 4402 agno»

1995 4437 2091 4490 vit.
2127 4433 2214 4488 Sic
2243 4447 2372 4500 ergo
2402 4427 2498 4486 Dei
2527 4430 2714 4493 Filius,
2759 4429 2851 4499 qui
2899 4436 2982 4484 est
3019 4429 3189 4482 virtus
3229 4435 3284 4481 et
3323 4427 3586 4497 sapientia

1995 4527 2111 4593 Dei,
2156 4527 2395 4581 locorum
2425 4532 2640 4579 Creator
2661 4529 2717 4577 et
2764 4529 3088 4592 temporum,
3131 4519 3586 4589 quemadmodum

1997 4632 2208 4691 tempus
2228 4634 2388 4674 omne
2407 4617 2766 4687 sempiternus
2781 4615 3052 4686 praecedit,
3078 4615 3155 4669 sic
3172 4629 3385 4667 omnem
3409 4614 3586 4667 locum

295 4702 424 4768 Quae
453 4701 711 4771 cogitatio
739 4713 848 4754 non
871 4699 1042 4764 illum,
1073 4699 1167 4755 sed
1192 4713 1293 4753 nos
1332 4699 1651 4766 sanctiﬁcat,
1680 4710 1734 4756 et
1761 4716 1888 4756 san-

1995 4714 2290 4768 immensus
2335 4697 2580 4772 excedit;
2623 4708 2716 4777 qui
2759 4707 2914 4762 nobis
2971 4714 3099 4761 tunc
3144 4705 3328 4759 venire
3370 4703 3586 4768 dicitur,

290 4795 580 4850 ctilicando
609 4800 914 4856 conservat,
946 4791 1087 4845 sicut
1113 4789 1373 4845 Salomon
1412 4791 1544 4847 dicit
1574 4811 1587 4845 :
1633 4791 1891 4865 Cogitatio

293 4897 474 4940 sancta
501 4883 722 4941 servabit
754 4893 819 4938 te.
852 4882 972 4952 Ipse
1014 4889 1232 4950 mque
1262 4880 1524 4938 Dominus
1568 4882 1724 4952 jubet
1749 4893 1807 4938 ut
1839 4885 1892 4940 in

295 4979 546 5032 oratione
589 4977 869 5030 dicamus:
903 4972 1272 5043 S‘unctiﬁcetur
1296 4979 1482 5026 nomen
1529 4982 1700 5038 tuum;
1726 4982 1781 5029 et
1810 4981 1893 5030 ta-

298 5083 419 5122 men
473 5070 618 5124 hunc
660 5064 928 5122 orationis
973 5065 1152 5119 locum
1207 5063 1286 5119 sic
1325 5064 1517 5119 beatus
1561 5063 1895 5124 intellexisse

297 5163 638 5230 cognoscitur
659 5159 980 5232 Cyprianus,
1003 5164 1066 5213 ut
1093 5159 1146 5214 iu
1176 5158 1280 5213 hac
1306 5145 1472 5212 divini
1504 5160 1736 5216 nominis
1764 5176 1892 5216 san-

301 5250 647 5320 ctiﬁcatione,
679 5266 786 5308 non
815 5251 985 5308 Deum
1011 5250 1218 5306 diceret
1243 5248 1588 5314 sanctiﬁcari,
1613 5251 1707 5306 sed
1735 5253 1894 5310 nobis

299 5341 499 5400 donum
537 5343 980 5401 sanctiﬁcationis
1026 5341 1222 5399 divinae
1263 5342 1515 5399 conferri.
1557 5341 1618 5398 In
1666 5346 1891 5415 epistola

308 5451 536 5510 namque
558 5442 628 5497 de
649 5440 916 5496 dominica
946 5439 1211 5504 oratione,
1234 5438 1552 5510 quihusdam
1582 5441 1891 5512 praemissis,

308 5525 380 5584 ita
406 5530 678 5602 loduitur:
704 5531 834 5588 Post
852 5532 949 5586 hoc
971 5531 1065 5600 (al.
1097 5531 1348 5604 posthac)
1385 5531 1644 5588 dicimus:
1675 5531 1889 5588 Sancti-

383 5735 408 5770 ι
427 5729 512 5788 Ita”
537 5741 641 5790 ms.
672 5727 833 5790 Cori).
859 5741 913 5788 et
941 5731 1099 5799 editi;
1129 5737 1185 5786 at
1221 5741 1323 5788 ms.
1363 5725 1592 5800 Viden,
1623 5748 1726 5787 non
1755 5749 1890 5806 quoa

316 5799 453 5875 Deus
471 5806 851 5875 sanctiﬁcatur,
882 5814 990 5860 etc.

384 5871 408 5908 δ
440 5873 531 5946 bis.
560 5871 790 5946 Victor.,
814 5892 1104 5946 purgemus.

392 5953 410 5980 ε
432 5942 538 6000 Ms.
570 5945 755 6011 Corb.,
776 5942 1080 6000 'c'retﬁtmur.

1999 4819 2120 4858 cum
2148 4819 2246 4858 nos
2277 4801 2579 4856 illuminare
2606 4798 2876 4867 dignatur.
2915 4796 2992 4852 De
3041 4797 3157 4866 ipso
3187 4809 3421 4865 namque
3457 4794 3586 4848 dicit

2001 4895 2370 4963 evangelista:
2425 4891 2490 4944 In
2537 4889 2730 4944 mundo
2772 4897 2901 4954 erat,
2945 4898 2994 4942 et
3030 4889 3250 4943 mundus
3293 4906 3383 4960 per
3422 4890 3588 4958 ipsum

2003 4985 2096 5057 (al.
2130 4985 2268 5055 eum)
2300 4986 2467 5055 factus
2496 4991 2590 5048 est,
2622 4992 2672 5036 et
2707 4981 2930 5035 mundus
2954 4997 3071 5035 eum
3099 4998 3203 5036 non
3231 4981 3467 5052 cognovit
3488 4995 3506 5032 :
3537 4981 3589 5032 in

2001 5080 2213 5149 propria
2242 5077 2393 5141 venit,
2426 5086 2474 5129 et
2518 5076 2598 5128 sui
2637 5091 2751 5128 eum
2789 5091 2890 5128 non
2943 5084 3261 5146 receperunt.
3308 5071 3593 5138 Quomodo

2003 5171 2165 5239 igitur
2186 5178 2239 5224 et
2267 5170 2316 5222 in
2350 5168 2546 5223 mundo
2578 5167 2743 5223 fuisse
2772 5167 2987 5233 dicitur,
3020 5176 3076 5222 et
3119 5167 3174 5221 in
3201 5163 3455 5219 mundum
3507 5179 3594 5216 vc-

2002 5266 2146 5317 nisse
2187 5260 2467 5315 tinuatur?
2511 5277 2578 5315 an
2624 5260 2751 5315 illud
2783 5269 2866 5316 est
2903 5260 3180 5331 potentiae,
3225 5254 3366 5311 istud
3408 5257 3596 5324 gratia:

1998 5352 2398 5423 deputandum?
2428 5353 2502 5406 lta
2531 5353 2691 5422 plane
2723 5371 2734 5404 :
2767 5351 3059 5407 secundum
3088 5347 3420 5403 divinitatem
3452 5363 3596 5400 nam.

2000 5463 2105 5518 que
2136 5463 2286 5500 suam
2318 5462 2416 5502 nec
2445 5447 2583 5502 casio
2619 5461 2851 5517 unquam
2882 5443 3073 5511 defuit,
3105 5457 3206 5497 nec
3234 5439 3466 5504 inferno,
3499 5455 3598 5494 nec

2002 5537 2244 5592 mundo:
2281 5538 2471 5593 Omnia
2512 5539 2649 5592 enim
2696 5554 2787 5605 per
2839 5538 3007 5603 ipsum
3062 5543 3112 5589 et
3159 5536 3213 5590 in
3265 5535 3379 5602 ipso
3418 5539 3597 5587 creata

2075 5734 2098 5771 ἀ
2136 5737 2258 5792 "me
2289 5739 2468 5802 verba,
2501 5747 2650 5808 atque
2680 5753 2711 5788 a
2752 5736 2940 5809 ctrlesti
2971 5738 3194 5809 _medico
3223 5738 3388 5809 gratis
3415 5745 3586 5809 curart

2005 5806 2324 5873 desiderans,
2355 5811 2549 5863 absunt
2570 5806 2576 5808 ⁷
2597 5820 2627 5859 a
2669 5806 2786 5860 cod.
2838 5821 2936 5860 ms.
2970 5806 3506 5874 Viﬂotqlraben‘tnr
3536 5807 3586 5858 in

1998 5879 2206 5933 ceteris
2236 5880 2418 5946 codd.,
2444 5878 2564 5932 edd».
2597 5887 2653 5932 et
2677 5893 2775 5931 ms.
2809 5877 2971 5933 Corb.
