4068 6458
1426 504 1515 560 AD
1552 505 2047 564 TRASIMUNDUM
2087 508 2212 562 LIB.
2253 502 2319 562 ll.

3416 508 3521 566 266

252 631 342 675 mo
371 593 545 674 factus
561 626 644 672 est
665 633 761 687 pro
789 617 945 673 nobis
964 632 1032 672 ex
1057 617 1273 672 homine
1293 620 1484 689 (factus
1512 628 1587 672 est
1608 618 1749 672 enim
1771 636 1837 672 ea:
1865 623 1909 681 Α
1938 636 2091 674 suum
2119 621 2366 676 localiter
2394 630 2520 676 tunc
2545 632 2687 677 esset
2715 623 2765 676 in
2801 633 2963 689 terra,
3006 626 3297 681 secundum
3327 627 3522 682 divini-

248 712 444 767 semine
473 709 641 764 David
669 709 948 764 secundum
986 725 1195 763 carnem
1217 708 1396 781 (Rom.
1427 723 1480 773 1,
1511 708 1610 781 3)),
1644 708 1834 763 divium

249 803 605 871 humanasque
633 808 761 854 natu
792 814 838 854 te
872 800 925 853 in
958 814 1019 854 se
1047 800 1331 854 continens
1360 800 1676 864 veritatem,
1721 813 1839 866 quae

249 891 468 950 fuerunt
524 910 665 949 vene
715 894 1013 949 divinitatis
1043 909 1149 948 non
1200 894 1407 959 amisit,
1462 901 1519 947 et
1554 908 1673 962 qua:
1713 900 1840 948 sunt

247 1002 393 1043 verm
421 987 770 1042 humanitatis
796 986 1005 1055 accepit
1038 1004 1052 1039 :
1086 1000 1221 1040 unus
1250 985 1502 1053 idemque
1544 983 1839 1039 secundum

247 1089 471 1135 carnem
500 1078 568 1133 de
596 1086 768 1132 matre
799 1076 1167 1148 temporaliter
1204 1083 1394 1140 natus,
1424 1075 1517 1144 qui
1544 1073 1839 1129 secundum

249 1171 592 1226 divinitatem
631 1170 700 1224 de
730 1168 889 1224 Patre
943 1179 1221 1239 permanet
1254 1168 1653 1238 sempiternus;
1702 1180 1841 1219 unus

247 1261 504 1331 idemque
531 1262 695 1316 homo
725 1260 915 1315 localis
961 1274 1027 1314 ex
1072 1259 1311 1324 homine,
1343 1257 1434 1327 qui
1460 1263 1543 1311 est
1571 1256 1711 1309 Deus
1736 1255 1839 1307 im-

247 1368 470 1408 mensus
498 1368 567 1408 ex
594 1351 755 1407 Patre
784 1369 799 1418 ;
841 1367 980 1407 unus
1026 1352 1276 1421 idemque
1303 1349 1596 1406 secundum
1645 1348 1838 1402 huma-

246 1461 378 1500 nam
408 1444 784 1507 substantiam,
815 1444 1014 1499 absens
1061 1444 1206 1499 caelo
1251 1460 1378 1499 cum
1416 1450 1561 1498 esset
1590 1442 1645 1496 in
1673 1449 1839 1508 terra,

245 1546 307 1592 et
331 1535 711 1606 derelinquens
758 1544 958 1590 terram
997 1549 1121 1589 cum
1160 1534 1491 1590 ascendisset
1519 1533 1571 1587 in
1601 1532 1837 1596 caelum;

243 1626 546 1681 secundum
586 1626 824 1680 divinam
848 1639 981 1680 vero
1008 1624 1437 1693 immensamque
1463 1622 1838 1685 substantiam,

245 1733 356 1773 nec
382 1717 576 1773 coelum
624 1716 901 1772 dimittens
940 1732 1064 1773 cum
1109 1717 1177 1771 de
1215 1716 1356 1772 caelo
1400 1713 1699 1782 descendit,
1744 1727 1842 1768 nec

244 1816 451 1864 terram
470 1808 726 1863 deserens
756 1824 881 1864 cum
903 1807 972 1863 ad
1003 1807 1198 1863 omium
1224 1806 1483 1862 ascendit.
1502 1805 1656 1873 Quod
1676 1805 1843 1875 ipsius

242 1900 462 1955 Domini
488 1901 796 1957 certissimo
835 1908 1015 1972 potest
1057 1899 1314 1971 cognosci
1342 1913 1592 1954 sermone
1617 1937 1632 1961 ,
1664 1897 1754 1969 qui
1783 1905 1843 1951 ut

241 1994 477 2050 localem
494 1993 811 2061 ostenderet
823 1992 1207 2051 humanitatem
1218 2007 1395 2055 suam,
1413 1990 1542 2046 dicit
1563 1989 1838 2058 discipulis
1870 1989 1913 2048 Β

236 2088 393 2143 suis:
425 2086 656 2142 Asceudo
678 2085 746 2140 ad
772 2085 984 2139 Patrem
1003 2101 1172 2139 meum
1196 2093 1246 2139 et
1266 2083 1336 2137 ad
1361 2083 1573 2159 Patrem
1592 2088 1837 2149 vestrum,

238 2176 417 2233 Deum
444 2195 610 2233 meum
633 2188 680 2233 et
715 2178 875 2232 Deum
900 2187 1119 2232 vestrum
1149 2174 1327 2250 (Iahn.
1363 2192 1456 2235 xx.
1489 2173 1601 2241 l7).
1625 2172 1703 2227 De
1734 2171 1837 2225 La-

235 2286 375 2326 zaro
396 2285 611 2342 quoque
650 2285 774 2325 cum
800 2267 1059 2323 dixisset:
1100 2266 1332 2321 Lazarus
1360 2273 1590 2320 mortuus
1618 2274 1712 2328 est,
1739 2261 1838 2317 ad-

230 2360 415 2430 junin
460 2358 686 2414 dicens“:
741 2357 807 2413 Et
847 2358 1046 2431 gaudeo
1086 2364 1298 2427 propter
1344 2372 1464 2424 vos,
1508 2364 1564 2409 ut
1615 2354 1838 2410 credatis

229 2452 399 2525 quani
437 2468 486 2504 m
530 2467 632 2504 non
660 2467 801 2505 eram
828 2450 894 2503 ibi
926 2448 1105 2519 (Ioan.
1139 2465 1209 2515 xl,
1251 2446 1336 2514 14,
1365 2445 1473 2521 15).
1504 2446 1839 2502 lmmensita-

233 2553 353 2597 tem
384 2558 515 2596 vero
557 2557 666 2596 sum
696 2541 988 2595 divinitatis
1016 2540 1307 2595 ostendens
1354 2539 1633 2609 discipulis
1662 2539 1789 2594 dicit
1821 2558 1846 2601 ε,

232 2630 382 2685 Ecce
401 2650 494 2703 ego
525 2632 777 2686 vobiscum
809 2648 919 2685 sum
946 2631 1182 2685 omnibus
1202 2629 1403 2698 diebus,
1431 2647 1590 2701 usque
1617 2629 1687 2684 ad
1716 2646 1842 2684 cou-

230 2727 637 2780 summationem
691 2722 867 2778 swculi
919 2723 1140 2794 (Matth.
1178 2739 1378 2787 xxvut,
1408 2721 1518 2792 20).
1551 2721 1838 2789 Quomodo

230 2826 424 2873 autem
476 2814 721 2871 ascendit
768 2815 825 2870 in
856 2815 1074 2878 cadum,
1101 2814 1200 2869 nisi
1227 2813 1352 2884 quia
1381 2812 1570 2869 localis
1595 2820 1651 2868 et
1676 2828 1839 2868 verus

228 2917 325 2966 est
372 2909 583 2964 homo!
631 2908 735 2962 Aut
764 2907 1040 2978 quomodo
1079 2906 1234 2961 adest
1285 2903 1532 2960 ﬁdelibus
1561 2905 1701 2969 suis,
1736 2904 1838 2977 nisi

228 3002 369 3074 quia
395 3001 535 3058 idem
589 3001 888 3056 immensus
925 3008 980 3055 ct
1036 3014 1197 3054 verus
1243 3006 1328 3052 est
1373 2997 1558 3052 Deus?
1602 2996 1676 3052 De
1721 2998 1838 3066 ipso

228 3109 452 3149 rursum
484 3092 615 3148 dicit
641 3092 921 3162 Scriptura
946 3109 960 3145 :
985 3089 1120 3155 Quia
1144 3105 1258 3145 rere
1283 3087 1529 3143 habitavit
1556 3085 1695 3141 Deus
1717 3102 1836 3140 cum

229 3183 529 3239 hominibus
559 3186 612 3238 iu
632 3192 775 3238 terra
806 3181 895 3255 (ll
924 3181 1111 3236 Paral.
1134 3198 1206 3244 γι,
1233 3178 1344 3250 l8),
1378 3179 1445 3234 de
1474 3195 1582 3250 quo
1610 3191 1839 3247 evange-

228 3275 360 3330 lista
391 3275 560 3329 dicit:
601 3273 825 3329 Verbum
852 3288 976 3326 caro
1019 3274 1212 3343 factum
1261 3280 1357 3332 est.
1400 3278 1447 3324 et
1490 3268 1738 3323 habitavit
1777 3269 1834 3323 in

228 3365 407 3420 nobis.
457 3364 613 3431 Quod
644 3364 913 3431 Verbum,
947 3369 1003 3418 ut
1044 3369 1452 3430 agnosceretur,
1501 3351 1662 3415 etiam
1709 3374 1831 3415 cum
1860 3368 1908 3433 ο

225 3475 367 3514 caro
397 3459 595 3513 factum
643 3465 729 3511 est
757 3465 811 3511 et
855 3455 1119 3511 habitavit
1145 3455 1199 3510 in
1233 3455 1407 3522 nobis,
1445 3469 1717 3523 nunquam
1749 3453 1833 3509 di-

229 3550 494 3605 scessisse
516 3549 582 3603 de
605 3549 764 3615 celo,
789 3555 1074 3618 propterea
1103 3545 1266 3601 David
1288 3544 1447 3601 dicit:
1474 3544 1539 3599 In
1563 3554 1831 3613 internum,

235 3640 483 3701 Domine,
517 3647 781 3711 permanet
815 3638 1035 3693 Verbum
1060 3647 1202 3692 tuum
1230 3638 1283 3692 in
1306 3640 1434 3693 creto
1457 3638 1627 3709 (Psal.
1652 3654 1832 3704 cxvm,

229 3731 355 3801 9'5).
388 3729 466 3785 De
497 3732 612 3801 ipso
643 3747 751 3785 uno
780 3730 1078 3799 eodemque
1108 3730 1204 3785 Dei
1234 3730 1565 3801 sempiterno
1592 3729 1752 3799 Filio,
1781 3738 1838 3786 et

231 3820 421 3875 tutum
447 3828 572 3876 tunc
617 3820 850 3875 hominis
879 3819 1035 3884 Filio,
1061 3819 1115 3873 in
1145 3835 1253 3890 quo
1283 3816 1669 3890 permansisset
1709 3837 1835 3876 vera

231 3917 298 3967 et
327 3911 588 3966 immensa
618 3909 887 3975 divinitas,
914 3917 968 3965 et
987 3925 1017 3964 a
1047 3924 1154 3979 quo
1174 3909 1513 3981 suscipienda
1538 3918 1680 3965 esset
1705 3926 1836 3966 vera

232 4000 537 4069 localisque
567 4000 894 4065 humanitas,
921 3998 1249 4070 prophetiae
1285 3999 1651 4069 inspirationis
1681 4000 1834 4069 agni-

234 4088 395 4142 tione
421 4090 679 4162 repletus,
705 4091 915 4146 dixerat
943 4090 1205 4147 Jeremias
1236 4110 1247 4145 :
1277 4090 1378 4146 Hic
1404 4091 1544 4146 Deus
1565 4102 1755 4158 noster,
1785 4101 1837 4146 et

234 4195 346 4234 non
376 4181 713 4235 testimabitur
739 4183 871 4237 alius
898 4182 967 4236 ad
993 4200 1127 4238 eum.
1156 4182 1432 4237 Adiuvenit
1458 4200 1664 4238 omnem
1702 4184 1836 4238 viam

232 4272 557 4343 disciplinae,
589 4282 638 4327 et
665 4274 805 4328 dedit
836 4292 949 4329 eam
977 4274 1139 4329 Iacob
1168 4292 1328 4346 puero
1366 4294 1458 4332 suo
1488 4285 1538 4330 et
1565 4274 1736 4332 Israel
1763 4277 1841 4331 di-

231 4363 372 4417 lecto
396 4380 509 4419 suo.
535 4362 663 4418 Post
689 4365 796 4420 haec
817 4367 869 4419 iu
895 4367 1042 4421 terris
1066 4352 1201 4422 visus
1220 4377 1316 4431 est,
1342 4377 1525 4423 etcum
1547 4368 1835 4443 hominibus

233 4464 573 4510 conversatus
602 4463 680 4510 est
712 4456 941 4529 (Boruch
975 4474 1057 4527 ιιι,
1089 4457 1179 4524 56,
1204 4458 1295 4527 '57,
1326 4458 1441 4530 '58).
1486 4458 1555 4514 Et
1578 4460 1834 4530 quoniam

236 4543 307 4599 de
339 4544 456 4615 ipso
493 4547 740 4616 superius
783 4547 1035 4603 dixerat:
1082 4546 1307 4619 Magnus
1335 4559 1432 4618 est,
1456 4559 1503 4605 et
1540 4569 1644 4606 non
1684 4551 1836 4606 habet

241 4635 417 4704 ﬁnem,
450 4638 680 4691 excelsas
705 4646 754 4690 et
774 4638 1071 4700 immensus,
1101 4654 1170 4693 ne
1196 4640 1296 4694 ista
1327 4638 1420 4696 Dei
1446 4642 1497 4695 in
1529 4650 1672 4696 terra
1699 4642 1835 4697 visio

1940 720 2105 765 tatem
2135 719 2312 768 tamen
2338 715 2477 784 (qua:
2499 712 2618 769 loco
2644 714 2945 773 nullatenus
2972 716 3300 787 continetur)
3326 718 3523 773 caelum

1940 808 2085 855 totus
2107 801 2352 871 impleret
2373 814 2427 858 et
2450 813 2667 859 terram.

1937 909 2119 987 Carur
2152 930 2297 987 XV_t_ll.
2331 913 2414 987 Eaj
2442 914 2613 987 verbis
2636 917 2866 987 Apostoli
2905 917 3139 973 Christus
3168 927 3215 973 et
3244 921 3522 977 immensas

2010 991 2063 1057 et
2087 984 2268 1057 localis
2296 984 2871 1057 probaturaCorperalis
2902 987 3089 1043 Christi
3111 1008 3372 1046 ascensus.
3408 993 3524 1046 lla-

2012 1053 2140 1107 bitat
2169 1056 2221 1107 in
2249 1054 2395 1108 nobis
2422 1053 2917 1112 ChristusIHabitat
2938 1060 2992 1113 in
3015 1059 3161 1114 nobis
3175 1060 3317 1116 Deus
3340 1061 3518 1117 Pater.

2008 1123 2232 1179 Habitat
2254 1126 2311 1178 in
2335 1125 2482 1179 nobis
2502 1126 2731 1197 Spiritus
2757 1139 2990 1183 sanctus.

2009 1226 2172 1292 Istam
2193 1235 2393 1292 Christi
2423 1254 2601 1293 veram
2626 1240 3030 1309 humanitatem,
3058 1258 3176 1313 qua:
3204 1244 3391 1300 localis
3420 1257 3521 1312 est,

1940 1334 1997 1381 et
2021 1342 2204 1383 veram
2233 1327 2587 1394 divinitatem,
2614 1344 2733 1398 qua:
2754 1331 3016 1388 immensa
3038 1348 3252 1404 semper
3275 1342 3376 1400 est,
3400 1351 3527 1405 apo—

1941 1419 2132 1475 stolica
2152 1434 2369 1489 quoque
2390 1422 2546 1476 nobis
2567 1422 2813 1477 doctrina
2836 1425 3103 1481 cernimus
3119 1425 3372 1480 iutimari.
3390 1427 3524 1481 Nam

1942 1518 2002 1564 ut
2026 1509 2227 1565 Christi
2266 1511 2379 1565 veri
2427 1512 2660 1567 hominis
2712 1528 2910 1584 corpus
2959 1514 3202 1570 localiter
3254 1517 3525 1573 contineri

1944 1598 2142 1654 Paulus
2172 1611 2497 1657 monstraret
2527 1603 2820 1673 apostolus,
2854 1604 2929 1659 ait
2979 1605 3047 1661 ad
3076 1606 3526 1663 Thessalonicen-

1942 1707 2030 1746 scs
2062 1711 2075 1745 :
2129 1693 2394 1757 Quomodo
2442 1696 2672 1750 conversi
2709 1698 2831 1751 estis
2859 1698 2929 1751 ad
2958 1696 3120 1751 Deum
3150 1716 3181 1752 a
3212 1699 3523 1767 simulacris,

1941 1785 2132 1838 servire
2164 1784 2266 1838 Deo
2312 1786 2362 1839 vi
2372 1802 2423 1839 σο
2451 1795 2499 1839 et
2526 1803 2661 1853 vero,
2692 1798 2741 1841 et
2761 1798 3064 1860 exspectare
3092 1789 3138 1842 F
3141 1790 3285 1844 ilium
3315 1791 3425 1861 ejus
3463 1792 3527 1846 de

1942 1876 2105 1943 catis,
2152 1892 2299 1948 quem
2324 1879 2587 1932 suscitavit
2631 1897 2663 1933 a
2711 1881 2922 1935 mortuis
2965 1880 3141 1937 Iesum
3194 1881 3247 1953 (1
3277 1880 3452 1956 Thess.
3485 1900 3525 1953 ι,

1942 1965 1997 2035 9,
2026 1967 2112 2039 l0)
2136 1986 2147 2020 :
2174 1968 2348 2037 ipsum
2378 1968 2561 2037 utique
2586 1979 2892 2026 monstrans
2919 1972 3273 2042 corporaliter
3299 1972 3366 2029 de
3386 1974 3527 2029 coelo

1940 2065 2246 2127 venturum,
2286 2074 2444 2129 quem
2474 2061 2832 2130 corporaliter
2870 2077 2901 2116 a
2932 2065 3158 2118 mortuis
3186 2071 3527 2132 noveratsuy

1939 2150 2212 2206 scitatum.
2245 2150 2539 2222 Propterea
2556 2167 2741 2227 rursus
2767 2153 2870 2207 ait:
2896 2151 3096 2208 Nostra
3124 2161 3295 2208 autem
3322 2171 3530 2210 conver-

1938 2243 2074 2296 satio
2102 2243 2157 2296 in
2178 2243 2320 2297 catis
2344 2250 2441 2297 est.
2468 2243 2618 2298 Unde
2645 2244 2802 2297 etiam
2826 2243 3150 2299 Saluatore»:
3172 2253 3528 2315 exspectamus

1941 2330 2221 2391 Dominum
2247 2332 2425 2388 Iesum
2454 2332 2737 2405 Christum,
2785 2337 2872 2408 qui
2901 2335 3204 2408 reformabit
3232 2335 3326 2410 (al.
3360 2338 3529 2409 refer;

1938 2424 2118 2496 movit)
2151 2441 2335 2497 corpus
2362 2426 2668 2482 humilitatis
2692 2437 2885 2484 nostris
2912 2430 3177 2501 conforme
3203 2430 3406 2501 corpori
3425 2429 3531 2483 cla-

1938 2518 2110 2572 ritatis
2147 2535 2273 2584 suae,
2301 2519 2581 2573 secundum
2619 2514 2970 2591 operationem
3014 2539 3116 2595 qua
3159 2530 3329 2594 potest
3370 2523 3530 2579 etiam

1935 2608 2189 2681 subjicere
2209 2609 2309 2664 sibi
2330 2610 2505 2665 omnia
2526 2609 2748 2684 (Philip.
2781 2628 2856 2678 ιιι,
2888 2598 3000 2684 20)’.
3032 2611 3248 2669 interim
3270 2612 3529 2683 quoniam

1943 2710 1964 2738 ο
1981 2700 2083 2755 1οεί
2107 2702 2482 2772 Opportunitas
2503 2719 2608 2757 non
2626 2711 2714 2759 est
2726 2696 3097 2773 praetereunda
3109 2705 3342 2773 silentio,
3358 2714 3531 2762 atten-

1936 2792 2098 2848 datur
2126 2794 2213 2849 hic
2242 2794 2392 2849 locus
2422 2795 2474 2849 in
2500 2792 2952 2867 quodApostolus
2975 2796 3166 2851 Filium
3194 2795 3325 2852 dicit
3344 2798 3527 2855 omnia

1938 2883 2039 2937 sibi
2065 2898 2226 2953 posse
2254 2883 2540 2953 subjicere,
2570 2899 2640 2939 ne
2671 2884 2766 2956 (at.
2790 2893 2847 2940 et
2873 2884 2966 2956 ne)
2995 2884 3155 2941 Pater
3190 2885 3528 2943 existimetur

1935 2980 2403 3044 cuncta’tanquam
2426 2974 2660 3029 invalido
2688 2974 3005 3045 subiecisse,
3035 2975 3166 3031 dicit
3213 2977 3377 3032 etiam
3405 2991 3528 3032 cor-

1936 3082 2039 3138 pus
2061 3065 2374 3121 humilitatis
2394 3074 2592 3121 nostrte
2620 3065 3039 3121 reformaturum
3079 3063 3360 3121 eonforme
3398 3081 3526 3123 cor-

1934 3160 2054 3230 pori
2082 3159 2342 3215 claritatis
2367 3174 2492 3216 suae.
2514 3157 2675 3227 Quod
2697 3157 2743 3215 si
2766 3168 2952 3214 verum
2975 3166 3059 3215 est
3078 3174 3277 3229 corpus
3304 3158 3523 3228 Christi,

1935 3250 2060 3306 loco
2088 3258 2269 3321 potest
2296 3250 2482 3322 utique
2505 3248 2958 3306 eontineri.llanc
2978 3250 3261 3306 veritatem
3279 3251 3528 3321 corporis

1936 3340 2136 3396 Christi
2160 3341 2226 3397 de
2253 3341 2393 3398 caelo
2435 3342 2667 3408 venturi,
2697 3339 2936 3397 Ioannes
2972 3356 3191 3412 quoque
3214 3340 3528 3413 conﬁrmat,

1938 3432 2154 3490 dicens:
2182 3433 2316 3490 Ecce
2335 3436 2497 3491 veniet
2526 3450 2648 3508 cum.
2670 3432 2907 3499 nubibus,
2926 3442 2976 3487 et
3003 3433 3190 3488 ridebit
3217 3450 3333 3489 eum
3358 3435 3531 3490 omnis

1934 3527 2133 3595 oculus,
2163 3534 2211 3581 et
2229 3527 2317 3600 qui
2343 3544 2458 3581 eum
2482 3533 2893 3598 compunxeruut
2924 3524 3107 3599 (Apoc.
3133 3541 3171 3593 ι,
3204 3524 3278 3597 7).
3303 3524 3360 3581 lu
3389 3525 3530 3580 libro
3570 3588 3581 3596 ,

1936 3634 2153 3690 quoque
2176 3622 2405 3675 Actuum
2436 3618 2808 3689 apostolorum
2834 3617 2913 3673 sic
2941 3618 3058 3687 ejus
3086 3618 3384 3689 corporalis
3412 3618 3531 3672 iuti-

1936 3717 2114 3764 matur
2135 3724 2390 3764 ascensus
2420 3726 2435 3761 :
2471 3707 2541 3762 Et
2563 3725 2680 3763 cum
2709 3708 2818 3763 hac
2844 3708 3081 3768 dixisset,
3114 3696 3400 3762 ridentibus
3421 3707 3528 3764 illis

1935 3801 2162 3854 elevatus
2209 3808 2316 3865 est,
2356 3808 2407 3854 et
2458 3799 2618 3853 nubes
2654 3804 2877 3870 suscepit
2904 3814 3019 3852 eam
3044 3795 3109 3851 ab
3135 3797 3299 3852 oculis
3328 3814 3524 3853 eorum.

1936 3890 2163 3963 Cumque
2187 3892 2512 3945 intuerentur
2539 3891 2593 3944 in
2621 3889 2802 3945 calam
2844 3896 3048 3943 euntem
3076 3888 3246 3954 illum,
3283 3904 3397 3942 ecce
3425 3888 3528 3943 duo

1935 3983 2032 4036 viri
2078 3981 2355 4035 astiterunt
2378 3981 2535 4053 juxta
2574 3996 2661 4035 eos
2682 3982 2735 4034 in
2764 3978 2984 4034 vestibus
3014 3977 3164 4045 albis,
3195 3980 3279 4049 qui
3299 3987 3351 4032 et
3377 3978 3529 4034 dixe-

1937 4083 2098 4128 runt:
2132 4071 2246 4126 Viri
2276 4070 2662 4144 Galilwinquid
2687 4071 2840 4125 statis
2887 4070 3194 4140 aspicientes
3222 4072 3278 4125 in
3307 4069 3531 4125 coelum!

1938 4161 2042 4219 Hic
2069 4162 2240 4229 Iesus,
2283 4178 2432 4233 quem
2457 4160 2657 4215 vidistis
2703 4169 2905 4214 euntem
2930 4160 2985 4214 in
3012 4159 3216 4224 ctutum,
3247 4159 3323 4214 sic
3360 4161 3528 4215 veniet

1936 4253 2366 4327 quemadmodum
2388 4253 2585 4308 vidistis
2608 4268 2728 4307 eum
2752 4261 2955 4306 euntem
2979 4251 3031 4304 in
3061 4251 3242 4305 caelum
3266 4251 3401 4323 (Act.
3433 4268 3470 4318 ι,
3493 4249 3532 4306 9

1936 4357 1987 4404 et
2013 4348 2144 4422 seq).
2173 4346 2306 4403 Cum
2334 4361 2465 4418 ergo
2487 4362 2617 4403 caro
2645 4346 2846 4402 Christi
2871 4346 3059 4402 localis
3079 4345 3283 4417 absque
3310 4346 3527 4402 dubita-

1937 4441 2085 4497 tione
2113 4448 2445 4496 monstretur
2466 4439 2562 4512 (al.
2593 4436 3030 4509 monstraretur),
3061 4426 3315 4494 diviuitas
3346 4446 3527 4494 tamen

1935 4535 2053 4605 ejus
2082 4534 2280 4604 ubique
2300 4538 2516 4603 semper
2536 4518 2674 4593 esse,
2702 4530 2866 4586 Paulo
2888 4537 3141 4597 testante,
3158 4532 3523 4602 cognoscitur,

1935 4620 2029 4699 qui
2076 4626 2322 4682 ﬁdelibus
2367 4624 2537 4681 dicit:
2589 4626 2669 4679 Au
2688 4625 3094 4696 experimentum
3121 4624 3350 4696 queritis
3390 4624 3533 4695 ejus.)

236 4734 297 4781 et
325 4742 448 4781 cum
476 4730 783 4785 hominibus
822 4731 1163 4787 conversatio
1186 4731 1358 4787 Deum
1386 4733 1703 4789 immensum
1735 4751 1833 4805 pu-

1936 4722 2021 4795 qui
2043 4723 2096 4776 in
2126 4737 2207 4777 me
2236 4721 2481 4793 loquitur,
2507 4717 2741 4773 Christus
2773 4717 2867 4790 (al.
2894 4716 3112 4788 Christi)
3144 4714 3234 4785 (II
3263 4713 3382 4770 Cor.
3408 4732 3523 4783 xui,

241 4825 451 4871 taretur
469 4817 730 4872 alienasse
760 4819 829 4876 de
855 4821 1022 4887 cmlo,
1047 4828 1267 4891 propter
1294 4821 1399 4877 hoc
1421 4820 1534 4891 ipse
1561 4821 1746 4884 Filius,
1771 4829 1829 4875 ut

239 4909 656 4964 immensitatem
708 4909 999 4966 divinitatis
1043 4928 1153 4965 suae
1201 4913 1253 4967 in
1296 4921 1439 4968 terra
1486 4915 1694 4984 positus
1729 4913 1825 4968 de-

238 5008 604 5066 monstraret,
657 5009 684 5039 ι
728 5008 785 5057 et
813 5017 919 5057 non
968 5001 1261 5057 secundum
1317 5003 1618 5071 hominem,
1666 5020 1828 5075 quem

238 5098 555 5159 susceperat
609 5090 661 5144 in
718 5099 860 5145 terra
916 5091 1152 5161 positus,
1208 5091 1300 5146 sed
1340 5090 1636 5147 secundum
1673 5093 1839 5167 103,

238 5179 469 5247 Deum,b
492 5181 637 5251 quod
664 5198 880 5254 semper
898 5192 1036 5251 erat,
1068 5190 1385 5253 praesentem
1415 5200 1473 5239 se
1499 5186 1659 5240 etiam
1689 5187 1828 5243 cmlo

235 5273 482 5339 doceret,
509 5275 583 5328 ait
608 5292 621 5327 :
644 5272 811 5329 Nemo
832 5275 1066 5333 ascendit
1094 5277 1147 5329 in
1176 5276 1376 5340 calum,
1391 5278 1495 5331 nisi
1517 5278 1603 5350 qui
1626 5277 1692 5332 de
1705 5282 1830 5334 caelo

237 5363 523 5430 descendit,
574 5363 746 5421 Filias
788 5366 1011 5425 hominis
1055 5370 1141 5439 qui
1173 5379 1251 5423 est
1276 5370 1331 5424 in
1372 5371 1495 5425 cwlo
1535 5370 1717 5442 (Ioan.
1750 5387 1828 5437 ιιι,

240 5450 361 5524 ίῦ);
392 5469 502 5509 non
524 5455 646 5524 quia
676 5456 919 5511 humana
938 5456 1138 5512 Christi
1167 5459 1463 5515 Substantia
1491 5458 1679 5516 fuisset
1706 5460 1826 5516 ubi-

237 5556 345 5611 que
389 5544 603 5613 ditl’usa,
635 5546 728 5601 sed
778 5547 1034 5616 quoniam
1086 5565 1224 5605 unus
1254 5550 1502 5622 idemque
1549 5550 1642 5607 Dei
1690 5547 1832 5605 illius

238 5641 400 5705 atque
429 5636 662 5692 hominis
685 5637 822 5693 illius
848 5653 1008 5693 verus
1034 5638 1178 5695 Deus
1197 5656 1264 5696 ex
1292 5640 1472 5709 Patre,
1498 5643 1638 5699 sicut
1662 5641 1826 5698 homo

239 5738 397 5782 verus
420 5744 490 5784 ex
506 5730 740 5798 homine,
762 5731 889 5786 licet
909 5732 1205 5788 secundum
1233 5750 1415 5791 veram
1440 5737 1824 5792 humanitatem

313 5872 338 5938 ξ
366 5862 509 5919 Editi
542 5863 703 5919 codd.
735 5862 929 5938 Colon.
951 5874 1009 5922 et
1047 5862 1304 5938 Antucrp.
1338 5856 1397 5924 et
1422 5886 1523 5925 ms.
1551 5867 1714 5923 Corb.
1743 5867 1823 5924 sic

235 5930 466 6014 habent,
505 5934 854 6014 etﬁsecuudum
886 5935 1141 5991 hominem
1181 5930 1330 6009 quem
1354 5949 1741 6014 θησομένων..
1772 5949 1822 5992 et

235 6006 512 6059 secundum
545 6002 727 6057 Deam.

478 6097 750 6188 Peraea.
799 6098 994 6161 LXV.

1937 4812 2027 4884 '5)?
2050 4810 2332 4880 Quomodo
2362 4817 2543 4866 autem
2573 4809 2627 4865 in
2656 4824 2725 4865 eo
2752 4808 2899 4878 loqui
2921 4808 3117 4879 potuit,
3145 4808 3191 4881 si
3217 4808 3271 4864 in
3293 4808 3385 4864 illo
3416 4824 3524 4863 non

1936 4906 2036 4961 fuit
2058 4908 2081 4961 ?
2107 4904 2205 4961 Vel
2247 4902 2523 4976 quomodo
2551 4902 2912 4974 corporaliter
2938 4902 3184 4959 ascendit
3220 4903 3275 4958 iu
3304 4901 3521 4970 cmlum,

1933 5008 1992 5055 et
2015 5000 2069 5054 in
2095 4999 2206 5056 suis
2228 4996 2471 5053 ﬁdelibus
2492 5010 2612 5051 esse
2633 4994 2952 5066 praedicatur
2971 4994 3024 5050 in
3049 5003 3213 5060 terra,
3234 4994 3280 5050 si
3311 5007 3418 5048 non
3441 4999 3525 5046 est

1936 5091 1991 5146 in
2023 5090 2116 5145 illo
2163 5087 2461 5145 divinitatis
2496 5083 2829 5142 immensitas
2880 5100 3000 5156 quas
3045 5084 3241 5149 coelum
3296 5082 3523 5152 implere

1936 5185 2106 5253 possit
2146 5188 2203 5235 et
2238 5180 2475 5235 terram?
2500 5177 2638 5233 Nam
2666 5175 2963 5233 Corinthiis
3006 5175 3205 5229 Paulus
3232 5173 3364 5228 dicit
3393 5189 3406 5225 :
3437 5170 3519 5226 An

1930 5290 2035 5328 non
2057 5273 2367 5344 cognoscitis
2394 5287 2480 5327 vos
2500 5272 2643 5342 ipsos
2666 5310 2682 5336 ,
2725 5270 2847 5344 quia
2871 5268 3025 5323 Iesus
3052 5266 3286 5331 Christus
3307 5266 3361 5319 in
3381 5261 3520 5319 vobis

1931 5377 2010 5421 est
2040 5365 2228 5439 (Ibid,
2246 5363 2335 5438 5)?
2360 5364 2428 5420 Et
2456 5364 2524 5420 ad
2546 5363 2812 5435 Ephesios
2834 5362 2936 5417 ait:
2964 5359 3030 5416 In
3049 5360 3285 5415 interiori
3314 5347 3522 5416 homine

1930 5456 2165 5512 habitare
2187 5454 2449 5512 Christum
2466 5472 2559 5528 per
2576 5455 2736 5526 [idem
2756 5455 2812 5509 in
2830 5452 3069 5508 cordibus
3094 5453 3273 5508 vestris
3299 5450 3516 5525 (Ephes.
3556 5510 3559 5513 λ

1930 5565 2007 5613 ιιι,
2042 5547 2154 5621 ιθ).
2184 5546 2277 5603 Est
2305 5548 2486 5619 itaque
2505 5545 2672 5601 Filius
2699 5545 2752 5600 in
2776 5543 2934 5610 cmlo,
2967 5550 3021 5599 et
3045 5543 3255 5599 habitat
3280 5542 3332 5597 in
3361 5542 3519 5597 nobis

1932 5641 1986 5697 in
2015 5650 2179 5707 terra,
2203 5640 2411 5695 scilicet
2439 5639 2527 5694 illa
2550 5654 2661 5694 suae
2690 5637 3065 5693 immensitatis
3084 5636 3387 5709 prmsentia,
3410 5650 3519 5705 qua

1929 5735 1986 5790 in
2035 5732 2191 5789 nobis
2237 5730 2399 5786 Pater
2446 5730 2787 5801 Spiritusque
2820 5729 2979 5801 109
3024 5734 3243 5784 sanctus
3272 5724 3516 5781 habitat:

2002 5864 2027 5903 δ
2048 5863 2155 5918 .Ed.
2184 5861 2369 5933 Dasil-.
2402 5860 2507 5933 qui-

2005 5947 2026 5974 ο
2058 5933 2154 5989 Ed.
2180 5931 2370 5998 Basil.,
2394 5927 2543 6002 hujus
2573 5930 2673 6002 logi
2700 5929 3059 6002 opportunitas
3084 5927 3226 5982 nullo
3255 5935 3349 5994 est,
3375 5933 3485 5991 etc,

2000 6004 2026 6045 ἀ
2053 6003 2151 6060 EC.
2179 6003 2365 6073 Basil.,
2399 5998 2576 6058 beatus
2605 5998 2803 6056 Paulus
2829 5998 3113 6072 apostolus.

3082 6091 3123 6153 9
