4068 6530
554 444 580 468 6

464 481 567 539 257

1670 483 1737 537 'S.
1778 476 2140 537 FULGENTH
2178 478 2550 539 RUSPENSIS

3640 478 3785 537 283

464 615 587 653 nam
636 597 775 652 Deus
824 598 980 669 Pater
1022 612 1173 652 suam
1223 599 1276 653 in
1326 578 1480 653 nobis
1532 596 1918 652 habitationem
1946 598 2043 661 sic,
2081 600 2126 657 Α
2157 598 2529 653 immensitatis
2578 599 2718 653 illius
2762 595 3355 668 incomprehensibilem
3398 594 3786 666 maiestatem

468 690 726 761 propheta
757 689 1030 761 loquente,
1072 690 1392 745 monstravit
1422 707 1435 742 :
1469 686 1727 753 Quoniam
1752 673 2052 743 inhabitabo

464 783 519 835 in
548 780 673 846 illis,
701 789 749 833 et
778 778 1107 835 inambulabo
1157 780 1250 851 (al.
1285 776 1602 850 ambulabo),
1635 786 1685 832 et
1713 794 1801 832 ero
1845 778 2054 833 illorum

471 871 626 937 Deus,
648 881 697 926 et
724 871 822 943 ipsi
844 879 992 925 erunt
1022 871 1148 925 mihi
1167 870 1404 942 populus.
1432 868 1655 936 Propter
1679 867 1815 939 quod
1835 867 1972 922 exite
1992 867 2055 920 de

467 962 636 1015 medio
656 977 854 1029 eorum,
876 969 926 1015 et
953 962 1291 1030 separamini,
1314 960 1439 1013 dicit
1460 958 1745 1014 Dominus:
1768 966 1817 1012 et
1840 960 2058 1012 immun-

468 1049 590 1103 dum
620 1065 685 1103 ne
708 1051 993 1122 tetigeritis,
1026 1059 1073 1103 rt
1104 1067 1196 1120 ego
1223 1050 1469 1119 recipiam
1495 1065 1611 1113 vos;
1642 1056 1692 1102 et
1718 1066 1806 1103 ero
1834 1047 1976 1103 vobis
2002 1048 2057 1100 in

468 1136 691 1212 patrem,
723 1150 771 1196 et
814 1159 900 1196 vos
944 1134 1087 1195 eritis
1121 1142 1249 1195 mihi
1278 1142 1331 1195 in
1360 1142 1497 1211 ﬁlios
1527 1150 1576 1194 et
1604 1142 1764 1211 ﬁlias,
1798 1140 1923 1194 dicit
1952 1139 2059 1194 Do-

468 1234 640 1287 minus
658 1234 980 1303 omnipotens
1008 1231 1088 1304 (Il
1114 1230 1321 1297 Cor.vt,
1340 1229 1548 1300 l5—i7).
1564 1229 1821 1300 Spiritum
1842 1244 2059 1300 quoque

470 1334 714 1380 sanctum
738 1327 791 1380 in
814 1326 969 1380 nobis
990 1326 1193 1395 pariter
1213 1324 1455 1379 habitare
1476 1321 1674 1377 Paulus
1701 1322 1956 1387 ostendit,
1987 1322 2060 1376 ita

473 1415 764 1472 Corinthiis
791 1415 1032 1471 scribens
1064 1433 1076 1468 :
1112 1412 1343 1468 Nescitis
1371 1414 1492 1486 quia
1520 1412 1763 1483 templum
1793 1411 1892 1465 Dei
1916 1413 2057 1477 estis,

472 1515 526 1563 et
546 1506 772 1576 Spiritus
798 1503 891 1559 Dei
918 1503 1116 1558 habitat
1144 1505 1198 1557 in
1229 1503 1367 1558 vobis
1402 1500 1454 1572 (I
1484 1498 1605 1557 Cor.
1638 1517 1715 1567 ut,
1748 1499 1855 1569 l6).
1890 1498 1966 1554 Ac
1992 1514 2061 1554 ne

471 1597 592 1668 quis
619 1611 808 1652 eorum
837 1595 928 1665 qui
960 1593 1216 1664 Spiritum
1239 1601 1482 1648 sanctum
1514 1591 1779 1646 minorem
1802 1587 1960 1643 Patre
1984 1587 2064 1642 Fi-

474 1686 654 1756 lioque
692 1676 1059 1752 constituunt,
1093 1684 1182 1739 hic
1206 1683 1295 1738 ubi
1322 1681 1523 1738 dictum
1560 1689 1662 1746 est,
1710 1677 1938 1750 Spiritus
1963 1677 2062 1733 Dei

474 1774 673 1829 habitat
711 1776 765 1829 in
786 1772 947 1841 vobis,
972 1773 1038 1828 ad
1068 1788 1356 1845 personam
1382 1772 1555 1826 sancti
1578 1771 1809 1841 Spiritus
1834 1770 2065 1838 deneget

476 1867 793 1936 pertinere,
839 1865 968 1935 quid
1015 1864 1068 1919 in
1100 1863 1211 1927 ,illo
1258 1864 1617 1934 replicaturus
1666 1870 1751 1918 est
1806 1862 1925 1916 loco
1972 1860 2064 1916 ubi

476 1957 767 2027 Apostolus
824 1955 1164 2010 Timotheum
1219 1953 1578 2009 sollicitudine
1642 1950 1853 2021 paterni
1912 1964 2065 2005 amo-

476 2045 552 2100 ris
598 2046 903 2101 informat?
939 2028 1141 2098 Bonum
1188 2044 1503 2114 depositum,
1548 2042 1827 2112 inquiens,
1868 2040 2068 2094 custodi

476 2159 569 2213 per
598 2141 855 2211 Spiritum
889 2146 1153 2202 sanctum,
1198 2138 1282 2209 qui
1328 2136 1528 2190 habitat
1552 2136 1602 2191 in
1631 2132 1776 2189 nobis
1810 2131 1896 2206 (ΙΙ
1933 2131 2064 2187 Tim.

478 2244 520 2297 ι.
548 2226 660 2297 14)-
2002 2282 2007 2286 .

479 2318 660 2376 Carus
702 2337 809 2375 nx.
853 2318 1125 2381 Ejusmodi
1155 2318 1407 2372 habitatio
1451 2334 1556 2373 non
1594 2318 1777 2371 localis
1827 2326 1930 2381 est,
1978 2316 2071 2371 sed

547 2393 824 2445 immensa.
856 2387 958 2445 Cor
985 2398 1217 2444 nostrum
1239 2388 1490 2443 dilatatur
1517 2387 1626 2442 Deo
1653 2387 1993 2441 inhabitante.

546 2483 679 2539 ﬂare
706 2484 887 2553 utique
902 2481 1075 2537 Patris
1090 2489 1144 2537 et
1165 2479 1285 2535 Filii
1310 2488 1367 2535 et
1394 2478 1625 2549 Spiritus
1645 2480 1816 2536 sancti
1835 2480 1886 2533 in
1917 2478 2071 2534 nobis

485 2572 748 2627 habitatio
780 2587 886 2626 non
934 2570 1121 2626 localis
1160 2577 1265 2637 est,
1294 2571 1386 2624 sed
1432 2570 1728 2631 immensa;
1779 2584 1885 2623 non
1923 2583 2073 2623 com-

486 2665 862 2737 prehensibilis
884 2664 1240 2732 cogitatione,
1272 2662 1368 2717 sed
1393 2662 1718 2717 venerabilis
1747 2661 1847 2716 tide
1875 2679 1888 2715 :
1918 2660 2074 2714 inha-

488 2757 625 2810 bitat
669 2756 810 2810 enim
859 2754 1095 2809 Trinitas
1145 2753 1198 2808 in
1251 2754 1362 2808 suis
1400 2752 1664 2819 ﬁdelibus,
1694 2753 1833 2809 sicut
1860 2761 1973 2808 tota
2021 2753 2075 2809 in

486 2843 728 2918 singulis,
761 2848 838 2903 sic
885 2855 996 2901 tota
1018 2847 1079 2900 in
1110 2846 1340 2909 cunctis.
1373 2861 1495 2916 qua:
1535 2862 1633 2900 nec
1662 2846 1786 2900 εωιί
1813 2852 2079 2928 ternaque

487 2939 1051 3021 spatiotlistenditur,
1102 2954 1202 3017 nec
1244 2939 1507 2994 universa:
1553 2949 1812 2994 creatura:
1853 2939 2079 2994 termino

487 3033 825 3098 terminatur,
856 3046 956 3086 nec
985 3037 1082 3102 per
1128 3036 1410 3101 separatos
1448 3030 1702 3085 homines
1723 3030 1808 3084 vel
1842 3031 1950 3102 (al.
1984 3029 2078 3102 et)

487 3122 735 3194 Separata
768 3122 905 3188 loca,
947 3119 1348 3191 particulariter
1392 3127 1698 3190 separatur,
1723 3135 1825 3174 nrc
1872 3119 2082 3173 inferno

489 3213 663 3278 deest,
684 3229 816 3289 cum
850 3222 1005 3267 terra:
1036 3228 1142 3266 non
1174 3210 1314 3266 desit
1344 3221 1397 3265 et
1426 3213 1583 3266 caelo.
1614 3211 1713 3277 Qui
1737 3211 1879 3265 enim
1908 3212 2086 3281 potuit

494 3305 674 3359 omnia
705 3301 900 3365 facere,
916 3302 1065 3355 solus
1095 3308 1273 3371 potest
1296 3302 1544 3355 universa
1575 3301 1806 3371 replere.
1830 3299 2084 3371 Quisquis

500 3403 680 3448 autem
711 3392 935 3447 localcm
959 3389 1078 3444 Filii
1108 3400 1160 3445 et
1193 3389 1425 3460 Spiritus
1454 3390 1627 3445 sancti
1653 3390 1940 3444 adventum
1982 3389 2083 3445 ha-

497 3485 879 3540 bitationemve
920 3480 1251 3549 considerat,
1277 3480 1425 3551 prius
1455 3491 1538 3537 est
1569 3489 1625 3535 ut
1652 3480 1867 3535 Patrem
1898 3482 1951 3535 in
1983 3497 2084 3536 no-

453 3610 468 3621 -
496 3578 578 3633 bis
599 3575 864 3641 localiter,
893 3591 1000 3630 non
1032 3573 1207 3630 solum
1253 3573 1521 3639 habitare,
1551 3589 1737 3628 verum
1767 3574 1930 3628 etiam
1981 3589 2090 3628 am-

493 3670 684 3725 bulare
714 3668 1026 3734 conﬁrmet;
1050 3682 1208 3736 quem
1236 3667 1425 3722 beatus
1453 3664 1653 3721 Paulus
1677 3665 1875 3721 dixisse
1896 3667 2090 3723 asserit

499 3774 598 3829 per
625 3759 939 3829 prophetam
975 3776 987 3810 ε
1025 3753 1282 3821 Quoniam
1311 3755 1609 3811 inhabitabo
1632 3758 1681 3811 in
1706 3757 1813 3811 illis
1844 3766 1894 3811 et
1920 3759 2090 3812 inam-

500 3848 687 3904 bulabo
721 3847 819 3920 (11
842 3847 961 3902 Cor.
990 3845 1203 3919 v1,15).
1256 3846 1566 3918 Explicetur
1610 3862 1740 3918 ergo
1781 3848 2010 3918 qualiter
2037 3848 2092 3904 in

503 3936 658 3997 nobis
680 3941 843 3996 Filius
862 3941 950 3995 vel
973 3940 1205 4012 Spiritus
1228 3949 1446 3996 sanctus
1474 3940 1736 3996 inhabitet
1760 3941 1854 4013 (al.
1878 3942 2091 3998 inhabi-

501 4033 625 4105 tat).
658 4033 791 4088 Nam
820 4033 866 4088 si
896 4033 1013 4089 htec
1042 4033 1279 4087 humano
1304 4047 1456 4087 more
1497 4031 1772 4127 credimus
1800 4033 2091 4099 metienda,

504 4127 724 4196 majdris
751 4133 834 4179 est
860 4123 1176 4192 quantitatis
1201 4122 1291 4192 qui
1317 4122 1563 4177 habitai'e
1594 4122 1966 4178 tantummodo
2014 4122 2095 4177 di-

503 4216 662 4280 citur,
686 4229 846 4282 quam
888 4212 982 4266 ille
1026 4212 1116 4280 qui
1156 4213 1319 4266 etiam
1351 4211 1402 4265 iu
1435 4210 1590 4266 nobis
1616 4213 1894 4267 ambulare
1939 4228 2095 4266 mon-

504 4315 708 4364 stratur
741 4322 753 4356 :
781 4310 959 4374 potest
979 4302 1123 4356 enim
1152 4304 1242 4370 qui
1262 4299 1471 4355 habitat
1492 4307 1666 4355 totum
1696 4302 1922 4371 implere
1950 4301 2096 4369 quod

507 4398 745 4459 habitat;
777 4394 868 4464 qui
899 4401 1079 4446 autem
1107 4391 1441 4446 inambulare
1466 4391 1681 4458 dicitur,
1713 4393 1891 4447 minor
1915 4393 2098 4461 utique

506 4488 682 4560 spatio
716 4486 767 4539 in
797 4499 904 4553 quo
946 4483 1214 4551 ambulat,
1244 4483 1446 4551 absque
1482 4482 1814 4539 dubitatione
1844 4492 2102 4538 monstra-

510 4589 617 4637 tur.
642 4577 748 4634 Sed
775 4576 915 4631 banc
937 4574 1281 4643 cogitationis
1320 4575 1577 4644 ineptiam
1631 4574 1871 4631 deterior
1908 4591 2099 4632 conse-

514 4678 710 4743 quetur
732 4665 1054 4722 absurditas.
1089 4663 1282 4720 Procul
1326 4663 1492 4721 dubio
1535 4665 1678 4720 enim
1724 4665 1899 4722 cordis
1928 4668 2099 4722 nostri

513 4729 689 4835 spatia
712 4760 1034 4815 videbuntur
1062 4757 1176 4828 ipsa
1208 4755 1472 4812 Trinitate
1500 4756 1723 4827 majora,
1745 4757 1799 4811 in
1821 4756 2014 4826 quibus
2033 4760 2103 4814 sit
2136 4729 2182 4786 ί)

512 4852 667 4908 locus
693 4864 852 4921 quem
878 4846 1041 4903 Filius
1067 4854 1228 4916 atque
1255 4845 1488 4917 Spiritus
1516 4855 1733 4900 sanctus
1756 4845 2104 4901 inhabitando

518 4942 742 5013 implere
765 4938 995 5010 possint,
1037 4947 1093 5005 et
1140 4938 1291 4993 locus
1337 4952 1498 5008 quem
1529 4935 1911 4991 inambulando
1947 4933 2108 4992 Pater

517 5035 741 5105 implere
768 5049 872 5089 non
903 5032 1088 5103 possit.
1123 5030 1277 5099 Q::od
1302 5031 1346 5086 si
1379 5029 1498 5085 haec
1525 5045 1632 5084 non
1658 5028 1984 5084 conveniunt
2011 5044 2105 5081 ve-

515 5123 680 5190 ritati,
728 5122 1014 5199 credamus
1062 5121 1450 5178 habitationem
1480 5117 1759 5173 Trinitatis
1807 5117 2105 5173 secundum

588 5273 615 5301 «ι
647 5264 816 5319 Abest
838 5262 1030 5333 ubique
1050 5257 1306 5333 ab_‘edd.;
1339 5255 1535 5325 legitur
1564 5254 1617 5309 in
1649 5270 1749 5311 ms.
1781 5252 1941 5310 Corb.

547 5329 555 5407 ς
591 5334 617 5372 δ
649 5334 745 5389 Ms.
780 5329 965 5398 Corb.,
997 5329 1242 5404 fideliter.

2159 687 2499 743 ineffabiliter
2538 689 2826 758 designari,
2859 697 2913 743 et
2941 704 3063 744 cum
3107 687 3274 743 Deum
3305 687 3358 742 in
3385 687 3540 742 nobis
3576 685 3779 742 h'abic

2157 786 2271 834 tare
2300 788 2462 848 atque
2509 778 2842 834 inambulare
2888 778 3153 843 audimus,
3183 778 3257 831 ita
3287 775 3604 847 spiritaliter
3656 791 3786 832 co-

2160 883 2505 938 gnoscamus,
2539 877 2598 926 ut
2643 884 2750 924 non
2800 864 3083 925 credamus
3127 866 3272 938 quod
3310 866 3453 921 Deus
3497 865 3789 921 localiter

2159 969 2441 1016 moveatur
2463 961 2514 1014 in
2543 960 2707 1015 corde
2736 968 2944 1024 nostro,
2968 958 3061 1014 sed
3091 957 3236 1027 qu'od
3263 973 3359 1013 cor
3386 964 3644 1012 nostrum
3681 956 3789 1009 die

2160 1051 2359 1106 latetur
2399 1051 2451 1105 in
2497 1050 2632 1105 Deo.
2668 1049 2743 1105 De
2769 1065 2874 1118 qua
2904 1049 3083 1105 cordis
3127 1048 3410 1103 latitudine
3452 1046 3790 1116 Apostolus

2157 1139 2500 1209 loquebatur,
2541 1139 2727 1194 dicens
2759 1157 2772 1192 :
2806 1135 2879 1193 0s
2908 1148 3143 1193 nostrum
3180 1147 3319 1208 patet
3347 1137 3416 1190 ad
3441 1153 3550 1201 vos,
3580 1152 3611 1190 ο
3658 1134 3790 1189 Co-

2159 1230 2339 1284 rinthii
2384 1246 2402 1285 :
2450 1247 2539 1284 cor
2568 1241 2799 1284 nostrum
2839 1230 3113 1284 dilatatam
3153 1236 3251 1284 est.
3299 1228 3551 1282 Eamdem
3576 1238 3790 1281 autem

2163 1322 2405 1377 habentes
2433 1323 2919 1385 remunerationem,
2969 1330 3214 1392 tanquam
3241 1320 3369 1391 ﬁliis
3388 1319 3523 1384 dico,
3556 1318 3790 1371 dilata-

2162 1414 2290 1468 mini
2306 1422 2356 1469 et
2383 1431 2469 1469 vos
2492 1411 2583 1487 (II
2613 1413 2736 1469 Cor.
2760 1430 2832 1478 vt,
2868 1413 2976 1486 tl).
3013 1411 3110 1468 Ubi
3154 1412 3315 1482 paulo
3350 1420 3473 1483 post
3502 1411 3788 1465 testimo-

2163 1506 2309 1561 nium
2341 1506 2618 1577 propheta:
2647 1506 2828 1572 posuit
2854 1505 3101 1575 superius
3126 1500 3734 1565 memoratum,dicens
3765 1517 3783 1553 :

2171 1599 2276 1654 Vos
2314 1602 2454 1654 enim
2479 1601 2602 1655 estis
2649 1599 2894 1671 templum
2937 1598 3032 1654 Dei
3077 1598 3195 1663 vivi,
3228 1599 3360 1651 sicut
3404 1596 3532 1649 dicit
3584 1593 3817 1660 Deus,‘

2163 1693 2409 1762 quoniam
2431 1691 2737 1746 inhabitabo
2760 1693 2813 1744 iu
2850 1691 3023 1746 illiset
3048 1686 3378 1744 inambulabo
3415 1685 3600 1756 (lbid.,
3638 1684 3780 1753 i5).

2165 1790 2345 1846 CAPUT
2385 1808 2475 1845 xx.
2519 1789 2849 1846 Immensitas
2897 1789 3167 1845 Trinitatis
3198 1805 3264 1842 ea:
3302 1789 3471 1859 {arma
3510 1785 3785 1849 baptismi

2236 1863 2545 1916 ostenditur.
2594 1860 2869 1917 Conclusio
2910 1860 3120 1915 secundi
3159 1859 3277 1913 libri
3305 1858 3375 1912 de
3407 1858 3787 1911 immensitate

2240 1932 2520 1986 divinitatis
2550 1930 2677 2001 Filii
2702 1930 2819 1985 Dei.
3488 1993 3493 1997 ,

2246 2025 2402 2095 ιιο
2429 2022 2538 2078 Sed
2576 2037 2678 2080 nec
2717 2021 2849 2076 illud
2877 2030 2960 2077 est
3006 2021 3344 2090 aliquatenus
3372 2016 3782 2087 omittendum,

2169 2130 2278 2186 quo
2308 2115 2741 2171 manifestissima
2765 2113 3043 2169 Trinitatis
3063 2110 3416 2175 immensitas,
3445 2117 3500 2165 et
3523 2125 3620 2179 per
3640 2125 3787 2163 om-

2172 2209 2259 2263 nia
2306 2224 2414 2263 non
2460 2198 2666 2273 Iecalis,
2708 2205 2804 2261 sed
2831 2205 3011 2260 divina
3059 2202 3426 2270 mirabilisque
3475 2200 3782 2271 prmsentia

2171 2302 2591 2366 demonstratur,
2623 2299 2748 2353 dum
2790 2299 2844 2352 in
2874 2297 3082 2351 nomine
3118 2293 3296 2349 Patris
3323 2300 3372 2353 et
3403 2290 3533 2345 Filii
3555 2298 3602 2344 et
3632 2289 3785 2360 Spi-

2174 2396 2308 2449 ritus
2330 2393 2522 2462 sancti,
2554 2389 2847 2448 secundum
2878 2389 3046 2458 ipsius
3071 2384 3283 2442 Domini
3304 2390 3627 2455 praeceptum
3651 2395 3787 2435 crc-

2173 2486 2383 2551 deutes,
2411 2485 2611 2556 ubique
2633 2494 2656 2521 η
2689 2481 3063 2551 cognoscimus
3084 2477 3363 2549 baptizari.
3388 2474 3445 2530 Si
3469 2473 3611 2529 enim
3642 2488 3784 2527 om—

2177 2579 2260 2633 nis
2283 2577 2517 2633 Trinitas
2547 2577 2599 2631 in
2627 2575 2949 2647 baptismate
2978 2571 3319 2628 sanctificare
3361 2566 3623 2627 creditur.
3656 2579 3789 2619 om-

2178 2670 2261 2723 nis
2289 2669 2472 2739 utique
2515 2666 2752 2722 Trinitas
2799 2665 2987 2721 adesse
3031 2670 3394 2726 monstratur;
3425 2674 3546 2715 cum
3585 2665 3787 2712 autem

2182 2763 2379 2834 ubique
2406 2779 2515 2818 uno
2539 2769 2784 2831 tempore
2811 2776 2908 2830 per
2939 2768 3108 2815 totum
3139 2757 3323 2814 orbem
3347 2755 3611 2825 baptisma
3632 2739 3813 2807 celo?

2180 2854 2368 2909 bratur
2394 2853 2488 2928 (al.
2532 2853 2861 2927 celebretur)
2895 2851 2948 2904 in
2982 2848 3198 2905 nomine
3228 2845 3528 2915 Trinitatis,
3576 2844 3622 2898 si
3653 2852 3786 2897 tota

2183 2948 2420 3003 Trinitas
2448 2947 2603 3002 adest
2630 2945 2696 3001 ad
2722 2942 3165 3000 sanctiﬁcandum
3191 2940 3286 3013 (al.
3318 2935 3784 3007 significandum),

2182 3056 2309 3096 ecce
2330 3039 2527 3110 ubique
2556 3038 2873 3093 mirabiliter
2892 3035 3112 3091 exhibet
3139 3032 3485 3104 praesentiam
3514 3028 3789 3097 majesta-

2184 3132 2255 3187 tis
2279 3133 2554 3187 immensae
2580 3149 2592 3183 :
2622 3129 2877 3199 quoniam
2905 3126 3071 3182 solius
3092 3134 3174 3180 est
3204 3124 3320 3190 Dei,
3346 3122 3501 3179 simul
3526 3120 3788 3177 universa

2186 3223 2482 3292 complere.
2517 3221 2574 3275 Si
2608 3228 2788 3275 autem
2819 3234 2927 3274 non
2954 3218 3067 3272 tota
3091 3216 3322 3271 Trinitas
3346 3214 3543 3283 ubique
3571 3212 3790 3282 pariter

2188 3312 2357 3377 adest,
2384 3310 2430 3365 si
2467 3309 2633 3365 Filius
2675 3318 2770 3364 aut
2810 3307 3040 3379 Spiritus
3067 3316 3289 3362 sanctus
3318 3313 3536 3376 putatur
3560 3302 3786 3366 deesse,

2191 3402 2550 3458 nominandus
2598 3402 2785 3471 utique
2833 3401 2885 3455 in
2914 3399 3238 3470 baptismate
3275 3414 3381 3454 non
3426 3405 3528 3461 est,
3567 3394 3660 3464 qui
3710 3392 3788 3448 ad

2188 3494 2634 3551 sanetilicandum
2663 3493 2853 3550 adesse
2878 3510 2984 3549 non
3015 3500 3213 3564 potest.
3241 3491 3493 3561 Quisquis
3521 3502 3651 3556 ergo
3670 3503 3786 3557 pu-

2191 3592 2269 3639 tat
2309 3583 2673 3654 aequalitatem
2724 3583 3101 3639 immensitatis
3124 3589 3361 3653 pateram
3408 3575 3790 3647 denegandam

2191 3674 2327 3730 Filio
2358 3674 2441 3730 vel
2468 3674 2690 3746 Spiritui
2716 3683 2925 3741 sancto,
2950 3690 3149 3734 nomen
3178 3689 3363 3729 eorum
3393 3671 3539 3743 prius
3569 3668 3792 3724 auferat

2192 3764 2261 3822 de
2288 3765 2623 3837 baptismatis
2651 3776 3014 3822 sacramento.
3045 3765 3228 3827 lnhoc
3250 3765 3409 3835 igitur
3426 3778 3586 3833 quam
3609 3761 3792 3817 maxi-

2195 3873 2282 3913 me
2312 3858 2435 3914 lidei
2476 3858 2754 3914 catholicae
2779 3859 2976 3914 veritas
3017 3860 3343 3926 agnoscitur,
3387 3871 3507 3927 qua:
3553 3860 3703 3910 recte
3729 3853 3795 3910 in

2197 3950 2415 4005 nomine
2445 3948 2621 4006 Patris
2667 3957 2720 4005 et
2767 3949 2888 4004 Filii
2935 3957 2991 4004 et
3028 3948 3258 4018 Spiritus
3300 3948 3468 4003 sancti
3508 3944 3793 4017 baptizare

2196 4041 2499 4107 consuevit,
2529 4040 2783 4110 quoniam
2815 4055 3035 4094 omnem
3063 4038 3379 4099 Trinitatem
3413 4038 3610 4106 ubique
3637 4033 3790 4102 pari-

2199 4138 2281 4185 ter
2308 4131 2497 4185 aJesse
2517 4130 2757 4185 conlidit.
2793 4127 2985 4183 Posset
3014 4128 3188 4182 adhuc
3228 4128 3560 4181 immensitas
3588 4121 3789 4177 divini-

2202 4222 2325 4276 tatis
2345 4221 2464 4275 Filii
2488 4220 2581 4275 Dei
2601 4219 2924 4275 testimoniis
2947 4217 3425 4272 innumerabilibus
3444 4215 3792 4269 demonstra-

2199 4310 2276 4376 ri;
2308 4310 2405 4365 sed
2440 4326 2538 4365 nos
2568 4310 2855 4364 maluimus
2885 4324 3056 4379 pauca
3097 4308 3164 4364 de
3193 4308 3431 4379 pluribus
3457 4319 3799 4375 ponere,vo—

2198 4401 2374 4455 lentes
2422 4400 2586 4455 etiam
2632 4400 2928 4455 secundum
2958 4399 3148 4453 librum
3178 4398 3404 4454 celerius
3454 4393 3792 4462 terminare;

2202 4505 2363 4559 quam
2414 4490 2649 4545 maxime
2687 4490 3106 4560 prospicientes,
3155 4497 3214 4544 ut
3241 4488 3294 4542 in
3337 4487 3419 4543 his
3457 4500 3576 4556 qua:
3594 4492 3795 4541 vestrae

2202 4581 2505 4636 clementia:
2536 4581 2888 4647 destinamus,
2919 4582 3155 4636 animum
3186 4581 3456 4651 regalibus
3477 4577 3621 4635 euris
3656 4576 3685 4615 ιι
3712 4578 3796 4632 fe-

2204 4671 2381 4726 liciter
2423 4681 2765 4743 occupatum,
2811 4688 2919 4727 non
2969 4672 3216 4729 lectionis
3261 4672 3789 4743 prolixitascncret,

2207 4760 2298 4815 sed
2329 4762 2692 4819 manifestatio
2716 4764 2959 4820 veritatis
2989 4763 3261 4820 informet.
3307 4761 3537 4817 Proinde
3564 4772 3682 4827 qua:
3722 4756 3793 4813 de

2207 4851 2575 4910 immensitate
2618 4867 2638 4893 ο
2682 4854 2979 4913 divinitatis
3026 4853 3143 4909 Filii
3191 4851 3285 4906 Dei
3329 4849 3601 4920 disputata
3643 4855 3791 4915 sunt,

2210 4943 2317 4999 isto
2340 4945 2727 5002 concludamus
2755 4945 3009 5008 termino,
3044 4951 3101 4998 ut
3126 4958 3190 4998 ea
3217 4956 3337 5011 quae
3356 4940 3423 4995 de
3450 4945 3793 4995 sacramento

2214 5032 2442 5089 dicenda
2491 5043 2617 5089 sunt
2660 5034 2944 5090 dominica:
2981 5033 3266 5106 passionis,
3308 5031 3417 5087 alio
3446 5045 3631 5086 rursus
3658 5027 3801 5084 inci-

2216 5124 2422 5195 piamus
2451 5127 2696 5184 exordio.

2290 5272 2311 5299 ι·
2340 5261 2398 5317 In
2429 5262 2592 5319 Basil.
2623 5263 2778 5318 deest
2803 5262 3108 5315 divinitatis.

1683 5491 2021 5575 LIBER
2100 5494 2643 5577 TERTIUS.

1410 5617 1511 5669 DE
1548 5615 2049 5667 ιΑοιιΑιιυεκτο
2088 5617 2478 5668 DOMINIOE
2514 5617 2908 5670 PAMIONIB.

523 5764 704 5837 Cs‘rur
745 5793 963 5833 ratuuu.
1004 5774 1295 5846 Didicimus
1308 5771 1454 5846 tertii
1481 5770 1601 5846 libri
1625 5768 1689 5846 de
1721 5762 1973 5846 Passione
2002 5764 2111 5822 Do-

595 5851 744 5905 mini.
786 5847 949 5903 Error
996 5839 1509 5916 Theopaschitarum.
1562 5839 1782 5895 Verbum
1819 5839 1985 5893 crucis
2025 5854 2117 5908 pes

595 5918 862 5978 uenatibus
889 5917 1112 5973 stultitia
1136 5925 1232 5970 est.

596 6003 755 6076 111
794 5998 1109 6066 Quanquam
1138 5990 1377 6050 secundo
1426 5991 1582 6060 libro,
1598 5988 1833 6060 superni
1864 5986 2120 6051 ,niunerig

2218 5756 2572 5843 Opitulatlone
2595 5773 2829 5840 subnixi,
2856 5745 3194 5827 divinitatem
3222 5763 3341 5819 Filii
3363 5761 3458 5817 Dei
3483 5755 3804 5831 probaveri-

2221 5891 2339 5933 mus
2354 5876 2689 5939 immensam,
2710 5886 2811 5927 nec
2826 5879 3069 5940 tempore
3089 5863 3316 5932 scilicet,
3331 5874 3431 5915 nec
3449 5858 3570 5912 loco
3581 5854 3803 5911 conclu-

2226 5996 2337 6037 sam
2354 6020 2379 6046 ν
2402 5986 2459 6034 ut
2485 5985 2611 6049 pote
2628 5988 2757 6047 qua:
2785 5973 2963 6028 omnia
2985 5967 3176 6040 replet,
3201 5963 3380 6020 omnia
3400 5958 3665 6023 continet,
3684 5968 3809 6012 om-
