4068 6472
233 508 340 570 269

1430 509 1520 567 ΑΙ)
1556 507 2051 568 τιιΑειΜυΝῡυΜ
2091 509 2218 570 Lm.
2260 488 2342 570 nt.

3404 478 3512 570 in

233 625 323 680 uia
350 622 778 695 sempiternitate
806 621 1081 692 prtccedit,
1114 623 1292 678 omnia
1323 624 1524 692 pariter
1553 624 1827 679 immensi-
1854 635 1898 687 Α
1931 625 2211 694 prietatem
2247 623 2441 678 divinze
2479 623 2830 692 humanoque
2869 629 3070 678 natura:
3099 623 3390 694 pertinent,
3419 629 3513 684 de-

230 724 347 771 tate
367 715 670 780 concludit;
695 713 839 783 quod
859 713 1061 768 idcirco
1083 729 1243 784 quam
1268 714 1499 768 maxime
1517 715 1824 769 curavimus

227 794 732 864 demonstrandum,
759 809 820 856 ut
847 802 891 855 si
919 801 1009 870 qui
1036 817 1177 856 nunc
1212 815 1382 871 usque
1419 801 1732 870 spiritaliter
1758 800 1824 856 de

233 895 348 950 Deo
378 902 650 962 nequeunt
670 893 937 962 cogitare,
962 891 1146 948 localis
1175 891 1228 945 in
1263 892 1354 946 Dei
1389 892 1524 946 Filio
1564 892 1825 962 suspicio-

237 987 319 1040 nis
349 985 762 1039 absolverentur
790 998 1013 1038 errore:
1046 998 1154 1038 non
1183 984 1361 1038 minor
1387 983 1540 1036 nobis
1569 992 1652 1036 est.
1678 981 1825 1036 soliis

235 1078 420 1132 citudo
461 1077 673 1130 residua
713 1075 857 1130 tertii
900 1090 1114 1145 quoque
1143 1074 1302 1144 hujus
1332 1073 1617 1129 voluminis
1644 1073 1826 1127 absol-

232 1166 417 1232 vendi,
445 1181 555 1236 quo
586 1165 654 1220 de
682 1173 1024 1220 sacramento
1053 1164 1338 1220 dominicae
1369 1164 1652 1234 passionis,
1682 1163 1827 1232 quod

240 1257 375 1326 ipse,
397 1257 491 1325 qui
516 1271 614 1325 pro
643 1256 802 1311 nobis
831 1269 1021 1326 passus
1046 1263 1153 1322 est,
1180 1255 1480 1317 donaverit,
1512 1269 1696 1309 sumus
1718 1256 1826 1308 uti-

233 1363 345 1417 que
382 1347 686 1402 tractaturi.
726 1345 826 1401 Ubi
855 1362 964 1401 non
993 1347 1216 1402 minimo
1246 1347 1440 1400 timore
1468 1346 1826 1412 concutimur,

234 1458 342 1498 nec
369 1443 474 1498 levi
515 1441 804 1496 formidine
843 1453 1237 1510 pcrurgemur:
1269 1455 1456 1494 sumus
1490 1440 1632 1493 enim
1671 1453 1826 1508 pror-

232 1549 329 1589 sus
357 1533 640 1606 (quantum
674 1532 742 1587 ad
768 1548 865 1587 nos
893 1533 1105 1600 attinet)
1132 1531 1479 1602 explicationi
1509 1538 1670 1584 tanta:
1705 1546 1832 1599 pro-

233 1626 516 1681 funditatis
543 1625 782 1679 invalidi.
813 1623 921 1678 Sed
950 1623 1044 1678 ille
1077 1623 1164 1692 qui
1193 1623 1395 1692 aperuit
1419 1631 1440 1656 ο
1464 1637 1521 1674 os
1552 1629 1828 1686 mutorum,

225 1724 285 1771 et
315 1715 524 1786 linguas
554 1714 836 1786 infantium
867 1714 989 1784 fecit
1018 1713 1109 1784 (al.
1142 1713 1290 1784 facit)
1331 1712 1552 1764 disertus
1587 1709 1741 1780 (Sap.
1774 1727 1828 1776 κ,

231 1805 351 1872 21),
377 1806 494 1875 ipse
525 1805 683 1876 (sicut
703 1803 1042 1874 conﬁdimus)
1071 1805 1218 1858 dabit
1245 1817 1549 1858 sermonem
1571 1802 1830 1857 directum

223 1903 294 1950 et
323 1896 461 1950 bene
495 1903 776 1951 sonantem
815 1896 869 1949 in
909 1910 970 1950 os
1014 1902 1276 1958 nostrum,
1301 1892 1328 1932 δ
1356 1901 1669 1962 tantamque
1707 1893 1832 1948 huic

1927 725 2252 783 monstrare,
2287 726 2378 771 aut
2415 717 2549 772 duos
2579 717 2821 773 Christus
2851 733 2946 773 nos
2975 719 3244 775 existimet
3271 719 3511 786 credere,

1923 811 2217 865 secundum
2250 811 2533 881 utramque
2565 821 2836 880 naturam,
2880 821 2969 865 aut
2999 821 3244 880 quartam
3285 828 3315 866 a
3359 814 3516 870 nobis

1923 904 2090 959 inseri
2117 913 2270 974 putet
2295 904 2546 960 Trinitati
2577 921 2884 976 personam.
2917 903 3024 958 Nos
3053 905 3194 959 enim
3223 905 3384 960 fidem
3428 921 3518 960 re-

1927 997 2161 1051 tinentes
2188 997 2510 1066 evangelica:
2538 997 2801 1062 veritatis,
2831 996 2980 1051 sicin
3015 995 3308 1050 Mediatore
3339 995 3433 1050 Dei
3462 1006 3519 1051 et

1927 1086 2203 1141 hominum
2225 1087 2441 1141 homine
2461 1087 2675 1143 Christo
2704 1087 2828 1142 Jesu
2859 1088 3073 1158 propria
3097 1089 3516 1158 uniuscujusque

1928 1183 2133 1230 naturae
2157 1178 2551 1245 cognoscimus,
2573 1187 2632 1232 ut
2661 1179 2920 1232 unitatem
2944 1194 3187 1248 personm
3212 1180 3518 1236 nullatenus

1928 1267 2244 1334 dividamus,
2267 1269 2499 1324 scientes
2515 1271 2662 1340 quod
2683 1271 2760 1324 sic
2781 1269 3055 1338 utriusque
3079 1269 3131 1323 in
3153 1269 3368 1324 Christo
3391 1272 3517 1326 sub—

1929 1357 2139 1412 stantia:
2161 1359 2415 1412 manserit
2439 1360 2586 1412 unita
2610 1360 2936 1429 proprietas,
2964 1368 3020 1414 ut
3046 1360 3099 1414 in
3122 1376 3285 1416 carne
3306 1363 3517 1432 patiens

1932 1449 2272 1519 impassibilis
2312 1451 2472 1516 Deus,
2504 1460 2558 1505 et
2593 1465 2773 1505 veram
2808 1451 3111 1520 passionem
3143 1452 3288 1521 (quia
3325 1455 3516 1524 voluit)

1933 1541 1984 1595 in
2018 1552 2040 1580 ε
2071 1557 2198 1596 vera
2226 1557 2386 1596 carne
2415 1542 2658 1607 sentiret,
2685 1551 2740 1596 et
2765 1542 2816 1596 in
2855 1541 3132 1595 divinitate
3163 1558 3382 1612 prorsus
3412 1543 3516 1598 im-

1931 1633 2258 1700 passibiliter
2300 1642 2668 1702 permaneret,
2708 1650 2807 1690 nec
2851 1635 2986 1688 alius
3033 1635 3085 1688 in
3132 1651 3292 1690 carne
3331 1653 3518 1707 passus

1932 1720 2093 1776 fuerit
2121 1722 2221 1778 nisi
2252 1723 2341 1777 ille
2369 1724 2458 1794 qui
2490 1724 2542 1777 in
2573 1739 2698 1778 vera
2730 1725 2907 1779 carnis
2935 1724 3183 1794 passione
3207 1725 3516 1795 impassibi-

1933 1811 1999 1868 lis
2037 1814 2256 1869 omnino
2295 1815 2611 1884 permansit,
2651 1830 2751 1869 ncc
2791 1816 2925 1870 alius
2964 1817 3311 1885 semetipsum
3359 1820 3519 1873 morti

1935 1901 2183 1970 dignatus
2203 1903 2272 1958 sit
2291 1903 2522 1970 tradere,
2543 1919 2700 1972 quam
2729 1904 2817 1960 ille
2836 1905 2926 1974 qui
2949 1905 3026 1961 sic
3043 1907 3216 1976 potuit
3238 1909 3517 1964 moriendo

236 1987 414 2056 operi,
441 1985 586 2054 quod
613 2002 708 2056 per
736 2002 836 2041 nos
866 1987 1116 2055 dignatur
1144 1983 1568 2040 misericorditer
1593 1986 1828 2054 orerari,
1863 2009 1908 2066 Β
1935 2004 2162 2048 mortem
2207 1996 2440 2062 vincere,
2486 2005 2544 2050 ut
2591 2008 2818 2052 mortem
2867 2014 2973 2053 non
3018 2009 3201 2070 posset
3245 2001 3296 2056 in
3343 1996 3520 2058 morte

222 2075 671 2132 demonstranda:
703 2076 948 2132 veritatis
979 2077 1206 2145 gratiam
1247 2076 1522 2144 largietur,
1556 2083 1614 2130 ut
1652 2077 1827 2132 mani-

233 2165 390 2222 festis
417 2167 816 2238 Scripturarum
850 2169 1063 2224 clareat
1089 2167 1450 2230 documentis,
1481 2175 1536 2221 et
1563 2167 1828 2222 rectitudo

231 2258 491 2314 catholici
534 2258 818 2328 dogmatis,
845 2268 901 2314 et
942 2267 1216 2313 tortuosus
1253 2272 1407 2312 error
1444 2272 1507 2311 ac
1550 2256 1830 2326 multiplex

235 2348 508 2403 haeretica:
536 2349 836 2418 pravitatis.
870 2349 1007 2403 Sunt
1032 2347 1175 2402 enim
1204 2346 1420 2415 quidam
1445 2345 1536 2415 qui
1557 2345 1623 2400 de
1653 2361 1833 2400 sacra-

231 2449 428 2496 mento
455 2440 737 2495 dominica:
765 2441 1029 2512 passionis
1058 2439 1213 2494 aliter
1247 2453 1408 2507 quam
1450 2454 1510 2494 se
1536 2439 1708 2508 pietas
1733 2440 1832 2494 ha-

227 2529 354 2593 bet,
393 2529 717 2597 cogitantes,
756 2530 880 2584 dum
924 2529 1151 2583 salutem
1191 2535 1454 2597 quzerunt,
1497 2527 1830 2598 dispendium

233 2619 433 2674 salutis
455 2619 752 2686 incurrunt,
776 2627 831 2673 et
851 2618 976 2673 dum
999 2618 1052 2671 in
1077 2617 1188 2670 Deo
1214 2617 1266 2670 id
1293 2616 1583 2686 accipiunt,
1609 2616 1755 2685 quod
1777 2617 1832 2671 in

229 2711 554 2770 hominibus
595 2719 846 2778 cernunt,
888 2709 1118 2778 quadam
1159 2709 1304 2766 velut
1343 2708 1527 2761 lancea
1568 2723 1833 2777 perversa:

238 2801 536 2856 locutionis
565 2801 704 2854 latus
730 2800 1039 2870 percutiunt
1067 2797 1395 2862 Salvatoris;
1427 2803 1481 2852 et
1505 2812 1624 2850 cum
1655 2797 1834 2851 incre-

235 2893 357 2948 duli
387 2893 586 2948 milites
610 2893 896 2948 detrahere
919 2892 1034 2946 ausi
1068 2907 1172 2946 non
1197 2889 1391 2944 fuerint
1417 2890 1689 2952 morienti,
1715 2890 1834 2958 qui-

234 2981 368 3037 dam
399 2997 562 3044 nunc,
593 2981 692 3035 sub
714 2979 1003 3035 Christiani
1033 2979 1265 3033 nominis
1292 2975 1436 3040 fuco,
1462 2993 1567 3032 non
1590 2985 1838 3032 metuunt

233 3069 510 3138 derogare
537 3069 803 3137 regnanti.
833 3067 898 3122 Hi
929 3076 1054 3122 sunt
1093 3067 1184 3136 qui
1231 3082 1352 3122 cum
1395 3067 1448 3121 in
1479 3083 1585 3122 uno
1620 3066 1836 3122 Christo

239 3160 360 3218 Deo
400 3177 532 3216 vero
561 3162 890 3230 homineque
918 3158 1160 3230 perfecto
1184 3159 1470 3213 humanam
1497 3158 1838 3228 divinamque

241 3252 479 3308 {orsitan
517 3255 670 3324 112
700 3257 991 3320 nequeunt,
1025 3257 1118 3303 aut
1144 3257 1291 3303 certe
1321 3247 1616 3317 negligant,
1643 3263 1838 3302 secun-

235 3343 378 3396 dum
421 3341 722 3396 naturalem
751 3339 1034 3394 veritatem
1073 3337 1418 3392 considerare
1459 3337 1834 3404 substantiam,

237 3433 306 3488 in
338 3433 388 3487 id
411 3432 616 3488 erroris
641 3432 940 3492 incurrunt,
972 3437 1031 3482 ut
1058 3443 1162 3483 non
1192 3428 1480 3481 humanam
1503 3426 1555 3480 in
1579 3425 1674 3480 Dei
1702 3424 1839 3481 Filio

248 3531 534 3586 naturam,
587 3527 838 3596 manente
882 3518 1076 3572 divinae
1120 3516 1332 3571 virtutis
1374 3515 1837 3581 immutabilitate,

243 3619 618 3682 considerent,
661 3615 752 3672 sed
786 3624 841 3669 ut
869 3615 1104 3670 divinam
1135 3613 1511 3680 substantiam,
1540 3612 1730 3668 divina:
1760 3612 1841 3666 in-

251 3709 526 3764 firmitatis
549 3707 899 3778 passibilitate
920 3705 1263 3760 dedecorent.
1285 3703 1439 3770 Quod
1457 3703 1644 3772 utique
1662 3703 1842 3756 divino

249 3796 458 3868 Spiritu
487 3795 804 3868 praevidens,
835 3792 1045 3848 dicebat
1082 3792 1409 3861 Apostolus:
1448 3790 1669 3845 Verbum
1704 3791 1844 3844 enim

245 3889 446 3954 crucis,
474 3886 801 3956 pereuntibus
836 3883 1040 3956 quidem
1069 3882 1289 3936 stultitia
1317 3891 1412 3943 est,
1447 3881 1526 3933 Itis
1561 3889 1727 3932 autem
1757 3881 1842 3950 qui

249 3977 388 4033 salui
417 3978 573 4048 ﬁunt,
619 3977 777 4042 uirtus
817 3974 915 4028 Dei
950 3982 1026 4028 est
1058 3972 1112 4044 (I
1155 3971 1273 4026 Cor.
1321 3987 1358 4034 ι,
1397 3970 1473 4040 8).
1515 3970 1751 4024 Pereunt
1791 3969 1844 4024 in

245 4068 430 4122 verbo
459 4067 632 4122 etncis
663 4083 768 4120 non
804 4065 976 4120 solum
1019 4064 1108 4132 qui
1140 4069 1327 4133 putant
1355 4061 1450 4116 Dei
1493 4060 1683 4114 Filium
1726 4075 1845 4128 quae

258 4153 499 4209 humana
519 4165 642 4211 sunt
663 4156 715 4209 in
737 4169 903 4210 carne
922 4155 1032 4224 pati
1054 4169 1160 4207 non
1189 4153 1450 4223 potuisse,
1473 4167 1657 4206 verum
1682 4151 1845 4205 etiam

258 4243 355 4312 qui
387 4242 612 4298 credunt
639 4245 970 4299 divinitatem
998 4242 1114 4297 Filii
1149 4243 1241 4296 Dei
1276 4241 1491 4297 dolores
1518 4241 1604 4295 vel
1634 4242 1844 4311 passio-

249 4346 388 4390 nem
410 4334 895 4390 substantialiterin
912 4350 1070 4389 cruce
1092 4335 1343 4389 sensisse.
1363 4333 1644 4401 Quomodo
1665 4341 1846 4388 autem

256 4426 488 4482 verbum
518 4427 693 4481 crucis
723 4427 888 4481 virtus
909 4435 991 4480 est
1019 4425 1134 4490 Dei,
1165 4427 1207 4481 si
1236 4427 1287 4480 in
1318 4442 1478 4482 cruce
1509 4425 1686 4480 divina
1721 4425 1847 4480 sub-

259 4511 462 4572 stantia
491 4518 667 4588 potuit
687 4516 975 4572 inﬁrmari?
1004 4517 1086 4571 vel
1110 4517 1341 4585 qualiter
1369 4533 1466 4570 nos
1501 4516 1564 4569 ad
1598 4516 1847 4570 immuta-

257 4606 483 4661 bilitatis
533 4616 694 4676 atque
745 4605 1163 4675 incorruptionis
1217 4605 1439 4674 gratiam
1494 4604 1848 4674 perducturus

259 4694 357 4765 (al.
385 4697 727 4766 reducturus)
759 4705 842 4752 est
862 4695 1127 4758 Christus,
1156 4695 1201 4750 si
1240 4697 1354 4764 ipse
1381 4695 1674 4750 secundum
1705 4693 1844 4749 divi-

1865 3388 1909 3450 C

1933 2089 2153 2143 sentire.
2177 2088 2284 2143 Sed
2306 2089 2419 2144 haec
2441 2089 2671 2160 qualiter
2692 2091 2743 2144 in
2767 2091 2972 2146 unitate
2994 2108 3254 2162 personat,
3279 2094 3523 2149 substano

1935 2177 2127 2232 tiarum
2159 2179 2210 2232 in
2243 2179 2456 2234 Christo
2482 2179 2812 2249 proprietate
2841 2191 3072 2247 servata,
3100 2183 3356 2251 dicamus,
3390 2200 3518 2255 pro-

1933 2269 2183 2327 fessionis
2211 2281 2408 2327 nostra:
2439 2273 2604 2327 series
2631 2271 2872 2341 subjecta
2903 2263 3240 2330 monstrabit.

1933 2355 2111 2419 Carm
2156 2380 2230 2418 Ill.
2271 2364 2432 2435 Recta
2473 2365 2604 2435 ﬁdes
2651 2365 2718 2435 tle
2763 2366 3027 2419 divinitate
3066 2365 3195 2420 Filii
3244 2365 3359 2421 Dei.
3400 2367 3522 2421 Alia

2005 2452 2225 2505 persona
2256 2433 2596 2500 Patrispalia
2636 2433 2768 2492 Filii
2804 2437 2856 2489 in
2899 2453 3005 2489 una
3046 2445 3253 2490 natura.
3288 2436 3520 2492 Christus

2005 2507 2299 2576 unigenitus
2331 2505 2448 2570 Dei,
2478 2507 2661 2576 plenus
2689 2507 2872 2577 gratia?
2897 2515 2944 2560 et
2974 2508 3223 2561 ueritatis.

2007 2595 2286 2650 Credimus
2307 2596 2464 2662 igitur
2488 2596 2580 2651 Dei
2613 2597 2821 2661 Filium,
2843 2606 2972 2652 ante
2992 2614 3152 2653 omne
3177 2614 3396 2669 prorsus
3416 2599 3522 2654 ini-

1935 2687 2090 2748 tium,
2125 2687 2227 2742 hoc
2254 2696 2358 2751 est,
2399 2687 2516 2742 sine
2555 2689 2736 2757 aliquo
2767 2705 2877 2743 sua:
2913 2691 3208 2746 nativitatis
3244 2692 3417 2755 initio,
3449 2690 3523 2747 de

1937 2775 2110 2831 Patris
2139 2778 2435 2834 substantia
2475 2779 2733 2846 genitum,
2767 2779 2931 2834 Deum
2974 2780 3040 2835 de
3073 2781 3202 2847 Deo,
3235 2781 3522 2838 Dominum

1935 2871 2004 2924 de
2032 2871 2290 2937 Domino;
2323 2887 2429 2925 non
2456 2887 2522 2925 ex
2555 2873 2739 2936 nihilo,
2772 2873 2894 2940 quia
2921 2873 2988 2928 de
3020 2872 3208 2940 Patre;
3239 2887 3350 2929 non
3381 2891 3522 2929 nun-

1935 2963 2266 3030 cupativum,
2303 2963 2425 3030 quia
2469 2977 2665 3016 nomen
2712 2963 2874 3017 habet
2909 2975 2977 3018 ex
3014 2964 3241 3018 veritate
3285 2973 3520 3030 naturaz;

1939 3068 2046 3108 non
2075 3069 2139 3107 ex
2164 3050 2188 3089 ἀ
2214 3053 2314 3106 alia
2345 3061 2569 3117 natura,
2610 3053 2733 3121 quia
2773 3054 3116 3122 non'aliquid
3158 3053 3259 3108 fuit
3295 3062 3522 3112 coaeter-

1941 3161 2068 3198 num
2098 3145 2226 3208 Deo,
2260 3145 2401 3198 unde
2444 3145 2596 3213 origo
2627 3143 2763 3199 Filio
2791 3153 3155 3214 prmstaretur.
3200 3144 3308 3200 Nec
3336 3154 3523 3216 postc-

1935 3237 2140 3291 ~riorem
2187 3235 2376 3290 Filium
2421 3251 2490 3290 eo
2535 3237 2627 3306 qui
2678 3237 2888 3304 genuit,
2942 3253 3042 3293 nec
3087 3237 3376 3303 minorem,
3427 3239 3526 3293 sed

1948 3329 2102 3399 113
2129 3326 2297 3401 (sicut
2325 3328 2486 3382 etiam
2519 3328 2568 3381 in
2617 3328 2856 3383 secundo
2885 3328 3066 3383 libello
3087 3328 3346 3401 diximus)
3378 3327 3526 3386 Patri

1943 3433 2162 3488 prorsus
2189 3427 2244 3472 et
2271 3418 2696 3488 sempiternitate
2751 3420 3127 3476 immensitatis
3156 3429 3223 3475 et
3251 3422 3528 3476 immensi-

1945 3518 2056 3564 tate
2079 3510 2521 3580 sempitcrnitatis
2563 3510 2845 3580 aequalem,
2880 3512 3262 3566 immutabilem
3291 3511 3527 3568 mutabi-

1943 3599 2071 3654 lium
2093 3601 2454 3668 conditorem,
2493 3601 2903 3670 intemporalem
2951 3603 3325 3672 temporalium
3355 3604 3530 3660 facto-

1945 3708 2058 3746 rem
2087 3702 2140 3747 et
2166 3703 2500 3763 temporum;
2532 3708 2689 3762 quem
2721 3695 2898 3749 nulius
2937 3697 3177 3750 continet
3221 3696 3390 3765 locus,
3422 3713 3531 3767 quo

1945 3787 2122 3840 nullus
2139 3795 2289 3841 caret
2309 3787 2478 3853 locus,
2499 3788 2624 3856 quia
2641 3796 2835 3841 cuncta
2863 3788 3034 3856 replet
3058 3787 3284 3842 Creator
3307 3790 3532 3844 immen-

1945 3894 2066 3943 sus;
2098 3879 2187 3947 qui
2217 3895 2322 3932 non
2372 3888 2658 3948 propterea
2711 3892 2816 3933 non
2847 3888 2927 3933 est
2955 3879 3118 3943 Deus,
3163 3882 3286 3950 quia
3334 3881 3533 3936 dicitur

1945 3971 2188 4038 genitus;
2211 3969 2302 4024 sed
2335 3970 2455 4024 ideo
2487 3979 2508 4006 ο
2544 3985 2699 4024 verus
2720 3970 2882 4037 digne
2903 3969 3157 4038 creditur,
3183 3971 3304 4040 quia
3336 3971 3403 4026 de
3425 3971 3528 4025 Pa-

1947 4072 2028 4116 tre
2057 4061 2482 4116 substantialiter
2527 4062 2739 4130 genitus
2797 4061 3115 4131 prmdicatur
3145 4080 3158 4116 :
3188 4063 3332 4133 quod
3386 4065 3530 4118 enim

1946 4153 2143 4208 dicitur
2169 4154 2398 4222 genitus,
2434 4170 2539 4207 non
2571 4154 2675 4206 hoc
2705 4161 2786 4207 est
2815 4168 3009 4207 nomen
3041 4152 3335 4208 divinitatis
3361 4153 3412 4209 in
3439 4153 3531 4208 Fi-

1948 4245 2052 4310 lio,
2094 4245 2186 4298 sed
2220 4260 2412 4298 nomen
2439 4253 2522 4298 est
2551 4244 2847 4298 nativitatis
2889 4244 2940 4297 in
2975 4243 3114 4306 Deo;
3139 4253 3198 4298 ut
3218 4259 3377 4314 quem
3400 4261 3534 4299 con-

1947 4345 2053 4391 stat
2083 4335 2149 4390 de
2177 4334 2334 4389 Patre
2363 4335 2682 4390 naturaliter
2710 4335 2948 4405 genitum
2969 4375 2982 4397 .
3013 4345 3225 4390 constet
3250 4321 3368 4391 non.
3387 4336 3533 4392 aliud

1947 4440 2070 4480 esse
2097 4440 2257 4494 quam
2312 4425 2498 4480 Deum.
2526 4425 2624 4480 Hic
2654 4427 2835 4495 itaque
2885 4427 2952 4481 de
2989 4425 3146 4482 Patre
3175 4429 3534 4500 sempiternus

1949 4518 2201 4582 existens,
2236 4533 2394 4571 unam
2425 4517 2597 4572 tenuit
2624 4533 2744 4571 cum
2775 4517 2888 4572 Deo
2936 4515 3093 4572 Patre
3143 4529 3412 4588 naturam,
3438 4522 3532 4574 sed

1947 4607 2218 4678 propriam
2250 4609 2475 4678 sumpsit
2501 4624 2566 4662 ex
2595 4608 2838 4672 genitore
2866 4623 3171 4676 personam,
3204 4610 3328 4680 quia
3352 4610 3532 4664 divina

1953 4698 2204 4753 nativitas
2232 4713 2338 4752 non
2395 4699 2711 4752 divisionem
2768 4700 3025 4754 naturalis
3054 4701 3274 4754 unitatis
3325 4700 3532 4763 habuit.

257 4802 385 4840 nam
417 4794 660 4840 naturam
690 4787 948 4856 probatur
971 4785 1024 4839 in
1055 4785 1294 4839 deterius
1317 4791 1695 4847 commutatus,
1720 4799 1840 4838 cum
1878 4766 1924 4824 θ
1954 4791 2048 4846 sed
2074 4806 2358 4861 personam
2389 4789 2506 4843 Filii
2539 4790 2880 4845 subsistenlis
2912 4806 2940 4844 a
2966 4789 3125 4846 Patre
3171 4791 3445 4859 distinxit;
3478 4788 3535 4848 et

258 4876 453 4931 divinae
491 4884 694 4930 naturae
735 4878 804 4932 sit
845 4875 1138 4947 proprium,
1172 4890 1270 4930 nec
1317 4874 1581 4930 defectum
1623 4890 1840 4945 capere,

259 4983 362 5023 nec
391 4966 732 5037 profectum?
759 5025 762 5028 ,

256 5079 439 5140 CAPUT
477 5096 534 5135 ll.
576 5079 734 5134 Caute
776 5079 841 5131 de
885 5077 1089 5160 Christo
1121 5074 1442 5129 tractandum
1469 5083 1675 5144 propter
1711 5073 1842 5126 duas

707 5157 922 5202 naturas
950 5157 1006 5201 in
1036 5163 1141 5200 una
1169 5161 1410 5215 persona.

326 5260 496 5332 Igitur
523 5258 650 5329 quid
683 5259 736 5314 in
771 5257 988 5314 Christo
1017 5271 1233 5327 semper
1271 5255 1617 5326 impassibile,
1648 5255 1844 5323 quidve

259 5343 384 5407 ante
413 5360 642 5405 mortem
673 5351 851 5405 carnis
888 5347 1138 5419 passibile
1180 5347 1360 5414 fuerit,
1393 5348 1693 5411 tractaturi,
1729 5347 1842 5417 pri-

260 5443 422 5498 mitus
468 5442 650 5497 libello
694 5441 817 5496 huic
855 5439 1136 5494 inserenda
1176 5439 1446 5505 duximus,
1484 5452 1602 5506 qua:
1630 5438 1697 5492 de
1735 5454 1843 5493 uno

260 5531 474 5590 Christo
511 5533 622 5588 Deo
668 5532 994 5599 homineque
1037 5530 1310 5587 credimus
1355 5539 1412 5586 et
1457 5539 1740 5618 tenemus:
1775 5547 1844 5586 ne

257 5624 394 5692 quis,
425 5638 546 5680 cum
573 5623 624 5677 in
659 5637 767 5677 uno
794 5621 1010 5677 Christo
1039 5623 1360 5691 coeperimus
1389 5637 1452 5677 ea
1482 5637 1603 5692 qua:
1627 5624 1692 5676 ad
1717 5639 1841 5692 pro-

329 5765 354 5793 λ
378 5753 506 5810 Mss.
537 5753 693 5811 codd.
723 5751 933 5808 Thuan.
964 5760 1021 5807 et
1041 5752 1178 5807 Vict.
1219 5752 1422 5806 habent
1455 5769 1511 5804 os
1542 5761 1833 5817 mutarum;

259 5833 311 5876 at
339 5825 466 5880 editi
488 5831 545 5880 et
571 5840 671 5880 ms.
701 5822 885 5885 Corb.,
917 5839 974 5876 os
1003 5829 1219 5874 mutum.

330 5895 354 5932 δ
383 5895 478 5949 Ms.
512 5893 695 5957 Corb.,
727 5901 997 5963 tantaque.

335 5977 355 6002 ε
387 5965 552 6020 Abest
575 5981 690 6019 vera
721 5979 749 6016 a
782 5979 878 6016 ms.
898 5961 1115 6016 'Victor.
1141 5979 1154 6029 ;
1187 5962 1379 6030 legitur
1418 5963 1468 6017 in
1501 5962 1620 6017 edd.
1651 5970 1706 6016 et
1733 5977 1834 6018 ms.

260 6031 415 6089 Corb.

1953 4900 2018 4938 cx
2042 4883 2304 4939 vocabulo
2336 4881 2506 4936 Patris
2529 4882 2686 4935 alium
2729 4882 2819 4951 qui
2869 4891 3024 4937 natus
3052 4893 3134 4939 est
3157 4893 3441 4945 monstrat,
3476 4893 3534 4938 ut

1950 4995 2188 5036 errorem
2219 4979 2535 5036 Sabellianm
2571 4977 2899 5033 confusionis
2927 4979 3194 5043 excludat,
3227 4981 3366 5036 sicut
3413 4979 3533 5047 ipse

1948 5072 2113 5130 Filius
2140 5079 2466 5143 protestatur
2492 5070 2676 5125 dicens
2708 5088 2720 5124 :
2752 5072 2899 5124 Alius
2942 5081 3016 5124 est
3054 5072 3139 5142 qui
3186 5070 3533 5125 testimonium

1947 5163 2177 5235 perhibet
2221 5164 2282 5217 de
2331 5180 2429 5227 me,
2462 5172 2511 5216 et
2558 5165 2666 5217 scio
2695 5164 2814 5236 quia
2865 5181 3035 5218 rerum
3064 5172 3138 5217 est
3185 5162 3530 5216 testimonium

1948 5257 2084 5330 quod
2110 5255 2340 5326 perhibet
2369 5255 2431 5309 de
2461 5273 2556 5314 me.
2592 5254 2769 5328 (Joan.
2803 5273 2836 5309 v
2855 5298 2868 5321 ,
2894 5256 3006 5324 5‘2).
3039 5255 3105 5308 Et
3135 5264 3191 5308 ut
3222 5247 3530 5308 ostenderet

1946 5363 2104 5418 quem
2134 5347 2294 5401 alium
2343 5346 2566 5412 diceret,
2592 5355 2713 5417 post
2758 5362 2928 5416 pauca
2953 5345 3180 5413 subjecit
3211 5363 3221 5395 :
3261 5343 3359 5408 Qui
3390 5348 3530 5401 misi:

1945 5458 2025 5495 me
2047 5441 2227 5508 Pater,
2252 5442 2361 5512 ipse
2390 5443 2732 5496 testimonium
2753 5437 2978 5509 per/libet
3000 5438 3061 5490 de
3091 5455 3170 5491 me
3199 5437 3383 5511 (Ibid.,
3410 5439 3524 5508 '57).

1947 5532 2066 5586 Alio
2092 5532 2212 5585 loco
2258 5533 2504 5586 similiter
2529 5547 2683 5585 suam
2709 5543 2991 5599 personam
3020 5526 3298 5599 Patrisque
3326 5528 3529 5582 discer-

1945 5638 2077 5678 nens
2109 5640 2121 5675 :
2155 5621 2278 5677 Non
2307 5640 2420 5677 sum
2448 5621 2662 5692 (inquit)
2693 5623 2860 5685 solus,
2881 5621 2999 5691 quia
3045 5619 3201 5674 Pater
3230 5635 3420 5674 mecum
3450 5629 3529 5674 est

2015 5754 2039 5793 ά
2073 5755 2146 5810 Ita
2177 5773 2276 5811 ms.
2311 5756 2518 5812 Thuan.
2551 5764 2605 5811 et
2635 5755 2805 5815 Vict;
2839 5764 2903 5826 at
2920 5755 3112 5826 legitur
3139 5756 3189 5826 in
3229 5773 3324 5812 ms.
3358 5755 3524 5814 Corb.

1943 5835 1997 5880 et
2019 5828 2103 5881 ed.
2119 5827 2315 5889 .Basil.,
2343 5845 2408 5881 ea:
2430 5829 2606 5894 aliqua
2629 5827 2862 5878 materia.
2889 5825 2944 5880 In
2975 5825 3096 5880 etitl.
3121 5825 3310 5881 Colon.
3342 5835 3398 5881 ct
3420 5825 3529 5882 An-

1944 5906 2142 5961 ttterp.,
2168 5914 2232 5951 ex
2262 5899 2435 5967 aliqua
2459 5906 2662 5948 natura.

2019 5977 2042 6002 ⁸
2067 5969 2121 6020 In
2153 5983 2252 6021 ms.
2284 5965 2468 6020 Tliuan
2501 6008 2514 6031 ,
2546 5983 2690 6021 rerus
2730 5965 2882 6022 Deus.
