4068 6474
558 469 665 526 Ἧι

1772 470 1827 524 S.
1868 469 2230 526 FULGENTII
2269 475 2642 532 RUSPENSIS

3740 479 3846 539 27!

569 582 754 657 (Joan.
779 597 892 648 vtu,
929 579 1036 652 l6).
1079 581 1158 635 Αιι
1189 582 1328 637 hanc
1356 581 1753 636 distinctionem
1783 583 2007 650 gemina:
2038 599 2159 652 per-
2189 589 2234 647 Α
2266 604 2377 641 rum
2408 605 2423 641 :
2468 591 2615 644 stella
2644 591 2782 643 enim
2823 589 2886 659 ab
2933 590 3081 643 stella
3111 589 3285 658 differt
3327 589 3380 642 in
3410 589 3668 658 claritate,
3693 591 3771 645 sic
3800 605 3848 649 et

571 694 740 746 sonte,
772 686 826 732 et
870 677 1262 749 professionem
1295 677 1449 731 unius
1473 676 1788 730 substantia:
1832 677 1882 730 in
1916 676 2074 732 Patre
2104 688 2156 731 ct

572 769 710 825 Filio
738 767 1154 838 perducendum,
1190 769 1304 838 ipse
1334 768 1498 820 Filius
1545 767 1674 821 dicit
1707 785 1720 820 :
1757 767 1855 830 Qui
1905 770 2063 821 credit
2104 771 2156 822 in

571 880 672 931 tne,
702 879 805 916 non
834 862 995 915 credit
1023 863 1075 916 in
1103 879 1200 924 me,
1233 861 1322 914 sed
1347 861 1400 913 in
1429 878 1542 924 eum
1571 862 1656 930 qui
1685 862 1824 914 misit
1847 878 1925 913 me
1947 878 1964 914 :
1988 871 2036 914 et
2073 863 2160 931 qui

547 953 704 1022 ridet
726 969 825 1012 me.
852 953 983 1006 ridet
1014 969 1127 1005 eum
1148 953 1234 1021 qui
1262 968 1341 1004 me
1378 952 1516 1004 misit
1541 951 1720 1020 (Joan.
1753 969 1846 1017 xu,
1875 952 1987 1021 44).
2012 952 2160 1008 Unus

571 1054 652 1098 est
694 1045 852 1113 igitur
892 1044 1056 1100 Filius
1081 1059 1146 1118 ex
1179 1043 1352 1097 Patris
1406 1051 1597 1097 natura
1636 1045 1864 1111 genitus,
1898 1045 1988 1114 qui
2040 1043 2160 1099 ideo

571 1135 894 1207 Unigenitus
912 1136 1129 1202 dicitur,
1148 1141 1203 1188 ut
1235 1150 1300 1189 ex
1329 1135 1660 1204 proprietate
1685 1143 1920 1206 paternte
1937 1146 2158 1201 naturte,

569 1243 708 1281 unus
738 1234 792 1281 et
821 1226 1029 1294 genitus
1063 1225 1485 1280 demonstretur.
1517 1223 1624 1280 Sed
1654 1225 1742 1280 hic
1783 1225 1875 1295 qui
1909 1224 2160 1294 Unigeni-

576 1328 658 1370 ttts
689 1331 757 1370 ex
788 1315 948 1369 Patre
997 1315 1315 1386 naturaliter
1355 1315 1568 1378 dicitur,
1599 1317 1736 1370 sicut
1791 1316 2161 1386 inseparabilis

561 1415 654 1460 cst
687 1407 893 1460 unitate
922 1389 1158 1472 naturae,
1188 1407 1266 1462 sic
1297 1406 1683 1462 inconfusibilis
1729 1417 2008 1478 permanet
2035 1424 2161 1478 pro-

569 1497 802 1565 prietate
832 1510 1096 1565 personae.
1143 1493 1223 1550 οι)
1253 1496 1356 1551 hoc
1385 1512 1443 1550 se
1475 1497 1846 1552 tantummodo
1874 1497 1966 1552 Dei
1998 1498 2160 1554 Filius

569 1584 916 1655 Unigenitum
971 1586 1218 1641 nominat
1270 1586 1454 1643 dicens
1485 1605 1497 1640 :
1535 1588 1624 1642 Sic
1650 1589 1785 1642 enim
1815 1589 1994 1662 dilexit
2021 1587 2160 1642 Deus

563 1676 835 1742 mundum,
860 1685 916 1730 ut
938 1675 1134 1730 Filium
1163 1693 1310 1730 suum
1339 1679 1661 1748 unigenitum
1703 1679 1878 1744 daret,
1911 1689 1966 1731 ut
1993 1681 2160 1734 omnis

567 1769 651 1838 qui
682 1767 843 1821 credit
871 1769 924 1822 in
970 1785 1083 1821 eum
1113 1785 1215 1821 non
1246 1779 1438 1835 pereat,
1465 1770 1557 1824 sed
1601 1769 1787 1823 habeat
1829 1773 1983 1824 vitam
2013 1782 2163 1826 teter-

564 1874 690 1910 nam
739 1857 919 1928 (Joan.
965 1874 1043 1918 ιιι,
1079 1856 1189 1927 lii).
1241 1856 1308 1911 Et
1349 1858 1508 1928 paulo
1556 1867 1720 1929 post:
1756 1857 1856 1924 Qui
1901 1861 2062 1914 credit
2105 1861 2161 1914 in

2260 679 2566 732 resurrectio
2609 689 2924 732 mortuorum
2973 677 3026 749 (Ι
3055 678 3174 732 Cor.
3201 695 3292 743 xv,
3319 677 3442 749 il);
3471 688 3526 734 et
3554 680 3634 734 his
3665 689 3846 735 tamen

2258 768 2524 830 omnibus,
2551 785 2649 839 pro
2680 770 2767 824 illa
2797 778 3066 840 potestate
3093 784 3254 838 quam
3287 770 3366 824 eis
3389 769 3540 824 dedit
3571 771 3713 824 ﬁlios
3756 770 3847 826 Dei

2260 860 2394 926 ﬁeri,
2429 863 2586 916 simul
2633 863 2841 918 dicetur
2883 862 3124 918 dextris:
3161 863 3358 928 Venite,
3391 860 3640 915 benedicti
3667 861 3850 916 Patris

2260 958 2379 1022 mei,
2407 960 2652 1028 percipite
2681 976 2893 1030 regnum
2947 959 3081 1028 quod
3110 969 3352 1028 paratum
3380 967 3457 1012 est
3485 955 3623 1010 robis
3647 956 3717 1010 ab
3739 958 3847 1012 ori-

2260 1049 2379 1119 gine
2406 1049 2586 1102 mundi
2614 1049 2829 1122 (Matth.
2874 1067 3000 1116 xxv,
3025 1049 3114 1119 54)
3150 1067 3163 1102 :
3194 1048 3352 1104 simul
3394 1048 3556 1106 etiam
3579 1047 3645 1101 de
3673 1049 3849 1102 omni-

2260 1137 2360 1191 bus
2408 1137 2605 1192 dioitur
2637 1156 2648 1191 :
2679 1137 2820 1192 Iusti
2869 1148 3039 1192 autent
3064 1137 3088 1174 ά
3115 1139 3260 1190 ibunt
3288 1138 3342 1190 in
3393 1137 3549 1189 vitam
3601 1144 3849 1190 (sternam

2263 1226 2452 1299 (ιδιά,
2476 1226 2590 1297 46).
2617 1227 2918 1297 aEqualiter
2939 1227 3098 1296 igitur
3123 1226 3326 1282 tenebit
3345 1233 3569 1280 cunctos
3590 1224 3686 1278 Dei
3714 1223 3850 1279 ﬁlios

2263 1318 2440 1386 unitas
2469 1317 2707 1385 adoptivi
2738 1317 2989 1381 nominis,
3035 1317 3160 1371 licet
3188 1316 3504 1371 meritorum
3531 1315 3846 1383 qualitatem

2262 1419 2626 1465 monstratura
2647 1411 2717 1465 sit
2743 1409 3040 1464 diﬁerentia
3069 1409 3358 1473 claritatis;
3385 1424 3482 1462 nec
3508 1408 3560 1461 in
3591 1422 3680 1472 eo,
3703 1407 3848 1476 quod

2263 1503 2520 1572 Spiritalis
2571 1504 2686 1574 (al.
2731 1503 3034 1572 spiritales)
3087 1517 3207 1558 esse
3247 1501 3510 1570 caepimus
3553 1499 3851 1552 nativitatis

2263 1603 2478 1658 exortu,
2500 1593 2856 1648 discernimur
2884 1593 3121 1659 nomine,
3148 1591 3391 1661 quamvis
3412 1605 3475 1645 ex
3511 1588 3757 1658 profectu
3782 1589 3848 1643 si-
3924 1605 3935 1617 ·

2263 1698 2382 1736 mus
2402 1683 2740 1737 discernendi
2771 1683 3036 1738 mercede.
3062 1682 3120 1736 ln
3143 1697 3212 1737 eo
3237 1695 3466 1748 namque
3495 1679 3640 1748 quod
3670 1681 3850 1734 volun-

2264 1772 2401 1826 tarie
2424 1774 2610 1841 genuit
2653 1789 2754 1828 nos
2782 1774 2948 1828 verbo
2976 1772 3218 1827 veritatis
3245 1771 3446 1840 pariter
3475 1770 3612 1823 ﬁlios
3641 1784 3848 1824 nuncu-

2266 1868 2410 1937 pavit
2431 1868 2602 1934 gratia
2626 1867 2900 1935 genitoris.
2934 1865 3087 1932 Quod
3118 1866 3162 1920 si
3188 1865 3365 1928 divina
3391 1864 3480 1917 illa
3504 1862 3628 1916 Filii
3657 1861 3851 1932 sempi-

568 1966 704 2013 eum,
735 1967 837 2004 non
859 1949 1212 2020 judicabitur;
1242 1953 1325 2022 qui
1357 1961 1654 2005 autemnon
1683 1953 1865 2021 credit,
1884 1953 1999 2022 jam
2011 1952 2159 2023 judi-
2195 1955 2236 2014 Β
2269 1965 2525 2024 ternaque
2555 1957 2827 2022 nativilas,
2859 1971 2966 2010 non
2991 1955 3059 2010 de
3092 1962 3280 2008 natura
3312 1953 3404 2007 Dei
3438 1951 3636 2015 Patris,
3660 1950 3762 2006 sed
3785 1965 3850 2006 ex

569 2053 715 2096 catus
735 2052 832 2108 est,
862 2043 979 2115 quia
1015 2060 1117 2096 non
1145 2053 1164 2079 ³
1201 2043 1364 2097 credit
1395 2045 1446 2096 in
1495 2046 1702 2098 nomine
1751 2046 2000 2115 unigeniti
2031 2043 2161 2097 Filii

571 2131 690 2186 Dei.
725 2133 799 2188 De
827 2134 945 2189 solo
972 2131 1002 2172 ι»
1027 2133 1223 2204 quippe
1273 2134 1407 2189 Filio
1448 2133 1684 2191 Joannes
1732 2142 2064 2205 protestatur
2105 2143 2161 2190 et

571 2222 701 2278 dicit
726 2240 740 2276 ε
783 2222 1005 2277 Verbum
1051 2241 1174 2278 caro
1199 2226 1395 2295 factum
1436 2235 1530 2290 est,
1563 2234 1611 2278 et
1639 2224 1884 2294 habitarit
1910 2226 1962 2280 in
1991 2225 2158 2294 nobis,

573 2320 625 2366 et
645 2312 862 2366 vidimus
890 2313 1110 2384 gloriam
1141 2315 1269 2384 ejus,
1303 2315 1524 2385 gloriam
1544 2315 1692 2386 quasi
1717 2315 1966 2385 unigeniti
1987 2333 2018 2368 a
2047 2317 2158 2369 Pa-

572 2411 670 2468 tre,
700 2405 904 2474 plenum
937 2405 1120 2474 gratia:
1149 2414 1196 2457 et
1225 2406 1451 2458 veritatis
1483 2403 1664 2474 (Joau.
1698 2420 1732 2464 ι,
1768 2403 1876 2474 li).
1921 2404 2157 2460 Verbum

567 2509 696 2549 caro
720 2495 939 2560 factum,
963 2495 1180 2565 plenum
1209 2502 1290 2551 est
1310 2476 1493 2564 gratia:
1513 2496 1870 2565 susceptionis
1890 2497 2154 2565 humanae,

567 2587 694 2656 quia
717 2586 964 2643 Christus
988 2590 1120 2642 nihil
1144 2589 1194 2642 in
1225 2603 1284 2644 se
1313 2590 1486 2643 minus
1507 2589 1743 2644 hominis
1770 2589 1960 2656 habet;
1989 2589 2159 2645 idem-

561 2693 675 2749 que
713 2677 1027 2748 Unigenitus
1063 2696 1092 2733 a
1122 2678 1282 2734 Patre
1313 2680 1500 2750 plenus
1531 2688 1615 2734 est
1645 2681 1883 2734 veritatis
1919 2689 2158 2749 paterna:

563 2771 909 2834 substantiae,
939 2771 1065 2840 quia
1113 2786 1326 2826 omnem
1380 2771 1433 2824 in
1463 2787 1524 2826 se
1575 2771 1869 2827 divinitatis
1918 2781 2156 2842 paternae

563 2859 953 2928 plenitudinem
977 2861 1296 2916 naturaliter
1326 2861 1507 2916 habet.
1544 2861 1763 2916 Plenum
1793 2863 1954 2931 igitur
1972 2863 2156 2933 gratiae

567 2961 620 3007 et
658 2954 888 3008 veritatis
943 2953 1270 3024 evangelista
1301 2954 1572 3022 cognovit,
1602 2970 1763 3024 quem
1793 2971 1957 3010 unum
2004 2970 2154 3010 eum-

569 3040 802 3112 demque
849 3058 1032 3098 verum
1084 3044 1356 3099 hominem
1387 3046 1557 3113 gratia
1602 3059 1743 3101 verte
1769 3047 2154 3101 incarnationis

567 3134 909 3202 ostenderet,
941 3143 997 3190 et
1022 3151 1208 3190 verum
1238 3135 1405 3190 Deum
1435 3135 1778 3204 Unigenitum
1808 3153 1837 3190 a
1867 3135 2026 3191 Patre
2057 3152 2152 3191 na-

565 3225 794 3280 tivitatis
821 3233 1036 3280 mternte
1062 3227 1262 3281 veritas
1287 3225 1607 3281 declararet.
1634 3226 1769 3294 Quid
1808 3235 1985 3283 autem
2017 3228 2151 3284 Filio

2263 2045 2431 2112 gratia
2457 2046 2693 2099 creditur
2721 2045 3042 2111 substitisse,
3071 2061 3179 2098 non
3219 2044 3380 2098 debet
3412 2041 3732 2110 Unigenitus
3759 2057 3852 2097 vo-

2263 2135 2394 2199 cari,
2425 2135 2520 2191 sed
2542 2137 2913 2190 tantummodo
2941 2137 3170 2206 genitus.
3201 2134 3468 2202 Quoniam
3493 2137 3630 2190 sicut
3657 2136 3714 2189 ei
3752 2151 3852 2191 no.—

2264 2241 2385 2278 tnen
2437 2225 2600 2292 geniti
2651 2225 2868 2293 largitas
2914 2226 3221 2294 adoptionis
3250 2233 3486 2295 paternae
3533 2225 3849 2291 contribuit,

2262 2318 2339 2372 sic
2367 2335 2487 2373 eum
2516 2319 2584 2373 ab
2619 2317 2890 2387 Unigeniti
2923 2318 3139 2372 nomine
3183 2317 3338 2372 nobis
3386 2331 3602 2386 quoque
3643 2317 3846 2370 tributa

2262 2407 2572 2461 communio
2618 2417 2858 2476 paterna:
2888 2406 3194 2476 adoptionis
3239 2407 3486 2460 exclusit.
3536 2405 3852 2473 Unigenitus

2261 2499 2403 2550 enim
2436 2514 2542 2550 non
2567 2506 2788 2552 vocatur
2817 2497 2870 2550 in
2905 2509 2925 2533 ε
2958 2497 3141 2552 multis
3170 2538 3185 2563 ,
3215 2497 3460 2565 quamvis
3479 2499 3697 2564 genitus
3726 2513 3851 2567 pos-

2259 2591 2329 2642 sit
2360 2590 2539 2643 vocari
2567 2605 2689 2643 cum
2720 2590 2932 2657 genitis.
2964 2588 3116 2654 Quod
3138 2589 3183 2643 si
3208 2590 3280 2642 ita
3303 2596 3407 2655 est,
3430 2588 3678 2642 deleatur
3707 2586 3850 2658 quod

2258 2677 2494 2732 Joannes
2516 2694 2678 2733 ausus
2708 2689 2805 2750 est_
2822 2693 3019 2734 nomen
3051 2677 3319 2747 Unigeniti
3347 2678 3601 2742 scribere,
3637 2688 3701 2732 ut
3725 2694 3848 2748 pro~

2259 2771 2417 2824 betur
2447 2771 2656 2834 falsum,
2685 2771 2827 2840 quod
2852 2771 3046 2825 meruit
3069 2770 3137 2825 de
3167 2778 3385 2840 pectore
3429 2770 3676 2825 veritatis
3722 2772 3850 2825 hau-

2260 2861 2384 2915 rire.
2418 2861 2472 2916 Si
2496 2877 2626 2916 vero
2651 2863 2952 2931 proprietas
2985 2860 3252 2928 Unigeniti
3275 2861 3571 2914 manifestae
3596 2860 3850 2917 demons-

2259 2952 2449 3006 tranda
2479 2961 2562 3006 est
2607 2952 3013 3020 signiﬁcationis
3056 2953 3276 3020 indicio,
3307 2953 3384 3007 sic
3427 2953 3577 3006 multi
3630 2952 3728 3007 ﬁlii
3762 2952 3850 3008 Dei

2257 3043 2505 3099 dicantur
2530 3061 2596 3100 ex
2622 3045 2814 3114 gratia,
2850 3053 2908 3098 ut
2954 3052 3308 3113 cognoscatur
3331 3059 3490 3100 .unus
3541 3044 3761 3110 genitus
3785 3059 3849 3100 ex

2239 3143 2472 3211 natura.
2503 3135 2634 3201 Quis
2660 3137 2803 3190 enim
2835 3144 2993 3189 natus
3019 3143 3102 3189 est
3124 3135 3264 3190 Deus
3285 3151 3442 3190 verus
3468 3135 3534 3189 de
3560 3133 3672 3189 Deo
3700 3149 3849 3202 vero,

2257 3224 2359 3278 nisi
2387 3211 2676 3295 unigenitus
2721 3224 2909 3290 Filius,
2938 3227 3024 3296 qui
3052 3236 3130 3279 est
3179 3227 3231 3278 in
3279 3227 3395 3279 sinu
3433 3225 3643 3279 Patris?
3665 3227 3842 3293 Quem

567 3317 790 3386 prodest
810 3324 869 3372 ut
893 3327 1232 3386 nuncupetur
1274 3315 1538 3385 Unigeniti
1569 3320 1802 3382 nomine,
1833 3320 1877 3374 si
1918 3321 2156 3390 privatur
2180 3330 2226 3390 (ζ
2258 3317 2381 3372 ideo
2411 3317 2582 3372 solum
2614 3333 2642 3370 a
2671 3319 2881 3372 caeteris
2909 3317 3003 3372 Dei
3034 3317 3154 3372 ﬁliis
3181 3317 3430 3386 exceptio
3460 3327 3715 3386 segregat
3765 3319 3847 3372 in-

563 3407 818 3462 .vocabuli
847 3409 1114 3463 veritate?
1140 3409 1360 3463 Frustra
1391 3425 1622 3481 namque
1675 3409 1992 3479 Unigenitus
2019 3410 2152 3466 dici-

565 3509 673 3565 tur,
705 3499 749 3554 si
780 3501 830 3554 in
861 3499 975 3569 ejus
1002 3501 1350 3569 generatione
1382 3520 1486 3556 non
1532 3505 1790 3559 naturalis
1817 3504 1895 3560 de-
1916 3505 2027 3560 Deo
2054 3519 2150 3573 ge-

567 3597 792 3643 nerante
818 3591 1036 3656 veritas,
1063 3590 1156 3644 sed
1208 3591 1497 3646 creationis
1545 3607 1611 3647 ex
1659 3592 1896 3648 donante
1932 3593 2155 3663 largitas

568 3677 906 3746 (medicatur.
939 3677 1008 3732 Et
1035 3679 1153 3734 aliis
1174 3680 1316 3734 enim
1335 3721 1350 3747 ,
1385 3679 1641 3752 Quotquot
1671 3694 1969 3752 receperunt
1998 3684 2155 3756 114

567 3784 705 3830 eum,
730 3768 870 3822 dedit
891 3771 964 3824 eis
992 3778 1295 3841 potestatem
1322 3773 1463 3840 ﬁlios
1506 3771 1604 3827 Dei
1641 3774 1758 3842 ﬁeri
1807 3773 1968 3845 (Ibid.
1991 3817 2006 3843 ,
2039 3774 2148 3848 12).

566 3857 720 3924 Quod
748 3859 792 3914 si
820 3860 983 3915 etiam
1016 3863 1318 3931 unigenitus
1345 3862 1512 3918 Filius
1533 3862 1704 3919 factus
1727 3863 1919 3918 dicitur
1941 3880 2008 3919 ex
2027 3879 2152 3934 gra-

564 3950 641 4007 tia
670 3993 684 4016 ,
716 3966 825 4006 non
856 3967 984 4008 vere
1013 3955 1223 4020 genitus
1251 3969 1318 4008 ex
1357 3965 1579 4019 natura,
1611 3954 1798 4024 procul
1847 3953 2010 4010 dubio
2057 3971 2156 4010 no-

567 4055 690 4095 men
722 4050 777 4096 ct
806 4041 1088 4097 veritatem
1122 4041 1388 4110 Unigeniti
1433 4043 1692 4113 perdidit,
1723 4052 2010 4113 postquam
2039 4043 2148 4099 fra-

509 4193 516 4196 _
566 4138 678 4186 tres
705 4133 905 4187 habere
927 4132 1040 4202 jam
1069 4134 1229 4202 ccepit
1261 4152 1271 4186 :
1307 4134 1548 4204 privatur
1569 4135 1710 4189 enim
1742 4134 1899 4203 hujus
1927 4135 2153 4190 veritate

565 4222 824 4288 nominis,
844 4223 889 4278 si
916 4223 969 4276 in
997 4220 1286 4290 Unigenito
1315 4239 1421 4278 non
1443 4232 1524 4281 est
1548 4223 1615 4279 de
1642 4222 1798 4278 Patre
1829 4225 2152 4280 veritas‘na-

566 4311 770 4367 turalis.

566 4402 746 4459 CAPUT
786 4419 857 4459 tv.
894 4401 1023 4458 Filii
1052 4403 1152 4475 Dei,
1177 4405 1403 4475 adoptivi
1431 4407 1674 4474 diﬂ‘erunt
1704 4424 1807 4461 non
1838 4406 2150 4473 nominibus,

815 4475 905 4528 sed
933 4473 1258 4541 muneribus,
1281 4473 1394 4529 non
1436 4473 1564 4541 vita,
1595 4479 1685 4530 sed
1712 4477 1898 4547 gloria.

639 4563 850 4621 Etenim
884 4566 935 4620 in
967 4566 1088 4621 ﬁliis
1111 4566 1205 4621 Dei
1235 4567 1327 4641 qui
1359 4583 1464 4622 non
1494 4567 1560 4622 de
1589 4568 1684 4623 Dei
1710 4579 1732 4608 ε
1759 4568 1932 4623 Patris
1960 4578 2150 4622 natura

559 4653 884 4723 subsistunt,
913 4652 1180 4727 adoptiva:
1231 4659 1536 4714 communio
1563 4659 1838 4727 dignitatis
1867 4659 2150 4714 diversita-

565 4744 980 4822 'tcm,munerum
997 4757 1179 4818 potest
1202 4749 1422 4813 habere,
1447 4766 1552 4805 non
1579 4751 1882 4817 nominum;
1907 4758 1963 4805 et
1989 4750 2151 4820 adop-

565 4837 731 4890 tantis
755 4840 946 4906 gratia,
979 4841 1184 4896 cunctis
1227 4856 1292 4896 ex
1341 4841 1453 4898 Deo
1499 4844 1838 4899 nascentibus
1862 4882 1877 4908 ,
1907 4844 2150 4912 quamvis

553 4925 787 4982 diversa:
828 4929 1196 4985 retributionis
1222 4947 1414 4986 munus
1456 4948 1552 5002 pro
1591 4933 1794 4988 laboris
1822 4932 2014 4986 merito
2057 4946 2148 4986 re-

553 5020 872 5089 promittat,
906 5037 1067 5076 unum
1098 5031 1276 5076 tamen
1327 5024 1530 5079 cunctis
1559 5024 1788 5079 ﬁliorum
1836 5038 2029 5077 nomen
2058 5038 2148 5078 ac-

550 5111 911 5177 commodat;
942 5121 998 5168 et
1025 5129 1128 5168 una
1161 5130 1256 5184 per
1285 5113 1441 5169 ﬁdem
1473 5129 1652 5169 veram
1683 5113 1882 5168 renatis
1903 5113 2010 5167 vita
2040 5130 2149 5170 coe-

567 5200 717 5257 lestis
743 5203 897 5272 regni
954 5206 1301 5274 promittitur,
1332 5207 1576 5277 quamvis
1618 5203 1870 5259 dill‘erens
1896 5215 2149 5274 regnatu-

566 5294 640 5349 ris
667 5295 834 5364 gloria
866 5299 1146 5366 tribuatur,
1182 5299 1347 5353 Paulo
1377 5300 1542 5354 beato”
1565 5297 1775 5352 dicente
1803 5315 1814 5350 :
1847 5298 1964 5352 Alia
1991 5298 2148 5353 clari-

557 5385 650 5438 ιω
676 5385 822 5452 solis,
843 5397 892 5441 et
912 5388 1018 5442 alia
1045 5389 1257 5442 claritas
1281 5388 1439 5453 inme,
1467 5394 1516 5439 et
1545 5386 1651 5439 alia
1701 5386 1915 5440 claritas
1961 5387 2142 5441 stella-

639 5530 663 5555 ι
695 5519 790 5576 Ms.
827 5521 1013 5582 Corb..
1045 5522 1281 5582 credidit,
1306 5520 1459 5587 juxta
1481 5517 1723 5573 Crtecum
1754 5524 1980 5587 textum.

604 5646 611 5652 _
642 5590 664 5627 δ
694 5588 772 5646 lta
795 5609 924 5647 mss.
953 5593 1090 5648 Vict.
1116 5601 1173 5645 et
1199 5586 1438 5655 Thu’an.;
1468 5599 1523 5643 at
1546 5589 1669 5644 edd.
1692 5588 1916 5654 habent,
1947 5586 2024 5639 De
2037 5587 2149 5642 solo

559 5657 795 5734 Joannes
822 5679 1037 5734 quoque.

644 5744 664 5765 ο
688 5732 763 5786 Ita
796 5727 894 5788 nis.
923 5727 1084 5786 Corb.
1142 5745 1242 5784 nec
1286 5747 1391 5784 non
1436 5729 1628 5786 C-olon.
1658 5738 1712 5785 et
1765 5727 2062 5798 Antuerp.;
2095 5737 2150 5781 at

559 5799 727 5856 Basil.
760 5803 836 5856 sic
860 5803 1038 5867 habet,
1071 5802 1154 5871 qui
1185 5817 1286 5871 non
1309 5801 1373 5871 de
1402 5799 1598 5856 Patris.

639 5871 662 5907 δ
693 5871 855 5925 Abest
884 5862 1035 5925 ibunt
1057 5862 1094 5923 a'
1117 5887 1214 5924 ms.
1237 5862 1397 5925 (iuri).
1422 5889 1435 5933 ;
1461 5871 1724 5940 reperitur
1753 5869 1804 5924 in
1841 5869 2017 5923 editis.

647 5956 668 5978 ε
691 5940 776 5993 Jta
813 5959 910 5996 ins.
955 5942 1113 5994 Corh.
1143 5959 1158 6005 ;
1205 5951 1256 5996 at
1298 5943 1424 5996 editi
1454 5938 1643 5997 Colon.
1672 5952 1723 5995 et
1758 5941 1878 5994 Ant.
1914 5955 2025 5995 non
2049 5938 2148 5993 ha-

2180 4701 2228 4759 D

2260 3410 2720 3464 commnnicabilis
2768 3410 3020 3476 nominis,
3049 3411 3175 3478 quia
3220 3411 3270 3464 in
3303 3411 3419 3465 solo
3468 3419 3753 3480 permanet
3781 3411 3847 3465 de

2257 3503 2416 3560 Patre
2441 3507 2638 3560 veritas
2668 3506 2938 3560 naturalis.

2257 3592 2436 3649 Carur
2466 3612 2516 3649 v.
2550 3595 2782 3668 Christus
2809 3597 3093 3650 exinanivit
3116 3573 3357 3666 seipsum,
3391 3607 3439 3649 et
3470 3607 3636 3650 tamen
3658 3599 3845 3668 plenus

2616 3667 2802 3738 gratia!
2834 3669 3159 3738 veritatisque
3188 3669 3487 3737 permansit.

2334 3761 2486 3830 115
2518 3757 2612 3813 Hic
2641 3775 2800 3814 verus
2824 3759 2963 3813 Deus
2991 3767 3046 3814 et
3073 3759 3182 3813 vita
3211 3767 3429 3824 aaterna,
3459 3775 3573 3812 cum
3593 3761 3647 3812 in
3670 3760 3842 3829 forma

2259 3851 2353 3906 Dei
2391 3863 2540 3912 esset,
2575 3869 2677 3907 non
2709 3854 2947 3924 rapinam
2977 3853 3256 3918 arbitratus
3293 3850 3310 3890 ἶ
3351 3867 3462 3905 esse
3499 3868 3553 3904 se
3595 3853 3844 3921 (cqualem

2257 3939 2386 4004 Deo.
2446 3943 2770 4012 semetipsum
2809 3941 3114 4005 ea'inanit'it,
3157 3943 3378 4010 [orntum
3415 3941 3546 3993 servi
3583 3941 3845 4002 accipiens

2259 4029 2482 4098 (Philip.
2513 4047 2570 4098 ιι,
2598 4032 2654 4099 ﬁ)
2677 4049 2696 4098 ,ε
2720 4030 3081 4100 mqualitatem
3106 4029 3248 4084 enim
3279 4029 3370 4082 Dei
3396 4030 3503 4082 veri
3525 4029 3663 4082 Deus
3684 4041 3843 4083 verus

2255 4135 2362 4174 non
2395 4121 2586 4190 rapuit,
2639 4134 2796 4187 quam
2837 4119 3040 4173 unitate
3078 4117 3305 4171 naturali
3333 4117 3690 4185 sempiternus
3719 4130 3841 4170 cum

2254 4213 2496 4280 genitore
2527 4211 2780 4280 possedit.
2803 4208 3004 4266 Idcirco
3032 4207 3334 4276 unigenitus
3355 4205 3447 4258 Dei
3468 4204 3649 4270 Filius,
3673 4206 3842 4264 etiam

2253 4300 2470 4370 quando
2513 4298 2738 4352 formam
2769 4298 2908 4352 servi
2947 4295 3216 4364 accipiens
3258 4293 3607 4360 semetipsum
3652 4293 3844 4346 exina-

2252 4390 2403 4455 nivit,
2436 4389 2625 4458 plenus
2652 4386 2836 4455 gratia:
2867 4383 3214 4450 veritatisque
3236 4379 3548 4450 permansit.
3579 4377 3841 4456 Vidimus,

2253 4480 2425 4547 inquit
2462 4476 2718 4539 Joannes,
2767 4475 2983 4546 gloriam
3006 4473 3137 4542 ejus,
3164 4472 3383 4544 gloriam
3405 4470 3552 4534 quasi
3573 4468 3842 4540 Unigeniti

2252 4588 2284 4624 a
2315 4570 2500 4637 Patre,
2547 4568 2753 4636 plenum
2799 4569 2985 4639 gratiae
3016 4576 3038 4612 ε
3071 4575 3121 4620 ει
3163 4567 3390 4621 ueritatis
3421 4562 3600 4634 (Joan.
3645 4579 3682 4626 ι,
3725 4561 3836 4634 14).

2255 4659 2367 4714 Hoc
2393 4667 2476 4712 est
2512 4657 2719 4725 utique,
2761 4656 2903 4726 quod
2933 4657 2984 4709 in
3008 4671 3114 4710 uno
3160 4655 3458 4724 eodemque
3486 4652 3836 4722 semetipsum

2252 4750 2610 4814 exinaniente,
2633 4757 2686 4803 et
2711 4749 2869 4819 pleno
2899 4747 3082 4816 gratia:
3102 4755 3156 4801 et
3177 4746 3440 4812 veritatis,
3456 4749 3674 4811 accepta
3694 4739 3838 4795 servi

2252 4841 2422 4896 forma
2469 4843 2751 4896 veritatem
2802 4839 3118 4896 voluntariae
3186 4852 3406 4908 prorsus
3455 4831 3837 4890 exinanitionis

2252 4933 2506 4997 ostendit,
2553 4933 2606 4986 in
2635 4948 2742 5002 quo
2769 4939 2970 4986 teterna
2997 4943 3316 4999 permanens
3342 4926 3435 4982 Dei
3465 4925 3634 4980 forma
3666 4921 3836 4994 pleni-

2255 5025 2489 5080 tudinem
2517 5024 2701 5092 gratize
2733 5021 3078 5088 veritatisque
3107 5019 3446 5074 monstravit.
3475 5017 3602 5083 Quae
3628 5024 3708 5070 est
3734 5015 3834 5083 igi-

2256 5124 2343 5168 tur
2368 5114 2456 5167 illa
2484 5111 2751 5180 Unigeniti
2780 5109 3093 5173 exinanitio,
3115 5107 3218 5161 nisi
3247 5115 3468 5175 accepta
3495 5104 3760 5174 passibilis
3781 5109 3834 5156 et

2257 5207 2500 5264 mortalis
2523 5204 2826 5260 humanitas
2846 5202 3076 5257 Christi?
3103 5200 3232 5268 Quae
3256 5209 3433 5254 autem
3464 5205 3544 5252 est
3569 5194 3834 5266 Unigeniti

2257 5298 2550 5376 plenitudo,
2584 5296 2682 5350 nisi
2710 5309 3030 5365 permanens
3055 5291 3395 5362 impassibilis
3423 5299 3584 5359 atque
3613 5289 3736 5342 imm
3748 5302 3831 5339 ’)l‘-

2255 5391 2376 5445 talis
2405 5387 2654 5442 divinitas
2680 5384 2914 5440 Christi?
2947 5386 2999 5439 in
3024 5401 3130 5455 quo
3158 5383 3425 5454 perfectus
3454 5383 3615 5436 homo
3645 5380 3831 5450 plenus

2259 5519 2506 5592 benthas
2528 5534 2688 5573 voces
2715 5520 2769 5572 in
2792 5518 2987 5571 inultis.
3013 5517 3068 5572 In
3111 5517 3268 5571 Basil.
3311 5531 3437 5592 vero
3465 5516 3554 5592 sic
3592 5514 3826 5592 legitur}

2262 5589 2569 5660 Unigenitus
2592 5591 2727 5643 enim
2757 5606 2859 5643 non
2890 5599 3098 5644 vocatur
3145 5589 3395 5659 (quamvis
3437 5587 3640 5657 genitus
3669 5587 3826 5655 possit

2252 5659 2444 5782 mea?)
2477 5676 2589 5712 cum
2610 5661 2794 5729 genitis

2331 5729 2348 5766 ί
2437 5746 2482 5782 s.
2513 5729 2698 5782 Corb..
2730 5748 2794 5782 no

2331 5729 2348 5766 τ
2384 5724 2482 5782 Ms.
2513 5724 2698 5791 Corb..
2730 5747 2830 5784 non
2855 5729 3090 5798 rapinam
3122 5728 3403 5782 arbitratus
3432 5737 3507 5782 est
3629 5724 3721 5780 sed
3745 5737 3824 5776 se-

2254 5800 2542 5867 metipsum.
2576 5799 2759 5860 Basil.,
2783 5816 2894 5852 esse
2919 5799 3188 5867 (aqualem.

2325 5880 2348 5916 κ
2374 5868 2468 5923 Ms.
2497 5868 2679 5934 Corb.,
2707 5869 2890 5939 gratia:
2918 5869 3163 5921 veritatis.
