4068 6458
251 420 361 480 £73

1446 418 1537 473 AD
1571 412 2074 474 TRASNUNDUM
2111 419 2237 473 LIB.
2280 416 2363 471 ill.

3421 412 3538 471 '2'?!

251 544 336 591 est
362 530 564 602 gratim,
598 536 653 584 et
680 528 732 582 in
760 544 870 598 quo
900 516 1170 598 perfectus
1198 526 1340 582 Deus
1365 518 1555 598 plenus
1584 536 1667 581 est
1706 528 1849 583 veri-
1876 531 1924 592 Α
1951 529 2145 602 Cum:
2164 546 2253 583 vn.
2283 523 2649 602 ΔΜιειιὶᾳιω-ενηι
2686 526 2896 602 decebat
2925 525 3056 602 duas
3084 502 3271 602 habere
3297 521 3537 583 naturas.

255 623 389 679 tatis
417 639 429 675 :
459 618 604 707 quod
636 619 731 691 (al.
764 617 895 688 quo)
925 616 1115 688 procul
1142 617 1307 673 dubio
1350 616 1701 687 plenitudinis
1750 632 1850 673 no.
1942 631 1953 637 ·

258 730 404 778 men,
445 720 504 767 ut
532 710 827 769 divinitatis
864 724 983 766 esse
1031 718 1375 776 monstretur,
1428 708 1744 780 Apostolum
1783 710 1851 765 de

254 807 473 865 Christo
503 805 814 874 loquentem
856 804 1059 875 pariter
1094 802 1377 859 audiamus
1424 822 1437 857 :
1475 801 1609 868 Quia
1652 804 1708 856 in
1735 804 1851 874 ipso

252 899 515 955 inhabitat
550 900 721 952 omnis
769 897 1035 968 plenitudo
1074 896 1358 952 divinitatis
1398 898 1754 967 corporaliter,
1802 906 1853 949 et

257 990 383 1044 estis
409 989 464 1042 in
510 987 603 1042 illo
635 987 730 1059 (al.
764 985 876 1059 illa)
924 987 1104 1059 repleti
1134 985 1356 1058 (Coloss.
1398 1004 1454 1051 ιι,
1487 987 1540 1051 9,
1582 986 1689 1051 l0).
1721 987 1852 1054 Qua:

253 1089 440 1136 autem
468 1079 539 1135 sit
565 1078 685 1148 qua:
714 1077 768 1132 in
799 1076 1014 1134 Christo
1044 1078 1310 1134 inhabitat
1357 1079 1635 1150 plenitudo
1664 1078 1855 1134 divini-

250 1171 388 1226 tatis
407 1168 644 1226 Joannes
668 1168 921 1225 ostendat
944 1169 1039 1241 (al.
1063 1169 1318 1232 ostendit)
1348 1187 1361 1222 :
1392 1169 1630 1234 Verbum,
1658 1169 1855 1239 inquit,

253 1267 385 1318 raro
413 1263 608 1334 factum
637 1270 733 1326 est,
766 1269 817 1315 et
843 1260 1092 1315 habitavit
1112 1262 1165 1315 in
1195 1259 1342 1316 nobis
1372 1258 1553 1332 (Joan.
1580 1276 1616 1327 ι,
1642 1259 1753 1331 Η).
1778 1259 1865 1316 De

254 1353 363 1408 ista
398 1352 734 1423 plenitudine
773 1350 1010 1422 Baptista
1053 1350 1292 1408 Joannes
1329 1366 1430 1407 nos
1468 1352 1662 1407 asserit
1697 1367 1855 1408 acce-

256 1442 426 1516 pisse,
465 1441 652 1497 dicens
682 1459 696 1495 :
721 1438 789 1494 Et
819 1441 883 1496 de
903 1441 1223 1513 plenitudine
1251 1442 1364 1513 ejus
1392 1458 1486 1496 nos
1508 1457 1683 1496 omnes
1711 1457 1856 1495 acce-

257 1534 448 1605 pimus,
477 1540 528 1587 et
549 1534 773 1604 gratiam
802 1550 896 1602 pro
927 1533 1123 1602 gratia.

258 1641 446 1701 CAPUT
476 1662 548 1700 vr.
593 1642 657 1699 In
688 1662 790 1700 uno
817 1644 1021 1770 Chriszo
1070 1647 1187 1701 dua:
1223 1657 1446 1715 naturte,
1474 1665 1579 1702 non
1607 1649 1854 1720 confusw,

464 1742 469 1750 ·
910 1733 965 1770 se
1036 1720 1214 1770 unitw.

464 1742 469 1750 ·
910 1720 1002 1771 sed
1036 1720 1214 1770 unitw.

340 1825 487 1884 Unus
512 1827 673 1898 igitur
688 1826 935 1898 idemque
952 1826 1195 1885 Christus
1215 1828 1313 1884 Dei
1334 1838 1391 1884 et
1419 1829 1651 1885 hominis
1672 1828 1856 1892 Filius,

259 1922 356 1995 qui
384 1929 441 1977 et
467 1923 813 1992 semetipsum
842 1922 1163 1988 exinanivit,
1209 1931 1266 1977 et
1295 1921 1484 1992 plenus
1508 1916 1693 1991 gratiae
1720 1920 1862 1976 veri-
1896 1912 1938 1972 Β

260 2012 502 2085 tatisque
532 2013 855 2083 permansit;
897 2028 1023 2068 vere
1060 2013 1330 2068 mutabilis
1359 2012 1553 2079 factus,
1605 2013 1859 2068 immuta-

260 2101 390 2181 bilis
425 2119 669 2171 manens,
709 2119 835 2158 vere
874 2119 1080 2174 passus,
1129 2105 1368 2174 passioni
1408 2120 1515 2160 non
1546 2104 1859 2175 subiacens;

261 2205 395 2246 vere
421 2200 689 2260 mortuus,
718 2200 948 2246 mortem
977 2207 1082 2246 non
1112 2192 1369 2258 sentiens,
1386 2192 1480 2248 sed
1494 2193 1861 2262 esstinguens.

260 2279 395 2338 Haec
418 2291 600 2337 autem
626 2291 822 2338 cuncta
851 2298 988 2337 unus
1015 2280 1260 2338 Christus
1284 2290 1338 2338 et
1361 2282 1526 2354 gessit
1545 2290 1601 2338 et
1622 2283 1861 2355 pertulit,

260 2372 393 2443 quia
423 2371 476 2427 in
504 2388 614 2429 uno
642 2372 945 2443 eodemque
973 2371 1191 2427 Christo
1218 2389 1347 2429 vera
1371 2374 1686 2440 divinitatis,
1719 2390 1868 2430 vera-

258 2450 373 2537 que
387 2464 737 2521 humanitatis
760 2474 948 2521 natura
976 2466 1290 2537 permansit,
1313 2465 1438 2521 dum
1455 2465 1598 2527 Deus
1612 2484 1722 2524 non
1742 2484 1868 2524 con-

260 2550 417 2611 fusus
445 2554 673 2621 homini,
706 2553 803 2609 sed
826 2554 1028 2624 unitus,
1061 2555 1139 2611 sic
1167 2556 1222 2609 in
1267 2571 1371 2611 una
1403 2572 1631 2627 persona
1662 2558 1865 2615 utrius-

263 2659 376 2716 que
401 2636 616 2701 ‘natura:
646 2647 1010 2717 permanentis
1036 2646 1233 2711 indicia
1268 2647 1680 2716 demonstravit,
1704 2658 1763 2705 ut
1783 2666 1872 2709 ve-

261 2754 361 2821 rus
390 2738 531 2821 Deus
560 2748 614 2795 et
644 2739 854 2810 plenus,
885 2740 1028 2795 veris
1052 2740 1360 2810 divinisque
1380 2741 1670 2821 virtutibus
1695 2744 1750 2798 in
1778 2744 1874 2800 ho-

263 2818 417 2887 mine
443 2818 676 2887 clareret
696 2841 997 2903 assumpto,
1028 2841 1083 2888 et
1104 2834 1305 2889 veritas
1331 2819 1657 2891 inﬁrmitatis
1685 2836 1870 2892 huma-

262 2935 356 2976 na:
386 2936 574 2976 verum
611 2922 941 2993 plenumque
980 2922 1255 2978 hominem
1285 2932 1615 2979 monstraret
1648 2924 1702 2979 in
1733 2925 1868 2982 Deo.

265 3009 503 3084 Propter
538 3012 683 3083 quod
728 3012 921 3069 beatus
968 3012 1259 3084 Apostolus
1313 3030 1476 3070 unum
1517 3017 1874 3087 eumdemque

264 3103 568 3172 Christum,
592 3114 647 3161 et
671 3098 988 3161 crucifixum
1013 3105 1288 3177 praedicat,
1321 3115 1376 3163 et
1400 3106 1496 3163 Dei
1516 3107 1767 3164 virtutem
1788 3124 1876 3165 sa-

268 3195 650 3268 pientiamque
678 3197 992 3267 pronuntiat
1031 3197 1216 3252 dicens
1243 3216 1255 3249 :
1283 3195 1397 3253 Nos
1422 3207 1593 3253 autem
1618 3200 1877 3271 pradica-

268 3303 392 3342 nzus
421 3285 681 3342 Christum
709 3287 1049 3359 cruciﬁxum,
1080 3286 1283 3343 ludatis
1312 3288 1517 3360 quidem
1543 3290 1878 3359 scandalum,

263 3378 512 3455 gentibus
539 3388 711 3435 autem
741 3381 1038 3446 stultitiam,
1086 3381 1215 3452 ipsis
1258 3391 1433 3436 autem
1459 3384 1654 3437 uocatis
1675 3382 1877 3438 Judwis

268 3479 430 3542 atque
476 3465 695 3535 Graecis,
734 3468 994 3526 Christum
1024 3469 1124 3525 Dei
1160 3472 1416 3539 virtutem,
1457 3482 1506 3527 et
1534 3472 1635 3528 Dei
1663 3476 1876 3546 sapien-

271 3558 406 3612 tiam
424 3557 476 3628 (I
496 3557 618 3615 Cor.
646 3575 682 3622 ι,
701 3558 791 3626 23,
814 3559 924 3633 2t),
952 3569 1006 3616 et
1034 3569 1090 3628 ut
1116 3572 1140 3599 ι
1167 3562 1220 3617 in
1248 3562 1561 3619 inﬁrmitate
1590 3566 1885 3636 susceptio-

270 3651 362 3706 nis
388 3651 637 3706 humana:
675 3654 1095 3722 magnitudinem
1125 3654 1317 3711 divina:
1357 3657 1571 3713 virtutis
1610 3669 1880 3714 monstra-

271 3749 362 3798 ret
387 3740 583 3811 adjecit
616 3759 628 3796 :
657 3740 807 3806 Quod
827 3747 966 3799 enim
999 3746 1159 3818 116
1183 3746 1399 3801 stultum
1426 3758 1505 3803 est
1528 3747 1644 3815 Dei,
1668 3749 1883 3820 sapieni-

275 3834 384 3889 tius
408 3843 486 3889 est
512 3834 826 3902 hominibus,
875 3838 1090 3909 etquod
1130 3840 1398 3910 infirmum
1423 3849 1499 3894 est
1537 3840 1660 3907 Dei,
1692 3844 1880 3912 {artius

275 3934 360 3982 est
384 3925 679 3982 hominibus
707 3926 891 4000 (Ibid.,
924 3927 1039 3999 25).
1069 3928 1167 3985 llle
1211 3930 1373 3998 igitur
1406 3930 1504 3988 Dei
1549 3931 1736 4001 Filius,
1786 3934 1883 3991 Dei

274 4017 470 4085 virtus,
497 4027 552 4074 et
578 4018 674 4074 Dei
702 4020 985 4090 sapientia,
1018 4021 1073 4077 in
1102 4023 1330 4079 exordio
1357 4023 1746 4096 redemptionis
1783 4041 1884 4082 no-

281 4114 432 4175 strae,
460 4110 729 4167 diversum
756 4112 1008 4182 quiddam
1040 4113 1135 4186 (al.
1166 4115 1405 4187 quidem)
1436 4116 1644 4187 peregit
1686 4116 1741 4171 in
1780 4117 1882 4173 ho-

279 4198 452 4265 mine,
477 4214 637 4269 quam
667 4202 810 4271 quod
838 4218 1054 4273 semper
1090 4205 1326 4262 habebat
1364 4207 1418 4262 in
1448 4206 1627 4274 Patre,
1661 4209 1789 4278 quia
1813 4209 1887 4264 vi-

281 4288 484 4345 delicet
506 4291 649 4346 aliud
667 4280 737 4349 ibi
756 4293 1052 4362 maiestatis
1072 4294 1099 4334 δ
1128 4297 1379 4355 nativitas
1400 4298 1606 4366 habuit,
1631 4299 1774 4355 aliud
1798 4300 1886 4356 hic

282 4378 465 4450 pietas
506 4379 891 4452 redemptionis
918 4386 1099 4455 exegit
1146 4387 1242 4457 (al.
1268 4390 1459 4461 exigit)
1492 4408 1504 4443 :
1534 4391 1588 4445 in
1616 4391 1714 4446 illo
1741 4392 1885 4447 enim

285 4470 632 4540 sempiterna:
656 4473 951 4530 nativitatis
980 4472 1180 4534 a'rcano
1206 4482 1567 4551 sempiternus
1595 4491 1760 4554 atque
1802 4484 1885 4539 in-

285 4560 685 4616 commutabilis
714 4562 809 4632 (al.
839 4558 1212 4637 immutabilis)
1245 4566 1406 4625 Pater
1431 4571 1661 4626 alterum
1702 4574 1889 4642 genuit

2088 599 2248 654 .Dests
2270 599 2423 654 homo
2445 600 2613 670 {actus
2642 607 2738 661 est,
2771 595 2960 665 absque
2977 599 3058 652 sui
3079 597 3384 652 mutatione.

2022 689 2121 746 Hic
2149 698 2353 755 autem,
2376 689 2503 743 dum
2531 696 2729 743 nostra:
2751 686 3140 758 redemptionis
3158 687 3545 743 commercium

1950 787 2251 847 gereretur,
2299 780 2459 849 pleno
2485 794 2721 848 veroque
2763 778 2967 834 homini
3007 779 3226 850 plenum
3251 793 3547 851 verumque

1942 870 2122 925 ‘Deum
2149 870 2376 925 decebat
2397 871 2539 926 uniri
2574 889 2585 924 :
2619 872 2701 926 sic
2724 879 2930 931 tamen.
2957 880 3019 926 ut
3046 872 3099 925 in
3129 872 3338 927 unitate
3364 888 3549 943 perso-

1955 974 2058 1027 nae,
2098 975 2199 1015 nec
2227 960 2280 1014 in
2319 961 2539 1016 homine
2584 962 2747 1026 Deus,
2790 977 2889 1016 nec
2918 962 3082 1016 homo
3111 970 3296 1033 posset
3330 963 3397 1018 in
3433 963 3550 1018 Deo

1954 1047 2210 1104 confundi
2236 1066 2249 1103 :
2281 1064 2552 1119 nunquam
2574 1051 2717 1105 enim
2742 1051 3029 1120 quisquam
3048 1051 3329 1107 hominum
3348 1052 3429 1107 ad»
3440 1054 3556 1108 vim

1950 1140 2190 1198 centium
2212 1142 2443 1196 humani
2468 1144 2680 1211 generis
2708 1144 2982 1199 inimicum
3016 1143 3210 1199 fuisses
3229 1144 3475 1212 idoneus,
3506 1146 3549 1200 si

1948 1231 2012 1286 in
2039 1230 2339 1286 Mediatore
2364 1231 2459 1286 Dei
2488 1239 2545 1287 et
2572 1232 2871 1301 hominum,
2913 1235 3132 1289 homine
3157 1234 3375 1290 Christo
3397 1232 3547 1299 Jesu,

1952 1330 2055 1378 aut
2093 1322 2297 1393 aliquid
2326 1321 2515 1380 fuisset
2552 1323 2788 1380 hominis
2817 1326 3039 1390 minus,-
3064 1335 3158 1381 aut
3186 1328 3349 1383 homo
3378 1343 3408 1382 a
3440 1326 3551 1382 Deo

1950 1421 2276 1484 susceptus,
2327 1413 2505 1469 divina
2555 1413 2743 1471 luisset
2787 1418 3129 1486 susceptione
3173 1425 3548 1487 consumptus;

1959 1519 2069 1559 non
2109 1512 2289 1559 autem
2338 1504 2570 1560 humana
2615 1515 2806 1561 natura
2853 1515 3068 1577 poterat
3112 1508 3165 1562 in
3212 1508 3554 1578 reparatione

1961 1598 2233 1666 consumi,
2262 1597 2414 1667 cujus
2440 1612 2566 1668 pars
2592 1598 2845 1653 damnata
2885 1616 2991 1655 non
3020 1608 3370 1656 consumetur
3404 1607 3556 1655 teter-

1950 1687 2132 1743 ‘tiitate
2158 1688 2425 1757 supplici.
2475 1689 2609 1744 Cum
2656 1698 2835 1745 autem
2883 1706 3056 1760 poena:
3095 1692 3166 1746 sit
3211 1705 3553 1761 consumere,

1962 1781 2148 1850 gratim
2193 1795 2472 1852 reparare,
2516 1781 2851 1853 Redemptor
2888 1783 3109 1838 humani
3157 1784 3388 1853 generis,
3439 1782 3555 1854 ple-

1964 1888 2066 1928 nus
2111 1872 2203 1944 (al.
2237 1874 2467 1944 plenius)
2511 1872 2848 1929 conlitendus
2892 1882 2976 1928 est
3002 1874 3167 1939 Deus,
3212 1874 3427 1945 plenum
3465 1888 3555 1927 su-

1958 1963 2198 2034 scipiens
2247 1964 2549 2028 hominem,
2597 1965 2790 2034 plenus
2837 1966 3019 2034 gratiae
3068 1981 3172 2035 qua
3227 1966 3393 2021 homo
3440 1964 3557 2021 ﬁeri

1958 2054 2215 2123 dignatus
2260 2063 2344 2110 est
2390 2055 2552 2122 Deus,
2609 2064 2667 2111 et
2713 2050 2903 2126 plenus
2946 2059 3209 2124 veritatis,
3259 2073 3363 2128 qua
3413 2056 3557 2114 Deus

1965 2144 2081 2216 ipse
2101 2145 2193 2214 qui
2220 2145 2383 2201 homo
2410 2144 2584 2200 factus
2605 2144 2630 2183 δ
2653 2155 2738 2202 est
2761 2155 3042 2217 permanet
3064 2148 3397 2212 immutatus,
3418 2148 3559 2203 sicut

1964 2250 2065 2308 per
2109 2236 2427 2307 prophetam
2467 2245 2593 2293 ante
2625 2236 2736 2307 jam
2789 2237 3003 2293 dixerat
3036 2256 3049 2292 :
3091 2237 3273 2292 Videte
3314 2239 3436 2311 quia
3462 2255 3556 2310 ego

1965 2344 2079 2383 sum
2107 2337 2157 2382 et
2176 2345 2279 2384 non
2299 2346 2410 2382 sum
2440 2339 2665 2383 mutatus
2688 2327 2940 2399 (.llalach.
2965 2345 3044 2397 ιιι,
3065 2329 3142 2400 6).
3171 2329 3245 2384 De
3267 2344 3374 2399 quo
3395 2329 3559 2385 etiam

1967 2420 2164 2477 Paulus
2201 2422 2418 2477 beatum
2471 2422 2634 2477 David
2672 2422 2937 2477 cecinisse
2968 2430 3357 2477 commemorat
3390 2438 3404 2474 :
3438 2419 3560 2475 Mu-

1970 2513 2102 2568 tabis
2123 2530 2230 2580 eos,
2258 2523 2309 2568 et
2336 2513 2689 2581 mutabuntur,
2723 2523 2773 2568 tu
2805 2524 2974 2568 autem
3004 2515 3137 2568 idem
3160 2515 3270 2586 ipse
3289 2531 3342 2568 es
3369 2510 3557 2586 (Hebr.

1971 2621 2007 2671 ι,
2040 2605 2135 2672 l2;
2165 2604 2313 2660 Psal.
2344 2621 2414 2674 tl,
2438 2604 2552 2678 28).
2589 2604 2735 2661 Unus
2764 2620 2893 2675 ergo
2924 2606 3173 2675 idemque
3202 2604 3465 2672 Christus,
3505 2604 3562 2660 in

1970 2688 2038 2752 eo
2065 2696 2209 2766 quod
2239 2696 2427 2766 plenus
2456 2697 2662 2765 gratim,
2708 2697 2839 2751 nihil
2869 2697 3044 2751 minus
3080 2697 3284 2751 habens
3312 2697 3563 2752 humana:

1972 2796 2197 2854 naturae,
2231 2788 2423 2859 plenus
2452 2787 2616 2842 homo
2646 2793 2806 2842 natus
2833 2794 2917 2841 est
2945 2802 3009 2840 ex
3041 2786 3291 2850 homine;
3324 2794 3379 2841 et
3416 2786 3468 2840 in
3497 2800 3566 2841 eo

1972 2877 2117 2949 quod
2146 2878 2338 2950 plenus
2366 2878 2629 2942 veritatis,
2664 2877 2796 2931 nihil
2818 2877 2995 2931 minus
3015 2884 3254 2946 paterna:
3273 2874 3571 2930 divinitatis

1972 2970 2200 3038 habens,
2244 2968 2386 3024 Deus
2412 2968 2602 3039 plenus
2638 2977 2931 3038 generatur
2959 2983 3026 3021 ex
3063 2965 3245 3024 Patre.
3287 2966 3422 3020 Nam
3453 2981 3566 3020 non

1975 3070 2095 3118 erat
2119 3062 2308 3133 plenus
2334 3061 2519 3130 gratiae
2551 3058 2865 3128 Unigenitus
2889 3074 2919 3113 a
2950 3057 3129 3125 Patre,
3160 3059 3205 3113 si
3227 3058 3281 3111 in
3310 3057 3408 3112 Dei
3434 3056 3577 3112 Filio

1975 3155 2155 3210 minus
2186 3153 2286 3209 fuit
2308 3153 2510 3222 aliquid
2532 3151 2796 3219 hominis;
2820 3167 2921 3207 nec
2945 3159 3064 3206 erat
3092 3150 3281 3221 plenus
3308 3149 3573 3216 veritatis,

1898 3271 1949 3334 VC
1980 3245 2027 3300 si
2057 3245 2110 3300 in
2143 3244 2334 3301 eodem
2364 3242 2599 3334 hominis
2620 3241 2739 3334 lilio
2761 3242 2943 3334 minus
2975 3241 3076 3296 fuit
3103 3239 3571 3334 aliquidgdeitatis.

1979 3336 2074 3392 llle
2103 3336 2265 3406 igitur
2305 3333 2593 3391 ineliabilis
2619 3332 2782 3400 Deus,
2816 3333 2885 3388 de
2915 3332 3076 3397 Patre
3112 3331 3432 3386 naturaliter
3458 3330 3576 3386 sine

1980 3430 2136 3487 initio
2163 3428 2397 3498 genitus,
2422 3434 2708 3498 postquam
2733 3428 2881 3481 venit
2906 3424 3186 3497 plenitudo
3218 3424 3496 3496 temporis,
3516 3434 3579 3481 ut

1980 3522 2175 3576 missus
2205 3536 2235 3574 a
2266 3518 2446 3584 Patre,
2485 3529 2509 3557 ε
2537 3519 2692 3574 lieret
2720 3534 2788 3575 ex
2825 3520 3068 3586 muliere,
3128 3515 3281 3573 ﬂeret
3309 3518 3409 3573 sub
3438 3518 3577 3588 lege,

1980 3622 2038 3667 ut
2066 3630 2152 3668 eos
2182 3614 2268 3685 qui
2294 3612 2386 3667 sub
2428 3612 2540 3684 lege
2568 3621 2720 3667 erant
2748 3612 3043 3681 redimeret,
3069 3620 3127 3665 ut
3156 3610 3487 3683 adeptionem
3509 3610 3581 3683 [i-

1982 3706 2170 3760 liorum
2202 3705 2543 3777 reciperemus
2576 3701 2775 3777 (Galat.
2808 3719 2882 3772 tv,
2913 3701 2988 3775 5),
3015 3711 3159 3759 totus
3194 3702 3213 3741 ί
3249 3710 3331 3759 est
3353 3717 3586 3773 regnans

1984 3797 2038 3851 in
2059 3797 2180 3852 sinu
2213 3795 2409 3861 Patris,
2458 3803 2606 3851 totus
2655 3794 3002 3865 semetipsum
3051 3793 3290 3854 formans
3336 3793 3388 3846 in
3428 3800 3591 3849 utero

1987 3888 2238 3959 Virginis.

1984 3979 2169 4035 Carur
2199 3996 2310 4035 vm.
2343 3979 2577 4033 C'ltristus
2607 3975 2740 4032 totus
2779 3978 2833 4031 in
2874 3975 3036 4030 Patre
3073 3964 3123 4029 et
3167 3985 3303 4030 totus
3342 3976 3397 4030 in
3436 3982 3596 4031 utera

2057 4052 2261 4194 rrnatris.
2313 4049 2549 4105 Christus
2595 4051 2652 4104 in
2681 4064 2739 4103 se
2786 4048 2949 4113 diues,
2998 4056 3210 4119 propter
3253 4061 3618 4132 nos.egenus.

2082 4130 2229 4176 actus
2249 4129 2345 4175 est.
2738 4160 2743 4165 .
3278 4148 3283 4153 ο

2082 4129 2229 4176 actus
2249 4129 2345 4175 εει.
2738 4160 2743 4165 -
3278 4148 3283 4153 '

2066 4211 2217 4281 117
2248 4209 2434 4278 Neque
2457 4207 2600 4264 enim
2644 4222 2770 4278 pars
2798 4205 2917 4277 ejus
2945 4206 3208 4261 remansit
3236 4205 3290 4261 in
3318 4204 3615 4273 Patre,..et-.

1989 4316 2115 4372 pars
2142 4300 2261 4371 ejus
2288 4299 2572 4356 descendit
2599 4298 2654 4353 in
2698 4296 3000 4367 Virginem,
3021 4311 3145 4361 cum
3177 4304 3323 4352 totus
3351 4297 3404 4350 in
3429 4294 3596 4350 Patre

1989 4400 2234 4449 maneret
2261 4390 2404 4463 quod
2442 4397 2580 4454 erat,
2631 4395 2687 4445 et
2728 4394 2875 4443 totus
2915 4386 2972 4442 in
2996 4385 3217 4456 Virgine
3256 4386 3418 4441 lieret
3445 4385 3596 4455 quod

1990 4502 2098 4542 non
2127 4493 2245 4541 erat
2275 4502 2287 4538 :
2315 4492 2468 4539 totus
2503 4497 2623 4538 cum
2657 4479 2819 4536 Patre
2860 4488 3034 4536 totum
3073 4479 3302 4551 impleas
3328 4486 3389 4534 et
3412 4479 3607 4534 conti-.-

1996 4591 2131 4631 nens
2158 4574 2439 4636 mundum,
2474 4580 2621 4627 totus
2645 4571 2746 4626 sibi
2780 4572 2833 4625 in
2878 4579 3036 4626 utero
3064 4569 3303 4639 Virginis
3320 4569 3599 4626 azdilieans

287 4664 400 4704 non
429 4649 730 4719 diversum;
762 4660 818 4708 et
845 4664 1106 4722 quantum
1144 4658 1456 4725 generando
1484 4662 1730 4729 protulit,
1772 4670 1888 4718 tan-
1919 4653 1965 4715 Ι)
1989 4665 2208 4725 domum
2241 4663 2523 4732 (scriptum
2552 4668 2638 4717 est
2665 4660 2809 4716 enim
2835 4678 2848 4713 :
2887 4659 3163 4731 Sapientia
3189 4659 3467 4730 azdi/icavit

288 4745 376 4792 tus
403 4738 520 4808 ipse
573 4742 900 4811 permansit;
936 4753 1010 4798 .et
1065 4747 1425 4815 personaliter
1463 4750 1708 4806 distinxit
1745 4768 1777 4807 a
1805 4769 1883 4821 se,

287 4842 449 4897 quem
474 4831 795 4887 naturaliter
826 4839 996 4888 totum
1026 4834 1194 4891 habet
1230 4837 1284 4892 in
1315 4853 1395 4893 se.
1428 4837 1542 4896 Hoc
1579 4842 1746 4911 ipsius
1767 4842 1888 4898 Filii

290 4919 448 4974 nobis
476 4910 853 4977 manifestatur
883 4923 1102 4994 eloquio
1142 4925 1370 4983 ditentis
1399 4947 1413 4983 :
1445 4929 1562 5003 Ego
1603 4910 1663 4987 in
1701 4932 1885 4998 Patre,

289 5021 338 5066 et
369 5009 536 5067 Pater
562 5015 615 5068 in
644 5032 725 5069 me
760 5014 941 5089 (Joan.
975 5033 1083 5084 xw,
1116 5017 1227 5089 10).
1269 5018 1722 5078 lncoufusibiliter
1757 5038 1888 5093 ergo

284 5092 407 5158 unit
440 5115 462 5143 ο
498 5114 782 5177 utrumque
811 5115 1025 5175 natura,
1067 5111 1314 5179 quamvis
1344 5112 1775 5184 inseparabiliter
1802 5092 1887 5170 di-

292 5207 510 5253 scernat
540 5207 825 5270 utrumque
853 5217 1118 5271 persona;
1151 5203 1274 5260 ideo
1300 5204 1466 5262 Filius
1487 5206 1603 5277 ipse
1626 5216 1889 5264 testatur:

294 5286 408 5361 Ego
449 5298 497 5343 et
543 5289 911 5346 Pater-unum
959 5310 1138 5350 sumus
1159 5294 1337 5366 (Joan.
1377 5314 1431 5363 ι,
1472 5296 1586 5370 50).
1640 5300 1739 5355 Per
1788 5299 1890 5356 hoc

293 5380 441 5449 quod
469 5399 625 5437 unum
656 5383 805 5453 dicit,
838 5400 944 5440 non
973 5398 1257 5457 separatur
1286 5388 1317 5443 a
1341 5389 1451 5445 Deo
1476 5389 1762 5458 divinitas;
1794 5409 1893 5464 per

294 5468 574 5545 hoc-quod
600 5476 731 5533 dicit
764 5493 963 5547 sumus,
1013 5495 1121 5536 non
1173 5481 1520 5540 confunditur
1556 5485 1609 5542 in
1647 5486 1892 5555 genitore

295 5567 568 5622 nativitas.
851 5562 861 5573 ’
1465 5595 1477 5601 ·

368 5716 394 5789 ξ
423 5709 782 5789 Ειιάλϐιιιοη.
817 5723 871 5770 et
901 5714 1052 5789 Ant.,
1085 5726 1134 5771 et
1159 5727 1214 5772 ut
1242 5719 1568 5789 inﬁrmitate.

366 5776 396 5819 δ
418 5778 516 5836 Ms.
543 5780 732 5848 Corb.,
764 5802 869 5839 una
893 5776 1159 5843 nativitas.

368 5860 392 5890 ο
426 5850 502 5905 lta
525 5853 682 5919 editi;
707 5864 762 5908 at
784 5872 884 5912 ms.
912 5856 1100 5929 Corb.,
1125 5861 1237 5915 unit
1272 5868 1542 5934 utramque
1566 5872 1867 5934 naturam”

301 5931 411 5978 utra
419 5939 569 5992 mque
594 5941 893 5994 personant.
1458 5931 1467 5934 ⁷
1564 5932 1576 5940 ’

1990 4754 2200 4808 domum
2229 4751 2412 4825 [Prata
2445 4764 2518 4814 ix,
2549 4747 2649 4821 η),
2684 4755 2833 4803 totus
2862 4748 2916 4803 in
2946 4746 3107 4803 Patre
3135 4748 3485 4819 sempiterno,
3515 4754 3621 4800 tos.

1991 4853 2078 4898 tus
2105 4842 2158 4897 in
2188 4840 2404 4895 homine
2429 4847 2703 4909 suscepto,
2738 4847 2884 4894 totus
2913 4838 2966 4892 in
2994 4839 3154 4903 etelo,
3186 4838 3406 4894 totusin
3431 4854 3590 4893 mun-

1990 4933 2080 4999 do,
2114 4941 2260 4988 totus
2287 4932 2451 5005 etiam
2479 4930 2533 4985 in
2564 4930 2775 4987 inferno
2803 4948 2817 4984 :
2843 4930 2923 4988 sic
2947 4931 3085 4987 inse
3117 4939 3287 4986 totum
3311 4931 3590 4987 hominem

1990 5040 2151 5080 verus
2175 5022 2318 5077 Deus
2346 5030 2402 5077 et
2429 5037 2672 5077 summus
2701 5020 2949 5091 accepit,
2967 5029 3017 5077 et
3048 5020 3126 5077 sic
3154 5019 3431 5095 plenitudo
3458 5016 3593 5075 divi-

1996 5116 2201 5182 nitatis,
2225 5116 2453 5169 veritate
2473 5113 2667 5168 divina:
2693 5114 3046 5184 humanaeque
3068 5110 3378 5167 substantia:
3400 5109 3591 5165 incon-

1994 5206 2281 5264 fusihiliter
2306 5206 3061 5277 permanente,semetipsum
3100 5205 3263 5275 pleno
3309 5202 3594 5273 conjunxit

1996 5297 2224 5363 homini,
2280 5304 2341 5352 ut
2386 5297 2593 5352 unitate
2641 5296 2896 5367 deinceps
2926 5296 2980 5350 in
3026 5303 3288 5349 aeternum
3339 5306 3593 5352 manente

1996 5403 2274 5460 personae,
2312 5402 2414 5461 nec
2461 5387 2625 5443 homo
2654 5387 2900 5442 Christus
2927 5400 2958 5440 a
2988 5399 3084 5440 sua
3134 5383 3435 5454 divinitate,
3493 5403 3597 5443 nec

1997 5481 2140 5537 idem
2159 5481 2302 5537 Deus
2316 5478 2560 5537 Christus
2588 5497 2619 5536 a
2648 5497 2744 5537 sua
2774 5487 2958 5550 posset
2984 5478 3318 5536 humanitate
3337 5480 3591 5550 disjungi.

1998 5572 2119 5631 Hoc
2156 5575 2299 5630 enim
2348 5572 2678 5630 inﬁrmitatis
2723 5581 2924 5629 nostra:
2952 5572 3178 5631 medela
3223 5575 3512 5646 poscebat,
3538 5585 3600 5628 ut

2012 5698 2015 5699 ί
2078 5720 2103 5758 ά
2133 5722 2299 5779 Abest
2326 5731 2402 5777 est
2430 5723 2496 5777 ab
2521 5722 2706 5787 editis;
2736 5722 2931 5790 legitur
2959 5723 3011 5778 in
3043 5736 3143 5777 ms.
3178 5720 3348 5777 Corb.

2080 5802 2102 5867 ξ
2134 5793 2235 5867 his.
2269 5794 2502 5857 Thuan.,
2533 5803 2589 5846 ut
2614 5794 2781 5867 ﬁeret.

2003 5862 2101 5992 Th‘
2137 5865 2302 5922 Abest
2336 5875 2412 5921 est
2442 5881 2471 5920 a
2501 5860 2804 5922 nis.'Corb.
2851 5873 2908 5921 et
2935 5864 3125 5931 editis;
3178 5863 3373 5935 legitur
3405 5860 3458 5918 in
3488 5876 3590 5919 ms.

2090 5948 2222 5992 uan.

2090 5948 2222 5995 una.
