4068 6466
532 359 637 416 2‘15

1746 364 1800 422 s.
1844 363 2205 420 summm
2243 333 2610 425 suspensas

3697 333 3834 424 27s

529 475 668 533 sicut
694 476 965 532 naturalis.
1001 478 1178 534 unitas
1222 478 1275 533 in
1320 476 1478 534 Patre
1528 485 1705 534 'nanet
1751 486 1806 532 et
1834 477 1991 542 Filio,
2040 477 2116 531 sic
2143 480 2195 539 Α
2218 477 2400 534 CAPUT
2432 496 2485 533 χ.
2519 479 2777 550 Divinitus
2807 478 3017 545 Christi,
3046 481 3142 534 etsi
3164 478 3458 550 passibilem
3487 497 3696 536 carnem
3721 499 3816 537 su-

531 560 831 638 personalis
857 571 1035 625 unitas
1077 579 1319 627 maneret
1362 558 1414 626 in
1445 571 1688 639 Christo;
1737 579 1793 625 et
1837 571 1976 626 sicut
1996 583 2121 639 per-‘-

528 661 733 717 sonalis
776 662 1050 718 distinctio
1095 663 1228 718 duas
1275 680 1380 718 non
1429 663 1554 718 facit
1597 663 1652 717 in
1694 661 1852 717 Patre
1898 669 1954 716 et
1981 660 2118 714 Filio

529 749 878 817 substantias,
931 752 1010 806 sic
1041 752 1297 807 naturalis
1324 752 1574 806 discretio
1604 751 1736 805 duas
1766 765 1871 804 non
1916 747 2119 803 faceret

530 838 586 894 in
609 838 822 896 Christo
845 855 1136 910 personas;
1191 856 1254 896 ac
1282 857 1466 896 rursus
1488 841 1629 896 sicut
1657 841 1834 894 unitas
1858 837 2117 892 naturalis

532 931 747 989 Patrem
774 952 883 990 non
906 936 1186 992 confundit
1208 945 1262 990 et
1281 936 1496 1002 Filium,
1519 937 1596 991 sic
1622 937 1798 990 unitas
1820 934 2118 1004 personalis

532 1022 808 1079 hominem
848 1042 956 1080 non
997 1025 1351 1080 confunderet
1392 1034 1446 1080 et
1475 1027 1738 1090 Verbum;
1771 1034 1825 1080 et
1859 1024 2118 1094 quemad:

532 1111 750 1166 modum
781 1128 811 1166 a
840 1115 1082 1181 genitore
1111 1113 1222 1167 Deo
1268 1127 1365 1182 per
1414 1113 1674 1167 unitatem
1723 1123 1930 1168 natura:
1974 1129 2113 1167 nun-

531 1219 694 1271 quam
717 1205 984 1273 segregari
1008 1212 1186 1274 potest
1215 1203 1519 1271 unigenitus
1553 1203 1737 1268 Filius,
1768 1204 1844 1258 sic
1873 1220 1903 1258 a
1929 1218 2114 1258 susce-

528 1299 687 1360 ptore
719 1291 830 1348 Deo
876 1308 973 1362 per
1022 1293 1283 1347 unitatem
1328 1307 1571 1361 persona:
1617 1307 1889 1360 nunquam
1932 1298 2117 1361 posset

529 1381 694 1435 homo
716 1381 953 1462 sgparari
975 1388 1282 1450 susceptus;
1307 1380 1385 1434 sie
1409 1388 1585 1433 tamen
1609 1388 1665 1434 ut
1695 1380 1936 1448 quamvis
1955 1378 2113 1432 Chri-

529 1481 644 1525 stus
667 1486 768 1526 nec
795 1470 1049 1527 confundi
1077 1480 1266 1541 posset
1291 1469 1578 1540 aliquando
1615 1486 1717 1524 nec
1744 1469 1933 1535 dividi,
1977 1485 2116 1525 unus

527 1571 707 1616 tamen
750 1568 913 1632 atque
943 1561 1082 1616 idem
1125 1561 1388 1626 Christus,
1416 1571 1471 1615 et
1498 1577 1561 1616 ex
1589 1564 1819 1616 veritate
1848 1561 2114 1631 passionis

522 1651 789 1715 humanae,
821 1667 939 1720 quae
971 1660 1150 1707 nostra
1179 1652 1388 1706 fuerant
1418 1651 1690 1720 redderet,
1718 1660 1775 1708 et
1798 1668 1866 1707 ex
1886 1651 2114 1707 veritate

522 1742 964 1812 impassibilitatis
994 1741 1201 1809 divinae,
1233 1759 1351 1812 qum
1375 1759 1470 1797 sua
1502 1742 1712 1797 fuerant
1740 1743 2030 1797 tribueret:
2053 1749 2112 1796 ut

2291 559 2468 672 :czgt,
2497 548 2832 620 impassibilis
2860 559 3030 604 tamen
3053 548 3355 621 permansit,
3379 553 3500 622 quia
3521 560 3598 606 est
3623 554 3826 607 immac-

2313 637 2342 672 a
2380 638 2392 672 ι
2419 636 2483 672 ts.

2291 628 2483 673 labilis.

2291 730 2397 785 Sed
2435 731 2660 786 forsitan
2699 731 2906 788 dicetur
2934 732 3204 789 Christum
3243 734 3363 790 ideo
3407 735 3458 791 in
3485 751 3646 791 carne
3675 752 3810 806 pas-

2219 838 2334 877 sum
2364 824 2659 892 pnedicari,
2687 825 2810 893 quia
2840 826 3114 894 divinitas,
3145 842 3263 896 qua:
3291 836 3414 882 ante
3445 844 3663 884 carnem
3693 831 3809 899 pati

2219 931 2325 967 non
2355 915 2554 983 potuit,
2580 917 2887 984 passibilem
2909 919 3206 988 suscipiens
3233 935 3473 986 carnem,
3495 921 3808 990 passionem

2217 1019 2432 1073 quoque
2479 1022 2601 1060 cum
2637 1023 2800 1062 carne
2830 1010 3113 1078 persensit,
3167 1011 3291 1078 quia
3320 1026 3419 1086 pro
3457 1013 3808 1081 susceptione

2215 1097 2482 1167 passibilis
2529 1100 2738 1167 carnis,
2781 1100 2894 1169 ipsa
2943 1099 3281 1170 impassibilis
3317 1101 3370 1157 in
3408 1104 3659 1172 passione
3690 1119 3813 1172 per-

2217 1203 2436 1241 manere
2459 1204 2565 1242 non
2593 1191 2787 1260 potuit.
2819 1187 2971 1257 Quod
3000 1192 3046 1246 si
3074 1193 3148 1246 ita
3174 1200 3278 1258 est,
3320 1193 3549 1263 primum
3580 1194 3814 1248 mutabi-

2215 1277 2281 1331 lis
2311 1276 2568 1332 asseritur
2596 1276 2848 1336 divinitas
2875 1280 3102 1349 Christi,
3127 1291 3182 1337 et
3202 1282 3462 1353 Apostolo
3484 1285 3809 1339 contradici-

2218 1375 2322 1431 tur,
2374 1369 2465 1439 qui
2515 1366 2706 1424 Filium
2745 1369 2840 1425 Dei
2886 1369 3069 1427 Jesum
3106 1371 3375 1427 Christum
3415 1373 3806 1429 immutabilem

2216 1457 2534 1529 prmdicans,
2568 1463 2847 1518 evidenter
2875 1462 3170 1520 Corinthiis
3199 1464 3333 1520 dicit
3363 1483 3376 1519 :
3409 1465 3507 1520 Dei
3529 1469 3666 1521 enim
3701 1466 3803 1522 Fi-

2216 1552 2317 1606 lius
2355 1552 2504 1607 Jesus
2553 1553 2810 1622 Christus,
2856 1558 2942 1625 qui
2980 1558 3033 1610 in
3075 1558 3214 1611 vobis
3250 1575 3342 1628 per
3366 1575 3468 1613 nos
3487 1561 3804 1629 pradicant:

2214 1652 2311 1710 est,
2343 1659 2434 1715 per
2462 1663 2558 1709 me,
2593 1656 2644 1700 et
2673 1644 2959 1717 Sytvanum
3002 1657 3059 1701 et
3080 1647 3418 1716 Timotheum,
3450 1668 3552 1706 non
3583 1653 3682 1723 fuit
3704 1652 3804 1708 Est

2214 1744 2264 1788 et
2305 1734 2452 1802 Non,
2478 1738 2568 1790 sed
2608 1736 2707 1791 Est
2729 1739 2786 1792 in
2823 1739 2915 1792 illo
2945 1740 3043 1809 fuit
3075 1737 3164 1809 (11
3193 1740 3310 1794 Cor.
3340 1757 3377 1807 ι,
3419 1739 3529 1812 l9).
3558 1736 3717 1809 Quod
3740 1753 3804 1800 ut

522 1831 650 1886 dum
681 1831 771 1887 ille
799 1848 1004 1902 pauper
1051 1830 1357 1888 efﬁceretur
1380 1834 1432 1887 in
1469 1833 1580 1888 suis
1621 1832 1820 1888 divitiis
1861 1849 2104 1901 manens,
2137 1851 2186 1910 Β
2216 1822 2388 1895 ipsum
2420 1827 2516 1890 Est
2551 1841 2774 1898 prorsus
2816 1829 3146 1885 immutabile
3174 1829 3591 1901 demonStral‘et,
3619 1832 3804 1891 denuo

519 1940 622 1981 nos
651 1940 719 1980 ex
749 1925 1074 1995 pauperibus
1096 1924 1289 1980 divites
1318 1924 1535 1990 faceret,
1586 1925 1780 1994 quibus
1829 1941 1940 1980 sua:
1975 1941 2110 1995 pau-

519 2018 747 2088 pertatis
790 2017 1024 2073 infinitas
1050 2017 1263 2071 divitias
1288 2017 1621 2073 contulisset.
1666 2015 1823 2082 Quod
1854 2015 1962 2071 Vas
1999 2017 2109 2071 ele-

519 2109 715 2163 ctionis
736 2107 1022 2162 manifesto
1047 2106 1255 2161 videtur
1277 2106 1595 2160 denuntiare
1621 2119 1869 2159 sermone
1891 2105 2103 2160 dicens:

521 2197 681 2252 Scitis
709 2199 844 2251 enim
875 2197 1100 2268 gratiam
1134 2195 1338 2249 Domini
1376 2196 1538 2250 nostri
1580 2193 1704 2249 Iesu
1735 2194 1948 2259 Christi,
1987 2196 2108 2266 quia

519 2296 730 2358 propter
752 2304 839 2342 vos
865 2304 1055 2358 egenus
1077 2289 1246 2358 {actus
1272 2295 1367 2351 est,
1393 2303 1506 2340 cum
1532 2295 1663 2340 esset
1691 2285 1852 2352 dives,
1891 2294 1948 2338 ut
1969 2285 2106 2340 illius

521 2387 824 2448 paupertate
869 2395 954 2432 vos
1004 2379 1185 2432 divites
1230 2377 1406 2432 essetis
1447 2377 1533 2442 (il
1589 2375 1710 2430 Cor.
1739 2393 1851 2440 vm,
1884 2375 1962 2446 9).
1994 2376 2108 2432 Hoc

512 2465 684 2540 (igitur
710 2482 954 2535 persona:
996 2466 1363 2536 inseparabilis
1394 2467 1586 2531 unitas,
1639 2467 1691 2520 in
1720 2481 1824 2535 qua
1867 2464 2009 2522 Deus
2053 2476 2109 2522 et

521 2555 687 2610 homo
730 2573 866 2611 unus
896 2566 978 2611 est
1005 2557 1268 2620 Christus,
1317 2558 1442 2612 fecit
1493 2571 1549 2612 ut
1590 2567 1642 2613 et
1672 2559 1834 2614 homo
1863 2558 2108 2615 Christus

522 2659 622 2714 per
649 2647 875 2714 gratiam
906 2655 1221 2701 nasceretur
1241 2662 1307 2701 ex
1332 2646 1463 2710 Deo,
1495 2647 1637 2702 salva
1669 2648 1894 2702 veritate
1921 2663 1984 2703 ac
2003 2649 2110 2718 ple—

522 2734 765 2790 nitudine
791 2737 1038 2791 humanae
1067 2743 1286 2801 naturis,
1319 2745 1374 2791 et
1402 2736 1541 2793 idem
1570 2735 1713 2791 Deus
1741 2736 1984 2794 Christus
2013 2755 2108 2793 vo-

524 2826 754 2881 luntarie
797 2835 1072 2896 pateretur
1114 2829 1166 2882 in
1197 2843 1381 2893 carne,
1437 2827 1580 2883 salva
1629 2827 1942 2897 impassihili
1991 2828 2108 2899 ple-

524 2915 766 2971 nitudine
793 2917 986 2972 divina:
1027 2918 1356 2974 substantiae.
1389 2917 1650 2986 Quoniam
1696 2919 1834 2973 sicut
1863 2935 2000 2974 unus
2028 2927 2111 2974 est

522 3010 590 3064 de
630 3026 739 3081 quo
768 3009 1059 3082 Apostolus
1104 3011 1234 3067 dicit
1267 3031 1282 3065 :
1315 3011 1545 3076 Quorum
1584 3022 1778 3083 patres,
1827 3029 1891 3067 ex
1931 3013 2111 3084 quibus

523 3099 759 3156 Christus
783 3103 1063 3157 secundum
1093 3120 1324 3168 carnem,
1363 3104 1448 3173 qui
1476 3114 1551 3157 est
1581 3121 1734 3175 super
1767 3106 1944 3158 omnia
1971 3104 2109 3159 Deus

524 3193 818 3249 benedictus
849 3197 902 3249 in
945 3197 1136 3250 stecula
1170 3196 1344 3267 (Rom.
1380 3212 1450 3261 Ix,
1485 3194 1572 3266 5);
1629 3198 1708 3251 sic
1754 3213 1891 3251 unus
1919 3205 2002 3252 est
2042 3197 2110 3252 de

521 3301 633 3356 quo
664 3286 804 3340 idem
835 3287 966 3341 dicit
989 3287 1278 3357 Apostolus
1313 3305 1324 3339 :
1347 3285 1490 3341 Nunt
1517 3289 1614 3341 etsi
1642 3290 1924 3359 cruciﬁxus
1951 3299 2025 3342 est
2047 3307 2111 3344 ea:

522 3374 848 3445 inﬁrmitate,
879 3377 970 3429 sed
1015 3377 1130 3430 vivit
1157 3392 1221 3428 ea:
1268 3377 1449 3430 virtute
1475 3375 1571 3430 Dei
1614 3376 1702 3447 (II
1729 3377 1848 3432 Cor.
1882 3394 1994 3441 xm,
2027 3378 2107 3448 4).

523 3461 678 3520 Unus
698 3474 780 3519 est
801 3465 963 3534 igitur
989 3464 1250 3530 Christus,
1281 3467 1331 3520 in
1359 3482 1466 3537 quo
1489 3467 1746 3523 cruciﬁxo
1769 3484 1895 3522 vera
1919 3468 2018 3524 fuit
2039 3471 2114 3525 in-

522 3553 750 3610 ﬁrmitas
779 3557 977 3622 carnis,
1010 3564 1065 3612 et
1095 3557 1145 3611 in
1175 3573 1284 3627 quo
1314 3559 1528 3614 vivente
1553 3559 1722 3613 virtus
1748 3574 1891 3615 verte
1919 3561 2112 3616 claruit

522 3648 772 3716 deitatis;
794 3650 940 3720 quod
967 3651 1258 3706 humanum
1283 3660 1392 3719 est,
1419 3651 1621 3708 habens
1641 3651 1783 3706 Deus
1808 3652 1860 3706 in
1883 3654 2111 3710 veritate

521 3740 770 3796 humana:
799 3750 1022 3806 natum,
1064 3749 1119 3797 et
1146 3744 1290 3812 quod
1318 3743 1556 3798 divinum
1585 3753 1690 3809 est,
1717 3744 1919 3801 habens
1947 3746 2110 3803 homo

521 3835 576 3889 in
601 3815 834 3891 veritate
848 3834 1039 3890 divinae
1068 3837 1400 3892 substantiae.
1435 3837 1571 3894 Hinc
1594 3839 2110 3910 incomprehensibi-

521 3929 588 3983 lis
615 3929 665 3983 in
710 3945 890 3993 cruce,
939 3930 1262 3988 inviolabilis
1302 3933 1354 3988 in
1399 3933 1643 4000 vulnere,
1683 3935 2030 4006 impassibilis
2054 3939 2108 3994 in

519 4023 790 4091 passione,
823 4022 1150 4078 immortalis
1171 4023 1492 4092 praedicatur
1519 4023 1573 4079 in
1600 4034 1794 4081 morte.
1995 4088 2000 4094 ,

571 4100 752 4165 Ολνῦτ
783 4127 854 4164 Ix.
883 4110 1087 4166 Christo
1116 4130 1291 4181 passo,
1316 4131 1420 4168 non
1446 4123 1524 4169 est
1550 4114 1693 4170 Deus
1721 4134 2041 4188 campassus.

595 4203 753 4272 118
781 4199 906 4256 Hrec
932 4202 1058 4256 dum
1096 4203 1313 4272 quidam
1342 4205 1518 4259 minus
1563 4207 1865 4271 attendunt,
1915 4208 2109 4264 divini-

517 4301 684 4346 tatem
712 4290 914 4345 Christi
952 4308 1058 4346 non
1087 4293 1336 4347 dubitant
1360 4295 1624 4364 subjicere
1653 4299 1912 4368 passioni,
1944 4309 1999 4356 et
2020 4316 2108 4354 au—

516 4381 726 4437 dientes
741 4381 1012 4437 Christum
1042 4382 1095 4436 in
1123 4397 1284 4438 carne
1306 4397 1540 4454 passum,
1561 4394 1754 4456 putant
1770 4389 1936 4443 Deum
1959 4392 2106 4445 carni

513 4471 679 4527 fuisse
709 4488 1080 4544 compassum,
1114 4474 1291 4529 minus
1319 4475 1660 4532 attendentes
1693 4477 1929 4533 divinam
1958 4479 2102 4533 illam

2213 1918 2289 1972 sic
2318 1917 2382 1972 ad
2415 1913 2668 1974 Hebraeos
2696 1920 2951 1989 loquitur,
2985 1921 3075 1975 ubi
3104 1921 3386 1977 evidenter
3421 1923 3488 1977 de
3514 1923 3651 1979 Filio
3691 1939 3802 1980 me-

2212 2018 2388 2062 morat
2417 2009 2616 2064 dictum
2650 2024 2670 2062 :'
2696 2010 2770 2064 Tu
2798 2013 2851 2064 in
2877 2013 3152 2083 principio,
3186 2012 3422 2079 Domine,
3457 2025 3646 2068 terram
3671 2018 3799 2086 [un-

2212 2099 2371 2166 dasti,
2401 2109 2450 2152 et
2481 2117 2637 2168 opera
2679 2115 2926 2155 manuum
2964 2113 3174 2157 tuarum
3206 2112 3322 2157 sunt
3353 2105 3483 2158 caeli.
3516 2103 3629 2175 Ipsi
3654 2106 3798 2175 peri-

2211 2187 2355 2256 bunt,
2383 2198 2436 2243 tu
2463 2199 2635 2244 autem
2662 2208 2929 2261 permanes
2960 2203 3049 2247 :et
3075 2205 3250 2248 omnes
3277 2194 3406 2248 sicut
3442 2197 3800 2250 vestimentum

2207 2291 2555 2348 veterascent;
2585 2290 2634 2336 et
2654 2283 2786 2336 velut
2812 2286 3054 2338 amictum
3085 2284 3303 2339 mutabis
3328 2302 3436 2352 eos,
3459 2292 3514 2338 et
3530 2287 3802 2340 mutabun-

2211 2380 2326 2438 tur;
2368 2382 2422 2426 tu
2449 2383 2619 2428 autem
2647 2375 2782 2428 idem
2811 2391 2864 2428 es
2905 2374 3092 2445 (Hebr.
3125 2392 3160 2441 ι,
3191 2375 3275 2441 10,
3307 2376 3414 2446 Η).
3448 2377 3584 2442 Quid
3613 2386 3798 2433 autem

2210 2473 2293 2521 est
2323 2465 2462 2520 idem
2509 2481 2645 2533 esse,
2687 2467 2791 2521 nisi
2833 2467 3217 2521 immutabilem
3265 2468 3420 2521 esse?
3465 2467 3614 2521 Sicut
3643 2467 3711 2521 de
3739 2483 3801 2522 se

2211 2557 2325 2627 ipse
2353 2565 2603 2621 testatur,
2623 2558 2807 2613 dicens
2832 2576 2843 2610 :
2870 2557 2980 2628 Ego
3013 2574 3124 2612 sum
3150 2559 3234 2628 qui
3258 2573 3404 2621 sum;
3434 2565 3484 2610 et
3511 2559 3651 2612 dices
3671 2559 3798 2628 ﬁliis

2212 2647 2381 2704 Israel
2410 2665 2427 2702 :
2457 2648 2557 2712 Qui
2581 2659 2679 2716 est,
2702 2651 2840 2703 misit
2868 2665 2948 2702 me
2978 2648 3048 2700 ad
3075 2665 3161 2702 vos
3184 2646 3378 2720 (Exod.
3405 2664 3481 2712 ιιι,
3508 2647 3616 2719 Η).
3643 2648 3801 2714 Quod

2209 2741 2254 2795 si
2285 2740 2405 2811 quis
2451 2741 2594 2795 inter
2633 2737 2846 2794 Patrem
2889 2738 3192 2806 Filiumque
3233 2738 3526 2794 divinit::,tis
3575 2741 3806 2808 cupiens

2209 2833 2567 2889 differentiam
2596 2833 2987 2896 demonstrare,
3033 2831 3211 2887 locum
3240 2833 3398 2886 istum
3440 2847 3548 2902 quo
3589 2832 3799 2888 dictum

2210 2932 2295 2978 est
2325 2943 2340 2979 :
2375 2925 2484 2996 Ego
2514 2942 2626 2980 sum
2655 2927 2740 2997 qui
2769 2942 2900 2990 sum,
2935 2937 3180 2994 persona}
3204 2925 3369 2979 solius
3390 2923 3560 2979 Patris
3587 2932 3802 2980 asserat

2211 3017 2522 3083 convenire,
2559 3015 2791 3085 primum
2839 3015 3167 3081 meminerit,
3206 3015 3329 3084 quia
3379 3015 3591 3070 Patrem
3625 3015 3798 3088 Moysi

2212 3107 2524 3177 apparuisse
2561 3104 2843 3172 fatebitur;
2893 3105 3103 3170 deinde,
3155 3106 3277 3173 quia
3307 3106 3354 3162 si
3383 3106 3454 3160 ibi
3494 3107 3546 3160 in
3578 3108 3796 3177 propria

2139 3223 2184 3285 ρ
2215 3195 2510 3250 substantia
2541 3193 2702 3250 Pater
2745 3195 3010 3265 apparuit,
3069 3207 3197 3261 ergo
3225 3193 3386 3248 Pater
3425 3195 3649 3249 visibilis
3677 3195 3800 3251 fuit.

2215 3287 2368 3354 Quod
2394 3287 2439 3342 si
2469 3288 2628 3342 etiam
2658 3303 2801 3343 nunc
2827 3287 3049 3341 visibilis
3097 3294 3394 3354 permanet,
3436 3285 3547 3355 jam
3579 3303 3686 3342 non
3716 3295 3804 3343 est

2213 3378 2491 3448 corporeis
2535 3377 2706 3433 oculis
2740 3377 3016 3433 invisibilis
3048 3376 3216 3440 Deus;
3249 3376 3292 3430 si
3319 3385 3497 3432 autem
3531 3386 3658 3431 tunc
3686 3378 3804 3446 qui-
3879 3369 3885 3375 ’

2213 3468 2334 3524 dem
2373 3470 2799 3525 substantialiter
2826 3468 2992 3536 visus,
3022 3467 3357 3537 postmodum
3398 3469 3676 3523 invisibilis
3707 3485 3806 3539 pu-

2213 3567 2358 3614 tatur
2385 3559 2636 3616 effeetus:
2657 3574 2784 3628 ergo
2801 3559 2940 3614 Deus
2967 3567 3092 3614 ante
3112 3557 3453 3613 mutabilitati
3493 3558 3798 3628 subjacens,

2213 3648 2560 3720 imperfectus
2603 3651 2787 3718 utique
2825 3649 2955 3715 fuit,
2996 3655 3052 3704 et
3097 3648 3440 3718 postmodum
3472 3660 3496 3686 ι
3527 3666 3624 3720 per
3670 3668 3801 3721 pro-

2213 3735 2408 3792 kctum
2441 3738 2788 3793 immutabilis
2815 3738 3006 3804 factus,
3037 3747 3231 3793 statum
3256 3739 3427 3809 plenae
3451 3739 3801 3808 perfectionis

2213 3830 2441 3900 accepit.
2475 3829 2628 3896 Quod
2667 3831 2711 3885 si
2751 3846 2815 3886 ex
2848 3831 3160 3902 imperfecto
3196 3832 3465 3901 per'fectus
3494 3842 3574 3888 est
3601 3833 3799 3895 factus.

2211 3924 2529 3993 quzerendus
2557 3932 2641 3980 est
2669 3925 2804 3979 alius
2829 3924 2921 3992 qui
2951 3939 3166 3992 semper
3193 3923 3352 3978 fuisse
3389 3924 3656 3994 perfectus
3678 3941 3804 3982 cre-

2210 4014 2389 4082 datur,
2432 4030 2460 4068 a
2491 4031 2599 4084 quo
2631 4015 2731 4069 iste
2767 4015 2858 4082 qui
2887 4012 3232 4082 imperfectus
3261 4013 3359 4068 fuit
3388 4015 3584 4069 donum
3616 4014 3798 4085 perfe-

2209 4105 2404 4160 ctionis
2432 4105 2637 4174 accepit
2668 4103 2760 4170 (at.
2792 4102 3102 4174 acceperit).
3594 4176 3602 4184 .

2209 4216 2390 4272 Carur
2420 4234 2489 4271 x1.
2525 4216 2663 4269 Deus
2695 4213 2964 4269 invisibilis
3005 4217 3058 4268 in
3083 4231 3171 4286 se,
3213 4232 3303 4286 per
3333 4215 3610 4286 subjectum
3643 4235 3796 4273 crea-

2282 4299 2449 4340 turam
2474 4287 2736 4340 visibiliter
2764 4287 3021 4354 apparuit.
3068 4285 3217 4338 Sicut
3239 4284 3403 4338 Pater
3423 4284 3510 4339 Ves't
3540 4288 3795 4344 immuta-

2279 4357 2416 4421 bilis,
2448 4358 2521 4410 ita
2544 4365 2595 4409 et
2622 4354 2813 4408 Filius.

2285 4475 2325 4540 ι
2340 4471 2440 4541 l9
2459 4468 2515 4523 Si
2537 4483 2667 4522 vero
2688 4467 2804 4521 hcce
2829 4465 3144 4546 Christiana:
3168 4477 3377 4524 mentes
3401 4451 3664 4541 auresque
3684 4487 3797 4529 non

514 4570 678 4634 atque
709 4564 1095 4621 immutabilem
1119 4564 1236 4619 Filii
1259 4565 1354 4621 Dei
1383 4567 1756 4634 substantiam,
1784 4577 1839 4624 et
1867 4571 1919 4624 in
1943 4586 2105 4625 carne
2133 4599 2191 4658 Π
2210 4561 2460 4623 ῐοιενθηῑν
2493 4557 2746 4658 οςεξξθίυτ
2774 4557 2915 4612 Deus
2950 4575 3218 4630 "unquam
3251 4576 3348 4631 Per
3369 4562 3638 4632 Propriam
3665 4563 3797 4617 νίεί·

515 4659 756 4728 passibili
786 4658 1090 4729 passionem
1117 4661 1438 4729 suscepisse,
1466 4669 1522 4716 et
1553 4677 1676 4716 cum
1707 4677 1870 4717 carne
1899 4663 2106 4731 passio-

2211 4651 2384 4704 biliter
2404 4647 2708 4703 hominibus
2724 4651 3035 4719 apparuisse
3053 4653 3427 4719 substantiam,
3442 4655 3533 4708 sed
3561 4668 3658 4722 per
3671 4657 3798 4708 sub-

513 4765 637 4802 nem
669 4749 870 4804 sentire
901 4765 1007 4804 non
1037 4750 1296 4820 potuisse.
1322 4751 1474 4817 Quod
1497 4752 1680 4822 utique
1699 4753 1892 4807 beatus
1913 4752 2104 4806 Petrus

2211 4738 2401 4808 iectam'
2431 4737 2592 4811 (sicut
2621 4739 2738 4809 ipse
2768 4740 2960 4813 voluit)
2986 4751 3315 4809 creaturam;
3343 4752 3396 4798 et
3425 4743 3628 4812 pariter
3659 4744 3798 4798 invi-

512 4841 566 4893 iu
600 4840 830 4894 veritate
858 4839 1052 4894 divina:
1106 4841 1471 4912 inspirationis
1501 4842 1804 4908 conﬁrmat,
1852 4851 1908 4896 et
1936 4841 2098 4895 dicit:

510 4931 716 4986 Christo
746 4933 905 5003 igitur
930 4935 986 4986 in
1017 4950 1174 4987 carne
1217 4950 1392 5004 passo,
1437 4943 1487 4989 et
1534 4952 1621 4988 ros
1667 4933 1845 4988 eadem
1885 4931 2103 4984 scientia

508 5025 790 5078 armamini
823 5023 874 5092 (I
903 5022 1047 5078 Petr.
1081 5042 1155 5089 IV,
1197 5024 1271 5094 l).
1317 5024 1440 5092 Qui,
1471 5025 1517 5080 si
1545 5023 1706 5078 sciret
1730 5020 1930 5074 Christi
1958 5019 2099 5073 divi-

510 5116 736 5171 nitatem
789 5116 952 5172 l‘uisse
1008 5117 1335 5187 passibilem,
1389 5116 1686 5171 sud‘ecisset
1741 5121 1799 5166 ut
1844 5112 2093 5167 diceret:

507 5208 713 5262 Christo
756 5210 917 5280 igitur
952 5226 1125 5281 passo,
1179 5223 1280 5262 nec
1324 5205 1635 5272 addidisset,
1682 5205 1736 5258 in
1766 5219 1938 5256 carne.
1990 5202 2098 5258 Sed

507 5302 762 5369 quoniam
795 5310 1042 5368 noverat,
1074 5302 1126 5354 in
1155 5313 1264 5353 uno
1293 5296 1590 5364 eodemque
1616 5295 1849 5357 Christo,
1901 5303 1956 5348 et
1983 5309 2101 5364 pas-

508 5393 718 5447 sibilem
770 5401 896 5448 ante
934 5398 1164 5446 mortem
1206 5385 1369 5440 fuisse
1408 5384 1697 5437 humanam
1736 5390 2000 5446 naturam,
2041 5391 2098 5436 et

508 5470 894 5554 impassibilem
927 5496 1142 5551 semper
1188 5475 1424 5531 divinam
1454 5488 1673 5528 manere
1715 5473 2093 5538 substantiam,

506 5587 789 5648 propterea
814 5578 1086 5632 Christum
1113 5581 1328 5641 passum
1370 5565 1566 5620 fatetur
1611 5567 1664 5620 in
1711 5579 1897 5628 carne,
1946 5563 2100 5633 cujus

505 5667 838 5724 divinitatem
865 5672 1090 5723 noverat
1115 5673 1334 5731 prorsus
1356 5655 1735 5727 impassibilem
1758 5668 2095 5724 permanere.

2202 4829 2372 4883 sibilis
2392 4871 2407 4896 ,
2440 4829 2578 4884 sicut
2606 4828 2788 4894 Pater,
2820 4832 3070 4886 credatur
3096 4841 3150 4886 et
3178 4833 3361 4898 Filius,
3393 4833 3504 4902 qui,
3538 4834 3677 4888 sicut
3707 4835 3793 4887 iu-

2202 4921 2517 4992 temporalis
2556 4938 2883 4993 permanens
2906 4964 2924 4989 ,
2966 4925 3142 4994 potuit
3185 4925 3500 4995 temporalia
3536 4925 3790 4988 condere,

2205 5015 2283 5070 sic
2313 5017 2597 5072 invisibilis
2634 5033 2978 5087 permanens,
3012 5019 3186 5087 potuit
3214 5019 3264 5072 in
3294 5019 3376 5071 his
3407 5033 3526 5086 quae
3563 5018 3792 5072 visibilis

2205 5107 2444 5161 condidit
2472 5107 2752 5162 visibiliter
2781 5122 3061 5176 apparere.
3090 5106 3324 5162 Tametsi
3351 5122 3595 5177 persona:
3620 5104 3794 5162 Patris

2205 5215 2234 5253 a
2265 5201 2505 5271 quolibet
2531 5201 2832 5268 assignetur
2853 5201 2939 5256 hic
2966 5201 3115 5255 locus
3135 5216 3242 5270 quo
3268 5201 3463 5256 dicitur
3493 5218 3506 5254 :
3540 5199 3654 5271 Ego
3676 5215 3794 5254 sum.

2203 5295 2286 5365 qui
2315 5310 2458 5358 sum,
2493 5309 2590 5348 nec
2615 5293 2693 5348 sic
2722 5293 2886 5349 Filius
2914 5294 2981 5349 ab
3009 5295 3310 5364 mqualitate
3340 5293 3793 5348 immutabilitatis

2202 5391 2440 5454 paternae
2470 5383 2709 5439 creditur
2736 5385 3115 5441 secernendus.
3143 5385 3430 5453 Quoniam,
3463 5386 3601 5440 sicut
3628 5382 3793 5438 Pater

2205 5473 2336 5530 dicit
2361 5493 2373 5527 :
2402 5473 2514 5546 Ego
2544 5490 2656 5528 sum
2677 5477 2762 5545 qui
2792 5493 2921 5540 sum,
2948 5477 3024 5530 sic
3053 5476 3121 5531 de
3147 5476 3280 5531 Filio
3313 5476 3443 5532 dicit
3473 5474 3789 5546 Apostolus,

2205 5565 2344 5621 sicut
2371 5581 2531 5636 supra
2556 5568 2830 5636 posuimus
2860 5585 2872 5620 :
2906 5567 3028 5622 Non
3061 5571 3176 5638 fuit,
3214 5569 3304 5623 Est
3327 5579 3377 5623 et
3398 5567 3542 5632 Non,
3573 5567 3666 5622 sed
3692 5565 3792 5622 Est

2208 5657 2262 5711 in
2301 5657 2392 5714 illo
2421 5658 2541 5730 fuit.
2573 5655 2642 5712 Et
2673 5674 2880 5713 rursum
2907 5677 2920 5712 :
2950 5658 3024 5712 Tu
3055 5671 3224 5714 autem
3255 5661 3390 5716 idem
3417 5677 3492 5715 es.
3523 5657 3658 5714 Cum
3690 5658 3793 5712 ita~

581 5867 833 5946 (μεως.
856 5867 1056 5935 Corb.;
1083 5870 1137 5919 at
1159 5861 1308 5933 editi,
1331 5868 1377 5914 et
1398 5858 1744 5933 postmodum,
1769 5858 2072 5932 perfectum,
2101 5859 2435 5921 immutabilis
2467 5864 2655 5938 factus,
2689 5871 2904 5939 statum,
2931 5868 3034 5918 etc.
