4068 6480
272 418 383 479 277

1510 403 1601 459 AD
1637 395 2136 459 TRASIMUNDUM
2180 391 2303 451 LIB.
2342 390 2432 452 Ill.

2828 337 2877 347 ’,τ

3439 380 3551 441 επ

269 548 384 605 que
421 528 548 586 illud
577 527 846 597 singulare
870 540 987 591 ssr,
1021 524 1160 579 sicut
1189 521 1457 577 invenitur
1486 519 1540 573 in
1570 516 1752 580 Patre,
1783 514 1859 569 sic
1888 520 1931 576 Α
1962 513 2188 575 dicatur,
2222 516 2279 563 ut
2306 508 2468 566 etiam
2501 503 2808 605 Philippus,
2840 515 3059 605 quentna
3084 496 3370 605 .Nazare‘th

270 622 579 694 reperiatur
604 621 658 676 in
688 619 847 685 Filio,
870 626 962 673 aut
988 625 1216 685 uterque
1237 610 1585 669 immutabilis
1605 607 1862 672 creditur,

274 721 373 766 aut
395 719 623 780 uterque
643 707 987 777 mutabilitati
1016 706 1282 762 subditur.
1308 701 1414 759 Sed
1436 700 1691 771 quoniam
1714 696 1868 753 valde

274 800 505 870 impiqu
533 808 618 856 cst
645 807 707 854 ut
734 797 947 853 Patrem
975 794 1288 851 mutabilem
1314 792 1574 856 dicamus,
1619 788 1728 843 hoc
1752 788 1869 843 sine

275 890 448 945 dubio
489 890 636 960 pium
669 896 755 945 est
780 898 861 956 ut,
892 888 1033 943 sicut
1076 883 1467 942 immutabilem
1497 880 1714 934 Patrem
1735 920 1750 942 ,
1788 878 1871 932 sic

277 980 671 1036 immutabilem
703 978 891 1034 Filium
934 976 1321 1049 praedicemus;
1354 980 1410 1027 et
1449 971 1507 1037 si,
1524 966 1870 1024 immutabilis

273 1081 365 1128 est
385 1072 637 1128 divinitas
659 1069 802 1137 Filii,
831 1068 962 1123 nihil
989 1067 1041 1122 ei
1069 1066 1252 1134 utique
1268 1061 1506 1118 accessit
1535 1067 1625 1114 aut
1643 1055 1874 1112 decessit

277 1165 340 1219 in
360 1172 632 1234 tempore,
661 1160 915 1231 quoniam
945 1156 1078 1212 nihil
1097 1151 1470 1209 mutabilitatis
1494 1147 1705 1217 recipit,
1727 1143 1871 1214 quod

276 1254 619 1310 immutabile
665 1250 901 1308 naturali
929 1249 1161 1304 veritate
1187 1244 1452 1301 subsistit.
1493 1241 1681 1295 Restat
1714 1237 1873 1305 igitur

282 1352 347 1398 ut
385 1342 723 1397 divinitatem
770 1338 1014 1404 Christi,
1056 1351 1217 1406 quam
1264 1329 1652 1387 immutabilem
1686 1332 1871 1381 sancta

280 1434 560 1505 Scriptura
591 1429 958 1494 commendat,
989 1426 1066 1482 sic
1085 1418 1300 1496 passam
1322 1421 1587 1475 fateamur
1611 1416 1666 1470 in‘
1686 1429 1869 1478 carne,

247 1542 250 1544 ‘
282 1532 350 1580 ιιι
375 1539 496 1578 eam
526 1530 704 1576 tamen
732 1519 1019 1579 credamus
1047 1527 1385 1586 eompassam
1426 1526 1533 1565 non
1563 1508 1724 1564 fuisse
1750 1520 1871 1560 cum

282 1628 474 1668 carne.
503 1611 631 1666 Ideo
658 1610 802 1665 enim
846 1607 989 1662 Deus
1031 1607 1087 1662 in
1129 1618 1293 1661 carne
1341 1616 1528 1671 passus
1580 1605 1698 1663 est,
1748 1596 1874 1666 quia

283 1704 600 1775 passibilem
641 1716 861 1758 carnem
890 1699 1033 1754 Deus
1061 1697 1295 1767 accepit;
1347 1694 1469 1749 ideo
1497 1703 1680 1746 autem
1727 1688 1874 1744 carni

285 1810 605 1865 compassus
631 1808 738 1848 non
765 1798 868 1857 est,
928 1790 1053 1859 quia
1082 1789 1137 1843 in
1168 1799 1333 1842 carne
1362 1784 1594 1854 patiens,
1633 1779 1876 1850 impassi-

285 1864 629 1940 bilisnatura
649 1882 826 1938 divina
851 1880 1165 1952 permansit.
1194 1875 1546 1932 (Rimmunem
1570 1872 1872 1942 passionem
1894 1864 1952 1953 ’Β

284 1977 587 2033 divinitatis
608 1984 663 2031 et
690 1976 867 2032 carnis
895 1974 1074 2029 unitas
1118 1984 1362 2042 personae
1392 1967 1521 2022 fecit
1553 1965 1608 2019 in
1637 1962 1873 2030 Christo,

288 2080 405 2120 non
433 2064 626 2120 divina:
648 2065 999 2133 humanaeque
1017 2070 1221 2115 natura:
1249 2055 1511 2114 confusio.

281 2155 475 2215 Cum
499 2174 592 2213 xu.
629 2159 851 2228 Pr0pter
870 2158 1121 2211 unitatem
1148 2168 1391 2228 persome
1413 2149 1668 2228 Dominus
1698 2145 1879 2217 gloria:

435 2229 625 2283 dicitur
652 2223 932 2298 cruciﬁxus
953 2235 1001 2281 et
1029 2223 1211 2279 auctor
1231 2225 1348 2277 rita:
1376 2223 1732 2289 interemptus.

369 2320 473 2378 Per
500 2321 640 2377 hanc
678 2322 937 2377 unitatem
964 2333 1208 2390 persona:
1236 2317 1493 2371 Dominus
1515 2313 1701 2382 glorize
1736 2324 1876 2364 asse-

292 2415 434 2471 ritur
468 2412 776 2477 cruciﬁxus,
807 2412 1019 2468 dicente
1049 2411 1210 2466 beato
1252 2406 1422 2462 Paulo
1466 2423 1480 2459 :
1514 2405 1577 2460 Si
1614 2405 1752 2457 enim
1791 2417 1884 2454 co-

296 2505 590 2576 guntissent
613 2546 630 2573 ,
674 2514 935 2576 nunquam
974 2502 1254 2558 Dominum
1293 2499 1476 2573 gloria:
1508 2494 1884 2564 cmci/ixisseut

294 2594 356 2666 (Ι
377 2593 499 2652 Cor.
533 2613 589 2664 ιι,
621 2596 698 2668 8).
732 2594 960 2667 Propter
981 2597 1121 2651 hanc
1147 2594 1405 2649 unitatem
1430 2601 1673 2660 personae
1699 2593 1886 2639 auctor

293 2689 422 2744 vita:
461 2688 660 2745 dicitur
688 2689 1064 2759 interemptus,
1091 2687 1231 2742 sicut
1269 2684 1321 2738 in
1350 2682 1574 2737 Actibus
1611 2675 1883 2747 apostolo-

1968 600 2166 671 Joseph
2190 599 2357 654 tilium
2385 597 2675 652 :estimaret
2699 612 2713 647 :
2737 591 2963 649 sicut‘ad
2983 588 3283 645 Natbanael‘
3304 589 3551 657 loquens,

1971 689 2132 756 Quem
2161 691 2371 762 scripsit
2407 686 2616 759 Moyses
2645 684 2859 756 (inquit)
2890 692 2941 739 et
2960 680 3555 755 prophetmﬁnreuimus

1967 782 2145 837 Iesum
2166 781 2332 852 ﬁlium
2353 779 2547 848 Ioseph
2568 795 2599 831 a
2622 775 2891 831 Nazaretlt
2922 774 3103 848 (Joan.
3128 790 3165 840 l,
3197 771 3312 837 46).
3338 770 3436 826 Hic
3460 770 3557 839 igi-

1969 883 2059 929 tur
2083 872 2174 943 qui
2205 871 2408 943 Spiritu
2436 878 2622 925 sancto
2653 877 2845 923 unctus
2881 865 3096 928 dicitur,
3123 863 3268 919 Deus
3298 858 3559 916 Davidico

1970 965 2209 1021 carmine
2257 963 2601 1027 nominatur;
2649 959 2880 1029 qualiter
2907 964 3086 1028 autem
3125 955 3291 1010 homo
3330 952 3421 1007 ille
3465 950 3561 1005 ha-

1971 1059 2100 1113 bere
2131 1056 2310 1127 potuit
2333 1054 2424 1108 Dei
2451 1067 2669 1117 nomen,
2694 1050 2795 1105 nisi
2814 1050 3065 1119 quoniam
3087 1062 3117 1101 a
3146 1045 3257 1101 Deo
3282 1048 3562 1112 susceptus

1974 1164 2134 1204 unam
2167 1162 2291 1203 cum
2317 1161 2383 1201 eo
2412 1142 2653 1215 possedit
2672 1141 2904 1197 nominis
2928 1135 3281 1208 dignitatem?
3301 1132 3408 1190 Sed
3435 1134 3481 1189 si
3506 1131 3562 1187 in

1974 1252 2041 1291 eo
2061 1237 2204 1306 quod
2227 1235 2426 1290 dicitur
2450 1251 2464 1287 :
2494 1232 2658 1288 Duxit
2682 1242 2731 1286 te
2748 1231 2907 1296 Deus,
2932 1230 3066 1284 Deus
3089 1238 3205 1282 tuus
3225 1225 3393 1298 (Psat.
3415 1239 3557 1290 xuv,

1973 1329 2050 1398 8),
2081 1329 2261 1383 divina
2290 1326 2529 1383 creditur
2555 1322 2867 1395 accipienda
2899 1330 3107 1387 natura,
3139 1321 3318 1388 inqua
3344 1325 3563 1389 putatur

1974 1421 2144 1476 Filius
2165 1436 2195 1474 a
2220 1420 2329 1474 Deo
2358 1426 2571 1482 unctus,
2605 1418 2759 1485 eguit
2772 1415 3016 1487 profecto
3042 1414 3182 1468 Deus
3203 1428 3359 1468 verus
3374 1410 3567 1467 sancti~

1977 1512 2240 1568 tlcationis
2268 1526 2522 1578 munere,
2551 1510 2860 1581 priusquam
2892 1507 3055 1562 homo
3084 1521 3243 1561 verus
3272 1505 3411 1560 idem
3443 1518 3566 1559 nas-

1976 1611 2191 1657 ceretur
2214 1603 2267 1657 in
2296 1616 2479 1656 carne.

1975 1695 2159 1751 CAPUT
2210 1713 2317 1752 xiv.
2351 1694 2504 1749 Nihil
2550 1694 2773 1749 medium
2810 1694 2946 1747 inter
3002 1691 3215 1746 Putrem
3242 1699 3291 1745 et
3338 1689 3563 1754 Filium,

2048 1784 2140 1837 per
2180 1767 2316 1837 quod
2340 1766 2508 1838 Fitius
2536 1773 2831 1838 angeretur.
2857 1763 3119 1817 Christum
3140 1761 3416 1816 secundum
3446 1776 3565 1813 car-

2051 1836 2165 1891 nem
2193 1839 2341 1891 unxit
2375 1836 2532 1890 Deus.

2052 1927 2268 1981 Dicatur
2294 1941 2425 1994 ergo
2452 1926 2579 1996 quid
2617 1926 2793 1996 potuit
2821 1939 2943 1980 esse
2970 1923 3068 1979 Dei
3115 1922 3252 1979 Filio
3292 1924 3530 1980 sanctius
3550 1962 3566 1987 ,

1977 2017 2129 2087 cujus
2159 2018 2413 2072 unctione
2440 2017 2797 2071 sanctiﬁcatio
2828 2017 2923 2081 illi,
2950 2023 3042 2069 aut
3068 2015 3287 2070 daretur
3315 2024 3439 2071 ante
3464 2014 3571 2070 non

1978 2110 2181 2175 habita,
2226 2117 2318 2163 aut
2347 2106 2731 2178 perﬁceretur,
2761 2123 2883 2177 qua:
2912 2108 3085 2162 inerat
3131 2107 3476 2177 imperfecta?
3506 2105 3574 2161 Et

1900 2270 1909 2281 1
1980 2200 2027 2256 si
2057 2198 2264 2269 aliquid
2286 2199 2484 2254 dicitur
2511 2197 2607 2253 Dei
2636 2199 2775 2253 Filio
2815 2198 3007 2253 melius
3033 2198 3146 2266 (cui
3173 2197 3347 2264 solum
3385 2196 3576 2268 prtefe-
3622 2208 3636 2219 '

1982 2289 2207 2344 rendum
2241 2289 2555 2344 existimant
2582 2287 2843 2361 Patrem),
2870 2289 2985 2344 sine
3013 2287 3197 2353 dubio,
3222 2286 3480 2358 quidQuid
3509 2286 3575 2341 il-

1984 2382 2075 2437 lud
2096 2391 2200 2451 est,
2226 2381 2372 2437 Patri
2401 2382 2712 2437 fatebuntur
2731 2381 2960 2449 aequale.
2980 2380 3087 2437 Sed
3110 2380 3223 2435 sive
3244 2370 3574 2449 comquetur,

1982 2474 2100 2529 sive
2127 2475 2290 2529 etiam
2337 2482 2697 2545 postponatur
2734 2471 2901 2538 Patri,
2959 2472 3095 2528 Filio
3136 2471 3378 2539 interim,
3425 2469 3579 2542 quid-

1986 2564 2116 2635 quid
2149 2573 2172 2601 ι
2204 2564 2357 2619 aliud
2374 2573 2476 2631 est,
2508 2563 2846 2634 praeferatur.
2892 2562 3093 2633 lnjustc
3121 2575 3250 2631 ergo
3289 2563 3342 2616 in
3363 2561 3579 2632 baptis-

1988 2664 2132 2709 mate
2176 2652 2322 2709 Patri
2364 2663 2420 2710 et
2457 2654 2598 2710 Filio
2631 2653 2864 2724 Spiritus
2903 2662 3123 2711 sanctus
3156 2653 3419 2723 jungitur,
3458 2667 3581 2709 cum

1989 2746 2169 2817 potius
2197 2745 2603 2801 illud'debuerit
2641 2745 2790 2801 Patri
2820 2746 3067 2815 Filioque
3104 2745 3392 2815 conjungi,
3436 2745 3585 2814 quod

1990 2842 2219 2912 potioris
2239 2842 2434 2897 merito
2463 2840 2908 2897 sanctiﬁcationis
2928 2840 3065 2896 Filio
3094 2839 3279 2894 debuit
3304 2837 3580 2908 anteponi.

294 2794 421 2832 rum
471 2776 665 2834 Petrus
692 2776 909 2834 Judazos
950 2778 1192 2847 increpat
1228 2774 1413 2829 dicens
1443 2790 1465 2825 ι
1489 2769 1557 2824 Ει
1589 2767 1785 2840 petistis
1817 2767 1888 2820 ri-

296 2884 415 2921 rum
446 2860 758 2924 homicidam
798 2868 987 2924 donari
1015 2866 1175 2938 uobis,
1205 2873 1465 2920 auctorem
1505 2876 1622 2916 vero
1659 2859 1778 2912 vim
1806 2857 1890 2910 iu-

298 2958 579 3013 ιενεηιίειί,
609 2958 745 3029 (Λα,
778 2974 856 3024 ιιι,
901 2956 989 3024 μ’
1020 2929 1171 3026 ἰδχ
1197 2954 1330 3022 Quis
1374 2960 1555 3008 autem
1597 2946 1893 3019 quemlibet
1993 2933 2180 3000 Qualis
2208 2948 2340 2988 vero
2387 2933 2560 2988 virtus
2605 2933 2692 2987 illa
2739 2930 3032 2997 credetur,
3084 2945 3202 3000 quae
3246 2929 3585 2984 divinitatem

298 3045 580 3104 hominem
603 3017 727 3103 vim
755 3017 1032 3103 διιέιοι-ρξῃ
1061 3017 1287 3113 merge
1317 3045 1416 3100 nisi
1442 3059 1543 3115 ριιο
1569 3017 1724 3098 nimis
1753 3041 1893 3096 Deus
1995 3026 2116 3083 Filii
2142 3026 2237 3081 Dei
2274 3026 2526 3081 unctione
2547 3022 2927 3088 sanetilicavit,
2952 3022 3136 3090 etcjus
3156 3036 3371 3075 carnem
3393 3017 3590 3074 sancti-

301 3135 582 3194 hominem
602 3140 960 3210 suscepisset?
987 3137 1066 3193 Ex
1085 3154 1194 3210 quo
1216 3110 1377 3208 igitur
1398 3110 1540 3193 Deus
1566 3135 1687 3192 vitm
1706 3141 1895 3190 auctor

1998 3119 2160 3176 licare
2183 3136 2289 3175 non
2320 3118 2530 3190 potuit?
2553 3117 2686 3172 Nam
2713 3117 2897 3185 utique
2923 3115 2964 3170 si
2993 3121 3173 3195 posset
3193 3111 3465 3167 Christum
3488 3110 3592 3167 ho-

303 3227 585 3284 hominem
623 3228 677 3284 in
705 3209 967 3287 unitatem
1008 3209 1254 3302 persona;
1296 3232 1560 3299 suscepit,
1601 3242 1670 3283 ει
1709 3242 1775 3283 eo
1804 3226 1895 3281 me
1921 3260 1964 3302 Γ
1998 3214 2196 3269 minem
2233 3212 2393 3284 plene
2422 3209 2783 3273 sanctiticare,
2818 3225 2925 3263 nun
2956 3223 3093 3278 optts
3122 3212 3240 3261 erat
3270 3213 3328 3259 ut
3357 3217 3591 3274 ungere-

305 3317 474 3374 homo
498 3335 696 3376 nomen
716 3320 839 3375 vitae
859 3297 1093 3376 auctoris
1113 3319 1372 3385 obtinuit;
1394 3297 1620 3373 sic—uta;
1642 3331 1729 3382 eo,
1752 3314 1897 3386 quod
1922 3297 1966 3323 ν
2001 3314 2089 3362 tur
2133 3314 2323 3361 saneto
2365 3303 2573 3375 Spiritu
2624 3310 2679 3358 et
2721 3302 2939 3356 virtute.
2985 3297 3309 3354 Attradatur
3350 3310 3482 3365 ergo
3524 3310 3594 3351 ne

305 3407 407 3465 Dei
435 3409 602 3467 Filius
621 3406 895 3468 hominem
921 3412 1159 3482 suscepit
1186 3412 1241 3466 in
1262 3419 1417 3467 utero
1436 3409 1704 3480 virginali,
1734 3424 1801 3464 ex
1832 3421 1895 3463 eo

1998 3398 2245 3464 forsitan,
2277 3405 2335 3452 et
2358 3397 2477 3469 ipso
2508 3395 2604 3451 Dei
2632 3393 2792 3460 Filio,
2827 3401 2883 3449 et
2911 3392 3000 3447 illa
3033 3408 3138 3462 qua
3173 3401 3365 3447 unctus
3392 3390 3595 3446 virtute

307 3502 470 3557 simul
510 3502 670 3569 Deus,
718 3510 773 3558 et
814 3503 980 3559 homo
1008 3518 1148 3558 unus
1178 3501 1344 3573 cmpit
1383 3501 1480 3557 Dei
1524 3501 1692 3556 Filius
1721 3499 1897 3556 nomio

307 3596 428 3651 nari
454 3635 469 3659 ,
512 3595 706 3663 angelo
734 3594 948 3651 dicente
984 3594 1052 3650 ad
1090 3594 1315 3649 Mariam
1363 3613 1394 3649 ε-
1411 3594 1644 3665 Spiritus
1690 3600 1901 3648 sanctus

308 3684 636 3754 superveniet
662 3684 717 3736 in
748 3691 813 3749 te,
843 3691 896 3737 et
917 3684 1083 3738 virtus
1120 3682 1375 3737 Attissimi
1415 3680 1739 3737 obumbrabit
1780 3678 1899 3743 tibi,

310 3771 530 3844 ideoque
554 3773 964 3845 quodnascetur
987 3789 1054 3828 ea:
1079 3781 1127 3827 te
1154 3784 1413 3840 sanetum,
1444 3772 1706 3842 vocabitur
1734 3768 1904 3825 Filius

313 3859 417 3916 Dei
447 3860 598 3935 (Luc.
622 3879 661 3925 ι.
691 3861 805 3924 55).
838 3862 915 3919 De
941 3878 1050 3933 quo
1076 3863 1241 3917 etiam
1268 3862 1430 3933 paulo
1456 3862 1705 3932 superius
1732 3860 1905 3916 eidem

318 3952 415 4024 (al.
460 3953 627 4025 idem)
655 3953 859 4024 Virgini
889 3953 1020 4009 dicit
1049 3971 1062 4008 :
1098 3953 1233 4009 Ecce
1275 3955 1530 4025 roucipies
1572 3953 1627 4007 in
1656 3962 1828 4018 utero,
1860 3960 1909 4006 et

318 4045 495 4112 paries
525 4042 740 4111 Filium,
770 4053 820 4099 et
842 4047 1048 4101 vocabis
1074 4062 1262 4102 nomen
1293 4045 1406 4117 ejus
1448 4044 1648 4100 Iesum.
1683 4044 1784 4099 Hic
1812 4045 1910 4099 erit

321 4152 563 4208 magnus,
594 4126 837 4193 etFilius
865 4137 1401 4194 Attissimivocabitur
1423 4134 1612 4209 tibist,
1647 4136 1761 4208 3t).
1793 4135 1909 4190 Non

318 4229 498 4288 solum
525 4245 656 4286 vero
682 4229 849 4286 Filius
887 4230 983 4286 Dei
1004 4271 1019 4297 ,
1068 4230 1363 4286 secundum
1394 4228 1445 4284 id
1474 4228 1619 4298 quod
1648 4236 1806 4284 natus
1829 4235 1913 4284 est

320 4321 393 4378 de
418 4322 659 4390 homine,
706 4322 881 4378 dictus
909 4331 996 4378 est
1018 4320 1281 4387 Christus,
1328 4336 1510 4377 verum
1542 4320 1704 4376 etiam
1746 4321 1911 4375 homo

320 4413 415 4472 ille
443 4414 833 4482 Deusdicitur,
866 4417 1025 4487 ιω
1049 4431 1149 4486 pro
1178 4431 1244 4471 eo
1273 4413 1417 4484 quod
1459 4421 1543 4469 est
1591 4429 1622 4468 a
1652 4411 1765 4468 Deo
1794 4426 1913 4466 sus-

321 4516 550 4579 ceptus,
598 4506 753 4578 quod:
791 4508 945 4562 nobis
991 4506 1354 4562 indubitanter
1399 4503 1734 4560 Psalmorum
1776 4504 1914 4558 liber

324 4597 584 4660 ostendit,
601 4598 655 4652 in
678 4598 1001 4669 quo|.lieitur
1025 4616 1038 4651 :
1066 4597 1303 4651 Throuus
1327 4605 1460 4660 tuus,
1485 4594 1640 4661 Deus,
1666 4596 1721 4648 iu
1744 4610 1908 4648 swcu-
1944 4634 1964 4692 ι

325 4687 433 4741 tum
460 4687 658 4753 sacuti,
701 4686 846 4758 virga
873 4688 1153 4758 wquitatis,
1180 4687 1324 4757 virga
1362 4686 1507 4756 regni
1548 4687 1640 4738 tui.
1671 4683 1914 4739 Dilexisti

321 4779 617 4850 justitiam,
660 4787 729 4855 et.
755 4777 931 4851 odisti
956 4779 1283 4850 iniquitatem
1324 4793 1342 4830 :
1372 4787 1645 4846 propterea
1689 4777 1839 4829 unxit
1870 4784 1917 4828 te

327 4870 487 4935 Deus,
517 4868 657 4925 Deus
701 4879 815 4925 tuus
842 4872 954 4925 oleo
996 4869 1391 4933 exsultationis,
1436 4882 1546 4937 pra:
1584 4866 1918 4937 participibus

329 4965 426 5017 tuis
455 4960 630 5030 (Psat.
655 4976 799 5027 xuv,
826 4962 878 5027 7,
912 4960 991 5032 8).
1308 4964 1311 4967 ί

361 5051 545 5109 Csrur
587 5069 702 5108 xm.
724 5052 925 5115 .Unctio
961 5069 1159 5125 quoque
1189 5053 1258 5105 ad
1276 5052 1550 5125 ‘homiuem
1579 5048 1850 5120 referenda
1868 5088 1887 5113 ,

784 5125 954 5194 potius
975 5121 1137 5196 quam
1166 5125 1236 5177 ad
1268 5121 1450 5176 Deum.

398 5216 553 5274 lianc
589 5225 771 5272 autem
808 5218 1119 5273 unctionem
1149 5216 1217 5271 ad
1262 5216 1535 5270 hominem
1575 5213 1755 5285 potius
1781 5211 1921 5267 refe-

327 5313 572 5374 rendam,
599 5309 791 5365 bcatus
822 5309 1011 5369 Petrus
1037 5310 1273 5365 ostendit
1291 5307 1475 5363 dicens
1506 5325 1520 5360 :
1547 5304 1724 5361 Iesum
1745 5323 1778 5359 α
1802 5303 1921 5359 Να-

329 5400 505 5456 saretlt
529 5443 547 5469 ,
585 5416 734 5471 quem
784 5402 934 5455 unxit
989 5398 1123 5453 Deus
1172 5398 1375 5470 Spiritu
1422 5406 1605 5456 sancto
1649 5405 1700 5451 et
1738 5397 1924 5450 uirtute

331 5488 470 5562 (Act.
506 5507 560 5559 ι,
591 5490 702 5563 38).
736 5490 867 5558 Quae
896 5489 1056 5558 igitur
1084 5504 1114 5542 τι
1145 5487 1434 5553 Nazareth,
1461 5487 1562 5542 nisi
1605 5487 1837 5541 humana
1867 5485 1921 5540 in

332 5578 549 5637 Christo
587 5590 777 5645 natura
823 5580 1000 5652 potuit
1045 5579 1370 5649 praedicari?
1416 5578 1548 5633 Nam
1581 5578 1843 5631 intautum
1891 5590 1923 5629 a

332 5670 619 5739 Nazareth,
662 5687 769 5728 non
791 5670 1042 5728 divinitas
1068 5670 1289 5734 Christi,
1320 5669 1416 5725 sed
1444 5669 1752 5725 humanitas
1782 5683 1922 5737 pra:-

407 5868 433 5938 ξι
462 5857 589 5938 ξίεε.
614 5856 869 5938 βίῃ-ιλρι
891 5825 1409 5938 Τςρῇιωίηςυξξίᾳηὶά
1438 5850 1695 5938 illudtesnt;

407 5928 435 5969 δ
466 5926 773 5998 Legebatur
800 5925 853 5983 in
884 5923 1040 5982 editis
1061 5918 1119 5979 et
1138 5918 1326 5994 (Sorbi,
1356 5939 1457 5977 non
1486 5923 1682 5998 potuit;
1709 5919 1803 5978 sed
1831 5918 1913 5975 lc-

2000 3490 2221 3558 dicitur,
2250 3489 2432 3559 potior
2458 3496 2621 3556 atque
2662 3485 2903 3541 sanctior
2931 3482 3230 3539 credendus
3257 3483 3328 3537 sit
3366 3479 3597 3552 Spiritus

2002 3589 2220 3637 sanctus
2270 3597 2283 3634 :
2316 3580 2496 3635 Iesum
2539 3579 2683 3634 enim
2715 3595 2747 3631 a
2778 3574 3083 3641 Nazareth,
3132 3575 3239 3630 hoc
3267 3581 3370 3638 est,
3405 3572 3597 3627 Filium

2005 3672 2098 3726 Dei
2125 3670 2421 3728 secundum
2446 3684 2666 3725 carnem
2695 3711 2709 3738 ,
2758 3668 2903 3724 sicut
2930 3667 3074 3722 beati
3120 3663 3267 3721 Petri
3296 3662 3601 3719 manifestat

2007 3768 2257 3833 assertio,
2289 3769 2439 3822 unxit
2486 3764 2631 3819 Deus
2675 3764 2879 3835 Spiritu
2906 3771 3085 3817 sancto
3126 3770 3175 3815 et
3220 3762 3421 3815 virtute.
3447 3758 3603 3827 Quod

2008 3862 2053 3917 si
2090 3861 2258 3916 homo
2298 3859 2548 3916 Christus
2601 3855 2919 3912 sinesancti
2967 3853 3199 3924 Spiritus
3245 3852 3411 3920 gratia
3444 3851 3604 3921 plene
3680 3866 3687 3871 ·

2009 3947 2332 4006 sanctiﬁcari
2375 3964 2485 4004 non
2515 3946 2712 4017 potuit,
2754 3941 3023 4014 superﬂua
3053 3940 3262 3996 dicetur
3289 3940 3509 3995 collatio
3539 3938 3606 3993 il-

2012 4040 2115 4095 lius
2143 4037 2437 4095 unctionis.
2477 4034 2545 4101 Si.
2581 4042 2763 4089 autem
2807 4033 2926 4088 sine
2967 4038 3156 4087 sancto
3200 4029 3418 4099 Spiritu.
3445 4027 3606 4099 plene

2011 4126 2337 4185 sanctiﬁcari
2364 4125 2392 4165 δ
2423 4125 2642 4198 potuit,
2678 4131 2734 4178 et
2757 4122 2972 4195 pltenam
3011 4116 3452 4177 sanctiﬁcationis
3478 4132 3605 4187 gra-

2014 4222 2143 4277 tiam
2172 4220 2290 4276 sine
2337 4217 2541 4289 Spiritu
2589 4223 2780 4272 sancto
2815 4216 2968 4285 121
3014 4210 3258 4268 Christus
3304 4208 3604 4264 homonun

2013 4311 2222 4381 habuit,
2255 4317 2314 4365 ut
2340 4317 2489 4381 pote,
2521 4324 2669 4382 quem
2701 4307 2862 4361 Pater
2908 4303 3274 4375 sanctiﬁcarit,
3304 4310 3353 4357 et
3380 4303 3520 4357 misit
3543 4304 3605 4358 .iu

2016 4401 2271 4457 mundum
2292 4398 2469 4471 (loan.
2513 4414 2570 4467 Χ,
2617 4395 2731 4468 56),
2776 4403 2831 4450 et
2859 4394 2951 4464 qui
3000 4393 3067 4448 de
3108 4392 3288 4463 seipso
3317 4390 3496 4446 dixit:
3537 4389 3609 4445 Et

2015 4510 2110 4566 ego
2147 4488 2418 4562 sanctiﬁco
2461 4490 2713 4557 meipsum
2754 4484 2933 4560 (locu.
2980 4500 3121 4549 xvu,
3172 4482 3289 4554 l9);
3336 4489 3392 4537 et
3419 4480 3472 4535 in
3500 4495 3611 4552 quo

2015 4583 2185 4638 sancti
2211 4582 2445 4653 Spiritus
2473 4577 2830 4634 sanctiﬁcatio
2858 4575 3105 4632 similiter
3125 4572 3450 4642 agnoscitur,
3475 4586 3613 4639 quo-

2019 4673 2162 4728 niam
2193 4672 2341 4727 uuxit
2376 4686 2492 4725 eum
2520 4667 2660 4723 Deus
2692 4667 2894 4738 Spiritu
2923 4673 3107 4720 sancto
3155 4672 3206 4717 et
3233 4662 3439 4726 virtute,
3471 4676 3613 4730 quo-

2020 4763 2183 4817 modo
2236 4761 2356 4831 quis
2405 4758 2664 4829 Spiritum
2713 4763 2963 4811 sanctum
3010 4754 3274 4809 minorem
3324 4749 3486 4806 Patre
3531 4750 3616 4833 vel

2019 4850 2156 4906 Filio
2199 4848 2361 4904 audet
2400 4847 2599 4912 dicere,
2632 4846 2751 4900 sine
2790 4860 2900 4916 quo
2936 4841 3381 4908 sanctiﬁcationis
3406 4840 3615 4912 perfec-

2025 4942 2228 4996 tionem
2254 4938 2402 4994 vidct
2428 4945 2679 4993 constare
2710 4952 2815 4991 non
2856 4934 3055 5005 posse?
3084 4932 3221 5000 Quid
3251 4940 3433 4987 autem
3460 4929 3615 4985 dubi-

2026 5039 2172 5084 tatur
2198 5028 2303 5083 olei
2332 5027 2552 5082 nomine
2590 5025 2847 5095 Spiritum
2883 5033 3128 5079 sanctum
3167 5021 3611 5083 demonstratum,

2024 5138 2148 5177 cum
2182 5119 2348 5175 David
2372 5127 2427 5176 et
2460 5119 2670 5187 Petrus,
2711 5126 2821 5172 tam
2864 5116 2971 5171 olei
2999 5129 3159 5186 quam
3188 5111 3418 5182 Spiritus
3444 5110 3616 5164 sancti

2023 5210 2287 5267 vocabulo
2316 5250 2332 5276 ,
2373 5225 2537 5265 unum
2566 5208 2863 5280 praedicent
2890 5204 3161 5262 unctionis
3202 5200 3492 5256 Dominica:
3524 5218 3614 5257 sa-

2024 5308 2359 5360 eramentum
2385 5304 2409 5358 ’ἒ
2436 5300 2607 5356 David
2635 5300 2779 5357 enim
2808 5298 2938 5354 dicit
2968 5316 2981 5351 :
3019 5295 3180 5352 Unxit
3209 5303 3257 5349 te
3285 5292 3448 5361 Deus,
3478 5292 3617 5350 Deus

2025 5405 2141 5449 tuus
2169 5394 2279 5450 oleo
2304 5394 2683 5458 exsultationis,
2708 5406 2819 5461 pra:
2845 5387 3183 5461 participibus
3205 5387 3336 5453 tuis,
3349 5393 3405 5443 et
3433 5385 3618 5456 utique

2029 5485 2301 5540 hominem
2321 5482 2605 5553 signiﬁcat,
2629 5497 2750 5537 cum
2772 5477 3061 5551 participes
3081 5476 3322 5533 nominat
3342 5494 3355 5531 :
3380 5491 3504 5532 nam
3529 5475 3618 5531 illa

2028 5577 2281 5633 divinitas
2318 5575 2440 5632 Filii
2486 5573 2582 5630 Dei
2633 5573 2831 5629 nullius
2885 5576 3149 5627 creatura:
3197 5568 3359 5626 habet
3400 5569 3621 5641 partici-

2031 5670 2211 5740 pium,
2241 5669 2365 5739 quia
2393 5682 2517 5723 cum
2546 5674 2795 5723 creatura
2847 5678 2952 5719 non
3000 5662 3165 5719 habet
3217 5662 3460 5719 naturale
3489 5676 3622 5719 cou-

2019 5848 2273 5919 gendum,
2300 5856 2358 5904 ut
2388 5864 2517 5905 mss.
2550 5844 2758 5905 Victor.
2793 5852 2848 5901 et
2877 5843 3113 5916 'l‘huan.,
3143 5845 3347 5916 potuita
