4068 6524
421 393 534 473 tm
1607 386 1664 442 s.
1696 376 2063 442 sumsum
2097 356 2472 439 suspense
3633 386 3775 445 ςεο

430 513 660 569 sortium
689 528 702 563 :
737 508 878 564 Deus
925 520 1053 576 ergo
1084 505 1137 560 in
1168 518 1327 559 carne
1357 509 1548 558 unctus
1576 510 1678 568 est,
1708 508 1766 555 ut
1817 499 1871 553 in
1923 496 2015 552 illo
2042 497 2091 557 Α
2122 493 2355 551 hominis
2377 510 2473 566 ore
2492 496 2696 552 laudari
2727 505 2940 568 poterat
2968 502 3211 558 veritatis
3227 504 3377 561 ?-Sed
3399 506 3561 576 quod
3597 519 3770 562 vere

432 584 654 658 homine
678 597 915 664 Christo,
949 611 1110 666 quem
1140 595 1256 650 sine
1286 602 1510 665 peccato
1538 599 1712 646 mater
1732 599 1788 646 et
1814 602 2017 645 conce—
2120 584 2364 655 Christus
2406 586 2546 655 fuit,
2593 589 2698 645 hoe
2741 591 3079 661 interrogans
3107 594 3260 661 dixit,
3305 605 3363 652 et
3401 596 3565 668 quod
3599 611 3768 655 vere

404 672 514 764 ’νει
542 701 598 748 et
626 693 856 764 peperit,
886 691 1044 761 plena
1074 689 1265 744 divinae
1291 683 1734 741 sanctiﬁcationis
1759 694 2019 750 agnoscc-
2119 677 2369 734 Christus
2399 679 2524 750 fuit,
2561 681 2669 738 hoc
2710 698 2779 738 ex
2807 698 2908 739 ore
2932 682 3079 742 Petri
3125 687 3436 748 conﬁtentis
3477 691 3763 747 audivit.

435 794 587 840 retur
611 783 802 861 gratia,
853 797 974 851 qua:
1031 780 1247 835 nomine
1294 776 1576 832 Trinitatis
1600 782 1746 829 esset
1774 770 2022 861 fidelibus
2122 767 2290 861 Filius
2313 770 2454 824 enim
2502 770 2736 828 hominis
2772 771 3054 840 Christus,
3104 777 3199 833 Dei
3239 780 3346 835 vivi
3383 780 3557 837 Filius
3611 781 3773 851 fuit,

422 874 787 939 conferenda.
822 872 1115 944 Propterea
1138 871 1327 926 beatus
1354 867 1546 923 Petrus
1585 866 1713 921 dicit
1740 883 1754 918 :
1784 860 1968 917 Iesum
1990 878 2023 914 α
2126 874 2230 914 nec
2275 860 2547 917 immerito
2577 861 2760 918 divina
2799 881 2933 921 voce
2961 871 3262 936 promeruit
3298 870 3763 939 beatitudinem,

444 964 730 1029 Nazaretlz,
761 948 911 1033 quém
937 963 1088 1016 unxit
1142 960 1281 1015 Deus
1312 958 1513 1030 Spiritu
1541 966 1723 1012 sancto
1751 964 1808 1039 et,
1840 956 2026 1009 virtute
2128 951 2221 1021 Qui
2257 954 2477 1031 propria
2501 970 2635 1011 voce
2683 955 2804 1011 tldei
2855 961 3080 1028 protulit
3125 964 3441 1032 veritatem;
3489 976 3770 1038 propter

441 1062 579 1129 (Act.
616 1077 668 1125 ι,
696 1059 811 1131 38).
844 1058 910 1113 Et
940 1066 1119 1113 tamen
1167 1056 1253 1111 ille
1293 1053 1448 1110 Iesus
1477 1069 1507 1108 a
1535 1050 1804 1106 Nazarcth
1834 1059 1857 1084 ιι
1885 1047 2029 1102 Deus
2128 1043 2233 1099 hoc
2261 1045 2411 1100 audit
2443 1064 2455 1098 :
2490 1045 2680 1102 Beatus
2702 1066 2782 1114 es,
2814 1049 2997 1105 Simon
3028 1051 3315 1118 Bar-Jona,
3355 1058 3477 1128 quia
3517 1075 3678 1113 caro
3707 1067 3774 1112 es

441 1154 495 1208 in
520 1152 727 1224 psalmo
748 1151 942 1206 dicitur
969 1148 1166 1215 :nnde,
1192 1162 1398 1217 quteso,
1415 1144 1517 1200 nisi
1539 1142 1793 1213 quoniam
1816 1141 1958 1195 Deus
1974 1146 2030 1194 et
2131 1142 2345 1211 sanguis
2384 1157 2486 1196 non
2514 1143 2757 1198 reuelauit
2801 1146 2911 1212 tibi,
2944 1148 3036 1201 sed
3074 1149 3240 1204 Pater
3267 1168 3413 1207 meus
3438 1156 3527 1226 qui
3562 1164 3666 1209 εει
3695 1156 3771 1208 ξι,

443 1244 612 1299 homo
641 1257 775 1297 unus
804 1250 888 1296 est
908 1239 1191 1296 Christus?
1221 1237 1289 1292 Et
1311 1237 1438 1292 ideo
1463 1242 1716 1289 manente
1745 1234 1798 1287 in
1830 1232 2032 1286 unitate
2132 1229 2294 1284 caelis.
2324 1228 2497 1286 Etiam
2528 1232 2643 1303 ipse
2671 1233 2916 1291 Christus
2942 1236 3038 1292 Dei
3067 1253 3126 1294 se
3157 1242 3341 1310 utique
3364 1241 3475 1312 jam
3506 1244 3769 1300 confes-

426 1348 691 1408 .persontc
726 1332 956 1387 naturali
986 1330 1221 1386 hominis
1261 1338 1317 1384 et
1360 1327 1455 1382 Dei
1486 1324 1765 1381 inconfnsa
1794 1331 1849 1378 et
1892 1323 2035 1376 inse-
2134 1335 2228 1376 sus
2254 1329 2339 1376 est
2366 1320 2557 1378 Filium
2585 1366 2605 1392 ,
2642 1341 2763 1380 cum
2806 1343 2836 1382 a
2865 1328 3027 1383 Patre
3052 1346 3189 1399 suo,
3221 1334 3315 1401 qui
3342 1344 3421 1391 est
3465 1335 3517 1389 in
3547 1337 3773 1404 emlis,

445 1429 673 1503 parabili
726 1428 954 1484 veritate
977 1466 991 1490 ,
1046 1427 1187 1481 sicut
1230 1424 1379 1479 Deus
1423 1421 1672 1475 Christus
1720 1418 1772 1472 in
1814 1414 2036 1470 homine
2137 1413 2298 1470 Petro
2324 1417 2551 1471 asseruit
2577 1408 2900 1474 revelaium.
2922 1420 3033 1477 Nec
3053 1424 3156 1478 hoc
3177 1433 3357 1479 tamen
3379 1428 3555 1482 otiose
3582 1442 3765 1497 prte—

448 1537 646 1580 nomen
678 1520 912 1576 hominis
950 1518 1203 1588 sumpsit,
1231 1517 1309 1572 sic
1336 1515 1478 1570 idem
1508 1513 1668 1568 homo
1707 1509 1953 1564 Christus
1983 1506 2035 1560 in
2139 1504 2452 1559 tereundutn
2483 1507 2762 1573 existimo,
2780 1509 2924 1577 quod
2947 1509 3165 1567 Christo
3188 1514 3417 1582 primum
3447 1531 3507 1570 se
3528 1515 3770 1572 Filii-It

449 1615 562 1670 Deo
588 1613 908 1669 vocabulum
936 1610 1152 1665 deitatis
1181 1608 1408 1677 accepit.
2140 1595 2376 1652 hominis
2421 1600 2750 1669 nuncupanti
2798 1599 2989 1657 Petrus
3032 1603 3161 1660 dicit
3207 1624 3228 1658 .'
3266 1605 3341 1659 Tu
3385 1625 3450 1662 es.
3487 1607 3773 1664 Christus

448 1706 632 1764 CAPUT
673 1721 758 1760 xv.
799 1702 1037 1759 Christus
1058 1719 1162 1756 non
1186 1702 1415 1771 caeleste,
1433 1697 1522 1751 sed
1547 1697 2040 1771 butttttitttmeVPI-s
2143 1685 2322 1742 Filius
2348 1689 2441 1743 Dei
2465 1692 2559 1744 civi
2588 1708 2608 1746 :
2637 1693 2837 1747 etenim
2874 1694 2967 1750 Dei
2997 1696 3180 1762 Filius,
3216 1700 3394 1755 carnis
3422 1700 3775 1758 ιιικηίιίιεια

521 1776 819 1864 assumpsit.
856 1774 1000 1864 Urnis.
1025 1772 1256 1843 idemque
1275 1769 1513 1824 Christus
1541 1777 1588 1820 et
1612 1764 1787 1819 Filius
1820 1764 2040 1815 hominis
2126 1790 2414 1850 suscepta,
2458 1782 2645 1837 debui
2674 1785 2732 1839 ε’
2756 1801 2815 1840 se
2852 1798 3245 1844 sacramentum
3276 1805 3482 1860 magna:
3510 1794 3772 1864 pietatis

697 1842 705 1845 γ
755 1846 767 1856 .
795 1847 806 1857 .
986 1845 996 1855 .
1174 1842 1182 1843 κ
2307 1842 2318 1850 .
2402 1842 2410 1844 ἡ
3218 1842 3243 1843 η
3278 1842 3481 1860 --ρ-π-..
3512 1842 3763 1864 τ--..-...

523 1854 671 1992 ἔΞὲ
699 1842 1017 1991 tinguit:
1039 1931 1161 1989 con.
1299 1931 1311 1942 .
1622 1947 1631 1957 ⁸
1656 1926 1686 1979 Γ
1951 1920 2045 1973 Dei
2077 1867 2124 1927 Β
2148 1872 2465 1939 ostendere;
2498 1876 2663 1929 homo
2691 1876 2822 1933 ve'ro
2851 1879 3160 1951 redemptus
3187 1883 3373 1938 debuit
3411 1886 3462 1940 in
3494 1887 3769 1945 hominis

1141 1939 1421 2001 jttncttone
1461 1937 1648 1983 natura
1677 1944 1689 1978 ι
1726 1937 1917 1977 nomen
2151 1964 2287 2001 pm“
2310 1967 2708 2001 '"m‘dmnm
2727 1971 3015 2001 “mm”:-
3039 1974 3391 2001 ’.δώῃ-..ξη-
3416 1978 3729 2001 __“J:“__

2150 1964 2287 2020 Filio
2310 1981 2499 2021 veram
2514 1967 2708 2024 divinae
2726 1971 3020 2027 nativitatis
3039 1974 3391 2031 substantiam
3416 1978 3763 2048 przedicare,

440 2018 443 2019 ν
673 2027 684 2037 ,
730 2026 741 2038 .
882 2025 894 2037 .
1112 2039 1131 2050 η
1268 2022 1277 2033 .
1371 2042 1379 2052 ⁸
1516 2019 1527 2029 .
1704 2015 1715 2027 .
2020 2038 2047 2049 __
2150 2015 2281 2020 --η
2324 2015 3019 2027 -νηω-------υ--η---........
3039 2015 3391 2031 “unauna...
3417 2015 3761 2048 pusum...”

453 2027 786 2135 θίῂοξξῗηξδ-
805 2020 1568 2135 Ρξξδξῗθυξξξξιξθξξη
2151 2064 2210 2111 ut
2247 2056 2372 2111 dum
2418 2074 2449 2112 a
2480 2058 2846 2131 Redemptore
2874 2062 3192 2120 beneﬁcium
3221 2062 3471 2135 gratuita:
3503 2071 3761 2126 misera-

1668 2126 1679 2142 δ
1976 2118 1990 2138 ι
2154 2103 2210 2111 _-
2250 2103 2371 2111 ,μω
2418 2103 2449 2112 _
2480 2103 2845 2131 ---.......,,..,..,
2874 2103 3192 2120 νυ..υ..υη....
3222 2103 3467 2135 δηιιιικυ
3503 2103 3761 2126 ιιηπ...-

458 2125 710 2223 (ιυειξξθτ-
733 2103 2047 2223 εξθυξίξυεί,ξ’(ξξηξδξιίξῗξθῗξῗῂξξἎθ-ξῗίῗξίῗ
2152 2145 2313 2200 tionis
2360 2147 2693 2212 ostenditur,
2742 2165 2771 2203 a
2813 2151 3094 2223 redempto
3142 2154 3335 2211 divina:
3379 2158 3769 2217 confessionis

457 2208 716 2282 praedicat
747 2205 967 2271 Paulus,
998 2204 1134 2259 nihil
1170 2204 1370 2258 habere
1399 2200 1714 2257 naturaliter
1739 2202 1957 2268 putetur
1983 2210 2051 2250 ex

458 2299 700 2369 Virgine,
741 2306 797 2354 et
836 2295 1136 2352 secundum
1182 2293 1459 2350 ctelestem
1510 2298 1777 2355 naturam,
1819 2285 2052 2342 caelestis

458 2389 639 2448 carnis
674 2388 887 2446 dicatur
922 2387 1125 2453 habere
1162 2383 1543 2446 substantiam,
1579 2379 1875 2452 praesertim
1916 2393 2052 2448 quo-

462 2480 608 2536 nia‘m
638 2479 753 2549 ipse
783 2492 998 2548 quoque
1027 2476 1096 2532 de
1133 2490 1194 2531 se
1238 2474 1494 2529 Dominus
1536 2468 1814 2542 proﬁtetur
1838 2488 1854 2522 :
1881 2466 2052 2521 Nemo

463 2570 698 2633 ascendit
726 2570 781 2623 in
809 2568 1011 2632 caelum,
1041 2567 1143 2621 nisi
1184 2567 1268 2638 qui
1307 2565 1370 2620 de
1397 2564 1521 2618 caelo
1566 2560 1853 2626 descendit,
1882 2559 2053 2612 Filius
2110 2608 2118 2615 .

462 2661 686 2716 hominis
707 2660 793 2732 qui
815 2667 891 2713 est
918 2659 974 2712 in
997 2657 1122 2711 caelo
1148 2655 1195 2728 (J
1206 2672 1329 2710 ean.
1354 2670 1435 2719 tu,
1460 2653 1567 2724 15).
1594 2650 1747 2719 Quod
1769 2650 1812 2705 si
1834 2649 2052 2705 conleste

462 2765 680 2821 corpus,
724 2758 779 2805 et
817 2765 923 2804 non
975 2748 1266 2803 humanum
1313 2745 1616 2815 suscepisse
1645 2740 1942 2798 credendus
1970 2747 2054 2795 est

463 2842 728 2908 Christus,
760 2839 1039 2911 quomodo
1057 2839 1286 2894 veritate
1316 2836 1554 2891 Davidici
1581 2834 1769 2905 psalmi
1800 2832 2050 2887 vaticina—

465 2933 542 2988 tio
568 2931 836 2999 fulcietur,
862 2930 950 2986 ubi
977 2929 1235 2999 scriptum
1265 2935 1349 2983 cst
1380 2946 1396 2980 :
1429 2925 1498 2981 Ut
1527 2924 1775 2979 inhabitet
1805 2922 1973 2994 gloria
2000 2920 2053 2973 in

466 3035 605 3080 terra
646 3034 849 3086 nostra,
877 3023 1068 3076 veritas
1092 3019 1157 3074 de
1186 3027 1323 3072 terra
1354 3027 1467 3072 orta
1507 3023 1582 3070 est
1619 3014 1793 3086 (Psat.
1825 3026 2053 3076 Lxxxw,

465 3114 553 3183 it),
586 3113 675 3185 12)
692 3115 727 3169 ’ἐι
743 3113 1013 3169 Christum
1044 3119 1224 3166 autem
1256 3109 1379 3180 quis
1403 3120 1600 3175 negare
1628 3104 1826 3159 audeat
1854 3102 2055 3179 verita-

465 3220 599 3276 tem,
629 3224 753 3264 cum
794 3208 911 3277 ipse
954 3220 1013 3260 se
1054 3204 1158 3259 hoc
1198 3203 1416 3256 nomine
1460 3196 1807 3267 nuncuparit,
1830 3194 2053 3249 dicens:

444 3288 582 3370 .Ego
626 3316 740 3353 sum
781 3296 894 3359 via,
927 3296 1117 3349 veritas
1153 3302 1201 3346 et
1238 3293 1338 3346 vita
1381 3289 1557 3360 (Joan.
1586 3305 1622 3354 1,
1656 3286 1751 3356 6)?
1780 3286 1837 3340 Si
1867 3285 2063 3340 veritas

443 3376 634 3457 igitur
661 3388 730 3442 de
758 3395 898 3441 terra
926 3394 1046 3440 orta
1079 3392 1189 3449 est,
1214 3381 1488 3451 quomodo
1516 3378 1783 3435 secundus
1804 3378 1971 3441 homo
1997 3375 2064 3431 de

470 3479 611 3535 coelo
633 3477 891 3542 caelestis,
915 3475 1015 3529 nisi
1044 3474 1299 3545 quoniam
1330 3489 1358 3526 a
1388 3470 1481 3525 Dei
1513 3469 1646 3525 Filio
1675 3478 1924 3539 suscepta
1949 3481 2065 3522 ma-

474 3569 634 3626 teries
668 3569 868 3624 terreni
900 3567 1163 3638 corporis,
1189 3566 1241 3620 in
1257 3546 1483 3620 caeleste
1513 3578 1709 3618 nomen
1735 3561 1943 3616 transiit
1969 3575 2066 3632 per

472 3659 807 3715 consortium
835 3658 1082 3714 deitatis?
1105 3655 1170 3711 Et
1198 3655 1472 3726 quomodo
1498 3671 1683 3710 rursus
1703 3654 1866 3708 Filius
1888 3652 2065 3708 homi-

476 3750 560 3805 nis
587 3748 869 3805 descendit
895 3748 962 3802 de
992 3748 1158 3813 cualo,
1184 3747 1283 3801 nisi
1307 3746 1429 3816 quia
1454 3745 1621 3800 Filius
1644 3743 1741 3799 Dei
1769 3760 1876 3798 non
1907 3743 2067 3798 locali

454 3832 661 3904 -motu',
712 3824 806 3893 sed
856 3837 1072 3908 pietatis
1117 3835 1394 3891 descendit
1433 3832 1664 3889 ati‘eclu?
1701 3833 1791 3902 qui
1839 3832 1976 3887 sicut
2011 3832 2065 3888 in

475 3943 637 3984 carne
667 3937 915 3998 suscepta
944 3942 1014 3982 es
1038 3927 1257 3981 homine
1285 3918 1533 3994 dignatus
1555 3932 1638 3980 est
1666 3925 1835 3995 nasci,
1865 3924 1942 3980 sic
1968 3941 2068 3995 pro

476 4036 577 4074 nna
610 4016 706 4072 Dei
743 4017 1104 4087 suscipientis,
1148 4022 1202 4071 et
1237 4012 1481 4070 hominis
1528 4013 1766 4084 suscepti
1813 4028 2067 4083 persona,

476 4109 566 4177 qui
618 4110 716 4165 Dei
770 4108 936 4164 Filius
991 4116 1143 4176 erat,
1190 4107 1436 4177 dignatus
1485 4117 1567 4161 est
1618 4105 1849 4161 hominis
1903 4104 2070 4160 Filius

480 4201 800 4270 nuncupari.
846 4200 922 4253 Ad
971 4201 1109 4255 hanc
1156 4199 1752 4268 unitatem'pcrsonzn,
1799 4197 1915 4252 sine
1964 4196 2071 4252 ulla

479 4290 797 4346 confusione
821 4292 1097 4360 utriusque
1123 4290 1437 4345 substantia:
1462 4290 1890 4359 cognoscendam
1917 4289 2074 4345 Chri-

470 4392 596 4439 stus
640 4384 929 4452 discipulos
961 4384 1274 4450 interrogat,
1308 4382 1528 4437 dicens:
1559 4380 1722 4446 Quem
1757 4386 1912 4455 122
1937 4382 1961 4421 δ
1988 4400 2073 4439 me

480 4475 657 4528 dicunt
684 4472 917 4526 homines
947 4488 1057 4525 esse
1088 4471 1254 4541 ﬁlium
1285 4471 1504 4525 hominis
1538 4471 1758 4542 (Matth.
1785 4491 1890 4540 xvi,
1930 4474 2068 4548 i3)?

480 4565 725 4635 Cumque
771 4564 845 4618 illi
887 4563 1197 4634 opinionem
1247 4562 1386 4630 vulgi
1431 4563 1676 4633 protinus
1724 4565 2061 4634 indicarent,

483 4665 616 4712 tunc
675 4654 893 4725 pr0prie
947 4653 1015 4708 ab
1078 4653 1158 4709 eis
1207 4653 1439 4725 qualitas
1487 4671 1630 4711 verte
1684 4656 1807 4712 iidei
1856 4658 2069 4728 expeti-

483 4757 591 4812 tur,
623 4754 682 4800 ut
710 4745 909 4801 erroris
937 4745 1158 4799 humani
1187 4744 1392 4802 falsitas
1419 4746 1694 4802 auferatur
1727 4767 1741 4801 :
1766 4748 1880 4804 hzec
1911 4750 2071 4817 igitur

484 4846 568 4892 est
597 4836 808 4890 Domini
834 4836 1185 4905 interrogatio
1215 4845 1505 4894 consecuta
1540 4856 1552 4891 ε
1590 4838 1699 4893 Vos
1726 4849 1895 4894 autent
1924 4858 2071 4909 quem

484 4948 567 4985 me
605 4946 714 4984 esse
759 4928 969 4984 dicitis?
1004 4945 1093 4986 me
1119 4930 1302 4999 utique
1349 4930 1517 4986 tilium
1544 4932 1816 4986 hominis?
1862 4931 1935 4985 lbi
1960 4930 2077 4999 jam

463 5012 683 5077 "Petrus
729 5022 1043 5093 apostolus,
1092 5022 1441 5078 revelationis
1488 5023 1684 5078 divinae
1738 5023 2081 5079 ﬁrmamento

487 5115 752 5173 subnixus
776 5158 795 5185 ,
837 5116 1102 5185 generalis
1132 5116 1324 5172 salutis
1359 5114 1641 5172 confessus
1669 5126 1750 5172 est
1779 5131 2080 5172 sacramen-

487 5218 603 5264 tum
637 5227 651 5263 :
676 5207 750 5263 Tu
771 5226 848 5275 es,
879 5209 1070 5279 inquit,
1102 5207 1336 5263 Christus
1366 5206 1412 5260 F
1417 5208 1537 5262 ilius
1565 5206 1664 5262 Dei
1692 5209 1807 5262 vivi.
1839 5206 1978 5275 Quid
1998 5218 2081 5265 est

487 5300 629 5356 hoc?
660 5297 936 5367 Quantum
979 5299 1048 5355 ad
1095 5300 1330 5366 ignaros,
1379 5298 1629 5368 congruit
1673 5297 2083 5368 interrogationi

474 5391 808 5469 responsio?
847 5389 1038 5445 Petrus
1064 5390 1209 5444 enim
1248 5388 1316 5442 de
1349 5385 1486 5443 Filio
1516 5389 1750 5443 hominis
1779 5390 2082 5460 interroga-

492 5491 598 5550 tur,
630 5492 685 5539 et
713 5483 828 5554 ipse
858 5484 951 5540 Dei
990 5483 1182 5538 Filium
1211 5479 1523 5539 conﬁtetur.
1558 5480 1807 5550 Nunquid
1842 5484 2077 5539 interro-

491 5583 706 5646 gantem
752 5575 935 5632 Jesum
964 5576 1140 5631 minus
1169 5574 1396 5639 audivit,
1429 5582 1524 5628 aut
1564 5574 1679 5643 ipse
1694 5574 1990 5631 .veritatem
2022 5576 2075 5630 in

491 5668 831 5725 confessione
858 5681 967 5723 non
988 5667 1203 5722 tenuit?
1233 5666 1387 5721 Absit
1412 5684 1426 5717 :
1452 5664 1723 5736 quomodo
1752 5664 1894 5719 enim
1921 5681 2077 5728 error

576 5832 589 5858 ³
626 5820 753 5877 Mss.
785 5821 945 5875 Corb.
979 5829 1033 5873 ot
1062 5821 1266 5886 Victor.
1299 5820 1503 5875 addunt
1533 5820 1619 5887 hic
1647 5821 1731 5886 qui
1761 5828 1942 5875 unctus
1983 5832 2077 5875 est.

567 5891 595 5932 δ
625 5889 703 5948 Ita
746 5907 875 5948 mss.
920 5891 1080 5947 Corb.
1127 5900 1183 5947 et
1226 5891 1389 5958 Vict.,
1439 5906 1537 5948 nec
1581 5905 1689 5948 non
1737 5888 2002 5962 Atttuerp.
2033 5902 2088 5949 et

2097 4617 2153 4678 D

2152 2235 2464 2305 obsequium
2494 2238 2841 2306 redderetur;
2874 2250 2929 2296 et
2954 2259 3117 2299 nemo
3141 2261 3328 2302 verum
3358 2249 3623 2309 Deumde
3649 2269 3766 2307 na-

2153 2339 2272 2384 tura
2298 2329 2473 2386 Patris
2514 2332 2832 2401 ambigeret,
2862 2350 3022 2405 quem
3062 2353 3130 2392 ex
3157 2339 3389 2396 hominis
3418 2350 3609 2397 natura
3644 2359 3765 2401 ve—

2153 2437 2271 2476 rum
2300 2422 2575 2478 hominem
2603 2426 2964 2493 cognovisset,
3006 2444 3070 2484 ac
3098 2445 3197 2503 per
3217 2431 3340 2496 hoc,
3369 2447 3532 2502 quem
3559 2434 3758 2490 homi-

2154 2528 2277 2568 nem
2325 2529 2512 2570 verum
2561 2525 2836 2572 constaret
2880 2535 3000 2574 esse
3063 2523 3404 2591 passionibns
3457 2525 3702 2581 hominis
3732 2571 3759 2596 ,

2155 2604 2403 2660 eumdem
2433 2620 2619 2661 verum
2652 2606 2820 2664 Deum
2848 2611 3192 2668 crederemus
3220 2615 3471 2684 operibus
3500 2616 3759 2684 deitatis,

2156 2694 2273 2764 ipso
2317 2693 2453 2749 Filio
2479 2695 2692 2752 dicente
2733 2697 2840 2754 :Si
2888 2700 3016 2769 mihi
3059 2719 3162 2756 non
3192 2704 3341 2758 ruitis
3384 2706 3617 2776 credere,
3667 2707 3763 2763 vel

2157 2785 2393 2856 operibus
2413 2786 2605 2842 credite
2635 2787 2824 2860 (Jean.
2854 2807 2905 2857 ι,
2935 2790 3051 2865 '58).
3080 2791 3228 2849 Unus
3252 2809 3380 2864 ergo
3410 2805 3572 2868 atque
3598 2799 3757 2854 idem

2156 2874 2423 2943 Christus,
2455 2877 2546 2945 qui
2569 2876 2879 2936 inﬁrmitate
2908 2881 3139 2936 hmana
3165 2884 3468 2953 passionem
3500 2887 3759 2956 pertulit,

2159 2978 2215 3021 et
2242 2967 2497 3021 miracula
2528 2967 2917 3025 beneficiorum
2947 2972 3339 3042 omnipotentia
3368 2974 3582 3031 virtutis
3612 2975 3762 3033 divi—

2159 3075 2242 3114 nte
2270 3058 2518 3130 perfecit.

2161 3172 2343 3227 CAPUT
2380 3189 2503 3250 svi.
2532 3171 2598 3250 In
2628 3172 2832 3250 Christo
2858 3175 2976 3230 duc
3002 3185 3227 3250 naturai,
3244 3179 3357 3232 sine
3378 3179 3683 3250 confusione
3700 3188 3760 3234 et

2086 3239 2135 3305 Ε
2236 3245 2537 3298 mutatione.
2571 3242 2639 3296 lu
2668 3243 2872 3299 Christo
2901 3255 3034 3299 totus
3063 3239 3220 3302 homo
3242 3265 3307 3301 ex
3345 3239 3671 3302 vera'anima
3700 3258 3762 3304 οὐ

2236 3329 2412 3388 carne.
2438 3312 2522 3367 Ea:
2547 3318 2938 3388 resuscitatione
2969 3314 3159 3388 Lagari
3185 3317 3434 3388 probatur
3458 3318 3513 3372 in
3543 3318 3767 3375 Christo

2236 3384 2439 3449 anima,
2475 3400 2597 3437 caro
2642 3394 2690 3438 et
2731 3385 2997 3440 divinitas.
3045 3384 3300 3443 Divinitas
3336 3406 3430 3443 nec
3465 3389 3530 3443 ab
3570 3393 3760 3446 animo

2220 3452 2555 3535 perturbata,
2585 3470 2675 3507 nec
2704 3472 2736 3507 a
2760 3471 2916 3509 carne
2936 3458 3184 3529 moriente
3210 3459 3463 3515 discessit.

2239 3567 2321 3622 Ab
2351 3568 2470 3639 ipso
2501 3583 2734 3637 namque
2776 3573 3152 3642 conceptionis
3186 3574 3463 3644 virginalis
3504 3580 3758 3645 exordio,

2167 3657 2247 3713 sic
2270 3657 2322 3712 in
2348 3658 2567 3714 Christo
2596 3660 2900 3729 personalis
2920 3662 3096 3718 unitas
3122 3665 3336 3732 mansit,
3380 3674 3437 3722 et
3476 3668 3760 3740 utriusque

2169 3754 2374 3802 natura:
2402 3748 2680 3805 inconfusa
2717 3751 2914 3805 veritas
2940 3751 3279 3822 perduravit,
3314 3763 3373 3808 ut
3404 3771 3504 3812 nec
3530 3757 3696 3813 homo
3725 3775 3762 3813 a

2169 3838 2289 3894 Deo
2304 3838 2503 3904 divelli,
2533 3854 2636 3895 nec
2661 3838 2802 3895 Deus
2821 3856 2853 3896 a
2872 3852 3123 3913 suscepto
3146 3854 3325 3913 posset
3352 3845 3569 3902 homine
3595 3862 3760 3917 sepa-

2170 3928 2308 3995 rari;
2340 3943 2438 3983 nec
2463 3937 2638 3984 tamen
2661 3928 2804 3986 Deus
2832 3932 3111 3989 hominem
3135 3945 3497 4001 consumeret,
3526 3952 3626 3994 nec
3655 3938 3761 3995 ho-

2171 4037 2261 4077 mo
2294 4022 2461 4077 Deum
2491 4023 2544 4077 in
2582 4023 2764 4092 aliquo
2795 4033 3154 4094 permutaret;
3203 4034 3258 4080 et
3300 4026 3425 4082 licet
3462 4027 3515 4082 in
3560 4027 3764 4084 Christi

2172 4122 2348 4170 morte
2373 4130 2593 4170 carnem
2639 4115 2961 4170 morientem
3005 4115 3194 4171 fuisset
3236 4106 3413 4172 anima
3458 4118 3762 4187 desertura,

2173 4203 2425 4260 divinitas
2471 4214 2649 4260 tamen
2694 4203 2910 4268 Christi,
2945 4220 3047 4271 nec
3073 4205 3140 4259 ab
3182 4205 3359 4259 anima
3406 4223 3510 4262 nec
3539 4223 3570 4263 a
3598 4224 3766 4266 carne

2173 4307 2357 4370 posset
2385 4299 2623 4370 separari
2643 4304 2909 4366 suscepta.
2940 4295 3106 4363 igitur
3129 4296 3256 4365 quia
3286 4304 3457 4351 totum
3485 4297 3768 4355 hominem

2173 4389 2318 4446 Deus
2357 4389 2446 4444 ille
2484 4388 2738 4457 suscepit,
2780 4385 2905 4445 ideo,
2942 4386 3110 4442 totius
3155 4386 3389 4441 hominis
3432 4386 3487 4441 in
3533 4402 3593 4442 se
3637 4404 3769 4459 pas-

2174 4484 2362 4539 siones
2405 4481 2458 4536 in
2503 4479 2733 4534 veritate
2778 4478 3127 4543 monstravit,
3176 4485 3231 4532 et
3276 4478 3511 4532 animam
3547 4478 3769 4548 quidem

2176 4568 2497 4625 rationalem
2544 4565 2783 4633 habens,
2826 4564 3083 4637 quidquid
3127 4566 3228 4622 fuit
3273 4565 3601 4622 infirmitatis
3647 4568 3771 4622 ani-

2176 4676 2276 4716 ma:
2318 4660 2440 4715 sine
2482 4665 2707 4729 peccato
2755 4665 2810 4711 et
2847 4657 3088 4728 suscepit
3125 4664 3182 4712 et
3228 4658 3484 4727 pertulit,
3533 4665 3593 4711 ut
3640 4656 3768 4712 dum

2175 4752 2425 4807 humanae
2478 4749 2675 4804 animm
2723 4748 3003 4818 passiones
3057 4750 3111 4803 in
3168 4749 3343 4808 anima
3397 4764 3560 4818 quam
3614 4764 3772 4805 acce-

2178 4844 2256 4914 pit
2300 4843 2562 4910 vinceret,
2617 4852 2836 4899 nostras
2864 4859 3080 4913 quoque
3125 4828 3333 4898 animas
3378 4844 3446 4898 ab
3492 4841 3773 4898 inﬁrmita-

2177 4935 2318 4989 tibus
2352 4934 2505 5006 123
2528 4934 2803 4988 liberaret.
2824 4933 3053 4987 Carnem
3073 4948 3288 5003 quoque
3307 4933 3598 4988 humanam
3621 4934 3768 4989 acci-

2180 5027 2364 5099 piens,
2394 5027 2445 5081 in
2475 5023 2714 5093 ejusdem
2756 5025 2981 5078 veritate
3009 5024 3185 5078 carnis
3211 5024 3496 5080 veritatem
3523 5025 3776 5081 volunta-

2183 5118 2274 5172 ria-
2306 5116 2490 5169 habuit
2512 5114 2775 5185 passionis
2797 5129 2819 5179 ς
2845 5121 2902 5166 ut
2929 5112 2982 5166 in
3009 5127 3170 5168 carne
3198 5121 3471 5179 mortuus,
3497 5121 3669 5169 totam
3720 5116 3775 5171 in

2181 5225 2244 5266 se
2270 5208 2503 5265 hominis
2549 5206 2822 5263 occideret
2865 5212 3123 5267 mortem,
3143 5213 3201 5259 et
3236 5205 3289 5259 in
3317 5210 3577 5260 teternain
3605 5206 3773 5262 vitam

2183 5299 2502 5357 immortalis
2548 5313 2856 5368 resurgens,
2907 5304 3122 5352 aeterna:
3178 5298 3335 5353 nobis
3380 5298 3504 5353 vita:
3547 5299 3777 5368 gratiam

2185 5390 2535 5448 condonaret.
2555 5389 2731 5444 Verus
2771 5402 2899 5456 ergo
2943 5388 2994 5442 in
3038 5389 3216 5444 anima
3258 5389 3496 5445 humana
3530 5388 3781 5445 Christus

2186 5485 2445 5540 Lazarum
2473 5482 2825 5538 suscitaturus
2853 5480 3014 5550 (sicut
3034 5482 3361 5551 evangelista
3391 5480 3544 5553 dicit)
3567 5483 3780 5555 fremuit

2178 5575 2391 5645 spiritu,
2421 5583 2471 5627 et
2511 5569 2730 5625 turbavit
2771 5571 3025 5640 seipsum;
3056 5570 3306 5642 idemque
3331 5586 3492 5627 verus
3526 5572 3578 5626 in
3613 5588 3778 5628 carne

2180 5668 2414 5722 humana
2457 5662 2704 5718 Christus
2740 5678 2861 5718 cum
2891 5662 3112 5719 dixisset
3147 5681 3162 5717 :
3197 5663 3296 5719 Ubi
3336 5665 3580 5736 posuistis
3617 5682 3733 5721 eum
3754 5666 3781 5722 2

2194 5823 2381 5901 gssit”
2426 5820 2575 5901 juxta
2624 5818 3020 5901 testusﬁrmci
3075 5822 3402 5901 lectionem;
3451 5837 3506 5883 at
3556 5827 3783 5901 Colon.,

2198 5893 2359 5958 Quem
2386 5908 2463 5945 me
2490 5891 2665 5945 dicunt
2689 5890 2922 5961 homines
2947 5894 3095 5949 esse?
3121 5892 3315 5952 Filium
3340 5890 3603 5956 honunis!
