4120 6466
306 349 405 404 γει

1476 354 1567 409 an
1604 355 2101 414 rnasmunouu
2142 317 2267 418 ua.
2309 362 2396 419 ιιι.

3475 384 3585 441 εεί

306 461 585 565 Dicunt'ei
627 476 644 514 :
688 459 1098 565 Dentium-item,
1121 474 1171 519 et
1210 466 1340 530 ride,
1371 474 1422 519 et
1462 467 1776 537 lacrymatus
1818 478 1895 521 es!
1924 472 1968 531 Α
1997 485 2161 527 came
2188 489 2393 545 passus,
2422 491 2527 533 non
2584 487 2666 535 est
2711 482 2861 537 carni
2913 499 3245 565 compagsus,
3268 493 3391 560 quia
3438 495 3582 554 De“;

302 552 457 608 Iesus
480 551 660 624 (Joan.
690 569 763 617 xl,
793 552 998 625 55-55).
1034 554 1176 610 Idem
1211 570 1427 625 quoque
1455 571 1615 613 verus
1634 558 1685 612 in
1714 558 1892 614 divina

303 652 494 699 natura
522 642 786 709 Christus,
818 659 917 699 nec
938 646 1171 701 animam
1199 662 1371 710 suam,
1401 662 1522 701 cum
1544 649 1892 719 semetipsum

301 734 563 797 turbaret,
587 732 844 798 deseruit,
873 734 997 805 quia
1047 735 1165 805 ipse
1219 736 1571 805 semetipsum
1622 738 1890 805 turbavit;

297 838 403 878 nec
424 838 455 878 a
482 838 644 879 carne
673 838 789 888 sua,
815 840 936 880 cum
966 823 1152 890 ﬂeret,
1177 825 1459 889 abscessit,
1486 826 1610 894 quia
1633 825 1790 883 Jesus
1813 828 1892 882 la-

297 931 514 989 crytnas
540 915 671 971 ludit
690 958 706 984 ,
728 926 784 971 et
811 924 992 971 tamen
1024 917 1139 986 ipsa
1171 916 1224 971 in
1249 918 1425 971 anima
1455 932 1725 987 carneque
1751 918 1891 973 divi-

296 1010 462 1072 nitas,
492 1007 841 1064 immutabilis
866 1016 1028 1077 atque
1053 1008 1399 1078 impassibilis
1440 1024 1664 1065 manens
1700 1024 1894 1065 secun-

294 1098 425 1154 dum
453 1097 688 1152 divinam
731 1105 1001 1165 naturam,
1035 1112 1136 1154 nec
1173 1097 1457 1169 .lacrymas
1506 1096 1772 1168 proferre,
1792 1115 1894 1155 nec

291 1188 658 1245 turbationem
690 1189 863 1258 potuit
881 1196 906 1225 η
928 1188 982 1242 in
1009 1188 1166 1244 amici
1188 1197 1365 1243 morte
1378 1190 1598 1244 sentire.
1619 1189 1708 1245 Sic
1728 1190 1891 1245 etiam

284 1281 546 1352 passione
573 1279 989 1350 propinquante,
1019 1278 1265 1334 Christus
1308 1279 1605 1335 secundum
1659 1280 1890 1335 animam

290 1372 560 1436 turbatur,
592 1371 709 1439 ipso
737 1369 949 1424 dicente
978 1387 989 1421 :
1023 1367 1181 1423 Nunc
1206 1371 1384 1424 anima
1427 1386 1544 1423 mea
1587 1369 1794 1423 turbata
1815 1362 1896 1425 est

292 1463 477 1532 (Joan.
512 1479 604 1527 xu,
646 1460 761 1531 27).
810 1460 941 1514 Item
1003 1461 1056 1514 in
1100 1475 1260 1516 cruce
1310 1459 1555 1516 Christus
1596 1460 1891 1515 secundum

287 1570 511 1612 carnem
559 1553 807 1617 moritur,
857 1552 1121 1623 Apostolo
1174 1552 1388 1609 dicente
1435 1569 1452 1606 :
1493 1551 1707 1607 Tradidi
1754 1554 1893 1609 enim

289 1645 434 1702 vobis
462 1646 717 1715 imprimis
753 1645 890 1718 quod
924 1656 972 1701 et
994 1647 1187 1716 accepi,
1222 1647 1355 1719 quia
1381 1644 1617 1702 Christus
1659 1658 1891 1702 mortuus

289 1744 369 1793 est
397 1753 493 1807 pro
518 1738 743 1808 peccatis
781 1738 971 1790 nostris
1023 1737 1302 1792 secundum
1353 1737 1674 1809 Scripturas,
1698 1748 1753 1801 et
1771 1738 1893 1810 quia

1996 564 2301 631 passionem
2356 567 2409 639 in
2460 582 2623 624 carne
2668 570 2863 639 sensit,
2883 590 3006 630 cum
3060 564 3356 647 carne,non
3387 589 3575 642 sensit.

1996 648 2113 707 Una
2137 654 2280 710 enim
2309 672 2541 727 persona
2584 668 2671 715 est
2698 661 2793 718 Dei
2821 672 2877 718 et
2902 666 3135 725 hominis
3161 668 3385 738 Christi,
3415 688 3577 744 quam

1976 747 2160 839 etiam
2201 750 2396 808 Paulus
2434 753 2797 824 commendat,
2822 758 3009 814 dicens
3038 777 3053 818 :
3088 761 3227 818 Nam
3248 773 3301 819 et
3319 784 3413 837 ego
3441 769 3578 839 quod

1993 838 2200 905 donavi,
2245 843 2292 895 si
2364 845 2487 915 quid
2543 846 2752 913 donaci,
2800 862 3009 920 propter
3080 870 3166 908 vos
3240 856 3294 910 in
3357 838 3578 926 persona

1994 929 2187 987 Christi
2211 932 2300 1005 (11
2328 933 2448 990 Cor.
2477 953 2533 1005 ιι,
2566 938 2678 1012 10);
2704 949 2764 996 et
2789 944 3035 1011 quamvis
3056 962 3157 1000 una
3184 948 3255 1002 sit
3281 949 3333 1002 in
3363 948 3578 1005 Christo

1993 1037 2243 1093 persona,
2268 1042 2375 1082 non
2417 1044 2523 1084 una
2552 1038 2733 1088 tamen
2767 1033 2820 1087 in
2843 1034 3059 1092 Christo
3087 1039 3384 1095 substantia
3413 1060 3422 1093 :
3448 1043 3577 1113 quia

1991 1118 2071 1173 sic
2089 1133 2248 1175 verus
2276 1119 2420 1175 Deus
2470 1137 2657 1177 verum
2705 1127 2944 1198 suscepit
2988 1114 3367 1198 hominemfut
3397 1134 3450 1188 in
3478 1150 3576 1191 ve-

1991 1209 2151 1265 ritate
2176 1210 2424 1267 humanaa
2466 1216 2823 1285 susceptionis
2849 1219 3131 1276 veritatem
3161 1239 3268 1278 non
3299 1227 3577 1285 amitteret

1992 1301 2234 1370 deitatis;
2264 1311 2321 1359 et
2348 1305 2427 1360 sic
2451 1304 2698 1376 dignatus
2723 1318 2807 1363 est
2839 1311 2953 1366 ﬁeri
2973 1313 3119 1383 quod
3149 1324 3273 1370 ante
3296 1333 3402 1372 non
3434 1330 3569 1387 erat,

1993 1401 2053 1448 ut
2098 1409 2206 1449 non
2249 1394 2535 1452 desisteret
2577 1413 2696 1454 esse
2724 1400 2873 1469 quod
2898 1416 3111 1474 semper
3140 1417 3274 1473 erat,
3302 1409 3380 1464 sic
3409 1411 3572 1465 etiam

1991 1484 2162 1539 voluit
2187 1501 2347 1541 unam
2376 1502 2502 1542 cum
2539 1488 2757 1545 homine
2785 1506 3069 1561 personam
3093 1495 3233 1553 Deus
3260 1498 3483 1567 habere,
3515 1509 3576 1556 ut

1990 1576 2117 1632 licet
2146 1594 2252 1633 non
2276 1579 2415 1635 alius
2438 1588 2582 1636 esset
2602 1580 2847 1639 Christus
2876 1584 3035 1652 Deus,
3066 1596 3121 1642 et
3166 1590 3301 1644 alius
3328 1589 3573 1647 Christus

1992 1668 2177 1734 homo,
2202 1685 2359 1725 verus
2406 1679 2585 1728 tamen
2612 1674 2755 1731 Deus
2796 1687 3142 1747 permaneret
3165 1679 3220 1733 in
3252 1681 3488 1747 homine,
3516 1691 3574 1738 et

1991 1773 2154 1813 verus
2194 1760 2357 1816 homo
2398 1772 2738 1832 permaneret
2775 1765 2829 1818 in
2881 1765 3023 1831 Deo;
3076 1778 3238 1837 atque
3265 1769 3335 1823 ita
3382 1768 3433 1824 in
3467 1785 3573 1825 uno

289 1828 519 1897 sepultus
564 1836 660 1889 est,
694 1835 743 1880 et
782 1827 903 1896 quia
949 1828 1230 1880 resurrexit
1278 1828 1428 1881 tertia
1476 1826 1558 1882 die
1611 1827 1877 1891 secundum

1993 1847 2209 1906 Christo
2257 1851 2449 1908 divinae
2477 1854 2851 1928 ,humanmque
2903 1868 3109 1914 naturzc
3133 1869 3279 1915 esset
3296 1861 3571 1918 inconl'usa

290 1921 593 1993 Scripturas
652 1919 714 1987 (1
761 1922 882 1975 Cor.
926 1937 1017 1987 xv,
1058 1921 1113 1986 3,
1154 1920 1245 1993 4).
1277 1919 1411 1976 Cum
1452 1921 1614 1990 igitur
1648 1921 1885 1977 evidenti

288 2014 452 2070 fuerit
479 2012 914 2070 man'festatione
942 2012 1256 2079 discretum,
1286 2012 1414 2082 quid
1444 2012 1498 2068 in
1526 2012 1742 2068 Christo
1764 2029 1889 2084 pro-

290 2105 469 2176 prium
496 2104 656 2159 fuerit
682 2104 894 2165 animae,
924 2101 1053 2172 quid
1075 2102 1277 2166 carnis,
1296 2102 1422 2171 quid
1461 2102 1626 2157 etiam
1650 2101 1883 2169 deitatis,

285 2210 412 2250 cum
436 2209 571 2248 unus
596 2192 843 2263 idemque
869 2191 1113 2247 Christus
1136 2192 1295 2246 fuerit
1317 2199 1373 2247 et
1396 2191 1640 2247 turbatus
1664 2200 1720 2247 et
1740 2208 1883 2247 mor-

286 2291 436 2353 tuus,
460 2284 539 2340 sic
565 2292 744 2338 tamen
773 2291 857 2340 est
886 2283 1171 2353 utrobique
1193 2282 1392 2338 veritas
1421 2281 1517 2337 Dei
1545 2282 1884 2352 hominisque

287 2382 528 2442 servata,
557 2383 616 2430 ut
638 2374 764 2431 licet
791 2373 1037 2430 Christus
1057 2372 1350 2429 secundum
1382 2372 1615 2427 animam
1639 2372 1883 2429 turbare-

284 2480 376 2526 tur
402 2469 801 2540 propinquante
828 2467 1101 2538 passione,
1123 2475 1179 2522 et
1221 2466 1362 2521 idem
1407 2465 1652 2522 Christus
1686 2481 1880 2522 secun-

283 2562 416 2617 dum
460 2576 659 2631 corpus
706 2569 1009 2615 moreretur
1060 2560 1116 2614 in
1170 2574 1363 2625 cruce,
1426 2559 1882 2630 imperturbabilis

285 2669 513 2709 manens
532 2652 957 2722 immortalisque
977 2650 1175 2705 Christi
1192 2651 1458 2716 divinitas,
1486 2665 1587 2706 nec
1612 2650 1679 2705 ab
1701 2651 1881 2706 anima

282 2744 617 2816 perturbata,
645 2758 745 2799 nec
783 2758 816 2797 a
843 2756 1073 2812 corpore
1116 2741 1382 2797 moriente
1428 2740 1747 2811 discederet,
1771 2758 1881 2797 non

285 2847 469 2892 tamen
490 2843 583 2890 aut
604 2835 909 2889 turbaretur
929 2836 984 2886 in
1012 2833 1205 2887 anima:
1228 2832 1552 2896 turbatione,
1576 2839 1670 2886 aut
1698 2847 1879 2887 more-

285 2935 438 2983 retur
466 2926 518 2991 in
543 2925 786 2996 corporis
813 2932 988 2979 morte
1021 2941 1034 2976 :
1063 2938 1196 2978 unus
1222 2936 1454 2991 namque
1498 2922 1764 2987 Christus,
1786 2922 1878 2992 qui

282 3018 507 3074 traditus
555 3027 632 3072 est
676 3025 885 3087 propter
924 3013 1115 3068 delicta
1144 3022 1349 3080 nostra,
1372 3020 1421 3066 et
1446 3014 1728 3067 resurrexit
1755 3029 1879 3084 pro-

279 3129 301 3184 ι
332 3117 398 3165 τεν
411 3110 840 3183 justiﬁcationem
867 3114 1101 3160 nostram
1131 3103 1308 3173 (Rom.
1342 3121 1415 3170 IV,
1442 3102 1559 3174 ‘25),
1590 3104 1728 3161 sicut
1747 3119 1877 3161 vere

1986 1943 2193 2013 pariter
2211 1951 2266 2000 et
2295 1945 2520 2002 indivisa
2550 1946 2833 2017 perfectio.

1985 2061 2169 2116 CAPUT
2208 2077 2363 2134 xvm.
2399 2061 2465 2134 In
2495 2063 2700 2134 Christo
2720 2080 2833 2134 qua:
2854 2065 3029 2134 carnis
3054 2074 3221 2118 "erant
3249 2075 3337 2119 aut
3360 2060 3570 2131 animat,

2057 2148 2161 2185 non
2187 2143 2304 2185 sunt
2331 2133 2511 2186 deitati
2539 2132 2864 2186 «scribenda.
2914 2132 3037 2187 Non
3059 2144 3136 2187 est
3163 2135 3407 2189 divinitas
3428 2138 3569 2191 ulla.

2059 2211 2205 2283 tenus
2233 2202 2504 2283 campana
2535 2205 2608 2257 uel
2641 2205 2964 2257 contristata.
2997 2202 3260 2258 Probatur
3288 2205 3577 2275 Scriptura

2059 2280 2387 2326 testimoniis.

2056 2385 2173 2441 Non
2223 2393 2403 2440 autem
2455 2394 2583 2442 tunc
2620 2394 2745 2441 nata
2773 2395 2857 2442 est
2884 2385 3085 2442 Christi
3115 2388 3368 2445 divinitas
3409 2391 3461 2445 in
3490 2406 3569 2455 se,

1983 2493 2107 2535 cum
2127 2488 2253 2534 nata
2279 2487 2365 2535 est
2389 2493 2489 2550 pro
2517 2479 2674 2535 nobis
2720 2480 2775 2534 in
2823 2495 3006 2536 carne.
3051 2480 3171 2536 Fuit
3218 2483 3395 2538 infans
3446 2483 3576 2539 Ven-

1983 2570 2111 2625 bum
2138 2570 2434 2627 secundnm
2464 2585 2713 2637 carnem,
2741 2581 2798 2627 et
2819 2570 2963 2627 fandi
2993 2590 3100 2630 non
3130 2575 3317 2632 habuit
3342 2574 3572 2633 faculta-

1981 2668 2131 2728 tem;
2163 2661 2257 2716 sed
2300 2661 2440 2717 idem
2490 2661 2726 2717 Verbum
2775 2663 2913 2720 Deus
2942 2665 3091 2721 nullo
3136 2682 3371 2738 unquam
3402 2669 3575 2739 potuit

1981 2753 2222 2808 coerceri
2252 2752 2485 2820 silentio,
2516 2754 2641 2822 quia
2670 2754 2784 2825 ipse
2806 2763 2889 2809 est
2930 2755 3108 2816 Patris
3133 2759 3459 2830 sempiterna
3490 2761 3572 2815 lo-

1981 2844 2150 2899 cutio.
2180 2842 2473 2900 Crescebat
2520 2860 2658 2916 puer
2698 2846 2873 2901 aetatis
2924 2862 3175 2916 accessu,
3204 2851 3300 2905 sed
3350 2851 3474 2921 quia
3516 2851 3574 2907 in

1982 2933 2094 2989 Deo
2117 2935 2262 2989 nulla
2287 2942 2371 2989 est
2387 2943 2536 3000 setas,
2571 2936 2623 2991 in
2648 2952 2816 3006 puero
2842 2948 3123 2995 crescente
3151 2954 3260 2996 non
3289 2942 3570 2997 crescebat

1980 3028 2160 3083 divina
2200 3028 2470 3099 maiestas.
2520 3030 2795 3100 Sapientia
2850 3046 3066 3101 quoque
3116 3032 3366 3087 novimus
3412 3032 3570 3088 Chri-

1981 3128 2124 3177 stum
2166 3121 2459 3176 secundum
2504 3122 2739 3176 animam
2787 3121 3119 3193 profecisse;
3169 3123 3264 3178 sed
3291 3124 3573 3194 sapientia

279 3212 529 3259 mortuus
549 3200 686 3256 mori
711 3214 817 3254 non
848 3198 1043 3269 potuit,
1067 3197 1146 3252 sic
1173 3197 1227 3250 in
1255 3211 1379 3252 vera
1409 3197 1659 3266 passione
1681 3196 1875 3266 impas—
1901 3219 1947 3285 ρ
1977 3214 2225 3270 quis.“
2253 3231 2357 3270 ηοη
2381 3215 2555 3286 potuit
2581 3230 2702 3270 cum
2733 3216 2910 3269 anima
2936 3215 3250 3285 ιιι-οῆοίθηιε
3279 3212 3566 3286 proﬁcere.

278 3293 452 3349 sibilis
480 3292 695 3346 mansit.

277 3427 459 3484 CAPUT
500 3445 623 3482 xvn.
667 3425 899 3480 Christus
925 3425 1245 3479 demonstrat
1268 3426 1318 3478 in
1344 3441 1398 3478 se
1424 3426 1685 3495 utriusque
1728 3433 1877 3477 natu-

278 3508 281 3513 ’
351 3515 427 3553 ηε
452 3501 738 3552 veritatem.
769 3495 885 3550 Una
915 3505 989 3550 est
1018 3495 1221 3550 Christi.
1247 3512 1491 3566 persona,
1525 3496 1644 3549 licet
1676 3511 1781 3549 non
1805 3497 1875 3549 sit

352 3570 507 3623 unica
536 3578 745 3621 natura.

348 3679 453 3745 Qui
476 3677 545 3731 ad
573 3675 1047 3730 demonstrandam
1079 3676 1131 3729 in
1157 3691 1217 3731 se
1245 3684 1300 3730 et
1326 3688 1513 3730 veram
1564 3679 1861 3732 mortalita-

276 3780 390 3825 tem
418 3767 671 3830 hominis,
702 3775 756 3820 et
802 3780 983 3820 veram
1010 3766 1479 3820 immortalitatem
1510 3766 1745 3831 deitalis,
1776 3768 1869 3822 Ju-

270 3856 407 3915 daeis
435 3856 734 3912 dicentibus
786 3872 799 3908 :
839 3852 991 3919 Quod
1029 3857 1232 3926 signum
1285 3857 1515 3910 ostendis
1542 3856 1713 3924 nobis,
1745 3860 1872 3929 quia

272 3954 389 4010 hec
417 3952 585 4024 facis?
617 3947 903 4021 Respondit
929 3947 1105 4017 Iesus,
1138 3957 1187 4003 et
1217 3949 1351 4002 dixit
1374 3949 1448 4004 eis
1477 3966 1496 4003 :
1526 3950 1724 4005 Solvite
1746 3960 1873 4004 tem—

269 4043 416 4118 pt'um
439 4042 553 4105 hac,
576 4051 625 4096 et
651 4043 706 4095 in
728 4040 887 4095 tribus
928 4040 1103 4095 diebus
1144 4039 1377 4095 excitabo
1421 4041 1555 4099 illud
1602 4040 1782 4115 (Joan.
1813 4058 1871 4109 ιι,

271 4135 365 4204 18,
396 4132 508 4203 l9).
531 4134 686 4201 Quod
734 4142 913 4188 autem
954 4131 1116 4188 fuerit
1149 4134 1278 4188 illud
1328 4133 1609 4204 templum,
1650 4143 1871 4190 sanctus

270 4226 599 4297 evangelista
645 4225 982 4289 monstravit,
1014 4224 1198 4279 dicens
1230 4242 1244 4277 :
1292 4223 1416 4294 Ipse
1453 4233 1626 4278 autem
1665 4223 1869 4278 dicebat

271 4320 338 4374 de
368 4320 551 4390 templo
579 4319 811 4390 corporis
834 4319 913 4372 sui
945 4316 1132 4390 (lbid.,
1158 4316 1271 4387 2|).
1302 4315 1528 4373 Ostensa
1573 4326 1656 4373 est
1709 4318 1872 4386 igitur

272 4417 330 4466 et
358 4409 555 4465 veritas
584 4409 831 4463 humana:
858 4408 1198 4471 substantia),
1232 4423 1392 4477 quam
1432 4406 1604 4462 Judaei
1644 4415 1871 4477 possent

272 4506 331 4559 in
347 4501 582 4567 Christo,
612 4503 729 4572 ipso
758 4502 993 4568 volente,
1024 4501 1270 4567 solvere;
1320 4510 1377 4556 et
1424 4502 1624 4556 veritas
1671 4502 1866 4557 divinas

1981 3306 2059 3360 Ac
2087 3321 2183 3376 per
2212 3305 2317 3361 hoc
2345 3306 2485 3360 idem
2513 3305 2776 3371 Christus,
2809 3314 2864 3360 et
2904 3306 2956 3360 in
2978 3320 3145 3361 carne
3172 3321 3268 3361 sua
3297 3306 3484 3372 crevit,
3514 3308 3575 3362 et

1978 3398 2031 3453 in
2060 3398 2238 3452 anima
2276 3413 2371 3453 sua
2398 3397 2659 3468 proiecit;
2686 3398 2779 3465 qui
2830 3406 3011 3451 tamen
3076 3405 3133 3451 et
3186 3397 3242 3451 in
3285 3411 3451 3452 carne
3472 3406 3573 3453 sua

1976 3506 2252 3560 crescens,
2279 3492 2408 3546 etin
2439 3492 2616 3546 anima
2645 3506 2741 3546 sua
2772 3489 3080 3560 proliciens,
3104 3505 3205 3546 nec
3233 3505 3355 3545 cum
3384 3491 3567 3548 anima

1976 3601 2072 3642 sua
2101 3582 2384 3657 prolicere,
2413 3599 2515 3639 nec
2567 3598 2688 3638 cum
2740 3597 2904 3638 carne
2948 3597 3044 3638 sua
3075 3582 3250 3653 potuit
3276 3582 3451 3638 aetatis
3490 3583 3571 3637 in-

1977 3684 2252 3733 crementa
2299 3676 2521 3730 sentire.
2554 3674 2700 3729 Idem
2734 3673 2826 3746 (al.
2871 3673 3023 3743 item)
3067 3675 3229 3728 etiam
3271 3673 3567 3730 secundum

1974 3775 2277 3838 Susceptam
2301 3768 2534 3821 animam
2566 3765 2704 3821 Deus
2751 3767 2919 3821 tristis
2948 3764 3076 3831 fuit;
3126 3765 3219 3821 sed
3250 3767 3342 3836 qui
3373 3767 3425 3821 in
3447 3766 3567 3822 ani-

1977 3873 2062 3911 ma
2087 3858 2354 3911 tristitiam
2381 3856 2569 3924 sensit,
2591 3872 2711 3911 cum
2735 3857 2913 3910 anima
2940 3856 3210 3910 tristitiam
3234 3857 3435 3912 sentire
3455 3873 3565 3913 non

1974 3949 2169 4020 potuit.
2193 3947 2250 4001 In
2280 3963 2374 4001 sua
2401 3947 2539 4001 Deus
2564 3948 2740 4000 anima
2764 3962 2915 4000 suam
2930 3945 3103 4001 voluit
3123 3961 3244 4001 esse
3269 3946 3565 4013 tristitiam,

1975 4049 2031 4096 et
2060 4042 2112 4095 in
2142 4055 2238 4095 sua
2262 4054 2425 4094 carne
2452 4054 2601 4093 suam
2660 4038 2802 4093 Deus
2844 4053 2961 4093 esse
3015 4038 3187 4092 voluit
3230 4039 3563 4108 passionem,

1974 4134 2099 4205 quia
2152 4140 2299 4189 totus
2341 4131 2396 4186 in
2444 4138 2562 4186 toto
2586 4130 2804 4186 homine
2833 4144 3157 4200 permanens
3184 4132 3563 4202 inseparabilis

1973 4226 2146 4290 Deus;
2174 4239 2274 4280 nec
2306 4224 2498 4277 animm
2530 4222 2762 4276 tristanti
2803 4220 2991 4281 defuit.
3027 4237 3125 4277 nec
3155 4238 3375 4278 carnem
3407 4238 3560 4279 suam

1972 4316 2023 4371 in
2053 4316 2305 4387 passione
2333 4313 2604 4379 deseruit;
2647 4312 2739 4368 sed
2792 4313 2846 4367 in
2893 4312 3108 4369 Christo
3140 4314 3276 4368 tristi
3301 4324 3354 4369 et
3379 4331 3559 4386 passo,

1971 4408 2099 4463 licet
2128 4424 2160 4462 a
2190 4404 2392 4461 deitate
2432 4405 2673 4476 separari
2723 4421 2828 4461 non
2859 4414 3045 4476 posset
3074 4408 3285 4477 patiens
3315 4417 3367 4463 et
3393 4410 3562 4468 tristis

1971 4499 2292 4565 humanitas,
2326 4499 2379 4554 in
2405 4507 2519 4555 toto
2548 4507 2728 4554 tamen
2755 4500 2972 4555 homine
2994 4500 3131 4555 tristi
3162 4517 3271 4556 non
3315 4510 3395 4557 est
3426 4503 3562 4558 divi-

271 4600 500 4661 natum),
523 4607 627 4662 qua
660 4592 755 4661 (al.
779 4591 928 4661 quia)
954 4591 1199 4645 Christus
1223 4584 1481 4661 templum
1509 4592 1592 4646 sui
1614 4588 1858 4661 corporis
1895 4585 1939 4642 D
1968 4592 2107 4647 nitas
2152 4593 2467 4648 contristata
2501 4591 2595 4663 (al.
2628 4592 2882 4664 tristata),
2917 4602 2971 4648 et
2992 4594 3044 4647 in
3070 4595 3286 4651 homine
3318 4603 3434 4651 toto
3464 4598 3560 4667 pa-‘

270 4689 487 4756 poterat
505 4683 766 4738 suscitare
792 4698 805 4734 :
848 4681 1060 4751 quando
1091 4682 1235 4736 enim
1262 4692 1477 4737 mortuo
1504 4681 1721 4737 Christo
1748 4682 1863 4737 ani-

270 4793 358 4834 ma
384 4775 620 4832 deseruit
648 4788 890 4841 carnem,
914 4782 1040 4827 tunc
1059 4773 1293 4828 solutum
1316 4782 1398 4828 est
1420 4773 1552 4828 illud
1575 4775 1858 4846 templum,

269 4865 417 4938 quod
445 4864 544 4920 fuit
573 4879 641 4919 ex
663 4862 841 4917 anima
881 4876 1151 4933 carneque
1204 4870 1614 4929 constructum;
1640 4872 1695 4918 et
1736 4880 1861 4920 cum

266 4961 447 5016 anima
471 4963 834 5013 reverteretur
886 4954 954 5010 ad
1009 4969 1247 5022 carnem,
1281 4964 1410 5010 tunc
1445 4962 1528 5028 est
1549 4953 1683 5010 illud
1717 4963 1860 5012 tem-

267 5052 415 5124 plum
445 5049 532 5104 die
572 5047 730 5103 tertia
758 5048 1075 5103 suscitatam
1109 5065 1122 5100 :
1147 5055 1204 5102 et
1224 5055 1404 5101 tamen
1434 5044 1665 5117 propter
1694 5063 1857 5102 unam

263 5144 465 5200 Christi
495 5146 587 5201 Dei
616 5147 954 5217 hominisque
994 5161 1305 5217 personam,
1335 5142 1476 5198 idem
1506 5150 1753 5200 mortuus
1777 5130 1871 5200 est.

263 5238 321 5293 in
350 5254 581 5308 corpore
600 5254 720 5304 suo,
749 5240 840 5309 qui
866 5239 1142 5294 suscitavit
1173 5237 1434 5307 templum
1478 5237 1727 5306 corporis
1752 5237 1857 5294 sui.

265 5329 356 5386 Sic
392 5332 550 5405 124
578 5331 742 5386 etiam
791 5347 911 5386 cum
960 5330 1254 5386 secundum
1282 5328 1461 5384 ‘lsaiae
1520 5329 1860 5385 vaticinantis

210 5482 219 5486 _
265 5423 567 5491 oraculum,
614 5422 823 5477 dorsum
872 5438 1019 5474 suum
1058 5422 1229 5490 posuit
1257 5421 1325 5473 ad
1346 5421 1581 5492 ﬂagella,
1610 5421 1858 5476 maxillas

264 5525 390 5565 suas
439 5511 509 5564 ad
551 5512 771 5582 palmas,
806 5511 994 5580 faciem
1046 5519 1218 5563 autem
1267 5525 1419 5563 suam
1466 5527 1568 5565 non
1613 5511 1796 5564 avertit
1824 5528 1856 5563 a

264 5602 567 5673 confusione
594 5610 858 5673 sputorum
884 5598 1038 5671 (Isai.
1074 5615 1122 5664 L,
1146 5599 1223 5667 6),
1260 5598 1376 5653 lucc
1400 5600 1579 5654 Omnia
1612 5598 1755 5653 Deus
1801 5599 1856 5654 in

1968 4682 2135 4737 tiente
2185 4699 2292 4738 non
2330 4690 2415 4737 est
2451 4680 2632 4736 divina
2661 4690 2852 4736 natura
2883 4698 3203 4753 compassa;
3260 4683 3399 4739 sicut
3441 4700 3558 4739 mo-

1966 4774 2141 4828 riente
2194 4788 2395 4838 carne,
2450 4787 2557 4827 non
2599 4772 2773 4827 solum
2816 4772 3016 4838 deitas,
3076 4774 3169 4829 sed
3213 4788 3313 4829 nec
3369 4775 3549 4831 anima

1964 4862 2161 4919 Christi
2210 4870 2391 4935 potest
2434 4861 2644 4918 ostendi
2693 4872 3028 4918 connnortua
3064 4882 3076 4917 :
3120 4865 3262 4919 aliud
3294 4873 3376 4920 est
3398 4867 3542 4922 cutim

1963 4954 2016 5008 in
2044 4969 2207 5010 carne
2226 4967 2442 5025 passum
2467 4952 2637 5007 Deum
2665 4952 2865 5016 dicere,
2895 4952 3037 5037 aliud
3074 4955 3222 5010 carni
3256 4956 3553 5027 praedicare

1962 5052 2300 5117 compassum
2326 5060 2340 5111 ;
2371 5042 2518 5099 aliud
2571 5044 2625 5099 in
2669 5045 2846 5099 anima
2877 5034 3280 5116 contristatum,
3306 5056 3360 5102 et
3407 5047 3552 5104 aliud

1963 5154 2084 5195 cum
2129 5138 2305 5192 anima
2358 5137 2626 5193 tristatum
2665 5136 2759 5210 (al.
2792 5138 3210 5209 contristatum).
3245 5137 3439 5194 Passus
3466 5146 3551 5196 est

1965 5229 2103 5285 Deus
2130 5228 2183 5283 in
2205 5228 2446 5297 homine,
2485 5229 2612 5300 quia
2648 5244 2752 5283 una
2781 5238 2865 5284 est
2896 5229 2990 5283 Dei
3046 5229 3386 5298 hominisque
3416 5246 3541 5301 per-

1961 5338 2129 5389 sona;
2163 5338 2271 5377 non
2293 5329 2375 5377 est
2399 5336 2713 5392 compassus
2751 5322 2893 5378 Deus
2934 5321 3161 5389 homini,
3187 5322 3313 5391 quia
3346 5324 3398 5378 in
3439 5339 3546 5381 uno

1962 5414 2176 5471 Christo
2200 5428 2307 5469 non
2329 5422 2411 5467 est
2438 5411 2659 5468 confusa
2711 5412 2807 5467 Dei
2848 5411 3187 5480 hominisque
3226 5412 3542 5470 substantia.

1955 5504 2109 5573 Quod
2166 5503 2505 5560 evidentibus
2556 5501 2957 5572 Scripturarum
2999 5508 3179 5571 potest
3225 5504 3549 5563 testimoniis

1954 5596 2315 5670 comprobari,
2341 5604 2399 5651 ut
2418 5602 2776 5666 cognoscatur
2811 5591 2885 5646 ita
2915 5592 3186 5648 tristitiam
3218 5596 3548 5666 passionem-

335 5838 363 5869 ⁸
402 5829 588 5897 Ba:il.,
620 5830 672 5885 in
698 5829 858 5885 animi
888 5843 1119 5886 mturare.
1153 5824 1343 5882 Colon.
1370 5829 1426 5879 et
1445 5823 1597 5891 Ant.,
1630 5823 1681 5876 in
1708 5820 1871 5875 animi
1900 5828 2082 5875 morte.
