4068 6484
521 360 629 421 285

1728 350 1785 407 S.
1824 343 2184 405 FULGENTII
2221 343 2590 403 RUSPENSIS

3702 348 3810 408 284

520 493 628 549 que
658 487 682 515 ι
713 484 829 531 toto
857 471 1221 545 deputandam
1249 470 1489 538 Christo,
1518 466 1548 508 δ
1579 476 1655 532 ut,
1686 466 1988 521 ol'tleiorum
2022 478 2113 518 na-
2139 467 2185 525 Α
2213 460 2279 515 ab
2300 463 2375 516 eis
2404 461 2551 516 dolor
2580 468 2629 514 et
2658 460 2875 531 gemitus
2898 456 3054 530 (ικαὶ.
3088 473 3250 524 xxxv,
3286 460 3396 532 £0).
3432 461 3508 517 De
3538 463 3621 518 his
3642 468 3813 522 etiam

521 569 778 625 turalium
800 566 1027 621 veritate
1051 568 1371 626 monstrata,
1394 574 1501 614 non
1524 558 1594 613 sit
1611 557 1787 627 aliqua
1811 555 1905 609 Dei
1929 554 2105 609 homi-

521 661 712 730 nisque
738 655 1002 713 confusio.
1040 653 1321 707 Matthznus
1348 649 1533 705 narrat
1558 647 1859 708 Dominum,
1890 644 2105 714 propin-

529 758 733 821 quante
768 756 1014 817 tempore
1058 743 1341 814 passionis,
1371 739 1568 795 dixisse
1604 739 1760 810 125
1784 735 2100 805 discipulis:

522 841 711 898 Sedete
726 839 828 903 hic,
850 837 1011 891 donec
1025 835 1208 889 vadam
1222 834 1365 899 illuc,
1382 840 1431 885 et
1460 845 1597 884 orent
1614 849 1637 893 ,'
1657 838 1707 882 et
1720 836 1986 898 assumpto
2006 824 2105 880 Pe-

522 940 603 987 tro
632 941 681 985 et
700 928 895 985 duobus
922 928 1047 998 ﬁliis
1073 925 1340 989 Zebedtei,
1369 923 1516 993 cmpit
1548 922 1850 976 contristari
1875 929 1925 973 et
1950 934 2104 973 mres-

523 1032 605 1077 tus
624 1038 734 1076 esse
756 1019 970 1090 (Matth.
999 1034 1139 1081 XXVI,
1162 1015 1276 1087 36).
1309 1015 1520 1070 Marcus
1564 1029 1691 1068 vero
1739 1012 1818 1067 sic
1859 1012 2105 1081 posuisse

520 1113 865 1183 cognoscitur
922 1129 935 1163 :
986 1109 1054 1163 Et
1110 1110 1318 1162 veniunt
1370 1108 1425 1161 in
1468 1106 1738 1176 praedium,
1791 1105 1871 1158 cui
1917 1119 2104 1157 nomen

521 1203 872 1270 Gethsemani,
896 1210 945 1255 et
974 1202 1047 1254 ait
1075 1198 1342 1269 discipulis
1370 1198 1475 1277 suis
1510 1214 1528 1250 :
1560 1196 1749 1251 Sedete
1794 1194 1898 1260 hic,
1943 1196 2105 1247 donec

519 1310 664 1353 arent
695 1311 712 1348 :
743 1302 791 1347 et
821 1292 1101 1361 assumpsit
1121 1289 1364 1355 Petrum,
1393 1296 1440 1341 et
1469 1286 1739 1351 Iacobum,
1773 1295 1821 1339 et
1846 1283 2105 1338 Joannem

510 1401 709 1452 secum,
730 1395 780 1439 et
809 1384 955 1454 caapit
984 1399 1171 1453 pavere
1199 1390 1246 1433 et
1272 1380 1459 1433 (ledere
1489 1378 1680 1446 (Marc.
1707 1394 1816 1444 xiv,
1843 1375 1958 1446 52).

651 1494 830 1549 CAPUT
864 1508 974 1547 xIx.
1010 1491 1075 1545 In
1103 1490 1431 1545 retributione
1459 1497 1606 1542 erunt
1637 1488 1770 1558 justi
1807 1489 1941 1540 sicut

1139 1561 1311 1632 angeli
1359 1561 1473 1613 Dei.

581 1654 698 1710 Non
730 1655 937 1723 ignoro.
956 1668 1120 1723 quam
1137 1652 1370 1706 maxime
1387 1667 1527 1705 nunc
1552 1660 1747 1706 nostra:
1766 1661 1787 1688 ο
1806 1664 2105 1719 congruere

509 1747 817 1818 sponsionis
853 1746 957 1817 (al.
998 1743 1395 1814 responsionis)
1427 1741 1629 1808 oﬂicio,
1662 1751 1720 1795 ut
1775 1758 1881 1797 non
1927 1743 2103 1797 solum

2203 549 2441 606 Joannes
2465 551 2517 604 in
2549 550 2877 621 Apocalypsi
2906 550 3144 619 loquitur
3168 568 3180 604 :
3215 549 3339 606 Non
3362 555 3619 621 esuriem,
3644 574 3813 630 neque

2204 641 2401 705 sitient,
2428 657 2588 712 neque
2623 639 2772 694 cadet
2816 655 2973 710 super
3000 656 3089 695 eos
3127 640 3226 706 sol,
3260 658 3422 713 neque
3462 643 3602 698 ullus
3648 656 3811 703 (estus

2207 731 2393 800 (Apoc.
2420 747 2514 798 vn,
2549 729 2666 799 l6);
2698 737 2754 785 et
2775 738 2831 784 ut
2857 728 3104 785 ostendat
3130 729 3272 785 hanc
3299 745 3395 785 eos
3414 729 3615 787 Christi
3656 733 3808 791 dono

2204 820 2429 888 gratiam
2461 821 2772 889 adepturos,
2803 828 3021 875 secutus
3050 819 3328 889 adjunxit:
3359 819 3494 885 Quia
3516 823 3697 893 Agnus
3720 828 3810 897 qui

2204 914 2261 971 in
2310 911 2483 966 medio
2522 912 2697 965 throni
2745 920 2821 965 est
2845 919 2986 981 reget
3014 927 3123 976 eos,
3153 919 3201 964 et
3233 911 3448 967 deducet
3478 906 3575 968 eos
3592 916 3664 968 ad
3692 918 3811 970 vine

2207 1004 2374 1074 [antu
2396 1018 2673 1074 aquarum,
2703 1009 2751 1055 et
2774 999 3033 1072 absterget
3075 1000 3336 1055 Dominus
3382 1019 3585 1057 omnem
3633 1004 3813 1077 lacrg-

2206 1110 2342 1148 main
2372 1091 2436 1146 ab
2468 1092 2632 1146 oculis
2656 1108 2855 1146 eorum.
2888 1090 3021 1147 Cum
3047 1105 3179 1160 ergo
3203 1092 3327 1146 talis
3349 1092 3514 1149 hodie
3533 1094 3604 1151 sit
3636 1109 3810 1163 ange-

2208 1185 2382 1238 lorum
2405 1184 2563 1239 beata
2596 1183 2863 1239 securitas
2878 1191 2935 1238 et
2985 1182 3190 1250 laetitia,
3216 1183 3527 1253 passionum
3582 1201 3810 1255 prorsus

2208 1274 2413 1343 ignara,
2450 1276 2607 1345 126
2637 1282 2696 1328 ut
2731 1274 2750 1312 τ
2779 1274 2928 1331 nullo
2958 1274 3168 1344 peccati
3223 1289 3370 1340 casu,
3395 1275 3545 1330 nullo
3571 1275 3806 1331 intimi-

2209 1367 2333 1421 tatis
2357 1367 2670 1436 quatiantur
2718 1366 2970 1431 incursu;
3000 1356 3217 1421 tandem
3269 1366 3560 1435 respiciant
3587 1368 3686 1436 (et.
3720 1384 3808 1423 re-

2206 1456 2484 1525 sipiscam)
2517 1456 2569 1509 in
2592 1455 2741 1525 quod
2778 1453 3124 1524 blasphemiae
3149 1455 3464 1510 barathrum
3510 1456 3808 1512 devolvun-

2206 1554 2311 1610 tur,
2343 1545 2435 1613 qui
2466 1544 2802 1598 divinitatem
2842 1542 3041 1599 Christi
3088 1544 3432 1614 passionibus
3458 1545 3807 1615 subjicientes

2206 1636 2474 1700 humanis,
2507 1635 2792 1690 Dominum
2809 1636 3123 1705 angelorum
3152 1645 3444 1702 conantur,
3468 1637 3521 1691 in
3547 1638 3805 1692 substan-

2207 1731 2283 1784 tia
2302 1746 2462 1799 quam
2491 1730 2653 1785 habet
2682 1745 2749 1785 ex
2787 1728 2966 1794 Patre,
3002 1729 3307 1785 inferiorem
3338 1732 3544 1800 angelis
3571 1732 3804 1787 demon-

510 1840 805 1907 vocabulis,
832 1839 924 1894 sed
956 1838 1117 1892 etiam
1142 1833 1166 1871 ἀ
1197 1832 1497 1897 ell‘ectibus,
1524 1833 1597 1905 sit,
1620 1832 1671 1886 in
1704 1833 1796 1887 Dei
1825 1832 1960 1886 Filio
1987 1846 2101 1886 car—
2134 1844 2176 1903 Β
2206 1830 2395 1878 Stral'e-
2441 1820 2654 1875 Falsum
2711 1821 2873 1889 igitur
2898 1829 2980 1876 est
3023 1821 3166 1891 Quod
3215 1822 3329 1892 ipse
3358 1822 3488 1877 dicit
3518 1842 3530 1877 :
3566 1822 3691 1879 Non
3722 1832 3801 1879 est

510 1931 594 1986 nis
624 1930 923 1997 animaeque
944 1924 1287 1982 monstranda
1317 1923 1658 1994 proprietas:
1686 1930 1812 1977 tunc
1846 1923 1988 1977 enim
2017 1922 2099 1976 di-

509 2022 648 2076 vinat
695 2016 1134 2090 impassibilitatis
1184 2023 1374 2069 natura
1425 2011 1764 2083 splendebit,
1795 2027 1920 2066 cum
1969 2010 2096 2081 quid

510 2111 722 2173 animm,
754 2107 949 2177 quidve
976 2105 1156 2161 carnis
1210 2104 1280 2158 sit
1303 2103 1600 2173 proprium,
1630 2117 1739 2156 non
1788 2100 1962 2156 solum
2013 2116 2097 2154 ra-

510 2202 678 2264 tione,
701 2198 796 2253 scd
820 2198 980 2253 etiam
1006 2195 1303 2249 divinarum
1330 2193 1729 2261 Scripturarum
1771 2190 2097 2245 auctoritate

511 2291 783 2349 claruerit.
819 2287 1100 2343 Maltlneus
1131 2285 1312 2354 itaque
1342 2282 1472 2337 dicit
1517 2279 1698 2335 Iesum
1722 2282 2021 2335 contristari
2049 2290 2098 2335 et

510 2392 744 2440 incestum
763 2396 904 2444 esse;
927 2378 1159 2439 Marcus,
1193 2390 1397 2445 parere,
1431 2370 1721 2441 tcedereque
1766 2385 2098 2424 commemo-

509 2481 617 2527 rat.
649 2470 841 2526 Dicant
860 2467 1022 2536 igitur
1042 2464 1237 2535 quibus
1277 2463 1329 2516 in
1357 2459 1573 2515 Christo
1619 2458 1869 2528 displicet
1910 2458 2099 2513 anima:

511 2562 759 2617 humana:
780 2556 1074 2627 susceptio,
1101 2563 1277 2607 utrum
1328 2551 1623 2617 tristitiam,
1656 2563 1965 2615 maerorem,
1999 2556 2099 2604 ta:-

511 2650 657 2706 (zium
681 2656 737 2703 et
763 2660 1041 2718 pavorem,
1071 2640 1339 2698 divinitati
1358 2655 1430 2693 an
1459 2638 1608 2693 carni
1645 2636 1963 2692 existiment
2005 2638 2101 2694 de-

510 2738 747 2811 putanda
768 2738 788 2793 2
809 2736 876 2791 Et
901 2736 946 2792 si
991 2734 1205 2805 quidem
1236 2731 1417 2787 carnis
1445 2729 1561 2784 haec
1588 2726 1753 2784 fuisse
1804 2730 2102 2799 responde-

511 2832 642 2897 rint,
668 2831 735 2886 ab
762 2829 1012 2885 omnibus
1050 2826 1362 2897 passionum
1388 2822 1674 2891 generibus
1721 2821 1827 2877 erit
1873 2831 2099 2891 excepta

512 2921 785 2985 divinitas,
816 2934 939 2989 qum
966 2918 1239 2989 particeps
1275 2914 1588 2986 passionum
1616 2912 1793 2969 carnis
1840 2928 1949 2968 non
1977 2910 2099 2978 fuit,

509 3010 636 3066 licet
663 3016 927 3079 suscepta:
948 3008 1098 3063 carni
1121 3021 1222 3062 nec
1248 3005 1302 3059 in
1329 3004 1581 3074 passione
1626 3001 1887 3069 defuerit;
1917 3002 1963 3058 si
2001 3017 2100 3057 au-

509 3110 620 3157 tem
648 3100 907 3156 deitatem
926 3096 1126 3154 Christi
1156 3103 1404 3154 asserunt
1430 3095 1645 3150 tristitia
1663 3134 1680 3161 ,
1709 3110 1963 3159 maerore,
2007 3102 2098 3150 ta:-

2200 1930 2375 1969 seruus
2403 1914 2572 1983 major
2593 1913 2800 1968 domino
2822 1930 2913 1967 suo
2939 1911 3120 1983 (Joan.
3146 1929 3259 1980 xm,
3296 1913 3425 1984 l6)?

2269 2025 2450 2081 CAPUT
2476 2042 2563 2096 xx.
2580 2025 2899 2096 Occurritur
2916 2025 3189 2096 objectioni
3216 2025 3279 2079 de
3306 2042 3364 2079 eo
3387 2027 3522 2096 quod
3554 2026 3729 2081 David

2342 2098 2466 2151 dicit
2488 2112 2505 2150 :
2535 2095 2814 2150 Minorasti
2838 2112 2955 2150 eum
2974 2094 3130 2165 paulo
3157 2096 3324 2149 minus
3345 2094 3409 2149 ab
3437 2099 3656 2167 angelis.

2270 2188 2351 2244 An
2373 2187 2499 2242 illud
2528 2197 2551 2235 ις
2583 2186 2943 2256 obiiciendum
2972 2193 3181 2257 putant,
3203 2185 3348 2254 quod
3372 2186 3539 2240 David
3567 2187 3699 2242 dicit
3722 2188 3795 2244 de

2200 2279 2336 2333 Filio
2381 2278 2615 2333 hominis
2646 2295 2658 2331 :
2693 2275 2937 2344 Domine,
2969 2276 3090 2348 quid
3140 2285 3217 2329 est
3241 2276 3412 2339 homo,
3447 2276 3472 2312 ⁸³
3511 2277 3613 2329 nisi
3660 2279 3801 2348 quod

2200 2389 2394 2427 memor
2414 2389 2468 2425 es
2488 2370 2643 2441 ejus?
2663 2378 2752 2423 aut
2772 2369 2913 2440 ﬁlius
2934 2370 3178 2436 hominis,
3194 2370 3437 2440 quoniam
3459 2370 3636 2423 visitas
3655 2370 3800 2425 eum?

2203 2464 2480 2518 Hinorasti
2500 2478 2614 2516 eum
2640 2461 2795 2531 paulo
2812 2461 2980 2514 minus
3000 2459 3064 2513 ab
3088 2458 3291 2530 angelis
3309 2456 3483 2529 (Psal.
3502 2474 3616 2523 vni,
3640 2456 3694 2526 5,
3716 2458 3796 2531 Β).

2201 2553 2310 2608 Sed
2348 2552 2631 2607 advertant
2679 2550 2903 2605 Paulum
2954 2549 3257 2619 apostolum
3314 2549 3456 2604 hunc
3505 2548 3684 2603 locum
3728 2548 3798 2605 ad

2202 2643 2393 2697 mortis
2415 2642 2661 2697 humanae
2688 2640 3096 2711 intelligentiam
3128 2638 3451 2695 referentem
3470 2678 3485 2704 ,
3512 2640 3585 2694 ita
3614 2647 3677 2694 ut
3721 2641 3794 2696 is-
3858 2690 3867 2701 ,

2203 2746 2311 2792 tam
2335 2735 2753 2791 minorationem
2806 2750 2914 2789 non
2954 2732 3130 2789 solum
3179 2739 3383 2787 naturae
3433 2732 3792 2788 humanitatis

2202 2830 2459 2899 assignet,
2489 2828 2619 2898 quin
2648 2827 2810 2882 etiam
2861 2826 3193 2880 divinitatem
3222 2823 3423 2878 Christi
3452 2838 3481 2877 a
3510 2823 3792 2879 consortio

2202 2922 2468 2993 passionis
2497 2928 2551 2976 et
2573 2919 2764 2975 mortis
2791 2925 3061 2987 exceptet.
3084 2915 3163 2970 lta
3193 2929 3424 2983 namque
3445 2914 3513 2969 ad
3538 2912 3799 2975 Hebrm

2202 3013 2438 3082 loquitur
2470 3029 2482 3064 :
2511 3010 2645 3064 Eum
2667 3018 2855 3073 autem,
2889 3008 2977 3080 qui
3005 3006 3205 3062 modico
3229 3023 3382 3078 quam
3425 3005 3599 3076 angeli
3626 3005 3798 3059 mino-

2202 3112 2346 3159 ratus
2376 3112 2471 3164 est,
2513 3100 2527 3139 ί
2566 3101 2797 3155 ridemus
2826 3099 3023 3162 Jesum,
3045 3107 3256 3170 propter
3283 3098 3577 3167 passionem
3592 3097 3796 3163 mortis,

512 3190 604 3259 dio
624 3199 679 3246 et
702 3203 906 3261 pavore
934 3202 1274 3255 concussam,
1303 3185 1612 3256 passibilem
1658 3185 1899 3240 dicentes
1925 3184 2103 3256 deita:

2210 3194 2371 3267 gloria
2399 3203 2448 3248 et
2479 3193 2673 3247 honore
2701 3200 3023 3255 coronatum,
3048 3199 3103 3243 ut
3130 3190 3242 3243 sine
3288 3187 3400 3243 Deo
3439 3205 3533 3260 pro
3557 3184 3807 3244 omnibus

511 3288 643 3344 tem,
676 3279 961 3334 animabus
990 3277 1190 3333 nostris
1221 3276 1532 3331 fatebuntur
1578 3276 1860 3345 :equalem.
1913 3275 2102 3332 Restat

513 3379 696 3427 autem
745 3380 803 3426 ut
854 3371 1167 3439 angelorum
1215 3371 1473 3441 imparem
1518 3370 1727 3436 dicant,
1768 3383 1929 3439 quam
1985 3368 2097 3441 (al.

514 3462 711 3532 quem)
736 3462 971 3532 passioni
992 3461 1271 3530 subjacere
1289 3461 1636 3531 pronuntiant
1660 3478 1672 3513 :
1705 3460 1809 3515 hoc
1834 3460 1976 3514 enim
2007 3474 2103 3513 no-

515 3550 644 3604 stris
671 3559 798 3605 sunt
817 3549 1095 3604 animabus
1124 3548 1299 3616 angeli
1346 3563 1509 3617 quam
1558 3547 1793 3603 maxime
1833 3546 2097 3617 potiores,

516 3640 642 3710 quia
667 3643 806 3697 sicut
832 3658 862 3696 a
893 3641 1149 3713 peccatis,
1179 3641 1253 3695 ita
1302 3648 1427 3695 sunt
1461 3654 1492 3693 a
1533 3639 1873 3709 passionibus
1917 3639 2096 3693 alieni.

518 3732 673 3800 Quod
703 3735 862 3789 etiam
889 3742 1034 3789 recte
1062 3749 1123 3790 se
1151 3733 1454 3789 colentibus
1477 3740 1533 3787 et
1572 3740 1759 3787 sancte
1778 3746 2104 3787 conversan-

519 3822 663 3878 tibus
691 3824 743 3878 in
765 3824 1174 3880 retributionem
1204 3822 1464 3878 Dominus
1490 3822 1835 3893 repromittit,
1866 3822 2054 3877 dicens
2085 3839 2098 3875 :

520 3910 689 3966 Erunt
718 3914 846 3967 sicut
866 3913 1037 3985 angeli
1068 3912 1160 3967 Dei
1184 3913 1238 3967 in
1259 3911 1385 3967 caelo
1417 3910 1632 3980 (Matth.
1670 3928 1797 3977 χιιι,
1821 3910 1933 3983 50).
1952 3910 2104 3967 Tunc

519 4002 726 4072 utique,
750 4018 870 4058 cum
893 4003 1182 4058 secundum
1212 4002 1356 4058 beati
1390 4001 1538 4056 Pauli
1573 4001 1936 4057 testimonium
1983 4019 2103 4059 cor-

518 4093 772 4163 ruptibile
805 4103 829 4131 ι·
856 4094 961 4149 hoc
989 4102 1045 4149 et
1068 4096 1295 4150 mortale
1322 4096 1393 4149 ita
1428 4094 1677 4149 induetur
1700 4094 2105 4165 incorruptione

520 4196 575 4240 ct
610 4187 1036 4255 immortalitate,
1060 4194 1121 4242 ut
1138 4188 1412 4257 corruptio
1442 4186 1900 4257 incorruptionem
1932 4187 2106 4256 possi-

521 4277 652 4332 dere
679 4293 785 4333 non
816 4278 1003 4349 possit,
1034 4293 1154 4348 quae
1177 4295 1283 4334 non
1314 4279 1485 4335 solum
1509 4280 1562 4334 in
1583 4287 1807 4350 peccato
1837 4280 2104 4348 consistit,

522 4367 619 4423 sed
639 4370 799 4425 etiam
825 4371 879 4425 in
908 4368 1235 4431 inﬁrmitate,
1261 4385 1379 4440 qua:
1414 4370 1814 4439 prmvaricatori
1847 4384 1911 4425 ex
1944 4384 2106 4439 pmna

521 4461 865 4528 cognoscitur
902 4459 1160 4515 accidisse
1208 4459 1434 4529 peccati.
1484 4458 1617 4513 Nam
1664 4467 1889 4529 peccato
1922 4473 2022 4513 nos
2052 4466 2109 4513 et

2199 3292 2429 3358 gustaret
2455 3292 2668 3338 mortem
2710 3279 2899 3355 (Hebr.
2925 3296 2984 3348 ιι,
3009 3277 3094 3352 9);
3124 3295 3230 3334 non
3274 3286 3453 3333 autem
3498 3278 3585 3332 hic
3629 3276 3792 3333 Chri-

2200 3382 2342 3429 stum
2367 3373 2547 3428 divisit
2575 3370 2865 3443 Apostolus
2888 3408 2903 3433 ,
2953 3368 3049 3424 sed
3077 3367 3317 3423 ostendit
3347 3368 3399 3423 iu
3431 3383 3540 3422 uno
3580 3365 3800 3424 Christo

2200 3482 2321 3537 qua:
2339 3464 2639 3521 substantia
2668 3461 2935 3533 passibilis
2962 3468 3019 3516 et
3059 3458 3302 3515 mortalis
3327 3457 3508 3521 fuerit,
3533 3474 3657 3529 quae
3703 3473 3802 3513 au-

2202 3566 2311 3613 tem
2361 3556 2704 3628 impassibilis
2740 3562 2797 3610 et
2853 3552 3173 3609 immortalis
3224 3550 3607 3622 permanserit.
3667 3550 3802 3607 Sine

2202 3646 2314 3702 Deo
2338 3647 2503 3716 igitur
2531 3646 2695 3702 homo
2742 3644 2834 3699 ille
2859 3642 3096 3713 gustavit
3141 3649 3392 3707 mortem,
3423 3649 3687 3710 quantum
3732 3638 3802 3695 ad

2204 3738 2573 3795 conditionem
2630 3736 2825 3791 attinet
2874 3733 3074 3801 carnis,
3125 3748 3234 3788 non
3273 3740 3458 3786 autem
3502 3732 3615 3785 sine
3662 3729 3799 3794 Deo,

2205 3837 2468 3899 quantum
2496 3826 2563 3882 ad
2584 3826 2981 3897 susceptionem
3010 3822 3244 3895 pertinet
3273 3821 3518 3888 deitatis;
3546 3821 3674 3890 quia
3700 3820 3803 3876 im-

2204 3920 2474 3992 passibilis
2501 3927 2665 3988 atque
2692 3916 3012 3973 immortalis
3042 3914 3132 3970 illa
3156 3912 3427 3977 divinitas,
3458 3927 3583 3966 cum
3627 3911 3682 3965 in
3708 3926 3808 3967 ve-

2204 4012 2365 4066 ritate
2391 4010 2577 4065 l’orma:
2603 4008 2834 4075 servilis,
2862 4016 2918 4061 et
2939 4005 3051 4076 pati
3080 4002 3384 4060 voluntarie
3420 4018 3520 4072 pro
3544 4002 3703 4057 nobis
3721 4001 3811 4057 όὶε-

2204 4114 2460 4173 gnaretur
2487 4109 2541 4156 et
2595 4099 2755 4166 mori,
2786 4099 2924 4153 sicut
2954 4098 3008 4152 in
3047 4104 3223 4152 morte
3272 4095 3439 4151 solius
3485 4093 3666 4149 carnis
3709 4092 3810 4147 im,

2207 4193 2450 4247 mortalis
2491 4191 2610 4259 fuit,
2641 4190 2720 4245 sic
2746 4190 2799 4243 in
2827 4188 3165 4259 passionibus
3214 4185 3379 4241 totius
3428 4184 3665 4240 hominis
3697 4183 3802 4239 im-

2208 4283 2474 4354 passibilis
2504 4282 2726 4337 omnino
2754 4279 3072 4351 permansit.

2208 4375 2389 4431 Carur
2433 4391 2543 4431 xxi.
2597 4372 2830 4429 Tristitia
2878 4384 2928 4428 et
2971 4372 3165 4428 similes
3209 4372 3423 4442 affectus
3453 4371 3523 4425 ad
3565 4372 3807 4427 animant

2870 4465 3148 4533 pertinent.

524 4551 832 4655 inﬁrmitate
855 4562 983 4655 tunc
1002 4554 1323 4610 omnimodis
1342 4555 1608 4611 carituros
1631 4554 1921 4625 Apostolus
1942 4559 2110 4607 testa-
2142 4597 2191 4655 D
2284 4559 2390 4616 sed
2418 4574 2557 4614 nunc
2594 4557 2987 4613 ostendendum
3010 4572 3041 4609 ει
3072 4554 3228 4609 nobis
3262 4562 3345 4609 est
3374 4553 3682 4624 paSsionem
3713 4552 3809 4607 tri-

523 4653 612 4698 tur
639 4651 694 4699 et
722 4644 853 4699 dicit
887 4662 899 4698 :
929 4643 1067 4698 Tunc
1098 4645 1186 4716 [iet
1206 4662 1373 4700 sermo
1404 4647 1489 4719 qui
1513 4646 1735 4717 scriptus
1775 4653 1852 4700 est
1880 4642 2113 4699 :Absor-

523 4743 612 4805 pta
637 4743 714 4788 est
740 4751 877 4788 mors
906 4735 960 4789 in
983 4735 1217 4789 uictoria.
1255 4734 1353 4789 Ubi
1381 4745 1477 4801 est,
1510 4751 1668 4799 mors,
1698 4734 1957 4788 contentio
1985 4730 2113 4784 tua?

528 4821 627 4878 Ubi
657 4831 753 4889 est,
796 4840 952 4891 mors,
979 4826 1216 4880 stimulus
1249 4826 1402 4880 tuus?
1433 4825 1688 4881 Stimulus
1715 4832 1888 4878 autent
1929 4822 2111 4876 mortis

531 4924 801 4985 peccatum
824 4925 899 4972 est
930 4916 979 4987 (Ι
1006 4916 1129 4973 Lor.
1160 4936 1248 4987 xv,
1281 4916 1368 4982 54,
1405 4915 1492 4983 55,
1525 4916 1637 4989 56).
1668 4915 1933 4985 Absorpta
1982 4928 2113 4982 ergo

524 5017 705 5064 morte
734 5009 788 5064 in
812 5010 1228 5074 victoria,'nulla
1258 5012 1361 5066 erit
1388 5011 1581 5065 anima:
1628 5008 1872 5064 carnisve
1916 5022 2108 5061 corru-

526 5102 663 5170 ptio,
683 5103 935 5173 quoniam
967 5118 1089 5158 cum
1113 5118 1142 5156 a
1167 5101 1324 5156 nobis
1343 5108 1521 5154 amota
1544 5098 1703 5154 fuerit
1719 5098 1894 5153 omnis
1916 5097 2113 5168 iniqui-

528 5200 634 5262 tas,
656 5194 798 5249 nulla
822 5194 1123 5250 remanebit
1147 5192 1449 5248 inﬁrmitas.
1473 5190 1549 5245 De
1580 5191 1775 5246 talibus
1804 5191 1988 5260 utique
2028 5191 2114 5244 di-

528 5285 605 5342 cit
629 5284 830 5343 Isaias:
865 5285 1123 5342 Gaudium
1152 5296 1202 5341 et
1231 5285 1468 5341 lcetitiam
1513 5284 1836 5354 obtinebunt,
1875 5293 1923 5340 et
1957 5286 2118 5357 fugiet

605 5448 629 5476 ³
671 5438 857 5507 Basil.,
891 5443 1002 5497 toti.
1035 5441 1169 5497 Vide
1198 5455 1360 5512 supra
1413 5441 1465 5496 in
1516 5450 1642 5497 nota
1672 5457 1795 5513 cap.
1831 5442 1918 5507 l5,
1950 5440 2044 5497 lib.
2073 5457 2110 5506 ι,

614 5508 703 5562 8|.
737 5519 841 5562 toto
871 5528 969 5562 pro
996 5514 1110 5562 toti.
1516 5542 1521 5547 -

532 5524 587 5581 p.
614 5519 703 5570 δι,
737 5519 841 5565 toto
871 5528 969 5581 pro
996 5519 1110 5566 toti.
1516 5542 1521 5547 -

607 5579 633 5619 δ
675 5579 863 5641 Basil..
898 5599 962 5635 ne
989 5583 1382 5705 oﬁiciorump...
1404 5583 1494 5650 sit,
1522 5593 1631 5665 etc.

610 5662 632 5690 ε
664 5650 742 5705 lla
764 5667 891 5705 mss.
914 5650 1023 5705 Cor
1065 5692 1077 5705 .
1119 5660 1174 5705 et
1199 5651 1332 5705 Vict.
1355 5670 1368 5705 :
1399 5663 1455 5705 at
1482 5652 1631 5705 Basnl.

610 5662 632 5690 ε
664 5650 742 5706 lla
764 5667 891 5727 mss.
914 5650 1077 5705 Corb.
1119 5660 1174 5707 et
1199 5651 1368 5718 Vict.;
1399 5663 1455 5707 at
1482 5652 1669 5724 Basil.,
1699 5663 1967 5727 congruat.
2011 5653 2119 5711 Co-

470 5744 480 5763 ε
534 5722 650 5778 Ion.
678 5729 734 5776 et
761 5721 913 5787 Ant.,
944 5731 1203 5787 rongruet.

608 5791 632 5832 δ
662 5791 846 5858 Basil.,
879 5779 1164 5861 amictibus.

611 5861 736 5919 vlta
774 5878 877 5921 ms.
932 5861 1094 5953 Corb.
1138 5861 1277 5921 Eliti
1326 5883 1486 5936 vero,
1519 5867 1849 5940 corruptibite
1892 5866 2017 5940 (hoc
2044 5878 2120 5924 cst

2216 4651 2394 4714 stitiae,
2418 4649 2686 4712 mteroris,
2715 4647 2855 4703 lthii
2884 4655 2941 4701 et
2968 4645 3177 4700 timoris
3217 4642 3287 4697 ad
3337 4644 3531 4698 animae
3560 4642 3814 4699 substan-

2216 4742 2344 4796 tiam
2374 4738 2591 4810 proprie
2612 4740 2884 4810 pertinere
2909 4757 2921 4791 :
2947 4748 3006 4793 ut
3031 4737 3082 4791 in
3111 4751 3177 4790 eo
3198 4734 3345 4804 quod
3378 4734 3569 4805 ingrati
3617 4733 3811 4802 gratia

2216 4829 2437 4896 Christi,
2461 4828 2798 4883 divinitatem
2826 4826 2947 4898 ejus
2996 4824 3220 4895 cupiunt
3266 4822 3498 4878 subdere
3545 4822 3807 4892 passioni,

2219 4927 2477 4990 appareat
2502 4917 2632 4989 quid
2654 4915 2913 4987 cujusque
2941 4927 3147 4971 natura:
3169 4916 3239 4972 sit
3261 4917 3561 4986 prom'ium,
3583 4924 3638 4971 et
3656 4915 3712 4970 in
3741 4931 3813 4972 eo

2220 5012 2389 5082 magis
2418 5017 2742 5080 agnoscatur
2769 5008 2981 5064 Domini
3036 5008 3300 5062 mirabilis
3346 5008 3653 5079 invictaque
3702 5007 3814 5064 cle—

2218 5100 2441 5165 mentia,
2469 5115 2590 5155 cum
2613 5097 3019 5170 probaverimus
3040 5097 3231 5151 animae
3252 5096 3535 5167 carnisque
3562 5097 3816 5155 substan-

2223 5190 2353 5244 tiam
2383 5190 2453 5245 ob
2482 5190 2587 5245 hoc
2607 5204 2729 5244 cum
2756 5186 2865 5242 suis
2911 5186 3248 5256 passionibus
3270 5203 3299 5240 a
3327 5186 3437 5241 Deo
3483 5195 3814 5257 susceptam,

2230 5290 2289 5337 ut
2315 5280 2452 5336 sicut
2480 5279 2631 5334 salvo
2651 5278 2844 5333 divina:
2871 5276 3313 5348 impassibilitatis
3358 5284 3533 5343 statu,
3566 5276 3819 5333 volunta-

2225 5428 2476 5510 mortale)
2496 5441 2593 5510 ita,
2623 5445 2728 5495 etc.

2301 5510 2321 5550 ί
2352 5505 2663 5573 Με.ἰ]οι·ι).,
2689 5506 2849 5572 nulli;
2877 5505 3014 5563 forte
3041 5523 3141 5573 pro
3165 5507 3378 5562 nullius.

2297 5581 2448 5706 Sdlta
2495 5593 2625 5634 mss.
2660 5575 2834 5633 Corb.
2899 5584 2955 5633 et
3010 5575 3213 5634 Victor.
3263 5577 3403 5633 Editi
3458 5592 3624 5646 vero,
3676 5577 3819 5653 abji-

2297 5669 2337 5706 τη
2377 5668 2483 5705 um.

2225 5668 2483 5709 ciendum.

2297 5676 2483 5706 Inuum.
3860 5676 3893 5717 ἢ

2297 5720 2325 5761 ⁸³
2353 5720 2536 5787 Basil.,
2558 5720 2682 5791 quid
2710 5727 2788 5791 est
2818 5718 2988 5791 homo,
3021 5718 3174 5789 quod,
3199 5727 3304 5791 etc_.

2304 5793 2319 5831 ί
2352 5793 2429 5849 tta
2458 5786 2587 5847 mss.
2615 5790 2778 5847 Corb.
2811 5797 2867 5846 et
2888 5786 3107 5848 ~Victor.
3152 5797 3206 5847 et
3255 5786 3479 5846 Caecus
3517 5796 3823 5859 textus;at

2226 5866 2374 5933 editi,
2405 5863 2643 5919 vidimus.
