4120 6522
728 375 891 390 --εσ--τ-ι
959 373 989 385 η

270 441 381 501 ,8⁵
1228 456 1279 475 ,.

1457 425 1550 482 AD
1585 415 2081 478 TRASIMUNDUM
2120 416 2227 473 LIB
2285 415 2373 475 Ill.

3431 420 3547 484 286

268 555 351 611 ria
378 547 721 619 susceptione
744 544 931 600 mortis
951 542 1006 597 in
1030 554 1194 597 carne
1212 552 1329 605 sua,
1358 544 1589 593 mortem
1611 541 1850 589 nostram
1882 537 1929 595 Α
1958 528 2141 619 Cipe:
2170 544 2317 619 ιδεμ.Δ
2344 527 2600 619 Caludium
2646 529 2699 581 in
2729 525 2905 619 anima
2936 525 3146 619 Christi.
3198 528 3545 619 ρεείιςενίυηι,

267 642 614 716 cognoscitur
649 638 927 699 occidisse,
960 635 1039 690 sic
1062 633 1367 690 voluntaria
1388 629 1732 700 susceptione
1754 626 1850 680 tri-

268 741 431 799 stitiae
498 744 554 792 et
600 732 808 788 timoris
833 764 848 795 ,
898 728 966 784 ad
1021 728 1127 782 hoc
1195 728 1552 792 cognoscatur
1620 718 1855 772 animam

268 829 591 889 rationalem
644 840 767 881 cum
833 821 944 878 suis
1008 815 1365 888 passionibus‘
1409 812 1746 881 suscepisse,
1796 814 1858 861 ut

270 924 480 979 animas
535 923 746 974 nostras
798 913 866 967 ab
922 908 1172 965 omnibus
1220 906 1533 973 dignaretur
1592 897 1858 969 passinni-

270 1014 376 1070 bus
415 1011 667 1067 liberare.
707 994 1066 1060 Ostendamus
1123 997 1285 1067 igitur
1341 992 1609 1049 tristitiam
1660 985 1858 1043 Christi

270 1120 385 1161 non
431 1102 499 1157 ad
535 1096 864 1160 divinitatis,
915 1108 1017 1148 nec
1081 1089 1149 1145 ad
1220 1085 1430 1150 carnis,
1481 1081 1575 1138 sed
1630 1079 1697 1135 ad
1743 1077 1858 1132 ani-

270 1209 377 1250 mae
405 1189 724 1263 pertinuisse
767 1182 1140 1241 substantiam.
1188 1177 1363 1246 Atque
1414 1182 1472 1228 ut
1524 1174 1628 1227 hoc
1652 1171 1858 1263 integra

271 1258 448 1359 possit
498 1278 932 1337 manifestatione
996 1270 1287 1341 cognosci,
1344 1264 1684 1320 attendamus
1733 1258 1862 1329 quid

282 1357 436 1447 127
466 1370 740 1441 discipulis
777 1382 914 1438 pene
939 1364 1038 1419 sub
1075 1362 1191 1431 ipso
1215 1357 1413 1447 dixerit
1443 1364 1688 1447 tempore
1735 1366 1861 1447 pas-

275 1440 466 1525 ἆᾶιῖε.
493 1468 552 1516 ιιι
573 1440 678 1514 “in
706 1472 767 1512 se
792 1468 977 1511 veram
1010 1450 1203 1505 anima:
1229 1444 1588 1502 substantiam
1618 1457 1725 1496 non
1755 1440 1859 1494 mi-

279 1571 385 1612 nus
426 1551 605 1608 officio
647 1560 808 1618 quam
854 1541 1069 1599 nomine
1103 1536 1517 1592 demonstraret.
1554 1525 1738 1585 Tristis
1765 1538 1862 1595 est,

280 1646 476 1717 inquit,
496 1643 673 1697 anima
692 1654 806 1693 mea
826 1651 984 1707 usque
1004 1630 1074 1687 ad
1097 1640 1311 1686 mortem
1343 1624 1557 1696 (Matth.
1583 1641 1729 1692 xum,

272 1714 415 1804 Quis
442 1741 622 1788 autem
651 1728 906 1797 ambigat,
935 1738 1035 1779 nec
1061 1723 1115 1777 in
1141 1720 1473 1775 divinitatem
1514 1732 1672 1788 posse
1695 1714 1864 1770 tristi-

282 1827 412 1881 tiam
433 1821 647 1886 cadere,
663 1833 769 1893 nec
791 1815 859 1871 ad
879 1813 1057 1871 carnis
1082 1809 1318 1867 ofﬁcium
1334 1806 1636 1879 pertinere?
1660 1805 1865 1860 Animas

280 1930 515 1986 namque
557 1920 642 1969 est
683 1909 961 1981 proprium
989 1913 1249 1969 metuere,
1279 1900 1607 1965 desiderare,
1638 1898 1859 1961 tristari,
1898 1903 1938 1962 Β

280 2009 533 2080 gaudere,
564 2004 703 2059 sicut
727 2001 891 2057 etiam
928 1996 1180 2054 carminis
1212 1992 1449 2049 Davidici
1473 1998 1651 2047 textus
1678 1997 1864 2045 osten-

278 2096 363 2155 dit
385 2094 611 2152 dicentis
634 2091 728 2164 (al.
752 2087 956 2157 dicens)
985 2104 1000 2140 :
1030 2083 1203 2150 Quare
1233 2083 1395 2138 tristis
1421 2099 1496 2147 es,
1522 2082 1699 2136 anima
1726 2097 1862 2147 mea,

280 2200 334 2246 et
356 2204 516 2262 quare
540 2181 813 2240 conturbas
841 2196 922 2235 me
953 2177 1123 2251 (Psal.
1159 2193 1268 2242 su,
1300 2175 1430 2246 l2)?
1461 2175 1651 2229 Anima
1683 2174 1864 2228 trista-

281 2289 394 2346 tur,-
424 2280 538 2350 ipsa
568 2276 831 2332 turbatur.
860 2271 987 2327 Ideo
1013 2279 1068 2326 et
1097 2270 1211 2340 ipse
1242 2267 1510 2333 Salvator,
1537 2274 1593 2320 ut
1615 2264 1868 2321 ostende-

283 2382 372 2431 ret
397 2369 856 2443 perturbationem
901 2364 1059 2422 istam
1094 2377 1204 2417 non
1229 2361 1400 2430 carni,
1425 2359 1521 2414 sed
1551 2358 1743 2414 animm
1766 2356 1864 2412 de-

284 2458 598 2533 putandam,
646 2455 724 2510 sic
764 2451 1062 2523 discipulos
1109 2465 1238 2504 suos
1283 2447 1612 2512 consolatur,
1650 2461 1771 2502 cum
1800 2446 1868 2505 de

284 2550 464 2606 futuro
492 2548 610 2616 ejus
652 2543 1099 2601 contristarentur
1144 2541 1436 2595 abscessu:
1466 2536 1591 2593 Non
1639 2536 1869 2592 turbetur

284 2658 376 2696 cor
400 2646 637 2701 vestrum,
679 2651 839 2706 neque
861 2630 1100 2704 formidet
1133 2628 1313 2702 (Joan.
1342 2636 1453 2694 xtv,’
1485 2626 1561 2698 l).
1613 2627 1694 2682 Ad
1741 2642 1868 2682 eos-

285 2734 408 2793 dem
434 2733 611 2788 denuo
640 2730 718 2787 sic
744 2727 1016 2798 loquitur:
1050 2723 1206 2779 Nunc
1251 2724 1379 2779 vado
1425 2721 1495 2776 ad
1524 2737 1643 2776 eum
1675 2720 1761 2792 qui
1790 2735 1871 2772 me

286 2824 450 2889 misit,
478 2832 526 2877 et
554 2838 702 2894 nemo
722 2835 787 2874 ea:
809 2817 947 2873 vobis
982 2818 1267 2887 interrogat
1293 2829 1413 2869 me:
1438 2811 1550 2878 Quo
1571 2812 1715 2867 vadis
1736 2811 1760 2865 ?
1779 2809 1871 2864 sed

286 2917 412 2988 quia
438 2915 546 2968 haec
580 2914 780 2977 locutus
806 2926 918 2964 sum
945 2907 1106 2974 vobis,
1139 2906 1351 2960 tristitia
1388 2903 1613 2975 implevit
1640 2918 1730 2956 cor
1768 2917 1873 2955 ves-

289 3018 428 3063 trum
456 3005 634 3077 (Joan.
660 3020 769 3069 xvi,
807 3000 884 3074 5).
916 2999 1047 3068 Quis
1075 2998 1225 3054 carni
1251 2997 1339 3051 vel
1365 2993 1631 3051 divinitati
1673 2990 1872 3046 audeat

288 3098 583 3166 assignare,
636 3093 782 3163 quod
826 3091 893 3146 ad
944 3088 1184 3146 ofﬁcium
1232 3086 1412 3143 cordis
1453 3084 1709 3140 Dominus
1742 3081 1874 3137 dicit

287 3187 508 3262 proprie
534 3183 839 3255 pertinere?
870 3181 1003 3237 Nam
1046 3195 1167 3237 cum
1195 3178 1443 3248 superius
1469 3175 1669 3232 dixerit
1696 3193 1709 3227 :
1743 3172 1871 3228 Non

2026 595 2373 669 Inﬁrmitates
2413 595 2649 669 Christus
2695 596 2909 665 accepit,
2959 608 3014 650 ut
3047 599 3101 669 in
3132 593 3279 653 nobis
3307 603 3547 655 virtutem

2024 666 2309 752 perﬁceret.
2344 668 2409 722 In
2425 666 2627 723 Christo
2643 676 2869 737 potestas
2884 667 3138 737 poneudw
3156 677 3207 722 et
3228 673 3546 726 resumendae

2026 755 2234 793 αηυηω.
3026 778 3029 779 ν

2028 828 2294 884 Gaudium
2325 843 2541 899 quoque
2570 828 2624 882 in
2664 842 2759 881 sua
2804 826 3059 885 Salvator
3099 827 3276 881 anima
3316 827 3545 883 demou-

1957 921 2166 982 stravit.
2197 936 2319 975 cum
2347 920 2623 989 discipulis
2671 919 2741 974 de
2791 917 2996 973 Lazaro
3042 919 3283 974 diceret:
3312 917 3547 973 Lazarus
3582 916 3585 919 λ

1958 1015 2155 1068 amicus
2196 1021 2369 1066 noster
2394 1020 2626 1066 mortuus
2675 1021 2802 1066 est:
2828 1021 2878 1065 et
2922 1010 3143 1082 gaudeo,
3196 1018 3253 1064 ut
3299 1011 3547 1079 credatis,

1959 1108 2083 1178 quia
2110 1122 2213 1160 non
2243 1121 2389 1159 eram
2426 1104 2499 1157 ibi
2525 1103 2703 1173 (Joan.
2736 1119 2810 1167 ιι,
2844 1102 2954 1175 14).
2981 1101 3288 1157 Substantia
3315 1104 3550 1161 hominis

1961 1198 2144 1266 utique
2171 1195 2440 1264 gaudebat
2461 1194 2514 1248 in
2543 1193 2779 1255 Christo,
2804 1209 2922 1263 quae
2944 1209 3044 1263 pro
3063 1194 3294 1248 naturali
3324 1209 3551 1248 consor-

1963 1289 2037 1344 tio
2064 1287 2319 1356 gaudium
2342 1285 2452 1355 jam
2483 1285 2670 1339 habuit
2708 1284 2776 1340 de
2802 1285 3006 1339 Lazaro
3021 1285 3327 1339 suscitando
3353 1303 3364 1337 :
3390 1284 3550 1338 simul

1963 1388 2022 1433 ut
2048 1385 2104 1432 et
2127 1377 2377 1446 discipuli
2406 1390 2594 1430 verum
2627 1376 2793 1429 Deum
2832 1376 3196 1444 intelligerent
3227 1375 3279 1429 in
3306 1375 3549 1443 homine,

1962 1486 2123 1540 quem
2150 1470 2531 1538 cognovissent
2558 1467 2722 1522 etiam
2766 1467 2926 1536 long‘e
2970 1468 3146 1537 posita
3196 1482 3320 1522 non.
3356 1466 3544 1522 latere.

1962 1564 2138 1632 Atque
2165 1570 2225 1615 ut
2252 1561 2431 1615 omnia
2454 1560 2507 1614 in
2537 1574 2598 1615 se
2620 1557 2869 1615 Christus
2909 1560 3101 1613 anima:
3128 1557 3300 1614 ofﬁcia
3324 1557 3550 1613 demon-

1962 1661 2181 1720 straret,
2213 1653 2379 1707 etiam
2408 1648 2733 1706 desiderium
2763 1665 2794 1704 a
2822 1664 2919 1705 sua
2962 1651 3138 1704 anima
3191 1650 3326 1713 fieri.
3378 1650 3553 1706 noluit

1965 1744 2222 1810 alienum,
2248 1742 2434 1797 dicens
2483 1740 2799 1810 discipulis:
2832 1739 3106 1794 Desiderio
3143 1740 3427 1795 desideravi
3455 1741 3554 1796 hoc

1966 1838 2161 1908 pascha
2200 1837 2358 1908 128
2396 1834 2712 1889 manducare
2757 1834 3041 1901 vobiscum,
3065 1843 3340 1905 antequam
3381 1835 3555 1901 patiar

1969 1927 2118 2000 (Luc.
2151 1943 2283 1991 χχιι,
2325 1923 2436 1995 i5).
2464 1924 2632 1979 Nemo
2660 1931 2842 1993 potest
2861 1923 2977 1979 hmc
3010 1925 3188 1978 omnia
3218 1925 3303 1979 vel
3349 1930 3555 1980 natura;

1964 2019 2225 2089 deputare
2267 2016 2471 2082 carnis,
2514 2015 2599 2070 vel
2647 2016 2958 2070 substantia:
3009 2013 3244 2081 deitatis,
3300 2017 3553 2085 quoniam

1965 2126 2095 2166 caro
2114 2124 2217 2164 nec
2244 2109 2428 2163 vivere
2459 2114 2639 2177 potest
2669 2122 2766 2176 per
2785 2107 3153 2175 semetipsam,
3194 2121 3295 2161 nec
3330 2107 3553 2172 sentire,

1969 2216 2067 2257 nec
2086 2199 2310 2265 tristari,
2342 2213 2442 2253 nec
2470 2196 2799 2265 desnderare,
2847 2212 2949 2251 nec
2989 2203 3251 2260 metuere,
3286 2211 3384 2251 nec
3414 2210 3553 2251 mm-
3642 2262 3651 2267 _

1965 2308 2107 2349 rere.
2141 2292 2321 2345 Deitas
2360 2289 2492 2344 nihil
2522 2289 2731 2355 metuit,
2781 2289 3037 2358 quoniam
3061 2288 3301 2343 omnium
3335 2300 3357 2327 ε
3381 2287 3553 2343 domi-

1967 2390 2156 2448 natur;
2190 2381 2242 2436 in
2274 2381 2420 2436 nullo
2450 2380 2709 2444 tristatur,
2755 2380 3007 2449 quoniam
3034 2378 3084 2433 ei
3115 2379 3243 2432 nihil
3292 2379 3557 2449 passionis

1969 2473 2198 2529 infertur
2223 2491 2236 2526 :
2264 2472 2317 2526 in
2347 2471 2497 2527 nullo
2523 2471 2735 2538 metuit,
2758 2470 2881 2541 quia
2915 2469 3058 2545 nulla
3080 2479 3163 2525 est
3192 2470 3269 2524 illi
3299 2469 3557 2525 naturalis

1968 2564 2279 2629 inﬁrmitas;
2326 2562 2460 2617 nihil
2508 2561 2797 2626 desiderat,
2847 2561 2972 2632 quia
3020 2560 3203 2615 omnia
3253 2567 3451 2630 potest,
3500 2566 3559 2615 et

1967 2654 2148 2710 omnia
2170 2652 2432 2724 possidet.
2464 2650 2591 2706 Haec
2613 2665 2742 2720 ergo
2771 2659 2963 2706 cuncta
2987 2651 3039 2704 in
3063 2650 3238 2704 anima
3263 2665 3421 2719 quam
3445 2664 3561 2705 sus-

1967 2757 2187 2817 ceperat
2213 2744 2436 2816 pertulit
2464 2743 2731 2812 Christus,
2759 2750 2815 2798 ut
2830 2758 3015 2798 veram
3044 2751 3319 2812 totamque
3348 2743 3399 2797 in
3424 2740 3449 2778 δ
3472 2757 3575 2809 se,.

1969 2852 2090 2893 cum
2138 2836 2246 2891 suis
2294 2833 2714 2899 infirmitatibus,
2756 2834 2990 2888 hominis
3031 2832 3424 2889 demonstraret
3465 2849 3558 2890 ao-

1970 2926 2114 2997 cepti
2153 2925 2540 2989 substantiam;
2572 2932 2627 2978 et
2654 2921 3067 2987 infirmitatibus,
3106 2936 3241 2991 quas
3286 2937 3384 2991 pro
3410 2921 3560 2976 infir-

1969 3017 2073 3071 mis
2096 3016 2324 3085 accepit,
2353 3015 2608 3069 virtutem
2630 3013 2932 3083 perliceret.
2965 3028 3127 3083 quam
3153 3011 3378 3068 inﬁrmis
3404 3014 3560 3068 attri—

1969 3107 2104 3162 buit.
2152 3105 2255 3173 Qui
2296 3114 2352 3162 et
2401 3106 2636 3161 hominis
2688 3119 2906 3160 carnem
2959 3114 3247 3174 propterea
3276 3105 3559 3161 mortalem

1974 3201 2180 3267 habuit,
2209 3208 2269 3255 ut
2297 3200 2614 3256 mortalibus
2644 3199 2862 3269 plenam
2892 3197 3165 3255 conferret
3186 3200 3561 3256 immortalita-

288 3277 519 3332 turbetur
545 3292 633 3330 cor
656 3282 901 3341 vestrum,
928 3289 1090 3345 neque
1111 3270 1374 3344 formidet,
1399 3268 1488 3323 ubi
1514 3267 1729 3339 proprie
1750 3282 1871 3322 cor-

1977 3292 2045 3348 tis
2069 3293 2325 3363 gratiam;
2357 3299 2414 3347 et
2450 3266 2684 3346 hominis
2719 3290 2951 3344 anim’am
2995 3300 3119 3345 cum
3164 3290 3563 3348 inﬁrmitatibus

287 3370 374 3425 dis
427 3368 644 3424 nomine
697 3367 984 3421 humanam
1041 3366 1279 3420 animam
1332 3360 1761 3420 demonstravit.
1809 3374 1876 3415 ac

287 3458 484 3515 deinde
509 3458 705 3514 dixerit
730 3476 741 3511 :
778 3457 1013 3511 Tristitia
1040 3456 1263 3527 implevit
1299 3470 1388 3509 cor
1416 3461 1656 3518 vestrum,
1682 3460 1742 3505 ut
1763 3452 1878 3506 evi-

287 3549 504 3605 dentius
531 3547 846 3605 ostenderet
869 3555 924 3602 et
970 3541 1239 3601 tristitiam
1277 3553 1332 3600 et
1363 3544 1617 3612 gaudium
1653 3542 1720 3597 ad
1755 3541 1877 3596 ani-

287 3656 435 3697 mam
464 3640 753 3711 pertinere,
785 3654 972 3693 rursus
996 3638 1290 3708 Apostolus
1318 3636 1448 3691 dicit
1471 3654 1485 3689 :
1515 3637 1703 3703 Amen,
1724 3651 1874 3711 amen

286 3734 407 3787 dico
436 3707 596 3798 vobis,
623 3731 744 3801 quia
771 3707 1057 3801 plorabitisi
1091 3739 1140 3784 et
1179 3728 1367 3797 ﬂebitis
1397 3745 1500 3795 vos,
1533 3707 1754 3783 ntundu;
1783 3745 1879 3782 au-

289 3837 396 3881 tem
435 3821 699 3896 gaudebit,
744 3838 830 3876 vos
859 3830 1025 3874 autem
1055 3820 1525 3885 contristabimini;
1555 3820 1644 3873 sed
1668 3821 1880 3874 tristitia

288 3923 460 3970 vestra
489 3921 706 3969 vertetur
747 3912 802 3965 in
838 3910 1102 3983 gaudium.
1150 3910 1343 3964 Mulier
1382 3927 1495 3963 cum
1523 3911 1682 3980 parit,
1713 3911 1880 3983 tristi-

291 4006 421 4060 tiam
449 4003 618 4069 habet,
646 4004 765 4075 quia
796 4004 930 4057 venit
953 4002 1079 4057 hora
1099 4003 1210 4073 ejus
1237 4018 1254 4055 :
1281 4016 1396 4054 cum
1426 4009 1597 4054 autem
1625 4000 1881 4070 pepererit

292 4094 387 4166 (al.
414 4096 631 4167 peperit)
654 4110 887 4165 puerum,
918 4094 1035 4163 jam
1073 4108 1177 4147 non
1210 4091 1742 4162 meminit'pressurae,
1769 4107 1886 4161 pro-

293 4198 408 4260 pter
427 4187 691 4259 gaudium,
717 4188 839 4258 quia
865 4195 1015 4238 natus
1044 4193 1121 4239 est
1150 4184 1300 4238 homo
1322 4185 1375 4237 in
1404 4184 1672 4237 mundum.
1703 4181 1769 4236 Et
1794 4200 1885 4237 vos

294 4280 451 4351 igitur
472 4265 608 4333 nunc
630 4278 834 4350 quidem
862 4278 1126 4331 tristitiam
1152 4277 1369 4340 habetis,
1394 4278 1582 4330 iterum
1609 4286 1780 4331 autem
1803 4277 1882 4329 vi-

295 4370 421 4423 debo
442 4385 548 4432 vos,
580 4376 627 4421 et
648 4367 889 4439 gaudebit
907 4382 996 4421 cor
1021 4375 1246 4419 vestrum
1273 4380 1291 4418 :
1322 4373 1371 4419 et
1393 4364 1637 4435 gaudium
1659 4375 1883 4421 vestrum

295 4448 444 4515 nemo
464 4459 607 4514 tollet
634 4476 667 4512 a
692 4458 849 4514 vobis.
880 4457 1022 4514 Ecce
1052 4458 1268 4528 proprie
1297 4457 1349 4512 in
1396 4458 1614 4513 homine
1644 4459 1882 4525 tristitia,

297 4552 526 4608 formido
551 4560 605 4607 et
632 4550 882 4619 gaudium
911 4550 1082 4616 cordi,
1111 4550 1161 4605 id
1189 4559 1274 4604 est
1293 4549 1508 4617 animae,
1534 4550 1881 4619 deputantur.

1975 3385 2086 3440 suis
2129 3383 2245 3438 sine
2275 3391 2501 3452 peccato
2531 3380 2788 3451 suscepit,
2822 3387 2881 3435 ut
2910 3380 3112 3436 nostris
3155 3381 3435 3437 animabus
3462 3383 3563 3436 im~

1973 3475 2233 3544 penderet
2258 3470 2598 3538 medicinam,
2626 3473 2751 3543 quia
2782 3472 2938 3537 sicut,
2965 3469 3100 3526 lsaia
3128 3481 3285 3539 teste,
3317 3474 3560 3528 vulnera-

1976 3574 2055 3620 tus
2092 3575 2175 3620 est
2213 3562 2422 3637 propter
2467 3566 2765 3637 iniquitates
2808 3574 3013 3619 nostras
3069 3565 3236 3636 (quod
3286 3567 3561 3637 proprium

1976 3657 2152 3713 carnis
2198 3655 2333 3711 fuit:
2362 3657 2562 3727 quippe
2589 3673 2710 3712 cum
2755 3656 2867 3726 jam
2910 3657 3148 3713 defuncti
3193 3658 3331 3714 latus
3375 3660 3562 3714 lancea

1976 3755 2282 3818 percuteret
2311 3745 2507 3818 miles),
2536 3747 2608 3799 ita
2637 3747 2937 3816 inﬁrmatus
2987 3757 3064 3801 est
3112 3757 3321 3819 propter
3346 3757 3565 3819 peccata

1978 3847 2157 3893 nostra
2190 3837 2345 3905 (Isai.
2378 3853 2490 3905 LIII,
2519 3835 2571 3908 5)
2606 3834 2769 3907 (quod
2796 3844 2878 3892 est
2907 3837 3116 3901 animae,
3161 3837 3314 3907 cujus
3338 3854 3436 3907 pro
3467 3853 3569 3896 no-

1980 3930 2062 3984 bis
2091 3927 2429 3983 inﬁrmitates
2458 3925 2739 3997 suscepit).
2784 3925 2952 3994 Hujus
2989 3926 3183 3979 animae
3210 3927 3472 3996 ponendae
3500 3940 3569 3986 ac

1980 4018 2319 4075 resumendae
2338 4019 2539 4073 habeas
2564 4016 2926 4086 plenissimam
2946 4023 3289 4085 potestatem,
3310 4015 3524 4071 dicebat
3546 4031 3564 4072 :

1985 4110 2270 4180 Propterea
2300 4126 2379 4163 me
2406 4108 2567 4162 Pater
2610 4106 2818 4177 diligit,
2849 4107 2971 4178 quia
3018 4123 3111 4177 ego
3160 4122 3294 4176 pono
3336 4108 3567 4162 animam

1986 4219 2173 4270 meam,
2197 4210 2245 4255 et
2284 4202 2471 4255 iterum
2495 4216 2693 4254 sumam
2721 4213 2836 4252 eam
2860 4214 2877 4252 :
2908 4214 3058 4251 nemo
3095 4198 3230 4251 tollit
3254 4214 3370 4251 eam
3400 4215 3431 4251 a
3452 4216 3564 4265 me,

1985 4295 2076 4349 sed
2103 4309 2195 4365 ego
2224 4308 2358 4363 pono
2387 4308 2501 4345 eam
2522 4310 2552 4344 a
2575 4292 2807 4360 meipso:
2834 4295 3138 4360 potestatem
3161 4287 3321 4343 habeo
3344 4290 3569 4360 ponendi

1985 4401 2119 4449 eam,
2169 4391 2219 4438 et
2260 4383 2355 4453 (al.
2397 4381 2507 4451 sed)
2536 4388 2840 4452 potestatem
2886 4378 3048 4433 habeo
3095 4380 3279 4445 iterum
3330 4380 3569 4434 sumendi

1987 4490 2103 4528 eam
2126 4490 2145 4527 :
2176 4474 2269 4528 hoc
2298 4481 2606 4543 praeceptum
2634 4470 2807 4541 accepi
2848 4487 2880 4523 a
2919 4469 3082 4524 Patre
3125 4486 3236 4525 meo
3291 4468 3476 4540 (Joan.
3508 4486 3569 4540 ι,

1992 4564 2202 4631 17,18).
2216 4563 2409 4631 Quaero
2434 4565 2486 4618 in
2502 4564 2607 4618 hoc
2628 4564 2745 4641 loco
2759 4563 2921 4617 abhis
2941 4564 3032 4632 qui
3058 4564 3109 4617 in
3137 4561 3350 4618 Christo
3375 4564 3569 4619 huma-

298 4639 589 4710 Pr0pterea
620 4648 675 4694 et
703 4639 991 4709 Apostolus
1031 4639 1198 4695 dicit:
1244 4638 1364 4709 Ipse
1408 4649 1580 4693 autem
1626 4637 1873 4695 Dominus

1990 4672 2113 4711 nam
2138 4658 2371 4711 animam
2398 4656 2581 4711 dicunt
2605 4638 2927 4710 omnimodis
2948 4672 3056 4711 non
3091 4654 3272 4719 fuisse,
3296 4671 3454 4725 quam
3485 4657 3573 4713 hic

294 4732 449 4787 Iesus
479 4733 734 4795 Christus,
764 4740 812 4785 et
842 4730 999 4794 Deus,
1027 4730 1052 4769 ι’
1081 4741 1130 4785 et
1171 4730 1329 4785 Pater
1353 4741 1544 4794 noster,
1586 4732 1672 4802 qui
1703 4733 1885 4787 dilexit

301 4839 414 4886 nos,
447 4832 495 4876 et
535 4822 675 4875 dedit
702 4821 1108 4876 consolationem
1154 4828 1419 4884 retentam,
1453 4830 1502 4875 et
1530 4838 1672 4891 spem
1696 4823 1885 4876 bonam

300 4928 356 4965 in
386 4912 576 4984 gratia,
600 4911 888 4966 consoletur
917 4912 1011 4983 (al.
1041 4911 1253 4974 soletur)
1291 4912 1451 4964 corda
1479 4922 1664 4977 vestra,
1689 4923 1738 4967 et
1766 4929 1892 4968 con-

299 5006 471 5075 firmet
491 5007 545 5059 in
567 5007 705 5083 omni
735 5022 887 5075 opere
898 5015 946 5059 et
965 5020 1196 5058 sermone
1218 5003 1350 5058 bono
1375 5002 1460 5075 (ll
1482 5002 1658 5058 Thess.
1686 5021 1742 5069 ιι,
1772 5005 1885 5077 l5).

305 5085 611 5149 Ubi'atﬁem
640 5104 817 5165 potest
844 5094 1087 5149 adhiberi
1114 5094 1435 5160 consolatio,
1465 5093 1565 5148 nisi
1590 5094 1679 5149 ubi
1704 5104 1888 5165 potest

304 5188 547 5257 irrepere
575 5187 918 5243 mmstitudo?
944 5202 1063 5257 qua:
1108 5186 1233 5255 quia
1279 5186 1493 5255 preprie
1547 5186 1613 5241 ad
1651 5188 1887 5243 animam

303 5278 604 5349 pertinent,
638 5286 923 5347 propterea
946 5277 1015 5332 de
1042 5276 1256 5332 Christo
1293 5277 1552 5346 scriptum
1602 5286 1688 5333 est
1711 5296 1724 5332 :
1750 5278 1893 5346 Quia

305 5371 456 5439 cepit
477 5370 774 5425 contristari
791 5378 840 5424 et
870 5378 1073 5423 maestus
1095 5386 1233 5436 esse;
1260 5376 1314 5424 et
1342 5370 1490 5440 capit
1507 5387 1691 5440 pavere
1715 5381 1765 5425 et
1790 5381 1887 5427 ta:-

306 5459 449 5515 dere.
480 5460 544 5515 Et
574 5461 687 5530 ipse
715 5460 843 5515 dicit
868 5478 880 5512 :
915 5458 1100 5514 Tristis
1142 5471 1217 5515 est
1262 5461 1440 5516 anima
1485 5478 1602 5516 mea
1629 5479 1786 5534 usque
1816 5464 1886 5518 ad

308 5560 544 5631 mortem.
578 5549 641 5605 Et
665 5567 799 5605 nunc
826 5551 1001 5605 anima
1023 5567 1135 5604 mea
1155 5551 1357 5605 turbata
1376 5563 1471 5607 est.
1532 5597 1545 5620 ,

387 5765 414 5793 ⁸·
444 5756 627 5819 Basi|.,
657 5766 712 5809 ut
739 5765 1015 5811 servatam.

385 5825 414 5865 δ
437 5825 534 5880 Ms.
561 5825 746 5891 Corb.,
777 5835 826 5880 et
852 5825 987 5880 Deus
1016 5824 1174 5879 Pater
1202 5835 1393 5882 noster.

389 5904 414 5937 ο
443 5895 604 5954 Basil.
649 5903 706 5953 et
733 5897 1019 5970 Autumn,
1068 5898 1311 5969 quoniam
1340 5898 1567 5953 omnium
1595 5895 1894 5957 dominator

1990 4750 2341 4805 substantiam
2371 4748 2592 4803 credant
2626 4748 2818 4801 animm
2858 4747 3121 4802 vocabulo
3169 4747 3571 4818 nuncupatam?

1993 4837 2171 4898 utrum
2197 4840 2508 4904 divinitatis;
2532 4854 2600 4893 an
2629 4839 2843 4894 carnis?
2867 4839 2950 4894 vel
2978 4853 3098 4907 qua:
3130 4839 3180 4892 in
3206 4838 3420 4894 Christo
3442 4837 3572 4894 sub-

1993 4937 2189 4990 stantia
2236 4931 2499 5004 ponendae
2546 4932 2738 4986 animm
2784 4931 2884 4986 sibi
2928 4930 3165 4986 vindicet
3205 4931 3572 5002 potestatem?

1995 5029 2149 5097 Quod
2169 5029 2214 5084 si
2242 5027 2433 5083 divinze
2453 5025 2765 5081 substantiae
2792 5026 2931 5080 hanc
2959 5034 3281 5096 potestatem
3310 5027 3568 5090 tribuunt,

1991 5130 2050 5175 ut
2077 5135 2293 5176 carnem
2323 5119 2501 5174 dicant
2528 5118 2719 5173 anima:
2745 5119 3005 5174 vocabulo
3021 5128 3570 5190 nuncupatam,quam

1993 5215 2044 5268 in
2093 5213 2341 5284 passione
2381 5212 2554 5267 fuerat
2596 5213 2835 5283 positura
2883 5212 3135 5267 divinitas
3164 5215 3247 5281 (ut
3274 5210 3572 5268 secundum

1992 5321 2178 5360 eorum
2207 5305 2537 5359 voluntatem
2561 5320 2699 5359 nunc
2720 5303 2932 5358 interim
2957 5302 3344 5372 disputemus),
3373 5303 3416 5357 si
3443 5303 3581 5365 divi:

1994 5395 2134 5449 nitas
2162 5393 2229 5448 de
2257 5408 2419 5449 carne
2439 5393 2603 5448 dicit:
2638 5391 2952 5448 Potestatem
2999 5390 3161 5446 habeo
3201 5393 3423 5463 ponendi
3454 5395 3571 5449 ani-

1996 5503 2129 5540 mam
2159 5501 2354 5549 meam;
2382 5485 2509 5539 dum
2531 5499 2747 5540 carnem
2775 5482 3037 5537 vocabulo
3058 5482 3248 5537 anima:
3278 5492 3569 5554 nuncupat,

1996 5577 2145 5634 carni
2172 5576 2288 5632 sine
2316 5575 2479 5631 dubio
2508 5582 2728 5631 cunctas
2752 5573 2913 5628 etiam
2945 5570 3282 5630 infirmitates
3302 5574 3539 5644 assignat

1890 5764 1895 5769 ’
1992 5754 2046 5808 in
2069 5753 2208 5825 nullo
2239 5754 2494 5825 tristatur;
2517 5754 2779 5825 quoniam,
2805 5760 2908 5807 etc.

2064 5821 2089 5861 ιι
2124 5824 2218 5895 his.
2244 5822 2430 5884 Corb.,
2462 5821 2715 5878 ut'veram
2761 5832 3016 5893 totamque
3060 5841 3249 5890 secum,
3290 5828 3396 5881 suis
3426 5826 3579 5895 iit/iro

1996 5894 2278 5965 mitatibus,
2306 5896 2527 5953 hominis
2556 5894 2930 5953 demonstraret
2951 5898 3144 5968 accepti
3172 5894 3539 5953 substantiam.
