4068 6454
531 417 642 473 287
1575 410 1633 465 S.
1676 402 2036 464 FULGENTII
2075 401 2371 457 EPISCOPI
2414 398 2786 455 RUSPENSIS
3698 392 3810 448 282

536 535 666 590 dum
720 531 851 587 dicit
894 550 907 583 ε
953 531 1141 585 Anima
1192 545 1307 581 mea
1372 523 1578 578 turbata
1615 530 1724 584 est;
1756 519 1881 573 dum
1928 516 2059 571 dicit
2099 533 2112 568 :
2147 521 2193 574 Α
2220 521 2276 566 ut
2297 512 2526 565 animant
2548 525 2693 563 suam
2713 508 2825 579 quis
2852 514 3011 577 ponat
3036 522 3129 575 pro
3157 503 3338 557 amicis
3363 503 3469 557 suis
3500 498 3681 573 (Joan.
3716 520 3812 571 xv,
3884 515 3891 521 ‘

540 624 724 680 Tris:is
747 631 825 676 est
848 621 1027 675 anima
1047 635 1160 673 mea
1182 633 1339 688 usque
1360 615 1430 668 ud
1453 609 1841 667 mortem.Cum
1860 620 1989 675 ergo
2011 621 2119 660 non
2224 601 2336 670 13).
2387 599 2539 655 Unde
2576 600 2752 654 sciens
2795 595 2987 688 Petrus
3055 596 3289 649 animam
3336 592 3536 648 Christi
3588 594 3815 688 proprio

538 713 734 769 dixerit
760 709 1046 765 Christus:
1081 683 1272 761 Tristis
1301 721 1417 760 sum
1450 718 1617 771 usque
1652 700 1717 754 ad
1748 707 1996 762 mortem,
2027 695 2121 750 sed
2221 689 2664 759 substantialique
2704 686 2969 743 vocabulo
3006 691 3393 755 nuncupatam,
3426 698 3493 738 ne
3525 683 3815 752 quisquam

539 805 738 861 dixerit
764 822 776 857 :
810 803 995 857 Tristis
1023 810 1099 855 est
1127 800 1303 853 anima
1334 814 1445 851 mea
1472 811 1630 865 usque
1650 793 1719 846 ad
1746 801 1992 853 mortem;
2025 803 2124 841 nec
2221 790 2436 854 putaret
2455 796 2485 834 a
2508 778 2736 833 Domino
2764 792 2981 831 carnem
3003 775 3222 829 nomine
3246 772 3469 865 forsitan
3500 773 3816 865 animaedc-

541 894 740 951 dixerit
768 912 781 945 :
814 893 1083 947 Turbatus
1109 906 1247 951 sum,
1276 887 1369 943 sed
1401 905 1413 938 :
1446 861 1631 937 Anima
1652 899 1764 936 mea
1795 880 1997 933 turbata
2012 887 2123 941 est;
2225 873 2455 941 signari,
2497 869 2745 941 perfecta:
2791 866 3126 928 imitationis,
3151 878 3311 934 quam
3344 862 3443 916 fuit
3471 861 3816 932 postmodum

543 985 641 1040 bas
668 985 853 1052 utique
884 982 1163 1053 passiones
1205 978 1383 1034 carnis
1412 991 1530 1030 esse
1565 971 1904 1034 monstravit,
1932 968 2127 1023 divini-
2228 958 2564 1031 accepturus,
2590 959 2813 1028 cupiens
2842 957 3037 1011 sectari
3058 956 3332 1018 virtutem,
3366 953 3565 1008 dicenti
3585 952 3820 1053 Domino

546 1086 725 1148 tatem_
756 1044 901 1131 vero-
930 1088 1083 1130 suam
1140 1069 1522 1141 impassihilem
1568 1066 1789 1121 omnino
1826 1060 2124 1133 perdocuit.
2231 1054 2325 1124 (at.
2353 1053 2588 1120 dicente)
2618 1069 2630 1102 :
2662 1047 2775 1114 Quo
2796 1067 2888 1120 ego
2912 1048 3040 1102 υαάο
3062 1064 3163 1148 ηιξξι
3183 1054 3328 1148 ροξςε
3353 1063 3433 1148 mf
3468 1046 3612 1118 sequi
3631 1044 3818 1110 Μοάον

546 1135 725 1233 ρυοίί
743 1166 788 1219 si
818 1164 956 1219 forte
982 1135 1293 1219 substantia:
1322 1159 1500 1215 carnis
1523 1159 1659 1213 hanc
1691 1156 1930 1209 tribuunt
1975 1160 2130 1222 pote-

2229 1143 2454 1214 sequeris
2481 1152 2650 1195 autem
2670 1149 2868 1211 postea,
2902 1137 3177 1207 respondit
3205 1154 3218 1190 :
3251 1135 3494 1202 Domine,
3526 1152 3685 1207 quare
3713 1151 3822 1188 non

547 1228 763 1321 siatem,
795 1265 1045 1324 tanquam
1072 1269 1200 1310 caro
1222 1254 1289 1307 de
1316 1251 1595 1305 divinitate
1621 1248 1854 1301 dixerit:
1888 1242 2128 1297 Potesta-

2232 1248 2438 1306 possum
2472 1233 2612 1303 sequi
2644 1240 2692 1284 te
2720 1228 2907 1284 modo?
2934 1228 3177 1281 Animam
3224 1242 3392 1280 meam
3427 1242 3522 1295 pro
3553 1233 3600 1277 te
3627 1239 3824 1293 ponam

546 1356 648 1403 tem
670 1316 830 1402 habeo
856 1316 1081 1415 ponendi
1109 1346 1339 1398 animam
1367 1357 1555 1404 meam,
1582 1346 1860 1392 tantumne
1880 1350 1976 1389 eos
2002 1333 2134 1387 divi-
2236 1326 2415 1399 (Ioan.
2449 1341 2561 1389 xm,
2592 1324 2684 1389 56,
2715 1322 2826 1391 57).
2859 1318 3106 1415 Ostendit
3134 1319 3318 1415 utique
3341 1316 3741 1415 Christumnpro

546 1455 671 1494 nam
708 1402 907 1493 Christi
935 1436 1168 1490 delectat
1211 1436 1482 1490 minorare
1518 1430 1893 1492 substantiam,
1925 1435 1985 1480 ut
2014 1442 2132 1480 eam

2235 1416 2465 1470 animam
2496 1415 2813 1484 positurum,
2839 1423 2962 1464 cum
2990 1423 3050 1463 se
3066 1407 3117 1461 in
3140 1407 3245 1461 hoc
3264 1420 3386 1460 eum
3411 1403 3565 1474 sequi
3591 1402 3826 1469 diceret,

546 1491 722 1583 carnis
757 1491 867 1581 suae
907 1526 1163 1596 potestati
1211 1524 1528 1591 subjiciunt,
1589 1529 1649 1574 ut
1705 1520 1819 1589 ipsa
1869 1516 2165 1581 obedierit,
2236 1516 2294 1563 ut
2322 1506 2484 1596 etiam
2512 1504 2625 1596 ipse
2660 1516 2771 1596 pro
2814 1499 3032 1554 Christo
3074 1498 3308 1552 animam
3351 1495 3639 1596 9053135“
3688 1491 3828 1547 Νοιῑι

544 1620 714 1685 carui,
743 1635 865 1674 cum
888 1585 1094 1674 (ξίοπο
1114 1585 1358 1672 debuerit
1378 1585 1648 1668 (animus?
1726 1585 1739 1589 '
1777 1676 1785 1684 '
2235 1598 2361 1668 quia
2408 1594 2702 1650 divinitatis
2750 1599 3000 1646 naturam
3057 1602 3399 1644 communem
3457 1585 3653 1641 Petrus
3700 1598 3829 1685 cum

616 1676 799 1765 Carm
832 1725 979 1763 xxtn.
1023 1708 1154 1764 Sola
1191 1707 1435 1761 divinitas
1480 1706 1687 1775 plenam
1730 1676 1883 1756 habet
1921 1713 2065 1772 pote-

2236 1689 2451 1745 Christo
2481 1703 2588 1741 non
2620 1684 2825 1749 habuit,
2875 1697 2985 1737 non
3026 1681 3077 1735 ei
3125 1679 3193 1735 de
3221 1679 3501 1734 divinitate
3529 1677 3707 1747 potuit
3736 1676 3826 1731 dio

1224 1786 1428 1830 εεαιεηι-
1480 1770 1489 1775 ’
1922 1770 1930 1772 ὴ
2238 1796 2362 1838 cere
2386 1799 2399 1834 :
2432 1780 2672 1833 Animam
2691 1792 2855 1830 meam
2884 1790 2977 1845 pro
3006 1782 3052 1826 te
3079 1786 3287 1844 ponam.
3307 1770 3528 1837 Rursus,
3542 1770 3586 1826 si
3608 1785 3833 1825 carnem

616 1870 712 1929 Illa
741 1885 869 1938 ergo
897 1885 1001 1924 vox
1031 1884 1135 1938 qua
1153 1867 1351 1923 dictum
1375 1875 1489 1922 est:
1521 1864 1838 1920 Potestatem
1860 1862 2022 1917 habeo
2039 1880 2134 1933 ρο·
2167 1892 2208 1951 Β
2237 1887 2336 1944 pro
2366 1886 2425 1925 se
2450 1879 2636 1924 nosset
2655 1867 2927 1921 Christum
2948 1862 3330 1918 tantummodo.
3344 1862 3607 1932 posuisse,
3648 1870 3833 1931 posset

545 1962 708 2019 nendi
749 1962 979 2014 animam
1023 1974 1208 2023 meum,
1241 1956 1406 2012 totius
1444 1955 1676 2010 hominis
1704 1969 1824 2009 esse
1866 1951 2133 2008 credenda
2174 1950 2177 1951 ⁷
2235 1963 2396 2019 etiam
2429 1961 2543 2030 ipso
2572 1959 2790 2013 dicere:
2821 1953 3227 2025 Corpusnzeum
3248 1968 3348 2022 pro
3378 1962 3430 2006 te
3460 1967 3696 2022 ponam:
3727 1950 3836 2007 sic-

547 2063 653 2111 est.
693 2053 845 2109 Sicut
885 2051 1027 2106 enim
1054 2059 1198 2105 totus
1222 2048 1571 2117 semetipsum
1618 2048 1774 2118 129
1812 2044 2050 2110 tradidit,
2081 2050 2136 2099 et
2235 2064 2295 2110 ni
2350 2051 2568 2124 proprie
2618 2062 2815 2118 corpus
2861 2045 3098 2101 ostendit
3146 2042 3359 2107 Paulus,
3409 2042 3499 2096 ubi
3546 2041 3723 2095 dixit:
3766 2039 3833 2096 Si

549 2154 698 2200 tutus
725 2144 890 2199 homo
918 2142 1266 2211 semetipsum
1292 2138 1507 2202 obtulit,
1530 2137 1597 2192 de
1618 2152 1726 2206 quo
1747 2136 1880 2190 dicit
1904 2136 2136 2205 Aposto—
2236 2142 2502 2199 tradidero
2548 2155 2737 2209 corpus
2782 2152 2977 2203 meum,
3002 2145 3059 2187 ut
3096 2133 3310 2187 ardeam
3360 2130 3414 2202 (Ι
3457 2129 3577 2185 Cor.
3613 2128 3840 2200 x1153).

553 2236 637 2289 lus
676 2252 689 2287 :
719 2232 988 2286 Ambntate
1042 2233 1094 2284 in
1150 2229 1440 2291 dilectione,
1485 2228 1619 2282 sicut
1646 2234 1695 2279 et
1739 2224 1976 2278 Christus
2006 2224 2136 2278 dile—
2234 2236 2345 2293 sed
2366 2234 2621 2306 quoniam
2652 2230 2858 2285 sciebat
2886 2227 3078 2282 petrus
3103 2224 3375 2281 Chrismm
3402 2239 3502 2294 pro
3528 2223 3685 2278 nobis
3712 2225 3837 2276 ani-

550 2331 631 2383 xit
659 2345 771 2392 nos,
804 2337 852 2381 et
883 2326 1095 2380 tradidit
1137 2324 1463 2394 semetipsum
1489 2339 1583 2393 pro
1632 2320 1779 2374 nobis
1823 2318 2137 2373 oblationem
2238 2345 2380 2384 mam
2406 2326 2721 2398 positorum,
2753 2327 3045 2392 propterea
3088 2318 3142 2371 in
3169 2331 3237 2373 eo
3265 2331 3325 2371 se
3353 2314 3640 2369 Dominum
3674 2313 3837 2385 13°

551 2426 603 2473 et
642 2418 864 2472 hostium
913 2414 1043 2482 Deo,
1074 2416 1127 2469 in
1159 2414 1368 2468 odorem
1404 2412 1675 2467 suavitatis
1721 2409 1936 2482 (Ep/tes.
1971 2426 2024 2479 v,
2054 2408 2135 2481 2),
2240 2421 2379 2477 vene
2430 2418 2584 2489 sequi
2634 2413 2977 2478 monstravit,
3021 2412 3076 2466 in
3122 2424 3230 2480 quo
3276 2424 3376 2479 pro
3412 2423 3479 2463 eo
3514 2407 3707 2462 animae
3733 2421 3835 2497 po;

551 2506 630 2565 ita
652 2515 799 2562 totus
829 2507 991 2561 homo
1022 2505 1255 2558 animam
1296 2518 1446 2557 suam
1495 2505 1693 2570 posuit,
1725 2516 1846 2554 cum
1876 2499 2053 2552 anima
2083 2498 2138 2552 in
2240 2511 2432 2568 ηεηάτε
2454 2506 2842 2565 demonstravi;
2870 2503 3149 2567 amotum,
3184 2508 3245 2556 ιιι
3281 2514 3443 2569 quam
3471 2513 3574 2570 pro
3599 2512 3661 2554 se
3680 2496 3838 2554 Cluvi-

551 2614 715 2656 cruce
735 2614 895 2654 carne
925 2598 1188 2652 moriente
1217 2594 1491 2656 discessit;
1526 2608 1684 2660 quam
1718 2599 1894 2645 tamen
1920 2604 2139 2644 carnem
2241 2610 2382 2658 εωηι
2413 2578 2658 2671 posuisse
2683 2597 2867 2661 δεῖνα,
2898 2596 3038 2650 hanc
3065 2594 3180 2665 ipse
3219 2608 3320 2665 pro
3342 2591 3563 2665 Christo
3588 2591 3841 2647 similiter

557 2705 659 2745 nec
688 2689 740 2743 in
767 2696 943 2743 morte
982 2686 1232 2741 divinitas
1258 2683 1515 2747 deseruit,
1553 2683 1692 2737 sicut
1719 2696 1819 2736 nec
1847 2681 1898 2735 in
1930 2679 2139 2735 inferno
2241 2689 2530 2761 posuisset,
2580 2686 2648 2741 Ει
2689 2692 2747 2741 ιιι
2793 2686 2968 2740 omnis
2996 2694 3175 2755 praue
3204 2683 3375 2751 caligo
3411 2683 3695 2737 sementim
3723 2679 3839 2737 cla-

535 2758 790 2833 'animam
818 2776 1135 2846 dereliquu;
1167 2774 1234 2829 de
1263 2789 1369 2843 qua
1413 2773 1573 2826 ﬁliam
1600 2772 1860 2843 Prophela
1891 2770 2099 2825 dixerat
2124 2788 2136 2825 ε
2243 2758 2455 2834 rissimo
2479 2792 2696 2849 prorsus
2725 2776 3003 2831 catholica:
3031 2774 3271 2829 veritatis
3295 2773 3499 2828 lumine
3520 2772 3843 2842 dissipetur,

561 2867 685 2923 Non
708 2869 1031 2939 deretinques
1051 2868 1283 2919 animam
1315 2880 1482 2917 meam
1508 2865 1561 2918 in
1590 2864 1796 2935 inferno
1841 2860 2013 2926 (Psat.
2047 2877 2139 2930 xv,
2244 2869 2464 2924 Joannis
2513 2867 2866 2923 informemur
2909 2867 3145 2937 eloquio,
3195 2866 3309 2936 qui,
3367 2865 3436 2921 ad
3481 2865 3842 2921 imitationem

562 2961 671 3031 10).
697 2960 830 3017 Cum
861 2974 989 3029 ergo
1031 2959 1193 3013 homo
1241 2955 1484 3013 Christus
1519 2964 1720 3011 tantam
1743 2956 2006 3026 acceperit
2039 2970 2140 3024 po—
2244 2959 2443 3015 Christi
2481 2958 2669 3014 ﬁdeles
2685 2959 2997 3024 exhortans,
3028 2956 3173 3027 quod
3211 2958 3266 3012 in
3296 2957 3472 3028 capite
3505 2965 3734 3012 noverat
3761 2955 3845 3013 fa-

559 3062 832 3117 tcstatem,
857 3058 912 3106 ut
935 3066 1055 3106 cum
1085 3049 1247 3104 vellet
1272 3048 1502 3103 animam
1534 3055 1776 3118 poneret,
1793 3055 1848 3103 et
1875 3062 1996 3102 cum
2025 3044 2142 3100 vel-
2246 3059 2410 3116 ctum,
2441 3051 2547 3105 hoc
2574 3050 2626 3103 in
2649 3048 2901 3103 membris
2937 3048 3179 3119 przecipit
3208 3048 3302 3119 (at.
3333 3046 3608 3119 pmcepit)
3638 3047 3846 3104 facien-

560 3146 635 3198 let
656 3143 832 3199 denuo
861 3153 1186 3207 resumeret;
1210 3148 1466 3210 quantam
1504 3140 1686 3209 potuit
1713 3138 1912 3193 habere
1944 3136 2143 3193 Christi
2247 3142 2393 3199 dum.
2414 3142 2479 3197 In
2506 3144 2619 3208 hoc,
2647 3143 2911 3213 inquiens,
2931 3144 3283 3214 cognoscimus
3296 3144 3562 3197 caritatem
3574 3142 3692 3209 Dei,
3714 3160 3845 3212 quo-

561 3236 813 3289 divinitas
842 3241 1187 3304 potestatem,
1219 3231 1306 3286 cui
1337 3230 1440 3285 hoc
1466 3238 1549 3285 est
1593 3244 1807 3301 semper
1835 3227 1972 3283 velle
1999 3225 2142 3296 quod
2176 3273 2221 3336 c
2253 3237 2392 3290 uiam
2416 3236 2505 3290 ξιιε
2525 3252 2620 3306 pro
2644 3235 2791 3289 nobis
2832 3235 3062 3287 animum
3094 3250 3241 3287 suam
3270 3236 3458 3304 posuit,
3499 3245 3548 3288 et
3569 3251 3663 3289 nos
3688 3235 3850 3290 Διὸς..

564 3327 760 3398 posse?
788 3324 918 3378 Nam
952 3324 1003 3377 in
1030 3323 1134 3377 hoc
1181 3322 1301 3377 loco
1349 3336 1473 3376 vere
1514 3319 1855 3391 impassihilis
1881 3327 2043 3389 atque
2067 3319 2147 3373 in-
2179 3319 2221 3336 “
2250 3342 2366 3382 mus
2394 3345 2488 3399 pro
2534 3324 2779 3399 fratribus
2824 3327 3028 3379 animas
3072 3340 3263 3396 ponere
3293 3323 3348 3397 (1
3393 3324 3552 3379 Joan.
3603 3341 3679 3390 ut,
3733 3324 3847 3391 16).

564 3417 707 3472 victa
746 3414 994 3468 divinitas
1040 3413 1284 3467 universa
1333 3427 1552 3482 prorsus
1587 3411 1853 3466 hmreticr
1882 3409 2147 3485 falsitatis
2252 3417 2500 3471 Animam
2524 3417 2685 3484 igitur
2714 3430 2916 3486 ponere
2944 3413 3249 3469 dilectionis
3275 3422 3359 3470 est
3397 3415 3677 3486 proprium
3706 3434 3719 3482 ;
3756 3416 3847 3471 ubi

565 3516 870 3565 commenta
897 3506 1179 3560 destruxit.
1233 3504 1291 3559 Si
1344 3505 1487 3559 enim
1535 3503 1743 3572 integra
1782 3503 1884 3557 fuit
1922 3502 2151 3559 dicentis
2252 3518 2432 3564 amem
2460 3508 2678 3564 dilectio
2705 3515 2936 3573 nonest,
2981 3522 3178 3577 corpus
3212 3506 3350 3562 tradi
3400 3507 3617 3575 dicitur,
3668 3511 3848 3564 anima

565 3607 827 3670 potestas,
859 3599 1158 3653 voluntaria
1198 3596 1297 3652 fuit
1333 3597 1582 3668 patientis
1611 3594 1925 3663 infirmitas;
1955 3595 2151 3651 volun-
2252 3599 2381 3670 poni
2412 3614 2518 3655 non
2540 3598 2738 3654 dicitur
2762 3640 2777 3665 ,
2820 3597 2957 3652 sicut
2986 3595 3093 3652 Vas
3129 3597 3426 3675 electionis,
3460 3598 3679 3668 plenum
3723 3600 3855 3655 dile-

569 3698 652 3746 tas
680 3700 860 3745 autem
894 3706 1011 3760 qua:
1038 3706 1104 3744 ex
1147 3696 1415 3760 potestate
1449 3688 1594 3743 venit
1631 3688 1929 3743 naturalem
1969 3686 2153 3756 utique
2252 3690 2469 3752 ctionis,
2502 3690 2723 3745 omnino
2751 3697 3019 3759 testatur:
3054 3689 3116 3743 Si
3142 3688 3619 3760 tradidero’corpus
3657 3707 3848 3757 meum,

567 3783 849 3839 veritatem
878 3782 1173 3837 divinitatis
1218 3780 1675 3851 humanitatisque
1722 3779 1994 3835 servavit:
2027 3794 2151 3833 nam
2253 3795 2310 3839 ut
2330 3785 2578 3849 ardeam;
2606 3784 2878 3838 caritatem
2927 3791 3098 3836 autem
3138 3798 3242 3837 non
3286 3781 3527 3847 habuero,
3561 3783 3696 3836 nihil
3725 3783 3852 3838 mihi

567 3883 809 3948 potestas
841 3875 1098 3930 naturalis
1126 3874 1315 3945 procul
1338 3874 1501 3930 dubio
1533 3873 1723 3941 defuit,
1776 3874 1821 3928 si
1870 3860 1923 3927 in
1953 3872 2152 3927 divini-
2253 3875 2481 3946 prodest.
2505 3873 2749 3930 Ostendit
2769 3875 2883 3931 sine
2909 3874 3131 3929 caritate
3164 3888 3362 3944 corpus
3377 3888 3535 3944 posse
3560 3874 3721 3941 tradi,
3741 3889 3852 3930 non

567 3973 680 4021 tate
707 3965 906 4021 Christi
935 3966 1187 4035 quaelibet
1218 3964 1501 4019 inlirmitas
1543 3963 1659 4019 fuit.
1693 3963 1935 4030 Qualiter
1974 3970 2155 4016 autem
2257 3967 2489 4021 animum
2516 3967 2676 4035 poni;
2701 3965 2789 4019 ubi
2809 3973 2986 4019 autem
3001 3963 3304 4019 dilectionis
3318 3979 3427 4020 suae
3448 3964 3853 4032 signiticareni—

560 4055 807 4130 patiendi
863 4064 1185 4126 potestatem
1233 4056 1542 4110 humanitas
1590 4054 1796 4121 habuit,
1845 4054 1889 4109 si
1941 4052 2155 4124 plenam
2258 4057 2392 4111 titur
2421 4057 2728 4127 puritatem,
2771 4055 2849 4109 sic
2876 4053 3445 4109 Thessalonicensibus
3487 4054 3712 4109 scribit:
3746 4054 3852 4109 Cn-

568 4144 1053 4221 itnpassibilitatem
1096 4150 1349 4206 divinitas
1391 4150 1591 4205 habere
1645 4164 1750 4202 non
1795 4146 2004 4218 potuit?
2052 4145 2157 4200 Co-
2258 4150 2378 4221 pide
2404 4149 2695 4204 volebamus
2721 4149 2924 4202 tradere
2966 4146 3126 4211 robis,
3158 4162 3263 4200 non
3304 4145 3469 4200 solum
3509 4143 3853 4216 Evangetiunt

568 4248 861 4311 gnoscatur
887 4254 1015 4308 ergo
1042 4239 1296 4309 quoniam
1317 4239 1406 4293 ubi
1437 4238 1752 4295 naturaliter
1777 4238 1932 4307 plena
1955 4246 2039 4292 est
2062 4251 2158 4306 νο·
2261 4241 2378 4307 Dei,
2411 4241 2500 4295 sed
2519 4242 2672 4294 etiam
2713 4241 2916 4293 animas
2966 4247 3174 4292 nostras
3200 4234 3255 4306 (1
3282 4235 3462 4291 Thess.
3486 4252 3543 4300 ll,
3574 4234 3649 4305 8).
3684 4235 3755 4290 Et
3795 4246 3855 4292 ut

573 4340 761 4397 testas,
820 4332 963 4386 nulla
1015 4340 1194 4400 potest
1230 4346 1348 4386 esse
1387 4331 1649 4402 passionis
1679 4330 1990 4392 inﬁrmitas;
2019 4345 2171 4398 quo-1
2260 4332 2500 4389 caritatis
2550 4332 2653 4386 hoc
2700 4345 2819 4384 esse
2867 4322 3284 4392 demonstraret,
3335 4327 3571 4396 adjecit:
3606 4329 3855 4399 quoniam

572 4425 714 4478 niam
748 4431 987 4494 potestas
1015 4414 1213 4477 Christi
1244 4438 1349 4493 qua
1372 4422 1690 4478 immortalis
1719 4423 2010 4494 permansit
2037 4437 2158 4478 cum
2260 4423 2518 4477 carissimi
2546 4420 2692 4475 nobis
2724 4422 2849 4492 facti
2891 4421 3035 4475 estis.
3075 4419 3204 4475 Ideo
3233 4419 3395 4474 etiam
3427 4417 3646 4474 Petrum
3673 4422 3769 4489 qui
3796 4436 3861 4476 se

574 4515 809 4568 moriens
835 4512 887 4567 in
914 4528 1075 4568 carm:
1106 4512 1349 4569 Christus
1371 4514 1605 4567 animam
1635 4521 1880 4584 poneret,
1910 4514 2021 4583 ipsa
2043 4512 2160 4567 sine
2261 4529 2361 4584 pro
2392 4512 2618 4568 Domino
2669 4511 2901 4566 animam
2943 4527 3096 4567 suam
3136 4510 3501 4581 spoponderat
3524 4511 3857 4580 positurum,

575 4599 792 4656 tristitia
848 4603 1161 4672 permansit,
1209 4620 1329 4658 cum
1377 4604 1735 4658 voluntariam
1779 4620 1848 4659 ex
1880 4610 2158 4687 potestate
2188 4645 2234 4702 υ
2263 4612 2322 4658 ut
2347 4617 2760 4672 agnosceremus
2799 4601 3033 4657 officium
3082 4600 3345 4671 ponenda:
3382 4601 3572 4654 animae
3615 4599 3669 4654 in
3715 4601 3854 4657 dile-

569 4686 817 4747 Christus
847 4691 898 4745 in
928 4690 1105 4746 anima
1137 4693 1405 4748 tristitiam
1450 4694 1762 4749 sustineret.
1810 4692 1934 4747 ideo
1974 4700 2153 4747 autem
2188 4686 2231 4702 “’
2260 4694 2442 4749 ctione
2471 4701 2739 4758 constare,
2790 4692 3040 4762 primitus
3076 4690 3319 4747 Christus
3349 4690 3413 4745 ad
3457 4690 3855 4749 confessionem

573 4787 665 4844 ille
694 4787 854 4842 homo
884 4795 1208 4858 potestatem
1255 4788 1516 4859 ponenda:
1557 4768 1750 4844 anima:
1795 4789 1997 4853 habuit,
2030 4787 2155 4857 quia
2260 4786 2460 4840 amoris
2487 4785 2709 4857 invitat;
2739 4790 2794 4838 et
2824 4772 2883 4838 ut
2911 4784 3222 4840 facultatem
3253 4782 3516 4853 ponenda:
3537 4783 3733 4838 anima:
3756 4800 3859 4840 suo

574 4891 697 4933 eum
725 4876 903 4954 divina
933 4884 1171 4947 potestas
1215 4877 1270 4931 in
1318 4877 1578 4933 unitatem
1627 4892 1870 4948 persona:
1900 4876 2155 4945 suscepit.
2260 4875 2513 4944 deinceps
2541 4874 2769 4929 amatori
2791 4873 3075 4939 concedat,
3106 4874 3183 4928 sic
3216 4887 3337 4927 eum
3363 4871 3596 4943 denique
3624 4874 3656 4927 ἰι
3682 4882 3855 4929 terro-

574 4968 704 5036 Qua:
728 4975 906 5021 autem
936 4966 1091 5037 plena
1121 4975 1202 5022 est
1229 4975 1487 5047 potestas,
1514 4966 1613 5021 nisi
1634 4967 1747 5022 sola
1767 4965 2060 5020 divinitas?
2091 4962 2158 5018 de
2207 5009 2218 5018 .
2261 4978 2350 5038 gat
2377 4988 2389 5023 :
2435 4970 2619 5025 Simon
2648 4970 2891 5034 Joannis,
2943 4971 3116 5041 diligis
3163 4985 3243 5022 me
3271 4969 3387 5039 plus
3417 4970 3533 5023 his?
3576 4969 3724 5048 Dkit
3771 4974 3817 5026 ei
3839 4988 3858 5027 :

573 5077 679 5135 qua
726 5061 959 5116 dicitur:
995 5060 1187 5115 Omnia
1241 5077 1552 5133 quacunque
1606 5060 1759 5114 voluit
1807 5058 1927 5130 fecit
1983 5056 2156 5127 (Psnl.
2263 5060 2463 5129 Etiam,
2521 5061 2760 5127 Domine,
2809 5071 2862 5115 tu
2908 5062 3009 5115 scis
3062 5061 3182 5130 quia
3230 5077 3344 5113 amo
3384 5072 3450 5115 te.
3478 5060 3726 5131 Cumque
3758 5064 3858 5119 hoc

575 5172 721 5220 cxnt,
768 5155 876 5227 12),
908 5164 963 5212 et
990 5156 1077 5211 cui
1106 5155 1336 5210 dicitur:
1370 5151 1555 5208 Subest
1579 5152 1716 5204 enim
1745 5149 1858 5218 tibi,
1888 5166 2002 5204 cum
2025 5148 2160 5204 votes
2264 5155 2426 5207 etiam
2454 5155 2691 5210 secundo
2712 5154 2957 5217 dixisset,
3000 5151 3142 5205 Dicit
3177 5154 3222 5205 ei
3247 5153 3396 5206 tertio
3419 5169 3437 5206 :
3469 5153 3655 5209 Simon
3686 5156 3856 5211 Joan-

574 5263 725 5318 posse
752 5245 907 5317 (Sap.
956 5261 1051 5313 xu,
1102 5243 1211 5316 18).
1247 5241 1540 5312 Propterea
1590 5240 1638 5294 in
1684 5240 1775 5293 illo
1817 5239 1975 5306 digne
2000 5239 2161 5310 plena
2265 5245 2366 5307 nis,
2399 5261 2547 5298 amas
2573 5261 2654 5297 me
2682 5242 2861 5313 (Joan.
2895 5257 3006 5305 xxx,
3037 5238 3123 5307 l5,
3158 5239 3286 5308 l7)?
3313 5232 3557 5310 cumque
3586 5242 3677 5297 ille
3699 5247 3860 5299 tertio

576 5345 815 5408 potestas
842 5334 1102 5402 creditur,
1135 5334 1221 5389 cui
1253 5342 1458 5387 tantum
1490 5346 1648 5401 posse
1691 5339 1952 5399 quantum
2004 5329 2161 5396 velle,
2267 5336 2637 5405 interroganti,
2667 5335 2863 5388 trinum
2893 5334 3092 5387 amoris
3135 5333 3217 5389 sui
3265 5334 3631 5389 testimonium
3681 5336 3861 5391 reddi-

576 5437 633 5483 et
662 5435 868 5482 tantum
916 5424 1055 5482 velle
1103 5432 1362 5497 quantum
1411 5436 1589 5492 posse,
1630 5419 1945 5475 naturaliter
1971 5419 2164 5474 suﬂ'ra-
2266 5427 2455 5493 disset,
2485 5429 2665 5482 statim
2692 5426 2950 5481 Dominus
2980 5424 3140 5480 Petro
3165 5426 3426 5496 ponendae
3448 5441 3545 5496 pro
3573 5441 3633 5482 se
3665 5430 3859 5483 anima:

575 5526 751 5589 gatur.
2271 5516 2493 5585 largitus
2537 5522 2619 5570 est
2673 5515 2999 5582 facultatem,
3051 5514 3272 5571 dicens:
3308 5516 3489 5580 Amen,
3539 5533 3689 5571 amen
3743 5519 3860 5574 dico

634 5612 641 5617 ’
823 5606 1005 5662 CAPUI‘
1035 5619 1177 5658 xxiv.
1230 5602 1363 5655 Vera
1393 5603 1446 5654 in
1485 5597 1685 5653 σΙιτὶεεο
1716 5600 1908 5652 αηὶιηαι
2272 5606 2386 5672 tibi,
2433 5623 2545 5660 cum
2572 5622 2707 5661 esses
2748 5605 2949 5677 junior,
2994 5606 3231 5677 cingebas
3271 5615 3341 5672 te,
3368 5616 3417 5660 et
3443 5605 3749 5662 ambulabas
3773 5606 3861 5663 ubi

647 5702 836 5758 Adhuc
866 5708 1046 5754 autem
1076 5709 1258 5748 veram
1302 5708 1362 5750 Sc
1407 5692 1655 5747 ChriSlUS
1706 5691 1938 5745 animam
1980 5704 2163 5744 ﬁll-“08'
2268 5699 2510 5763 volebas;
2543 5718 2658 5754 cum
2689 5711 2859 5754 autem
2881 5701 3129 5765 senueris,
3155 5699 3397 5753 extendes
3425 5694 3610 5754 manus
3643 5708 3781 5763 tuas,
3812 5709 3864 5756 et

576 5796 736 5865 fisse,
783 5801 888 5846 tam
920 5787 1135 5843 nomine
1165 5785 1415 5852 dignatur
1454 5794 1755 5839 monstrare
1783 5797 1942 5851 quam
1973 5797 2157 5851 opere,
2266 5789 2401 5842 alius
2430 5800 2475 5843 te
2502 5791 2690 5859 cinget,
2722 5800 2769 5843 et
2815 5790 2964 5844 ducet
2984 5806 3082 5861 quo
3122 5806 3223 5843 non
3260 5789 3332 5844 vis
3359 5787 3547 5860 (Ibid.,
3582 5788 3695 5861 18).
3726 5792 3858 5849 Sta-

577 5886 757 5942 ιιξωης
783 5901 798 5941 :
829 5881 1090 5953 Maiorem
1127 5878 1220 5931 hac
1269 5878 1593 5933 dilectionem
1622 5893 1768 5931 nemo
1798 5872 1967 5941 habet,
2001 5892 2154 5947 quam
2265 5879 2468 5950 timquc
2500 5881 2825 5951 evangelista
2854 5879 3080 5950 subjecit
3108 5878 3323 5937 dicens.
3359 5877 3474 5937 Hoc
3505 5888 3676 5937 autem
3727 5882 3870 5937 dixit
