4068 6478
225 465 352 548 ἐεςο
1303 490 1308 496 ι
1436 469 1520 524 ΑΙ)
1561 466 1857 522 russam

1961 466 2053 519 li.“
2097 465 2218 520 LIB.
2256 465 2338 519 lll.
3408 464 3515 522 290

249 609 548 682 signiﬁcans
581 620 680 674 qua
721 609 882 655 morte
925 594 1302 664 clariﬁcaturus
1335 599 1466 644 esset
1496 600 1520 626 ι
1556 588 1753 642 Deum:
1784 598 1833 640 et
1861 590 1912 648 Λ
1941 585 2170 653 Virginis
2225 593 2378 639 utero
2421 583 2672 653 suscepit,
2725 598 2823 637 nec
2865 583 2918 637 in
2959 591 3161 682 Ill-()l‘lc,
3206 598 3305 636 nec
3346 583 3398 636 in
3424 598 3513 638 se-

251 669 340 758 Ιηςε
368 669 481 755 gum
509 669 743 759 αιτξεεει,
775 693 898 746 dicit
942 691 988 744 εί
1012 705 1027 742 ;
1061 687 1285 757 sequere
1305 703 1402 738 me,
1435 683 1572 738 Ecce
1596 683 1826 751 qualiter
1926 676 2112 745 pulcro
2141 674 2406 739 deseruit;
2441 683 2728 742 propterea
2757 680 2976 727 secutus
3001 669 3238 759 Joannes
3271 669 3468 738 adjecit
3496 690 3510 724 :

250 757 370 849 eum
407 799 464 845 et
504 796 659 842 antea
702 757 851 853 sequi
893 781 1082 834 Petrus
1103 777 1347 842 volebat,
1379 775 1595 844 quando
1627 790 1724 844 pro
1759 788 1826 828 eo
1926 761 2059 815 Erat
2101 773 2271 815 autem
2318 764 2370 815 in
2403 763 2513 835 loco
2550 759 2632 813 ubi
2676 759 2955 828 cruciﬁxus
3005 768 3080 811 est
3137 758 3337 823 hortus,
3367 765 3417 810 et
3455 757 3512 812 in

251 847 482 940 animam
529 892 731 951 ponere
759 847 1029 944 cupiebat,
1073 871 1212 924 sicut
1257 883 1379 922 eum
1439 875 1624 936 postea
1676 872 1826 919 ι-θοιο
1927 851 2074 904 horto
2102 859 2483 904 monumentum
2516 867 2717 910 uorum,
2769 851 2821 901 in
2864 866 2960 918 quo
2991 847 3217 900 nondum
3247 849 3516 918 quisquam

249 937 548 1030 dilectionis
576 970 770 1024 itinere
799 937 948 1032 sequi
980 937 1193 1024 meruit,
1225 957 1442 1028 quando
1467 972 1564 1027 pro
1610 972 1676 1010 eo
1705 955 1826 1008 ani-
1926 941 2119 1008 Ροδίίειδ
2147 947 2277 992 εταί-
2299 937 2379 991 Ῑθί
2409 957 2528 1009 ⁸⁸⁸90
2555 950 2764 1009 ριὀριει·
2789 950 2808 976 θ
2851 938 3165 1032 l’arasccveu
3194 937 3518 1032 Juda’ot'wtt.

416 1026 466 1118 ί
492 1062 740 1134 passione
765 1026 959 1128 post-Iit.
1245 1026 1255 1028 ἡ
1469 1026 1478 1027 ί
1926 1032 2046 1103 quia
2068 1032 2222 1101 juxta
2243 1041 2354 1082 erat
2383 1039 2783 1090 monumentum,
2815 1038 3092 1097 posuerunt
3118 1027 3296 1080 Jesum
3330 1026 3516 1097 (Mitt,

249 1119 430 1210 CAPUT
461 1119 581 1207 xiw.
629 1149 690 1203 In
722 1119 922 1202 Christo
963 1143 1342 1212 tierai_ftterunt
1374 1137 1826 1212 inﬁrmitatcs‘ltu-
1928 1119 2016 1212 ξίξίο
2049 1119 2158 1212 δὴ·
2194 1120 2329 1174 Vcre
2360 1121 2540 1173 ἀίνίηο
2571 1119 2771 1212 δλβίιξίῑυ
2815 1119 3000 1212 l‘lcnlls
3038 1135 3068 1212 ξ
3104 1126 3260 1212 “Et”?
3291 1133 3522 1186 οναηεε·

323 1205 523 1285 mante,
562 1220 651 1274 scd
697 1205 1192 1291 voluntaritv._lVon
1245 1205 1651 1291 dicitur-“corpus
1701 1205 1826 1291 Jﬂesu

1961 1213 2050 1264 ista
2083 1211 2294 1265 locutus
2323 1219 2424 1272 est,
2453 1216 2517 1262 ut
2540 1209 2807 1278 primitus,
2857 1208 2983 1278 quid
3037 1210 3088 1262 in
3126 1207 3342 1263 Christo
3374 1225 3522 1263 mor-

321 1277 544 1372 Ρ9⁸ί²¹⁸ί⁷³
574 1291 624 1343 δη
665 1287 915 1358 δενηιτνθν
960 1283 1049 1336 sed
1086 1281 1257 1342 Jews'
1290 1281 1410 1350 quia
1441 1279 1508 1330 ibi
1555 1286 1665 1329 "at
1695 1277 1828 1328 dim.“
1931 1311 2080 1356 tuutn
2109 1303 2265 1356 fuerit
2292 1312 2346 1356 et
2373 1277 2640 1372 sepultum
2669 1277 2974 1364 ostendens,
3008 1299 3210 1353 diceret
3240 1308 3521 1369 acceptum

322 1375 488 1467 ξξ¹¹⁰⁸ζ
657 1466 660 1467 ν
719 1452 731 1464 ,
1128 1443 1200 1467 ,_,
1257 1438 1559 1467 mmmam
1587 1436 1802 1467 annm“
1931 1380 2128 1460 corpus
2156 1391 2300 1456 Jesu,
2348 1402 2403 1445 et
2435 1393 2652 1458 ligatum
2696 1390 2874 1443 linteis
2915 1405 3035 1443 cum
3077 1389 3426 1444 aromatibus.
3456 1387 3527 1442 Et

321 1455 604 1523 ρυθθίνθθν
643 1452 765 1549 ίίξ¹ίί¹
807 1449 1086 1549 manifesta
1126 1443 1234 1549 (αι’.
1932 1437 2059 1547 qui;
2087 1481 2225 1549 quod
2259 1437 2394 1533 Deus
2425 1437 2696 1549 cotitjunxit
2743 1479 2892 1531 homo
2920 1495 3024 1531 non
3053 1491 3262 1548 separat
3305 1478 3520 1547 (Matth.

684 1541 694 1552 ι
1312 1533 1322 1543 ο
1438 1529 1448 1540 ⁸
1937 1527 2055 1547 ⁷1”’”“
2088 1527 2221 1549 ’1⁷⁷⁷⁷⁷
2259 1527 2392 1533 ν”’⁷
2427 1527 2691 1549 ’ν”ι1’“”””ν
2744 1527 2885 1531 ⁷⁷⁷⁷⁷⁷⁷
2921 1527 3021 1531 ’⁷⁷⁷⁷
3056 1527 3189 1548 "1""
3210 1527 3256 1531 ’⁷⁷
3307 1527 3519 1547 \r'""—"

248 1560 444 1637 rarum
464 1549 803 1596 ³¹ί⁰⁵¹³ί¹⁰¹¹¹⁵
847 1538 1141 1637 "That"?
1161 1540 1241 1587 ⁸⁵1
1934 1587 2046 1633 ut,
2079 1570 2155 1636 ti),
2187 1579 2474 1637 propterea
2509 1585 2613 1620 non
2643 1584 2840 1636 corpus
2879 1566 3028 1633 Jesu,
3062 1568 3157 1622 sed
3188 1568 3368 1622 Jesmn
3398 1569 3528 1623 dicit

249 1637 344 1691 ubi
371 1633 540 1688 solum
570 1645 764 1699 corpus
794 1627 1025 1696 ponitur,
1075 1623 1142 1676 ibi
1192 1630 1369 1675 autem
1397 1623 1671 1690 caritatem
1701 1629 1822 1667 esse

252 1727 345 1758 ..ι.;
378 1725 551 1758 σπι-ἴωσι
578 1737 697 1758 num
721 1733 949 1758 mmnm
974 1715 1209 1758 nnnitnr-
1239 1709 1485 1758 Christus
1526 1723 1589 1758 ex
1617 1706 1833 1758 Virttine

1961 1676 1986 1710 n
2019 1669 2365 1712 momnnento
2395 1660 2624 1727 positum
2655 1677 2666 1710 :
2699 1659 2906 1712 sciebat
2947 1660 3089 1712 enim
3121 1661 3263 1728 quod
3301 1660 3386 1713 ille
3409 1675 3528 1714 sus—-

252 1727 346 1818 “bi
376 1725 552 1778 anima
578 1737 702 1818 _c“'“_
721 1733 949 1818 cmwrf
974 1723 1210 1818 pomu‘l'.’
1238 1710 1833 1818 .Chmm:
1935 1758 2123 1816 ceptor
2151 1749 2291 1818 pleni
2326 1749 2562 1802 hominis
2587 1748 2724 1800 Deus
2771 1755 2914 1800 totus
2943 1756 3084 1801 esset
3104 1764 3222 1801 cum
3251 1763 3410 1802 carne
3430 1763 3528 1802 sua

251 1817 447 1888 plenus
473 1811 772 1868 credenlus
801 1817 881 1861 e.-t
913 1805 1054 1860 Deus
1101 1811 1155 1857 et
1200 1802 1391 1871 plenus
1436 1798 1622 1861 homo,
1665 1797 1714 1849 id
1753 1787 1836 1849 est

250 1910 434 1964 anima
474 1903 750 1960 rationalis
780 1909 834 1953 et
863 1914 1010 1953 caro.
1037 1895 1102 1950 Et
1129 1896 1268 1948 sicut
1290 1892 1410 1946 ﬁdei
1441 1891 1718 1945 eatholiete
1741 1905 1833 1942 ve-

250 2000 391 2054 ritas
418 1995 596 2056 habet,
643 1993 694 2044 in
720 2006 826 2042 uno
857 1988 1155 2053 eodemque
1180 1982 1392 2037 Christo
1422 1980 1722 2039 credamus,
1753 1993 1838 2031 se-

251 2087 491 2144 cundum
537 2098 717 2139 veram
759 2078 1109 2135 substantiam
1140 2074 1335 2138 carnis,
1377 2071 1734 2127 voluntariam
1783 2077 1843 2124 et

251 2192 444 2234 veram
468 2177 687 2236 famem,
722 2186 842 2225 cum
885 2167 1128 2223 esuriens
1174 2164 1240 2219 ad
1274 2162 1568 2217 ‘liculneatn
1599 2159 1838 2223 veniret;

253 2267 614 2326 voluntariam
643 2274 696 2317 et
726 2276 903 2316 veram
949 2259 1114 2323 sitim,
1166 2271 1286 2312 cum
1333 2255 1516 2309 bibere
1545 2267 1573 2304 a
1611 2250 1842 2305 Samari-

254 2371 389 2415 tana
417 2357 756 2427 deposceret,
786 2353 869 2406 vel
916 2366 1037 2406 cum
1065 2364 1123 2404 se
1143 2348 1291 2403 sitire
1321 2348 1372 2401 in
1385 2359 1560 2401 .eruee
1590 2344 1842 2403 dixisset;

255 2449 622 2507 voluntariam
644 2455 698 2500 et
729 2459 905 2499 veram
935 2440 1327 2503 lassitudinem,
1353 2455 1477 2493 eum
1509 2437 1759 2504 fatigatus
1780 2435 1845 2489 ab

261 2545 456 2599 itinere
485 2554 647 2608 super
676 2545 892 2607 puteum
922 2533 1166 2596 sederet;
1198 2529 1558 2585 voluntarium
1582 2536 1638 2581 et
1661 2541 1844 2592 verum

262 2634 478 2692 vulnus,
505 2644 628 2684 cum
653 2627 835 2680 militis
864 2625 1050 2678 lant-ea
1091 2621 1242 2692 131
1287 2626 1658 2688 pereuteretur
1684 2615 1738 2668 in
1767 2613 1848 2667 la-

264 2735 418 2786 tere;
451 2717 806 2774 voluntariam
847 2722 900 2768 et
938 2728 1120 2766 veram
1163 2718 1410 2770 mortem,
1442 2722 1562 2760 cum
1595 2704 1850 2759 inclinato

266 2811 446 2881 capite
493 2807 736 2876 spiritum
765 2803 1029 2857 emisisset
1079 2801 1130 2852 in
1177 2813 1368 2860 cruce;
1413 2795 1766 2848 voluntariam
1796 2801 1853 2849 et

265 2916 454 2957 veram
475 2897 825 2968 sepulturam,
857 2909 977 2948 cum
1009 2908 1130 2946 eum
1161 2890 1460 2959 depositum
1495 2888 1560 2942 de
1583 2889 1726 2958 ligno
1755 2888 1850 2941 Jo-

266 2994 400 3062 seph
443 2997 500 3043 et
545 2986 867 3042 Nieodemus
896 2989 1158 3052 ponerent
1198 2981 1248 3033 in
1277 2980 1540 3049 sepulcro.
1575 2978 1683 3033 Has
1709 2979 1852 3033 enim

269 3081 450 3137 eirnis
480 3092 684 3132 omnes
717 3074 1050 3128 inﬁrmitates
1095 3070 1428 3124 voluntarias
1473 3070 1710 3140 quidem,
1761 3069 1854 3123 sed

271 3185 452 3235 veras,
473 3169 718 3224 Christus
744 3166 948 3224 habuit,
975 3164 1098 3234 quia
1126 3163 1301 3218 carnis
1329 3164 1572 3216 humana:
1587 3171 1854 3225 naturam,

271 3279 377 3316 non
413 3262 464 3315 in
487 3258 786 3330 phantasia,
812 3256 905 3312 sed
935 3257 984 3309 iu
1016 3257 1242 3310 veritate
1271 3255 1522 3324 suscepit.
1556 3253 1699 3319 Quas
1727 3268 1854 3321 pas-

270 3357 455 3410 siones
478 3359 762 3422 propterea
803 3351 853 3402 in
895 3363 1058 3402 carne
1099 3347 1432 3402 voluntarias
1470 3347 1686 3410 habuit,
1717 3354 1775 3398 ut
1805 3347 1857 3399 in

273 3447 504 3500 veritate
552 3436 937 3498 earnis’divina
970 3440 1229 3508 potentia,
1261 3453 1380 3507 qute
1411 3452 1511 3491 nec
1549 3437 1657 3506 pati
1684 3436 1861 3506 potuit

273 3533 570 3606 aliquando
599 3548 697 3587 nec
734 3531 891 3595 mori,
920 3529 1282 3583 inﬁrmitatem
1311 3537 1647 3597 mortemque
1671 3529 1859 3582 devin-

270 3635 445 3690 ceret,
467 3634 524 3680 et
547 3637 761 3678 carnem
799 3637 948 3676 suam
997 3621 1048 3673 in
1095 3620 1253 3672 vitam
1282 3620 1642 3688 virtutemque
1671 3635 1862 3689 perpe-

274 3728 424 3773 tuatn
453 3717 755 3770 suscitaret.
797 3712 950 3778 Quod
983 3710 1177 3764 Paulus
1223 3712 1300 3764 sic
1331 3726 1426 3764 ore
1469 3712 1703 3766 veridico
1732 3726 1860 3780 pro-

276 3817 509 3863 testatur
533 3825 544 3858 ε
569 3805 800 3859 Christus
829 3819 1040 3872 surgens
1071 3818 1102 3853 a
1121 3802 1339 3854 mortuis
1354 3800 1467 3869 jam
1490 3817 1592 3852 non
1614 3801 1860 3852 moritur:

277 3913 327 3956 et
354 3916 497 3955 mors
518 3901 564 3951 ei
586 3899 724 3951 ultra
753 3912 857 3948 non
897 3891 1264 3947 dominabitur.
1297 3889 1446 3955 Quod
1473 3893 1609 3945 enim
1634 3900 1863 3944 mortuus

277 4000 350 4044 est
377 3994 614 4054 peccato,
644 3994 871 4038 mortuus
921 3993 996 4036 est
1036 3982 1193 4036 semel
1214 3999 1230 4046 ;
1259 3982 1392 4050 quod
1421 3991 1590 4034 autem
1620 3983 1756 4047 ririt,
1787 3983 1865 4035 ri-

281 4081 485 4136 t-itDeo
511 4079 685 4150 (llam.
717 4094 790 4144 vi,
823 4075 898 4145 9).
933 4076 1062 4141 Quis
1089 4082 1269 4128 autem
1299 4075 1508 4142 ignoret
1536 4073 1806 4128 Christum
1839 4074 1865 4112 δ

281 4188 379 4227 nec
412 4172 468 4225 in
496 4170 672 4223 anima
705 4184 803 4222 nec
833 4169 885 4220 in
915 4166 1216 4228 divinitate,
1249 4166 1343 4220 sed
1389 4167 1440 4220 in
1480 4167 1598 4221 solo
1639 4182 1869 4237 corpore

219 4277 224 4282 ·
285 4268 557 4316 mortuum
588 4265 641 4311 et
668 4255 969 4326 sepultum?
997 4253 1151 4320 Quod
1199 4255 1475 4310 evidenter
1513 4255 1754 4312 Joannes
1787 4259 1871 4312 his

284 4351 465 4405 verbis
492 4347 727 4402 ostendit
751 4364 764 4398 :
797 4345 1039 4400 Posthazc
1060 4355 1252 4411 autem,
1281 4346 1548 4415 inquiens,
1565 4350 1764 4420 rogavit
1788 4348 1874 4403 Pi-

287 4441 452 4493 latum
492 4437 684 4507 Joseplt
709 4435 773 4490 ab
801 4436 1116 4489 Arimatltwa
1147 4436 1228 4506 (eo
1255 4437 1390 4508 quod
1414 4447 1546 4492 esset
1589 4440 1872 4508 discipulus

286 4531 432 4595 Iesu,
463 4529 688 4583 occultus
719 4516 886 4579 autem
933 4537 1140 4596 propter
1186 4535 1374 4582 metum
1420 4529 1766 4602 Judteorum),
1819 4542 1875 4584 ut

293 4625 489 4678 tolleret
512 4636 694 4689 corpus
715 4617 858 4670 Iesu.
892 4617 958 4670 Et
985 4621 1220 4688 permisit
1245 4618 1468 4672 Pilatus.
1505 4619 1652 4674 Venit
1681 4639 1804 4692 ergo
1825 4632 1875 4674 et

293 4715 404 4768 tulit
426 4726 609 4778 corpus
646 4709 790 4761 Iesu.
833 4706 978 4759 Venit
1008 4718 1178 4759 autem
1203 4717 1250 4760 et
1279 4706 1617 4770 Nicodamus,
1675 4711 1762 4781 qui
1790 4727 1874 4764 re-
1912 4693 1952 4741 υ

295 4817 440 4859 uerat
469 4803 537 4855 ad
560 4802 735 4854 Jcsum
764 4809 910 4852 nocte
947 4801 1192 4867 primum,
1234 4801 1401 4870 ferens
1431 4803 1706 4854 mixturam
1731 4820 1871 4873 myr-

297 4896 400 4948 rltte
448 4904 496 4946 et
543 4894 701 4950 aloes,
751 4891 898 4960 quasi
939 4889 1098 4941 libras
1147 4897 1366 4941 centum.
1409 4890 1726 4960 Acceperunt
1755 4910 1873 4963 ergo

295 4999 476 5053 corpus
491 4981 634 5042 Jesu,
667 4989 716 5032 et
743 4979 1084 5049 alligat-erunt
1113 4995 1226 5031 eum
1259 4979 1349 5048 (al.
1381 4980 1531 5038 illud)
1561 4983 1732 5036 linteis
1760 5000 1876 5037 cum

297 5075 632 5137 aromatibus,
661 5072 791 5124 sicut
818 5069 1018 5123 Iudaeis
1058 5086 1166 5123 mos
1192 5080 1266 5123 est
1313 5072 1529 5140 sepelire
1555 5072 1730 5143 (Joan.
1759 5091 1872 5142 xix,

301 5165 508 5234 38-40).
538 5163 695 5227 Ecce,
727 5161 867 5215 facta
895 5161 1238 5216 distinctione
1265 5160 1580 5222 divinitatis,
1614 5164 1790 5216 carnis
1819 5173 1875 5219 et

302 5257 512 5318 anitum,
537 5263 795 5324 quantum
819 5253 885 5306 ad
905 5251 1290 5321 proprietatem
1331 5252 1640 5306 substantia:
1662 5255 1873 5319 attinet,

302 5348 470 5401 solum
494 5362 688 5417 corpus
715 5344 839 5399 Jesu
865 5344 993 5398 dicit
1031 5343 1097 5398 de
1126 5358 1286 5397 cruce
1313 5343 1636 5412 depositum,
1667 5361 1876 5400 aroma-

306 5438 443 5492 tihus
471 5437 765 5500 conditum,
798 5443 854 5489 et
881 5435 1060 5487 linteis
1087 5433 1426 5495 obvolutum;
1451 5445 1672 5504 propter
1702 5437 1878 5492 unita-

305 5537 410 5583 tem
441 5547 567 5584 vero
591 5542 853 5598 personat,
887 5526 1141 5596 quoniam
1168 5525 1307 5580 Deus
1330 5526 1599 5581 hominem
1627 5543 1784 5598 quem
1814 5547 1880 5586 ex

378 5671 399 5696 ⁸
425 5659 513 5715 Sic
538 5675 662 5712 mss.
690 5657 853 5712 Corh.
881 5665 937 5711 et
965 5656 1167 5711 Victor.
1197 5667 1253 5712 et
1281 5666 1460 5712 textus
1488 5659 1720 5714 Gnaeus.
1740 5661 1878 5718 Editi

309 5745 436 5783 vero
465 5732 662 5784 habent
685 5745 818 5781 eum.

381 5803 406 5836 δ
437 5799 632 5852 Desunt
661 5799 772 5852 hmo
800 5797 959 5852 verba
987 5798 1040 5851 in
1085 5795 1269 5861 editis;
1301 5797 1551 5864 leguntur
1596 5811 1775 5856 autem
1823 5805 1877 5860 in

315 5883 435 5921 mss.
461 5867 619 5922 Corb.
645 5877 699 5922 et
730 5867 926 5922 Victor.

388 5949 407 5976 ε
441 5937 558 5992 Mss.
590 5939 749 5992 Corb.
782 5947 837 5990 et
858 5936 1021 6003 Vict,
1057 5935 1354 5992 Parascevc.

1937 1838 1988 1889 in
2019 1837 2284 1905 sepulcro,
2319 1845 2462 1889 totus
2489 1853 2612 1890 cum
2636 1837 2810 1889 anima
2834 1851 2928 1889 sua
2964 1837 3015 1889 in
3048 1837 3274 1899 inferno,
3307 1845 3452 1892 totus
3473 1837 3529 1892 in

1871 1947 1909 2003 ιι
1943 1927 2162 1993 ιιιιιηόο,
2192 1935 2336 1980 totus
2363 1927 2412 1980 in
2442 1927 2602 1991 CtBlt),
2638 1935 2784 1980 totus
2809 1925 2835 1962 ά
2866 1942 2961 1995 per
2978 1927 3235 1981 unitatem
3252 1938 3453 1982 natura:
3472 1928 3530 1984 in

1942 2016 2120 2084 Patre,
2155 2018 2224 2071 de
2249 2032 2356 2085 quo
2386 2018 2612 2082 exstitit,
2659 2025 2804 2070 totus
2835 2033 2932 2086 per
2974 2018 3418 2086 omnipotentiam
3448 2015 3532 2072 di-

1936 2109 2174 2164 vinitatis
2220 2124 2328 2163 sua:
2371 2109 2422 2161 in
2455 2118 2566 2162 tota
2593 2117 2841 2163 creatura
2871 2124 3032 2178 quam
3067 2108 3210 2163 fecit.
3239 2131 3242 2134 η

1940 2199 2123 2254 Csrur
2162 2215 2308 2253 xxvi.
2353 2197 2537 2253 Unitas
2584 2215 2820 2322 persoulte
2865 2197 3058 2252 Christi
3108 2216 3171 2253 ex
3200 2200 3360 2253 verbis
3389 2201 3532 2270 Apo-

2677 2279 2820 2322 stor.
3444 2274 3453 2283 °

2677 2274 2820 2323 stoli.
3444 2274 3453 2283 °

2016 2361 2167 2415 llauc
2195 2361 2248 2415 in
2269 2359 2482 2415 Christo
2503 2361 2763 2415 unitatem
2787 2376 3031 2430 persona:
3057 2376 3277 2415 servans
3307 2361 3540 2430 Aposto-

1945 2452 2050 2515 lus,
2074 2453 2153 2506 sic
2178 2451 2580 2506 Corinthiorum
2612 2452 2664 2506 in
2716 2450 2818 2506 lide
2849 2451 3094 2506 veritatis
3122 2452 3406 2514 conﬁrmat
3434 2449 3539 2508 Ec-

1947 2542 2168 2598 clesiam
2201 2558 2214 2594 :
2248 2541 2464 2595 Tradidi
2511 2543 2647 2594 enim
2695 2539 2835 2594 vobis
2883 2541 3158 2611 imprimis,
3190 2541 3326 2612 quod
3374 2550 3423 2595 et
3450 2557 3540 2595 ac-

1949 2635 2082 2705 cepi,
2111 2635 2232 2705 quia
2279 2632 2516 2687 Christus
2556 2641 2787 2686 mortuus
2823 2642 2901 2686 est
2941 2651 3035 2704 pro
3077 2636 3298 2700 peccatis
3352 2632 3541 2687 nostris

1952 2727 2230 2781 secundum
2257 2726 2580 2796 Scripturas,
2629 2735 2678 2778 et
2705 2727 2824 2798 quia
2856 2727 3082 2794 sepultus
3109 2737 3204 2790 est,
3235 2735 3285 2780 et
3311 2728 3430 2797 quia
3454 2742 3542 2781 re-

1953 2821 2178 2872 surrexit
2207 2819 2300 2882 (al.
2337 2819 2582 2886 surrexit)
2618 2820 2770 2889 132
2803 2821 2953 2871 tertia
2985 2819 3067 2870 die
3093 2819 3368 2871 secundum
3399 2817 3545 2872 Scri-

1954 2919 2133 2978 pturas
2163 2907 2213 2976 (1
2241 2908 2361 2961 Cor.
2396 2925 2480 2971 xv,
2505 2908 2558 2968 5,
2585 2908 2670 2976 4).
2704 2909 2970 2963 Mortuum
3020 2910 3156 2962 dixit
3195 2926 3299 2963 non
3350 2923 3547 2978 corpus

1954 3002 2174 3066 Christi,
2205 3001 2299 3056 sed
2348 2999 2642 3064 Christum,
2675 3009 2735 3054 ut
2763 3001 3023 3055 unitatem
3056 3016 3299 3069 persona:
3324 3001 3422 3054 Dei-
3447 3001 3548 3056 ho-

1957 3094 2222 3162 minisque
2249 3085 2520 3156 servaret;
2571 3101 2630 3145 ut
2658 3100 2840 3146 autem
2870 3093 3274 3146 substantialem
3305 3091 3550 3160 proprie«

1959 3192 2127 3239 tatem
2156 3183 2375 3238 deitatis
2402 3190 2458 3236 et
2502 3181 2852 3235 humanitatis
2900 3181 3231 3241 ostenderet,
3272 3180 3379 3234 alio
3427 3178 3551 3234 loco

1887 3319 1931 3380 Ο
1962 3281 2124 3349 (sicut
2151 3277 2405 3347 superius
2427 3274 2538 3344 jam
2563 3274 2863 3346 posuimus)
2897 3273 3026 3328 dicit
3061 3291 3073 3326 :
3118 3271 3257 3325 Nam
3286 3274 3381 3326 etsi
3429 3288 3552 3325 cru-

1961 3372 2150 3440 ciﬁxus
2180 3378 2258 3422 est
2301 3385 2366 3422 ea:
2393 3368 2716 3437 inﬁrmitate,
2752 3365 2844 3418 sed
2883 3367 3001 3419 vivit
3024 3380 3088 3417 ea:
3118 3365 3300 3418 virtute
3328 3362 3425 3416 Dei
3463 3359 3555 3434 (Π

1963 3460 2084 3515 Cor.
2129 3475 2247 3516 xm.
2299 3458 2377 3526 ὦ).
2411 3457 2749 3511 Atleudenda
2796 3464 2878 3510 est
2931 3443 3351 3524 apostolieorum
3388 3453 3592 3508 virtus‘

1951 3549 2221 3644 'praeelara
2262 3547 2547 3601 dictorum.
2611 3556 2636 3584 ⁸
2681 3546 2737 3600 Si
2786 3547 2928 3600 enim
2979 3544 3176 3599 Paulus
3212 3545 3436 3598 dixisset
3487 3542 3557 3598 de

1964 3635 2204 3703 Christo,
2238 3639 2360 3706 quia
2389 3639 2670 3708 cruciﬁxus
2699 3645 2774 3690 est
2801 3653 2866 3690 ea:
2890 3637 3209 3706 inﬁrmitate,
3237 3635 3328 3688 sed
3353 3635 3470 3688 vivit
3492 3649 3559 3688 ea:

1963 3727 2168 3786 rirtute,
2195 3735 2250 3778 et
2279 3741 2386 3779 non
2417 3725 2729 3785 addidisset,
2758 3724 2874 3788 Dei,
2901 3740 3000 3779 nec
3029 3725 3105 3778 sic
3130 3724 3311 3778 debuit
3333 3723 3558 3776 inlirmi-

1966 3826 2051 3869 tas
2080 3817 2448 3885 possibilitatis
2476 3817 2722 3870 humana:
2750 3831 2871 3869 cum
2899 3815 3091 3868 divinae
3118 3815 3328 3871 virtutis
3357 3815 3559 3882 impas-

1967 3906 2224 3959 sibilitate
2247 3905 2542 3960 confundi:
2594 3913 2649 3957 at
2698 3920 2821 3958 cum
2851 3905 3102 3958 virtutem
3133 3903 3317 3956 deitati
3368 3903 3561 3958 Paulus

1971 3999 2228 4066 assignet,
2260 3997 2381 4064 quis
2401 4011 2507 4049 non
2537 3996 2716 4050 videat
2744 3996 2888 4065 quod
2907 4010 2972 4048 ea
2995 4011 3112 4063 quae
3138 3993 3460 4047 inﬁrmitatis
3489 3993 3562 4046 vi-

1969 4088 2165 4143 dentur
2189 4087 2420 4141 hominis
2446 4101 2566 4142 esse
2606 4085 2928 4140 denuntiet?
2961 4086 3111 4150 Nam,
3144 4093 3198 4139 et
3243 4084 3387 4153 quod
3429 4084 3562 4138 dicit

1971 4179 2040 4234 de
2067 4178 2302 4245 Christo,
2333 4179 2459 4247 quia
2492 4182 2587 4248 (at.
2609 4177 2774 4247 quod)
2805 4179 2924 4231 vicit
2945 4194 3011 4231 ex
3037 4179 3220 4230 virtute
3238 4175 3353 4240 Dei,
3377 4191 3444 4230 ex
3465 4190 3565 4234 sua

1971 4271 2082 4326 deit
2119 4279 2172 4325 te
2201 4271 2382 4339 utique
2428 4271 2580 4337 vivit,
2624 4270 2748 4338 quia
2780 4270 2892 4339 ipse
2923 4277 3006 4323 est
3035 4270 3202 4323 virtus
3237 4266 3369 4334 Dei,
3401 4275 3457 4322 et
3485 4266 3564 4323 sic

1974 4364 2104 4417 vivit
2135 4364 2273 4418 sicut
2304 4361 2465 4417 Pater
2487 4363 2637 4428 vivit,
2664 4363 2922 4432 quoniam
2953 4363 3065 4430 ipse
3109 4371 3192 4421 est
3221 4361 3327 4421 via,
3363 4360 3564 4414 veritas

1981 4464 2035 4509 et
2061 4457 2189 4509 vita.
2221 4455 2352 4510 Nam
2393 4464 2452 4509 ut
2493 4470 2652 4509 unam
2685 4455 2849 4507 vitam
2881 4451 3054 4506 Patris
3084 4451 3307 4521 Filiique
3332 4449 3566 4504 Joannes

1980 4549 2134 4600 nobis
2162 4548 2453 4601 insinuaret
2476 4546 2789 4614 Apostolus,
2829 4543 3080 4613 Epistula:
3105 4559 3213 4595 sua:
3239 4543 3340 4594 hoc
3365 4555 3565 4609 ponere

1981 4637 2186 4690 curavit
2214 4635 2490 4688 exordium
2523 4652 2536 4686 :
2573 4633 2722 4696 Quod
2751 4641 2862 4685 erat
2891 4632 2953 4684 ab
2983 4630 3150 4690 initio,
3182 4629 3318 4700 quod
3362 4628 3564 4680 audiri-

1981 4743 2114 4788 mus,
2139 4725 2276 4796 quod
2315 4726 2533 4776 tidimus
2563 4724 2723 4776 oculis
2747 4725 2956 4785 nostris,
3001 4722 3137 4791 quod
3156 4721 3489 4794 inspeximus,
3516 4727 3566 4771 et

1982 4833 2166 4870 manus
2204 4827 2398 4869 nostra:
2425 4823 2864 4867 contrectarerttnt
2909 4813 2972 4865 de
3008 4811 3174 4865 Verbo
3222 4812 3360 4877 vitw,
3387 4818 3434 4862 et
3462 4811 3566 4862 vita

1982 4907 2157 4976 palam
2185 4908 2324 4976 facta
2347 4915 2422 4958 est
2451 4921 2467 4958 :
2496 4913 2544 4956 et
2572 4903 2812 4965 vidimus,
2837 4913 2886 4955 et
2910 4913 3176 4965 testamur,
3201 4911 3249 4954 et
3272 4903 3566 4954 nuntiamus

1982 5000 2121 5052 vobis
2163 4999 2328 5051 Vitam
2347 5010 2613 5062 (Lernam,
2635 5011 2750 5064 qua:
2777 5005 2887 5049 erat
2911 4995 3048 5064 apud
3072 4994 3302 5057 Patrem,
3319 5003 3367 5045 et
3392 4991 3568 5061 palam

1986 5093 2124 5159 facta
2153 5099 2227 5141 est
2257 5091 2403 5141 nobis
2434 5085 2668 5151 (lloan.
2702 5103 2738 5148 ι,
2769 5085 2849 5156 1).
2880 5085 3068 5138 Filium
3099 5085 3211 5146 Dei,
3240 5098 3398 5152 quem
3430 5080 3566 5134 Ver-

1981 5179 2104 5230 bum
2128 5177 2222 5232 Dei
2248 5178 2494 5246 superius
2517 5175 2672 5238 dixit,
2705 5176 2881 5229 Vitam
2914 5177 2966 5229 in
2997 5171 3442 5240 subsequentibus
3463 5187 3565 5224 no-

1981 5271 2201 5323 minavit
2254 5287 2268 5320 :
2309 5270 2452 5338 quod
2493 5276 2576 5322 est
2615 5279 2793 5322 autem
2825 5266 3058 5321 Verbum
3105 5266 3244 5327 vitae,
3281 5264 3378 5316 nisi
3427 5262 3565 5318 Ver-

1981 5358 2106 5411 bum
2174 5359 2304 5412 Dei?
2363 5358 2429 5411 Et
2480 5359 2733 5427 quoniam
2788 5357 3042 5420 Verbum,
3106 5355 3228 5408 vitm
3282 5354 3391 5407 vita
3451 5363 3564 5418 est,

1984 5464 2087 5502 una
2127 5458 2209 5502 est
2249 5453 2435 5518 utique
2461 5449 2570 5502 vita
2599 5447 2723 5502 illud
2756 5451 2876 5501 vita:
2917 5447 3176 5514 Verbum,
3206 5455 3256 5500 et
3287 5446 3391 5499 vita
3416 5446 3568 5514 cujus
3617 5467 3624 5474 ·

1983 5551 2066 5594 est
2111 5540 2364 5596 Verbum.
2397 5541 2526 5595 Ideo
2554 5556 2683 5610 ergo
2711 5541 2955 5596 Christus
3002 5539 3093 5610 qui
3145 5547 3373 5592 mortuus
3401 5546 3476 5592 est
3503 5553 3567 5590 es

2057 5672 2080 5708 "
2112 5673 2202 5730 Sic
2232 5675 2423 5743 legitur
2455 5675 2504 5729 in
2537 5693 2636 5730 ms.
2673 5676 2903 5739 Victam;
2934 5684 2991 5730 at
3021 5675 3072 5729 in
3092 5674 3282 5743 Corb.,
3305 5675 3363 5728 in
3389 5673 3565 5727 unita-

1987 5752 2123 5807 tem;
2151 5746 2201 5798 in
2233 5746 2390 5798 editis
2416 5761 2568 5809 vero,
2591 5747 2642 5798 in
2675 5748 2889 5800 unitate.

2061 5824 2083 5850 ε
2111 5815 2198 5884 Sic
2227 5831 2327 5868 ms.
2358 5815 2542 5879 Corb.;
2578 5815 2704 5870 editi
2733 5833 2882 5884 vero,
2916 5817 2974 5872 Si
2997 5827 3044 5868 et
3083 5815 3304 5875 Paulus;
3329 5812 3463 5867 forte
3493 5813 3571 5866 le-

1987 5883 2216 5951 gendum
2248 5884 2358 5938 Etsi
2388 5886 2522 5937 enim
2557 5884 2772 5940 Paulus.
