4120 6532
491 543 587 599 εθι

1525 519 1582 575 S.
1621 509 1983 573 FULGENTll
2021 497 2322 561 EPlSCOPl
2364 487 2730 557 RUSPENSlS

3704 483 3839 542 292

492 653 816 728 ίπβηηίιαιε,
846 646 962 701 vim
983 660 1044 698 επ
1067 641 1250 696 uirtute
1272 635 1387 700 Dei,
1412 631 1662 704 quoniam
1690 627 1768 682 illi
1793 620 2058 680 divinitati
2091 623 2138 680 Α
2164 623 2370 728 culrrent
2395 621 2443 665 et
2466 627 2567 728 np:
2602 607 2932 728 tabordbu'nt,
2962 603 3293 728 ambulabugt
3321 613 3371 656 et
3399 619 3503 658 non
3523 599 3842 728 intristi"

1419 727 1426 728 ,
1894 723 1906 728 -
2025 727 2032 728 ,
2179 709 2194 728 ι
2240 705 2313 728 -..ι
2369 718 2419 728 ...
2588 711 2631 728 ..ι
2655 716 2738 728 μη.
2865 712 2957 728 nus
2987 710 3201 728 mmmm
3267 695 3376 728 nnis
3404 695 3492 728 nun:
3577 708 3624 728 ο
3662 705 3774 728 ιιι-η
3799 704 3842 728 n

496 723 603 804 hoc
630 753 714 801 est
735 739 896 796 vitam
928 750 1068 800 esse,
1101 730 1243 803 quod
1273 736 1356 784 est
1380 727 1631 779 virtutem
1659 733 1800 783 esse,
1858 723 1912 770 et
1946 727 2074 782 pro-

497 851 688 911 pterea
716 835 821 888 hoc
846 841 928 884 est
957 828 1031 881 illi
1057 837 1216 896 posse
1243 817 1385 890 quod
1411 816 1608 876 vivere,
1634 808 1701 862 Et
1731 808 2005 911 ideo,
2024 801 2078 900 in

502 888 753 998 passione
781 921 1033 974 virtutem
1062 915 1167 968 vita
1199 905 1452 969 deseruit,
1475 916 1578 956 nec
1607 900 1659 952 in
1682 903 1854 950 morte
1881 888 2080 998 Christi

487 980 674 1070 svirtus
694 1027 724 1065 a
743 1010 853 1064 vita
880 1003 1144 1066 discessit,
1173 996 1422 1068 quoniam
1446 988 1643 1045 Christi
1673 983 1921 1040 divinitas
1944 980 2082 1049 (qua:

490 1107 675 1160 virtus
703 1110 758 1157 et
786 1100 892 1154 vita
913 1097 1014 1165 est)
1042 1090 1237 1147 mutari
1265 1101 1368 1140 non
1391 1081 1584 1152 potuit.

507 1203 690 1259 CAPUT
720 1215 879 1254 xxvii.
927 1196 1141 1262 Propter
1182 1170 2082 1262 unitatent'persom‘eni'n.Chriszo,

580 1239 1213 1328 inbitur;dici'tur'fi‘iiius
1244 1257 1360 1328 Dei.
1409 1239 1530 1328 on
1567 1255 1688 1302 sunt
1715 1242 1906 1297 Christi
1937 1239 2088 1308 inﬁr-

582 1323 784 1397 mitates
813 1338 923 1407 ejus
950 1333 1128 1386 deitati
1159 1323 1497 1381 ascribendw.

495 1417 498 1419 l
584 1433 782 1486 Rursus
813 1396 908 1495 p'ro
947 1423 1154 1476 unitate
1198 1427 1442 1486 personm
1469 1411 1520 1463 in
1552 1404 1761 1461 Christo
1791 1396 2092 1453 ﬁrmissime

515 1513 937 1579 commendanda
984 1513 1062 1566 sic
1119 1506 1315 1563 Paulus
1356 1499 1594 1555 scribens
1641 1488 1895 1546 Romanis
1943 1485 2094 1554 ponit

501 1577 610 1684 tat.
664 1607 882 1680 posuit),
909 1603 1092 1656 dicens
1135 1597 1202 1650 de
1252 1594 1400 1646 Deo:
1437 1587 1534 1650 Qui
1583 1577 1962 1684 Filiolprop'rio
1992 1587 2094 1684 nolit

497 1662 757 1772 pepercit,
817 1662 904 1747 sed
948 1705 1041 1760 pro
1088 1684 1233 1738 nobis
1289 1679 1520 1732 omnibus
1574 1670 1789 1772 tradidit
1826 1667 1970 1772 illum
1997 1662 2092 1729 (al.

503 1753 650 1854 Qui»)
693 1753 869 1853 (Iiom.
906 1753 1018 1837 viti,
1051 1771 1166 1841 5‘2).
1197 1769 1367 1835 Atque
1404 1772 1460 1817 ut
1490 1761 1579 1815 illa
1608 1755 1827 1812 traditio
1846 1753 2098 1806 volunta-

516 1879 597 1933 ria
634 1841 730 1929 ἐξ
788 1875 1058 1942 potestate
1106 1861 1226 1916 Filii
1285 1859 1676 1912 monstraretur
1731 1845 1962 1907 effecta,
2014 1841 2102 1894 Fi-

702 1929 914 2032 quoque
943 1973 1039 2027 pro
1069 1951 1224 2007 nobis
1263 1963 1321 2002 se
1375 1947 1639 1998 memorat
1687 1934 1987 1994 tradidisse,
2028 1929 2103 2032 di-
2137 1981 2178 2038 Β

504 2041 649 2115 ὀθιις,
670 2057 774 2110 alio
808 2054 930 2107 loco
963 2068 974 2101 :
1011 2045 1160 2111 Quod
1207 2051 1376 2095 autem
1406 2052 1541 2092 nunc
1570 2035 1678 2088 vivo
1718 2031 1770 2084 in
1820 2043 2004 2088 carne,
2050 2024 2104 2076 in

523 2151 627 2222 ﬁde
653 2159 676 2186 ἰ
704 2149 809 2201 vivo
842 2143 967 2196 Filii
998 2139 1124 2204 Dei;
1141 2137 1225 2208 qui
1253 2131 1435 2186 dilexit
1464 2143 1562 2191 me,
1591 2134 1640 2178 et
1671 2121 1885 2176 tradidit
1912 2124 2104 2222 semet;

710 2199 816 2304 pro
845 2247 924 2283 me
953 2199 1180 2297 (Gabii,
1211 2220 1321 2291 20).
1354 2217 1462 2272 Sed
1491 2222 1548 2268 ut
1574 2209 1946 2268 ostenderetur
1976 2199 2106 2272 quid

526 2297 580 2382 in
602 2297 813 2382 Christo
845 2320 1077 2392 potuerit
1101 2315 1254 2376 tradi,
1275 2308 1589 2382 prophetice
1609 2305 1736 2364 dicit
1756 2302 1889 2392 liber
1913 2297 2103 2392 b_Job:

529 2415 693 2470 Terra
716 2387 908 2465 tradita
931 2417 1005 2462 est
1043 2407 1096 2459 in
1125 2419 1310 2458 manus
1331 2399 1474 2468 impii
1507 2394 1648 2468 (Job.
1680 2409 1754 2456 ιχ,
1784 2389 1897 2459 24).
1927 2387 1992 2440 Et
2025 2395 2108 2439 ta-

527 2520 650 2560 men
689 2520 785 2573 pro
812 2501 1015 2555 unitate
1044 2507 1312 2566 personat,
1345 2506 1451 2545 non
1491 2487 1664 2542 solum
1713 2479 2113 2538 humanitatem-

517 2570 748 2660 .Christi,
781 2594 874 2650 sed
919 2591 1188 2646 Christum
1233 2583 1490 2640 traditum
1537 2585 1685 2633 tenet
1727 2582 1782 2630 et
1827 2570 2114 2627 conlitetur

531 2688 788 2750 Ecclesia,
820 2684 1072 2756 quoniam
1102 2682 1154 2734 in
1177 2679 1264 2733 illa
1295 2675 1599 2735 traditione,
1622 2668 1765 2723 salva
1787 2663 2115 2735 proprietate
2173 2739 2177 2742 ι

533 2780 810 2846 utriusque
833 2761 1037 2828 naturae
1057 2814 1071 2837 ,
1103 2786 1202 2824 nec
1229 2769 1392 2822 homo
1431 2767 1711 2830 susceptus
1738 2753 1975 2826 separari
2013 2764 2115 2821 po-

535 2870 638 2924 tuit
664 2885 694 2922 a
725 2844 853 2932 Deo,
881 2879 980 2920 nec
1007 2862 1148 2916 Deus
1165 2858 1340 2929 potuit
1371 2855 1437 2908 ab
1457 2851 1675 2907 homine
1703 2844 1972 2915 segregari
2000 2855 2120 2895 sus-

519 2969 714 3030 cepto.
747 2957 896 3012 Sicut
926 2968 1054 3022 ergo
1085 2951 1390 3022 passionem
1419 2943 1608 2998 mortis
1647 2949 1702 2994 et
1733 2944 1964 2993 mortem
1993 2947 2120 3003 pro-

520 3028 662 3125 .pter
690 3052 948 3107 unitatem
999 3059 1264 3117 personze,
1300 3039 1390 3094 Dei
1419 3037 1633 3107 quidem
1669 3032 1803 3087 Filio
1845 3028 2122 3096 Scriptura

521 3115 760 3212 .prorsus
803 3115 1057 3206 assignat,
1105 3141 1160 3188 et
1218 3140 1394 3186 tamen
1433 3118 1689 3182 deitatem
1743 3115 2122 3190 impassibilem

527 3207 698 3304 .i33
742 3228 1210 3293 itnmortalemque
1239 3219 1572 3292 pronuntiat,
1614 3217 1686 3268 ita
1717 3221 1771 3266 et
1812 3212 2002 3265 animae
2029 3207 2126 3260 tri-

525 3294 739 3382 stitian
774 3325 829 3370 et
866 3313 1342 3385 perturbationem,
1367 3321 1525 3374 quam
1552 3300 1906 3357 voluntariam
1937 3297 1989 3350 in
2012 3294 2115 3348 ani-

2177 703 2336 775 (Isai.
2369 718 2454 766 χι,
2487 700 2556 753 28
2583 711 2631 754 et
2652 699 2806 770 seq.).
2841 697 2957 767 Ipse
2987 710 3201 766 quoque
3221 694 3380 748 Panis
3404 695 3492 763 qui
3523 693 3624 748 de
3662 689 3843 745 cazlo

2177 792 2454 848 descendit
2514 790 2857 844 credentibus
2913 788 2964 840 in
3020 802 3080 840 se
3124 785 3414 855 perfectam
3455 787 3844 840 satietatem

2177 885 2442 949 veraciter
2471 881 2794 950 repromittit
2840 878 3023 932 dicens
3055 895 3067 929 ε
3103 875 3201 940 Qui
3236 879 3372 930 venit
3417 878 3487 929 ad
3536 891 3656 930 me
3712 888 3845 926 non

2181 974 2386 1038 esuriet,
2415 979 2463 1025 et
2509 973 2594 1040 qui
2636 969 2795 1022 credit
2841 970 2895 1021 in
2949 985 3029 1021 me
3069 985 3173 1021 non
3213 970 3350 1024 sitiet
3405 970 3460 1022 in
3517 978 3846 1023 aeternum

2183 1061 2365 1132 (Joan.
2389 1078 2458 1124 vt,
2475 1058 2612 1128 55)).
2640 1058 2811 1124 Rogo,
2855 1058 3085 1126 qualiter
3112 1057 3225 1112 haac
3251 1059 3421 1112 virtus
3441 1056 3850 1113 concedetur

2184 1150 2510 1210 hominibus,
2561 1148 2606 1201 si
2655 1162 2774 1201 eam
2823 1147 3022 1200 habere
3075 1161 3184 1200 non
3241 1149 3416 1215 potuit
3454 1146 3672 1201 Deus?
3711 1144 3848 1196 Aut

2187 1238 2458 1308 quomodo
2485 1236 2729 1291 Christus
2759 1235 2810 1288 in
2841 1251 2935 1289 sua
2967 1234 3249 1306 divinitate
3277 1252 3382 1290 non
3406 1231 3848 1303 habuit,quod

2190 1328 2256 1382 ab
2287 1343 2352 1382 eo
2385 1325 2581 1380 Paulus
2610 1333 2666 1378 ut
2693 1325 2914 1378 haberet
2940 1325 3188 1393 accepit?
3217 1324 3335 1394 Ipse
3357 1326 3500 1380 enim
3527 1325 3611 1380 de
3639 1340 3723 1378 se
3751 1323 3846 1376 si-

2191 1419 2524 1486 milibusque
2544 1424 2790 1479 testatur,
2821 1415 3004 1470 dicens
3031 1433 3044 1468 :
3089 1415 3493 1470 Tributationem
3521 1417 3842 1486 patimur,

2194 1509 2282 1562 sed
2330 1525 2432 1562 non
2481 1509 2835 1578 angustiamur
2863 1505 2950 1577 (II
2978 1505 3098 1560 Cor.
3130 1523 3202 1571 tv,
3232 1507 3325 1577 8);
3370 1516 3426 1562 et
3468 1508 3578 1562 alio
3629 1507 3794 1561 loco
3822 1522 3840 1557 :

2200 1599 2357 1665 Quasi
2387 1598 2679 1658 morientes,
2728 1606 2776 1648 et
2814 1612 2930 1649 ecce
2957 1597 3201 1660 vivimus;
3224 1606 3278 1648 ut
3307 1598 3568 1666 castigati,
3601 1603 3674 1649 et
3713 1612 3847 1648 non

2199 1690 2524 1758 mortiﬁcati;
2543 1681 2688 1756 quasi
2712 1690 2902 1752 tristes,
2927 1703 3129 1756 semper
3155 1698 3325 1740 autem
3345 1688 3647 1757 gaudentes
3664 1703 3691 1750 ;
3716 1687 3844 1739 sic-

2199 1792 2254 1832 ut
2281 1788 2505 1850 egentes,
2550 1779 2737 1832 multos
2766 1787 2936 1831 autem
2967 1777 3366 1847 locupletantes;
3407 1787 3674 1847 tanquam
3739 1778 3844 1828 ni-

2203 1871 2276 1923 hil
2299 1870 2559 1933 trahentes,
2584 1876 2634 1921 e't
2656 1869 2831 1922 omnia
2877 1868 3198 1937 possidentes
3221 1865 3309 1937 (Il
3333 1865 3454 1920 Cor.
3478 1883 3552 1931 vt,
3584 1867 3653 1933 9,
3701 1865 3835 1935 10).

2205 1961 2374 2026 Quam
2403 1973 2565 2026 grave
2593 1969 2754 2027 atque
2775 1959 3122 2026 incongruum
3150 1965 3234 2012 est
3259 1967 3314 2013 et
3342 1973 3373 2013 a
3399 1973 3523 2011 vera
3551 1957 3674 2011 ﬁde
3701 1973 3841 2010 mo-

2205 2051 2286 2105 dis
2322 2050 2569 2108 omnibus
2599 2049 2852 2113 alienum,
2895 2056 2954 2101 ut
2997 2047 3193 2101 Paulus
3240 2049 3293 2101 in
3343 2063 3448 2102 una
3493 2048 3842 2116 cadentque

2206 2140 2396 2193 anima:
2441 2138 2761 2201 substantia,
2795 2152 2917 2191 cum
2969 2137 3231 2202 tristatur,
3279 2137 3453 2206 possit
3489 2138 3544 2191 in
3575 2133 3606 2172 (ι
3651 2137 3838 2191 dono

2205 2229 2400 2282 Christi
2431 2242 2644 2297 semper
2672 2226 2924 2295 gaudere,
2956 2224 3105 2280 etde
3134 2224 3328 2280 Christi
3375 2225 3668 2294 divinitate
3729 2225 3838 2278 di-

2209 2329 2360 2373 catur
2389 2317 2532 2388 quod
2573 2317 2738 2370 tristis
2771 2317 2824 2370 in
2866 2317 3044 2370 anima
3087 2330 3248 2384 quam
3279 2317 3514 2386 suscepit
3553 2333 3670 2372 non
3707 2331 3832 2386 po—

2213 2412 2311 2464 tuit
2338 2411 2389 2463 in
2416 2409 2589 2478 seipsa
2615 2408 2729 2463 sine
2759 2407 2970 2460 tristitia
3001 2422 3336 2476 permanere.

2212 2546 2391 2624 Csrvr
2423 2559 2608 2624 xxv/III...
2630 2541 2770 2624 ⁸Ικζοει
2799 2542 3074 2624 αξεᾷιὺὶιυν
3099 2545 3251 2624 timor
3287 2542 3518 2624 Joanni;
3549 2561 3676 2615 ergo
3716 2558 3829 2596 ηεσ

2284 2615 2429 2668 debet
2453 2614 2640 2666 ascribi
2664 2613 2862 2682 deitati.
2899 2612 3027 2676 Qua:
3054 2613 3211 2666 servis
3249 2612 3622 2682 accipientibus
3646 2629 3826 2668 nam

2284 2694 2448 2755 potest
2467 2685 2724 2749 adimere,
2757 2681 2977 2736 Domino
3015 2683 3256 2753 targienti
3285 2699 3432 2736 nemo
3460 2693 3680 2738 conetur
3710 2700 3824 2736 ass-

2289 2757 2442 2826 ferre.

2287 2867 2404 2922 Non
2459 2865 2610 2920 timet
2660 2863 2914 2928 Joannes,
2958 2865 3049 2934 qui
3091 2863 3253 2920 dicit:
3292 2864 3467 2920 Timor
3506 2885 3608 2922 non
3639 2877 3725 2921 est
3757 2869 3821 2922 in

2221 2958 2454 3020 caritate,
2506 2972 2629 3008 nam
2665 2958 2892 3026 perfecta
2931 2956 3124 3009 caritas
3160 2960 3303 3025 foras
3342 2958 3495 3010 mittit
3525 2959 3819 3021 timorem;

2223 3049 2306 3118 qui
2329 3055 2498 3098 autem
2528 3045 2670 3098 timet
2697 3061 2799 3098 non
2839 3055 2915 3099 est
2953 3047 3208 3116 perfectus
3241 3046 3292 3099 in
3316 3048 3532 3100 caritate
3560 3047 3612 3116 (Ι
3641 3049 3818 3103 Joan.

2224 3153 2296 3202 tv,
2323 3136 2434 3205 £8).
2465 3135 2721 3190 Audierat
2743 3135 2884 3189 enim
2912 3150 2942 3189 a
2972 3135 3200 3191 Domino
3227 3155 3239 3189 :
3275 3135 3452 3190 Nolite
3496 3141 3675 3194 timere
3720 3157 3820 3194 eos

2221 3225 2313 3297 qui
2342 3225 2579 3280 occidunt
2608 3242 2812 3296 corpus,
2846 3226 3073 3278 animam
3104 3237 3274 3280 autem
3304 3243 3404 3282 non
3433 3242 3645 3298 possunt
3667 3233 3818 3284 occi—

2232 3321 2351 3371 dere
2375 3317 2585 3388 (Matth.
2622 3334 2674 3380 ι,
2699 3317 2812 3389 ‘28).
2843 3317 3111 3372 Timorem
3149 3319 3322 3372 nullus
3350 3320 3511 3374 audet
3537 3323 3820 3377 ascribere

550 3425 639 3464 ma
659 3408 753 3462 Dei
779 3405 942 3459 Filius
967 3402 1172 3464 habuit,
1202 3400 1280 3452 Sic
1307 3396 1555 3451 Ιιεῦυίδδθ
1581 3390 1847 3480 θτθάδίυβ
1879 3395 1937 3442 ιη
1964 3386 2127 3441 etiam
2156 3369 2201 3430 Ο
2230 3369 2442 3472 Joanni,
2475 3416 2529 3462 et
2569 3369 2730 3461 tim’or
2753 3369 2953 3462 mortis

490 3537 504 3545 ι
547 3502 690 3570 ipsas
715 3498 958 3551 humana:
994 3492 1185 3546 anima:
1213 3487 1511 3558 passiones,
1549 3491 1604 3538 et
1642 3497 1707 3536 ex
1736 3479 2010 3534 voluntate
2038 3489 2130 3530 ve-

549 3568 656 3653 ras,
697 3595 752 3642 et
794 3587 848 3640 in
895 3584 1120 3638 veritate
1168 3577 1496 3634 voluntarias
1539 3589 1646 3629 non
1697 3584 1969 3638 negemus.
2014 3568 2132 3653 Ipsa

554 3691 773 3748 quoque
817 3673 1015 3728 Christi
1062 3670 1335 3733 divinitas,
1381 3681 1501 3735 qua:
1546 3661 1839 3719 secundum
1903 3638 2137 3712 animani

553 3765 882 3830 contristari,
911 3772 967 3818 et
994 3760 1284 3818 secundum
1315 3772 1532 3812 carnem
1584 3755 1800 3822 dignata
1849 3766 1948 3820 pro
1978 3749 2136 3804 nobis

538 3865 643 3920 est
670 3855 824 3915 mori,
858 3851 1151 3928 secundum
1199 3847 1509 3903 substantia:
1555 3845 1969 3914 proprietatem,
2000 3841 2137 3895 sicut

555 3943 892 4008 immortalis,
933 3941 1011 3996 sic
1037 3948 1121 3995 est
1161 3945 1216 3994 et
1264 3935 1604 4006 impassibilis
1625 3931 1979 4003 pnndicanda.
2009 3929 2138 3996 Quae

556 4037 679 4105 quia
709 4049 894 4090 verum
923 4033 1197 4088 hominem
1247 4028 1504 4097 suscepit,
1537 4026 1656 4080 ideo
1695 4031 1914 4078 cunctas
1937 4029 2139 4075 natura:

556 4130 800 4183 humana:
826 4123 1182 4187 inﬁrmitates,
1215 4135 1371 4177 veras
1399 4117 1638 4186 quidem,
1670 4113 1762 4170 sed
1789 4113 2136 4175 voluntarias,

559 4219 614 4272 in
637 4214 821 4271 eadem
845 4215 1068 4269 veritate
1093 4221 1296 4267 natura:
1317 4209 1576 4263 duntaxat
1597 4206 1841 4259 humana:
1868 4203 2137 4258 sustinuit.

562 4307 692 4374 Quis
721 4315 898 4361 autem
939 4312 1048 4358 tam
1080 4300 1408 4357 mortiferam
1439 4304 1675 4353 sectetur
1723 4295 2049 4364 improvidus
2075 4295 2143 4348 tle

565 4400 778 4456 Christo
807 4397 1149 4462 sententiam,
1172 4401 1232 4448 ut
1251 4393 1447 4446 famem
1491 4390 1658 4454 illam,
1683 4387 1846 4453 sitim,
1871 4387 2141 4442 lassitudi-

553 4505 710 4563 nem,
733 4489 1036 4564 passionem
1071 4494 1124 4540 et
1146 4491 1395 4549 mortem,
1429 4489 1484 4536 et
1507 4495 1690 4534 rursus
1719 4479 2008 4542 tristitiam,
2030 4493 2148 4546 per-

569 4580 952 4641 turbationem,
979 4584 1181 4630 metum
1211 4581 1266 4629 et
1289 4573 1502 4626 taedium
1528 4575 1666 4642 (qum
1683 4571 1858 4626 carnis
1877 4579 1932 4624 et
1956 4570 2146 4623 animm

561 4684 690 4732 esse
736 4684 894 4723 nemo
937 4674 1118 4736 potest
1174 4665 1508 4733 aliquatenus
1552 4662 1857 4733 dubitare),
1901 4662 1979 4716 sic
2020 4676 2146 4714 vera

2233 3497 2324 3551 illo
2350 3496 2513 3550 David
2544 3505 2598 3550 et
2626 3496 2752 3551 dicit
2779 3516 2790 3548 ;
2829 3496 2892 3550 In
2921 3496 3032 3550 Deo
3060 3498 3294 3566 sperabo,
3336 3515 3438 3553 non
3473 3500 3659 3555 timebo
3687 3501 3818 3572 quid

2235 3591 2395 3660 faciat
2441 3588 2593 3659 135
2614 3589 2736 3642 mihi
2759 3589 2910 3642 homo
2937 3587 3108 3659 (Psal.
3134 3605 3218 3654 LV,
3252 3589 3374 3659 il);
3406 3589 3652 3661 idemque
3681 3609 3819 3648 con-

2235 3679 2459 3733 fidenter
2488 3678 2776 3747 ingeminat
2800 3696 2812 3730 :
2841 3676 3090 3731 Dominus
3110 3678 3418 3732 iituminatio
3440 3695 3552 3732 mea
3587 3689 3635 3733 et
3671 3682 3816 3736 salus

2234 3785 2367 3831 mea,
2397 3785 2542 3839 quem
2573 3757 2799 3821 timebo?
2844 3766 3098 3821 Dominus
3143 3767 3383 3839 defensor
3427 3770 3544 3823 vitae
3581 3785 3727 3835 mete,
3781 3787 3816 3822 α

2236 3874 2332 3929 quo
2359 3857 2624 3926 trepidabo
2657 3856 2830 3927 (Psal.
2880 3873 3023 3921 uvr,
3080 3858 3127 3923 l,
3173 3857 3264 3926 2)?
3311 3856 3377 3911 Et
3416 3859 3530 3928 ipse
3556 3859 3818 3915 Dominus

2237 3947 2494 4016 apostolis
2523 3947 2652 4001 dicit
2679 3964 2690 3998 :
2726 3945 2848 4000 Non
2872 3946 3101 4000 turbetur
3140 3963 3227 4000 cor
3250 3957 3492 4014 vestrum,
3524 3966 3687 4021 neque
3707 3954 3820 4022 for-

2239 4038 2394 4090 midet
2421 4035 2598 4104 tloan.
2632 4053 2739 4098 xw,
2770 4036 2881 4105 27).
2915 4035 3058 4090 Idem
3098 4035 3295 4103 denuo,
3339 4036 3589 4105 Gaudete,
3622 4040 3816 4108 inquit,

2239 4127 2356 4197 quia
2377 4142 2468 4195 ego
2498 4126 2591 4178 vici
2628 4124 2872 4176 mundum
2916 4123 3096 4194 (Joan.
3147 4141 3254 4186 xw,
3286 4123 3398 4196 5'5).
3431 4123 3819 4195 Exspectantes

2241 4216 2402 4285 igitur
2429 4231 2570 4279 eum,
2619 4214 2984 4275 fortitudinem
3014 4223 3251 4281 sumunt,
3285 4230 3490 4284 pennas
3519 4217 3819 4285 producunt

2243 4307 2436 4374 quibus
2464 4305 2529 4359 ad
2559 4305 2797 4360 caelestia
2841 4306 3209 4374 subleventur,
3258 4316 3537 4361 currentes
3578 4308 3820 4361 nesciunt

2245 4396 2504 4460 laborem,
2556 4396 2804 4462 ignorant
2854 4395 3186 4450 ambulantes
3232 4396 3484 4458 esuriem,
3515 4397 3566 4449 in
3599 4397 3820 4450 tribula-

2247 4485 2391 4539 tione
2421 4501 2524 4538 non
2561 4484 2833 4554 patiuntur
2878 4486 3207 4554 angustiam,
3263 4486 3553 4540 morientes
3589 4487 3822 4541 retinent

2245 4577 2432 4642 vitam,
2465 4577 2645 4630 tristes
2675 4576 2887 4644 quidem
2929 4576 3196 4640 videntur,
3250 4585 3426 4630 tamen
3454 4593 3668 4647 semper
3693 4592 3823 4645 gau-

2247 4665 2433 4719 dentes
2461 4665 2752 4733 exsultant,
2803 4668 2956 4733 egeni
2987 4667 3199 4722 divitias
3239 4668 3478 4736 pluribus
3516 4667 3824 4735 conferunt,

573 4760 735 4816 fuisse
759 4759 945 4815 credat
983 4759 1037 4813 in
1067 4764 1257 4811 natura
1286 4755 1535 4818 hominis,
1564 4762 1621 4807 ut
1651 4754 1717 4808 ab
1745 4754 1829 4808 his
1859 4753 2147 4826 immunem
2178 4731 2225 4790 θ
2252 4766 2306 4812 ει
2335 4758 2514 4810 omnia
2543 4731 2995 4828 possidendidum
3037 4758 3166 4812 nihil
3209 4731 3408 4814 habere
3455 4731 3823 4823 contendunt;

573 4865 684 4906 non
703 4847 890 4905 credat
909 4846 1261 4903 substantiam
1302 4845 1537 4911 deitatis,
1568 4860 1690 4899 cum
1727 4844 2066 4914 sperantibus
2095 4842 2149 4896 in

563 4958 659 5009 -se,
687 4942 790 4997 hoc
810 4949 869 4994 ut.
895 4944 1148 5010 superent
1174 4937 1419 4992 Christus
1447 4936 1672 5002 dederit,
1705 4935 1847 5006 quod
1874 4951 1973 5005 pro
1995 4933 2150 4988 nobis

567 5033 690 5110 ipse
719 5031 992 5086 voluntate
1038 5028 1302 5099 persensit
1332 5027 1436 5098 (al.
1486 5027 1878 5096 persenserit)?
1926 5026 2152 5094 Propter

577 5121 720 5190 quoii
755 5121 1009 5176 divinitus
1033 5119 1321 5188 inspiratus
1342 5118 1557 5188 pertidis
1585 5132 1647 5172 ac
1687 5117 1974 5171 mortiferis
2006 5117 2151 5184 cogi-

577 5211 869 5268 tationibus
920 5209 1084 5263 Isaias
1139 5208 1427 5274 obnititur,
1457 5207 1642 5263 dicens
1675 5225 1688 5260 :
1724 5207 1860 5262 Deus
1908 5215 2149 5272 (etei-nus,

581 5298 718 5353 Deus
773 5301 857 5370 qui
898 5300 1015 5370 fecit
1053 5300 1184 5369 ﬁnes
1215 5307 1387 5363 terrw,
1419 5315 1522 5353 non
1568 5299 1774 5362 esui-iet,
1814 5315 1972 5366 neque
2012 5296 2156 5351 labo-

583 5389 740 5463 rabit,
777 5405 935 5460 neque
981 5391 1196 5444 inveniri
1241 5396 1406 5459 potest
1453 5387 1725 5459 prudentia
1767 5389 1877 5457 ejus
1905 5394 2158 5456 praestans

521 5537 524 5540 .
582 5481 931 5537 esurientibus.
953 5485 1104 5559 uires,
1133 5492 1183 5537 et
1210 5499 1313 5538 non
1353 5478 1640 5536 dolentibus
1690 5495 1978 5534 mwrorem.
2020 5476 2159 5531 Esu-

586 5573 721 5627 rieut
747 5576 883 5628 enim
903 5575 1134 5645 juvenes,
1159 5585 1207 5630 et
1227 5574 1534 5630 laborabunt
1561 5573 1928 5638 adolescentes,
1951 5582 1999 5626 et
2019 5573 2164 5626 electi

588 5664 700 5716 sine
738 5664 926 5719 viribus
961 5675 1128 5720 erunt.
1163 5663 1263 5730 Qui
1301 5681 1416 5719 vero
1444 5670 1744 5734 exspectant
1773 5661 2046 5715 Dominum
2076 5676 2169 5716 ea:-

589 5752 849 5811 sultabunt
875 5771 991 5810 cum
1011 5758 1212 5822 virtute,
1249 5766 1272 5794 ο
1295 5754 1576 5825 producent
1596 5769 1789 5823 pennas
1804 5753 1931 5806 sicut
1959 5754 2164 5824 equilia,

664 5909 689 5938 ⁸
722 5901 843 5959 Mss.
874 5905 1035 5962 Corb.
1057 5915 1111 5961 et
1130 5905 1344 5967 Colon.,
1377 5905 1534 5960 Filio.

668 5969 692 6008 δ
722 5972 818 6028 Ms.
841 5975 1026 6040 Corb.,
1059 5977 1186 6030 liber
1206 5977 1371 6028 sancti
1396 5975 1511 6028 Job.

2251 4847 2538 4905 dilectione
2567 4846 2766 4902 Christi
2793 4848 3002 4917 repleti,
3027 4856 3212 4902 carent
3233 4849 3444 4915 timore,
3476 4850 3543 4904 ab
3566 4849 3682 4918 ipso
3713 4849 3827 4902 illu-

2251 4938 2457 5003 minati,
2484 4937 2716 4992 fatentur
2760 4953 2818 4993 se
2863 4939 3064 4992 nullum
3092 4947 3355 5005 metuere,
3377 4941 3494 5009 ipso
3524 4940 3824 5003 defensore,

2253 5036 2524 5096 nequeunt
2566 5029 2632 5082 ab
2659 5029 2837 5096 aliquo
2867 5029 3136 5098 trepidare
3172 5047 3185 5082 :
3222 5029 3290 5084 de
3313 5030 3476 5084 corde
3504 5044 3691 5084 eorum
3719 5038 3830 5083 tur-

2252 5118 2400 5172 batio
2430 5117 2765 5186 propellitur,
2797 5125 2850 5171 et
2879 5116 3148 5184 formido;
3181 5118 3446 5186 gaudent,
3496 5119 3620 5186 quia
3652 5119 3830 5173 vident

2259 5208 2512 5262 mundum
2535 5225 2564 5261 a
2590 5207 2803 5263 Christo
2825 5208 3112 5262 devictum.
3145 5210 3202 5263 Si
3226 5210 3339 5264 hzec
3365 5211 3536 5264 servis
3564 5210 3833 5279 accipien-

2260 5297 2402 5351 tibus
2444 5312 2602 5351 nemo
2647 5305 2824 5366 potest
2870 5295 3132 5365 adimere,
3190 5299 3420 5367 qualiter
3458 5299 3686 5354 Domino
3729 5299 3832 5353 lar-

2261 5387 2425 5461 gienti
2449 5385 2650 5456 perﬁda
2674 5386 2910 5454 caecitas,
2936 5387 3023 5442 vel
3049 5388 3229 5457 potius
3254 5403 3392 5442 eatea
3422 5388 3670 5458 pertidia,
3692 5388 3832 5458 quod

2265 5477 2502 5532 divinum
2551 5476 2862 5531 naturaliter
2911 5477 3072 5534 habet
3137 5487 3364 5534 conatur
3419 5479 3664 5535 auferre?
3709 5479 3834 5547 Quis

2269 5577 2450 5624 autem
2487 5584 2594 5648 non
2642 5565 2818 5621 videat
2864 5567 2919 5622 in
2960 5569 3064 5624 illis
3098 5569 3433 5639 passionibus
3460 5569 3658 5625 Christi
3694 5584 3836 5639 qna:-

2270 5662 2392 5717 dam
2433 5663 3038 5718 nostrarumvirtutnm
3084 5664 3287 5718 semina
3336 5664 3637 5719 contineri?
3695 5662 3835 5720 Unus

2273 5767 2401 5822 ergo
2444 5753 2691 5823 idemque
2732 5753 2976 5810 Christus
3003 5755 3053 5808 in
3095 5755 3424 5812 humanitate
3461 5771 3582 5826 qua:
3609 5757 3835 5816 humana

2354 5916 2375 5974 ἐ
2406 5904 2560 5968 Editi,
2587 5905 2880 5974 perducent.

2348 5972 2553 6045 d_Et|ili,
2580 5972 2631 6028 in
2662 5975 2834 6028 domo.
