4120 6462
197 5917 238 5988 ,ι

271 461 434 524 ’993

1553 456 1642 512 ΑΙ)
1681 450 2173 512 TRASIMUNDUM
2217 453 2336 508 LIB.
2378 453 2464 510 ΙΙΙ.

3464 499 3468 502 ~
3489 466 3594 523 994

325 589 450 636 sunt
489 580 676 641 sensit,
711 577 764 631 in
787 574 1065 630 divinitate
1107 580 1283 626 autem
1315 569 1655 640 impassibilis
1682 569 1900 622 immor-
1935 570 1979 626 A
2007 565 2061 630 2,
2089 575 2136 619 et
2159 568 2312 637 seq.).
2341 566 2408 620 Et
2429 574 2486 620 ut
2511 567 2770 638 prepheta
2794 568 3003 640 plenam
3033 573 3084 626 in
3108 572 3319 630 Christo
3342 579 3592 635 substan-

325 673 557 741 talisque
586 668 895 740 permansit.

321 763 505 818 Cspur
536 779 681 817 nix.
725 758 954 814 Nomina
979 756 1105 810 Filii
1130 755 1221 826 Dei
1244 755 1531 826 quoadejus
1556 753 1898 826 divinitatem.

395 833 565 886 Homo
605 829 836 884 Christus
869 829 1003 903 _q_uia
1047 819 1267 903 proprid
1285 819 1496 903 peccata
1533 839 1649 903 Anon
1699 819 1898 903 habuit,

361 919 367 924 ·
391 905 562 956 aliena
585 901 822 970 portavit.
858 892 1023 950 Plena
1047 892 1345 948 humanitas
1371 892 1581 946 Christi.

389 995 485 1051 Dei
515 995 656 1048 enim
703 992 865 1045 Filius
887 989 1138 1049 Verbum,
1170 995 1224 1041 et
1251 985 1526 1054 Sapientia
1559 983 1752 1047 Patris,
1787 983 1901 1051 ipse

322 1094 406 1141 est
433 1084 576 1138 salus
619 1082 686 1136 de
730 1095 834 1148 qua
864 1079 1125 1147 propheta
1172 1075 1339 1129 dicit:
1375 1072 1530 1128 Salus
1575 1081 1753 1125 nostra
1799 1072 1900 1124 cito

318 1174 482 1229 veniet
512 1170 666 1242 (Isai.
698 1184 838 1232 XLVI,
874 1167 981 1237 1³5).
1013 1166 1130 1235 Ipse
1146 1167 1315 1218 virtus
1344 1172 1398 1218 et
1424 1161 1684 1231 sapientia
1713 1179 1723 1212 :
1753 1160 1889 1214 Chri-

307 1273 426 1318 stus
453 1261 590 1314 enim
642 1259 732 1312 Dei
762 1259 922 1310 virtus
958 1264 1007 1309 et
1062 1253 1157 1307 Dei
1205 1254 1464 1323 sapientia
1489 1250 1541 1322 (1
1561 1251 1679 1305 Cor.
1712 1267 1749 1313 ι,
1783 1249 1894 1319 24).

314 1351 432 1420 ipse
445 1349 719 1411 saturitas,
734 1346 855 1414 quia
870 1344 1018 1414 panis
1031 1350 1108 1395 est
1119 1343 1204 1412 qui
1221 1343 1283 1394 de
1295 1341 1418 1394 cwlo
1432 1339 1700 1392 descendit
1714 1339 1896 1406 (Joan.

314 1456 384 1501 vt,
412 1438 520 1507 58).
547 1437 688 1491 ldem
710 1437 809 1499 via,
840 1435 952 1503 ipse
972 1435 1177 1496 veritas,
1210 1433 1324 1502 ipse
1347 1433 1469 1485 vita.
1487 1431 1630 1485 ldem
1646 1431 1896 1499 gaudium

314 1530 562 1586 etlietitia
588 1525 872 1589 nostra,de
901 1540 1007 1593 quo
1037 1523 1300 1592 propheta
1318 1521 1480 1576 dicit:
1515 1521 1600 1588 Et.
1612 1525 1804 1592 factum
1822 1530 1899 1574 est

311 1622 438 1676 mihi
461 1620 660 1674 verbum
701 1627 842 1670 tuum
865 1616 920 1669 in
961 1616 1205 1686 gaudium
1253 1623 1302 1667 et
1333 1614 1567 1668 lwtitiam
1601 1613 1769 1666 cordis
1800 1615 1896 1666 mei

308 1711 527 1780 (Jerem.
552 1725 641 1773 xv,
680 1706 786 1777 I6).
839 1706 960 1774 Ipse
989 1705 1171 1758 lumen
1203 1719 1406 1766 verum,
1456 1701 1601 1772 quod
1631 1701 1898 1754 illuminat

310 1817 514 1858 omnem
559 1799 812 1850 hominem
843 1796 1123 1848 venientem
1153 1795 1208 1847 in
1239 1793 1375 1846 hunc
1414 1792 1661 1846 mundum
1713 1789 1893 1860 (Joan.

309 1905 349 1955 ι,
375 1889 452 1960 9).
485 1885 578 1941 His
606 1885 909 1939 nominibus
945 1882 1192 1951 superius
1225 1880 1516 1949 designatis
1546 1881 1896 1933 incommuta-

310 1979 436 2032 bilis
460 1984 620 2044 atque
647 1971 989 2042 impassibilis
1018 1971 1304 2025 invenitur.
1352 1968 1640 2036 Egretare
1671 1983 1775 2021 non
1796 1983 1895 2035 po-

311 2073 416 2121 test
443 2064 614 2128 salus;
645 2060 904 2116 inlirmari
946 2075 1053 2112 non
1082 2058 1230 2112 novit
1258 2057 1458 2121 virtus;
1494 2058 1666 2111 nescit
1694 2056 1894 2109 saturi-

309 2166 396 2211 tas
417 2155 648 2218 esurire;
672 2153 755 2206 via
773 2152 958 2220 nequit
977 2165 1186 2213 errare;
1206 2149 1468 2217 salientia
1498 2166 1602 2204 non
1627 2158 1892 2214 mutatur;

308 2247 421 2301 vita
445 2261 550 2300 non
580 2243 834 2308 moritur;
860 2243 1036 2295 lumen
1066 2257 1170 2295 non
1199 2241 1588 2309 exstinguitur;
1621 2256 1721 2295 nec
1754 2241 1895 2294 veri-

311 2337 761 2406 tasdepravatur;
816 2339 987 2386 nescit
1032 2332 1233 2385 tristari
1291 2331 1507 2395 laetitia;
1558 2331 1740 2384 Deitas
1787 2346 1895 2384 non

310 2433 494 2497 potest
520 2423 795 2494 superari:
829 2432 1110 2491 propterea
1155 2420 1340 2488 utique
1389 2421 1549 2474 etiam
1572 2419 1770 2475 Christi
1793 2422 1888 2474 hu-

301 2516 546 2570 manitas
585 2514 701 2569 sine
735 2518 959 2581 peccato
990 2509 1303 2579 permansit,
1333 2510 1457 2578 quia
1489 2525 1606 2564 eam
1636 2519 1660 2546 ι
1691 2510 1745 2563 in
1777 2510 1896 2564 uni-

313 2615 427 2660 tate
449 2616 690 2675 persouaa
718 2601 968 2656 divinitas
1010 2599 1237 2667 accepit,
1262 2613 1382 2666 quae
1427 2599 1742 2652 naturaliter
1771 2614 1897 2668 pec-

305 2710 442 2750 care
471 2710 577 2748 non
618 2693 786 2747 novit.
821 2690 993 2744 Homo
1021 2703 1151 2758 ergo
1193 2688 1454 2752 Christus,
1488 2691 1740 2758 quoniam
1773 2705 1896 2758 pec-

307 2791 434 2838 cata
463 2799 569 2836 non
597 2781 780 2835 habuit
809 2779 1045 2848 propria,
1075 2786 1295 2847 portare
1323 2778 1571 2846 dignatus
1590 2787 1672 2832 est
1691 2778 1892 2842 aliena;

309 2873 527 2926 illorum
557 2879 736 2925 autem
777 2885 806 2923 a
839 2885 897 2923 se
926 2869 1094 2923 voluit
1133 2877 1348 2938 peccata
1374 2869 1599 2938 portari,
1629 2884 1748 2923 cum
1777 2869 1896 2936 qui-

311 2963 417 3018 bus
447 2963 724 3017 tenebatur
748 2959 1022 3016 consortio
1054 2959 1304 3022 naturali,
1347 2957 1562 3012 dicente
1587 2958 1852 3027 Apostolo
1878 2976 1890 3012 :

315 3051 418 3117 Qui
438 3055 572 3106 enim
599 3053 908 3121 sanctificat,
939 3060 987 3103 et
1007 3051 1089 3121 qui
1113 3051 1530 3119 sanctiﬁcantur,
1559 3066 1624 3103 ex
1652 3067 1754 3104 uno
1785 3068 1896 3104 om.

311 3162 425 3198 nes.
452 3145 668 3207 Propter
703 3160 855 3214 quam
901 3159 1110 3196 causam
1164 3159 1269 3195 non
1317 3141 1656 3212 confunditur
1703 3145 1894 3212 fratres

311 3255 402 3292 eos
441 3254 641 3303 vocare,
668 3237 882 3288 dicens:
915 3232 1181 3286 Nuntiabo
1222 3249 1404 3286 nomen
1455 3241 1594 3286 tuum
1642 3232 1890 3302 fratribus

311 3331 440 3384 meis
457 3329 639 3397 (Hebr.
654 3345 707 3391 ιι,
729 3326 747 3377 l
763 3327 811 3391 l,
827 3325 910 3388 ης
924 3343 1001 3395 ps.
1019 3323 1245 3393 xxt,%).
1259 3323 1420 3378 Isaias
1431 3323 1593 3378 etiam
1607 3323 1887 3392 propheta,

311 3419 526 3489 pietatis
551 3417 707 3486 hujus
736 3417 914 3470 taliter
937 3414 1184 3470 eliectum
1213 3415 1551 3482 praenuntiat,
1578 3421 1636 3467 ut
1661 3414 1890 3469 hominis

313 3509 366 3562 in
389 3524 453 3564 eo
471 3506 962 3566 nomenevidenter
981 3505 1249 3569 ostendat,
1270 3505 1381 3559 hmc
1400 3505 1582 3559 dicens
1608 3523 1620 3557 :
1651 3505 1884 3569 Domine,

308 3603 423 3672 quis
453 3600 670 3652 credidit
695 3597 894 3649 auditui
923 3605 1122 3658 nostro,
1165 3604 1215 3649 et
1255 3596 1519 3649 brachium
1563 3595 1775 3650 Domini
1805 3601 1886 3651 cui

309 3693 587 3747 revelatum
614 3698 688 3742 est
720 3687 872 3758 (Isai.
906 3704 1014 3750 Lm,
1044 3687 1133 3757 l)?
1163 3685 1295 3740 Cum
1321 3686 1448 3740 dicit
1467 3687 1747 3741 brachium
1774 3687 1884 3741 Do-

304 3783 461 3846 mini,
489 3777 961 3834 divinitatemFilii
985 3777 1076 3830 Dei
1099 3775 1362 3840 ostendit;
1389 3791 1452 3830 ac
1473 3775 1728 3845 deinceps
1750 3777 1886 3830 inci-

309 3874 386 3943 pit
411 3867 792 3926 lncarnationis
813 3875 868 3921 et
896 3867 1046 3937 135
1070 3863 1340 3920 Passionis
1374 3866 1683 3933 mysterium
1707 3867 1890 3935 prtedi-
1942 3899 1951 3909 ο

306 3981 432 4021 care
461 3983 473 4016 :
507 3962 935 4016 Annuntiavimus
963 3976 1138 4014 coram
1169 3962 1301 4029 ipso,
1330 3969 1385 4013 ut
1413 3959 1439 3998 δ
1469 3977 1614 4030 puer,
1645 3970 1699 4013 ut
1736 3964 1888 4016 radix

305 4059 362 4111 in
388 4064 522 4109 terra
551 4053 764 4107 sitienti.
800 4049 921 4105 Non
951 4060 1026 4104 est
1053 4051 1098 4103 ei
1137 4051 1327 4119 species
1356 4092 1371 4117 ,
1400 4066 1561 4119 neque
1589 4051 1774 4120 gloria.
1819 4050 1890 4103 Et

305 4146 523 4200 vidimus
551 4159 666 4197 eum
690 4185 704 4208 ,
731 4149 778 4195 et
807 4159 910 4195 non
939 4141 1117 4194 habuit
1145 4141 1393 4208 speciem,
1439 4157 1601 4212 neque
1629 4141 1882 4205 decorem,

246 4279 262 4294 .
306 4239 398 4292 sed
425 4238 615 4306 species
644 4235 753 4305 ejus
783 4236 896 4288 sine
927 4235 1118 4288 honore
1142 4274 1157 4299 ,
1198 4241 1248 4285 et
1281 4232 1484 4302 objecta
1511 4249 1620 4302 pra:
1647 4233 1883 4287 omnibus

303 4327 594 4382 hominibus
618 4346 634 4379 :
680 4326 830 4379 homo
851 4327 903 4378 in
932 4325 1087 4394 plaga
1112 4365 1126 4390 ,
1167 4331 1215 4376 et
1247 4325 1413 4377 sciens
1443 4326 1578 4395 ferre
1603 4325 1888 4393 inﬁrmita-

305 4430 427 4482 tem,
476 4420 718 4489 quoniam
754 4429 775 4454 ο
806 4424 1066 4470 αυενςαιιω
1108 4424 1205 4481 est,
1239 4418 1393 4485 facies
1423 4417 1533 4486 ejus
1557 4417 1888 4471 dehonestata

305 4520 402 4572 est,
436 4525 525 4562 nec
555 4503 749 4577 aliquid
772 4508 1026 4560 (estimata
1054 4515 1150 4559 est.
1184 4504 1285 4558 Hic
1311 4517 1523 4575 peccata
1554 4517 1737 4561 nostra
1755 4525 1880 4576 por-

306 4608 383 4652 tot
409 4641 424 4665 ,
472 4609 521 4652 et
550 4615 640 4667 pro
662 4597 806 4652 nobis
835 4596 970 4650 dolet
995 4638 1010 4662 ,
1059 4606 1106 4648 et
1135 4612 1227 4649 nos
1257 4597 1666 4651 existimavimus
1687 4615 1802 4651 eum
1830 4600 1883 4651 in

305 4689 568 4749 doloribus
595 4705 721 4750 esse,
747 4696 794 4740 et
822 4688 874 4739 in
903 4685 1079 4756 plaga,
1103 4694 1149 4739 et
1172 4687 1226 4738 in
1244 4689 1512 4741 vexatione
1536 4705 1552 4741 :
1576 4689 1685 4759 ipse
1711 4699 1879 4743 autem

305 4779 595 4848 vulneratus
624 4785 701 4828 est
721 4783 926 4844 propter
951 4775 1244 4842 iniquitates
1274 4785 1498 4841 nostras,
1530 4788 1580 4830 et
1603 4780 1878 4848 inﬁmita-

307 4845 388 4921 tus
424 4877 498 4921 est
535 4853 980 4936 propter-peccatu
1011 4873 1207 4918 nostra.
1255 4864 1493 4920 Eruditio
1523 4845 1667 4937 pacis
1693 4881 1885 4924 nostra:

304 4962 360 5013 in
389 4975 448 5011 eo
479 4958 571 5027 (al.
615 4958 669 5008 in
706 4954 880 5021 eum),
927 4964 976 5008 et
1014 4955 1172 5008 livore
1198 4955 1309 5025 ejus
1345 4971 1437 5009 nos
1477 4959 1649 5010 sanati
1686 4975 1880 5012 sumus.

308 5048 500 5100 Omnes
527 5056 582 5098 ut
611 5062 726 5100 oves
755 5046 1032 5099 erravimus
1070 5062 1088 5100 :
1121 5046 1268 5100 homo
1295 5063 1327 5099 a
1354 5048 1436 5100 via
1456 5063 1550 5101 sua
1579 5052 1767 5103 erravit
1791 5061 1885 5112 ,.et

304 5142 560 5196 Dominus
589 5140 805 5194 tradidit
843 5157 956 5194 eum
986 5157 1078 5210 pro
1125 5142 1344 5210 peccatis
1392 5141 1617 5204 nostris,
1663 5151 1713 5195 et
1751 5145 1880 5213 ipse,

301 5233 423 5303 quia
467 5232 600 5286 male
645 5239 892 5284 tractatus
920 5238 1035 5293 est,
1079 5247 1180 5284 non
1207 5231 1406 5297 aperuit
1435 5247 1491 5284 os
1525 5247 1544 5284 :
1583 5241 1640 5284 ut
1667 5233 1774 5287 ovis
1813 5235 1882 5287 ad

302 5321 670 5375 immolandum
698 5321 876 5372 ductus
904 5330 1011 5381 est,
1054 5329 1100 5374 et
1131 5329 1186 5373 ut
1222 5337 1388 5390 agnus
1425 5331 1545 5374 ante
1573 5338 1688 5376 eum
1714 5326 1798 5394 qui
1826 5342 1881 5380 se

305 5413 478 5467 tondet
501 5413 611 5466 sine
639 5427 788 5475 voce,
812 5411 884 5464 sic
913 5427 1015 5464 non
1042 5413 1242 5480 aperuit
1265 5429 1323 5465 os
1347 5428 1514 5466 suum.
1543 5411 1609 5466 In
1647 5414 1884 5469 humilia-

303 5503 443 5556 tione
473 5501 728 5573 judicium
755 5503 866 5571 ejus
905 5499 1158 5552 sublatum
1192 5511 1288 5554 est.
1330 5499 1728 5558 Generationem
1769 5507 1880 5576 ejus

299 5594 416 5666 quis
445 5590 746 5647 manabit?
775 5588 1029 5655 Quoniam
1053 5590 1261 5645 tolletur
1281 5610 1313 5645 a
1339 5603 1478 5648 terra
1509 5597 1611 5650 vita
1637 5597 1780 5667 ejus,
1813 5599 1878 5652 ab

300 5684 658 5756 iniquitatibus
684 5684 856 5755 populi
886 5684 984 5738 mei
1021 5683 1200 5737 ductus
1228 5696 1303 5738 est
1328 5686 1400 5740 ad
1428 5698 1643 5742 mortem
1690 5689 1876 5761 (Ibid.,

376 5823 403 5852 ⁸
435 5819 532 5874 Ms.
553 5816 742 5883 Corh.,
773 5819 827 5871 in
855 5820 1124 5873 unitatem.

374 5891 402 5930 ιο
434 5888 528 5944 Ms.
562 5889 745 5956 Corb.,
777 5899 831 5942 ut
854 5908 997 5961 puer.
1032 5889 1126 5945 Ms.
1160 5889 1320 5957 Vict.,
1344 5901 1392 5945 et
1413 5911 1558 5964 puer.

2011 659 2137 711 tiam
2168 658 2397 713 hominis
2425 659 2850 725 demonstraret,
2893 664 3052 731 paulo
3085 664 3305 720 inferius
3348 669 3540 736 adjecit
3569 690 3583 723 :

2006 745 2230 800 Peccata
2258 765 2430 802 eorum
2453 751 2560 820 ipse
2583 752 2825 820 portabit.
2857 752 2981 806 Ideo
3011 756 3120 825 ipse
3143 756 3445 812 haereditate
3467 777 3589 829 pos-

2004 839 2190 892 sidebit
2219 840 2435 903 multos,
2479 852 2529 894 et
2570 845 2779 912 fortium
2827 846 3079 913 partietur
3126 848 3326 915 spolia,
3379 859 3588 920 propter

2002 929 2137 998 quod
2165 930 2357 983 tradita
2386 941 2460 983 est
2489 932 2543 984 iu
2564 942 2776 986 mortem
2812 935 2916 1002 (al.
2943 935 2994 986 in
3023 937 3216 1004 morte)
3251 939 3427 990 anima
3449 940 3582 1010 ejus,

2001 1031 2048 1072 et
2076 1022 2212 1072 inter
2239 1021 2439 1090 iniquos
2466 1021 2736 1091 deputatus
2766 1032 2861 1076 est.
2901 1023 2972 1076 Et
2998 1025 3107 1093 ipse
3143 1036 3354 1094 peccata
3397 1030 3584 1083 multo-

1999 1125 2112 1160 rum
2132 1109 2390 1173 sustinuit,
2417 1117 2466 1161 et
2494 1121 2702 1179 propter
2731 1111 3024 1182 iniquitates
3045 1130 3216 1166 eorum
3242 1117 3462 1167 traditus
3483 1127 3578 1170 est.
3609 1115 3619 1200 ι’

2001 1196 2078 1251 Ex
2107 1199 2187 1251 his
2225 1200 2496 1268 propheta:
2525 1201 2702 1255 verbis
2729 1209 2784 1255 et
2813 1202 2987 1255 anima
3024 1204 3216 1257 tradita
3238 1207 3584 1274 cognoscitur
3610 1196 3613 1214 ⁷

2000 1287 2296 1344 Salvatoris
2325 1297 2378 1343 et
2407 1305 2533 1344 caro
2559 1331 2573 1355 ,
2623 1290 2748 1358 quia
2779 1299 2922 1345 totus
2945 1308 3042 1361 pro
3073 1293 3224 1348 nobis
3269 1296 3334 1348 ad
3365 1311 3576 1351 crucem

2001 1378 2193 1433 ductus
2222 1387 2305 1434 est
2333 1381 2513 1435 homo.
2556 1379 2646 1435 Sic
2671 1383 2810 1434 enim
2842 1384 3080 1452 Oportuit
3119 1393 3423 1440 nostrorum
3452 1403 3581 1456 pec-

1999 1481 2244 1527 catorum
2290 1473 2456 1528 deleri
2487 1475 2894 1544 chirographum
2921 1515 2936 1539 ,
2990 1487 3046 1531 ut
3075 1479 3199 1532 dum
3231 1489 3385 1535 vetus
3416 1484 3578 1538 homo

1999 1572 2182 1616 noster
2211 1565 2365 1618 simul
2409 1565 2553 1619 cruci
2610 1565 2881 1634 alligitur,
2938 1577 3190 1638 tanquam
3235 1572 3286 1624 in
3337 1583 3577 1643 tropteo,

2000 1654 2403 1723 triumphatoris
2431 1657 2652 1710 victoria
2684 1658 3031 1726 panderetur.

1996 1759 2174 1815 Carvr
2201 1779 2334 1840 _xxx.
2368 1762 2491 1818 Non
2522 1768 2677 1840 sensit
2713 1783 2836 1840 caro
2865 1767 3057 1822 Christi
3096 1773 3472 1840 corruptionem
3522 1774 3579 1828 in

2066 1833 2320 1910 sepulcro,
2369 1850 2462 1910 uec
2502 1838 2676 1889 anima
2717 1838 2827 1910 ejus
2865 1856 3068 1910 poenam
3097 1840 3149 1893 in
3181 1833 3402 1910 inferno.
3426 1843 3583 1897 Justa'

1931 1923 1974 1981 Β
2071 1900 2168 1954 Dei
2194 1902 2319 1956 ultio
2345 1905 2408 1955 de
2437 1915 2642 1981 peccato
2670 1900 2821 1981 primi
2852 1900 3091 1981 hominis.
3131 1900 3290 1964 Salna
3315 1930 3408 1978 per
3436 1912 3582 1966 Chri-

2071 1981 2205 2023 stum
2232 1982 2280 2024 et
2308 1989 2430 2025 caro
2458 1985 2506 2025 et
2534 1977 2710 2027 anima
2731 1977 2971 2030 hominis.
2998 1977 3231 2033 Christus
3250 1977 3512 2036 condoluit
3529 1992 3582 2038 et

2067 2056 2366 2110 compassus
2395 2053 2470 2096 est
2498 2043 2665 2098 nobis.

2071 2131 2324 2187 Restabat
2355 2143 2551 2199 tamen,
2598 2135 2663 2188 ad
2712 2136 2926 2205 plenum
2973 2148 3168 2193 nostra:
3197 2140 3581 2211 redemptionis

1997 2221 2187 2278 ell‘cctu
2212 2233 2341 2297 u,‘ut
2366 2225 2493 2279 illuc
2513 2242 2679 2294 usque
2703 2227 2864 2281 homo
2890 2229 3004 2281 sine
3027 2240 3246 2297 peccato
3275 2247 3305 2284 a
3333 2231 3441 2286 Deo
3463 2249 3582 2288 sus-

1996 2319 2182 2380 ceptus
2207 2312 2572 2379 descenderet,
2599 2330 2876 2385 quousque
2906 2317 3066 2371 homo
3091 2329 3367 2388 separatus
3405 2337 3434 2374 a
3468 2321 3579 2376 Deo

1999 2401 2200 2468 peccati
2248 2402 2439 2456 merito
2489 2403 2786 2470 cecidisset,
2843 2405 2895 2459 id
2924 2415 3007 2460 est
3049 2408 3116 2462 ad
3162 2408 3446 2476 infernum,
3488 2412 3579 2466 ubi

1996 2489 2206 2542 solebat
2233 2492 2532 2559 peccatoris
2561 2493 2736 2546 anima
2766 2495 3024 2564 torqueri,
3074 2505 3128 2549 et
3155 2496 3220 2550 ad
3250 2498 3577 2566 sepulcrum,

1997 2576 2085 2629 ubi
2106 2587 2458 2632 consueverat
2480 2581 2780 2648 peccatoris
2805 2598 2930 2636 caro
2953 2588 3256 2654 corrumpi;
3287 2588 3363 2642 sic
3393 2597 3576 2643 tamen

1997 2674 2178 2718 utnec
2202 2664 2404 2719 Christi
2453 2682 2580 2721 caro
2626 2668 2677 2721 in
2707 2671 2954 2739 sepulcro
2983 2683 3437 2742 corrumperetur,
3475 2691 3579 2733 nec

1996 2753 2186 2807 inferni
2216 2755 2489 2811 doloribus
2517 2759 2692 2811 anima
2724 2767 3083 2828 torqueretur,
3115 2764 3366 2832 quoniam
3399 2767 3576 2823 anima

1997 2839 2246 2895 immunis
2275 2857 2304 2894 a
2335 2854 2556 2911 peccato
2582 2861 2687 2898 non
2717 2857 2833 2901 erat
2876 2849 3148 2905 suhdenda
3191 2853 3472 2920 supplicio,
3521 2865 3578 2910 et

1995 2942 2212 2982 carnem
2254 2930 2370 2983 sine
2418 2942 2638 2999 peccato
2682 2949 2789 2988 non
2831 2935 3015 2990 debuit
3054 2939 3242 2995 vitiare
3278 2944 3572 3012 corruptio.

1997 3016 2126 3070 Nam
2151 3019 2272 3086 qu’a
2303 3035 2530 3087 peccans
2558 3022 2720 3076 homo
2746 3025 2939 3078 meruit
2964 3028 3014 3079 in
3045 3028 3222 3097 seipso
3252 3047 3347 3100 per
3375 3031 3579 3101 suppli-

1996 3108 2137 3162 cium
2167 3107 2347 3170 dividi.
2379 3110 2501 3178 quia
2533 3112 2719 3165 maluit
2747 3127 2777 3165 a
2808 3112 2916 3167 Deo
2946 3115 3036 3184 qui
3065 3116 3224 3172 dividi
3265 3135 3368 3172 non
3400 3127 3576 3188 potest

1994 3196 2447 3263 praevaricationis
2491 3206 2641 3252 reatu
2670 3199 2920 3269 disjungi,
2955 3212 3232 3273 propterea
3269 3206 3462 3262 factum
3492 3218 3578 3264 est

1915 3283 1962 3346 C
1994 3290 2054 3336 ut
2081 3285 2377 3352 peccatoris
2405 3302 2548 3340 mors
2577 3302 2792 3343 carnem
2816 3291 3020 3358 peccati
3045 3292 3108 3345 ad
3129 3295 3430 3363 sepulcrum
3452 3313 3575 3352 cor-

1990 3373 2336 3442 rumpendum
2381 3375 2715 3444 perduceret,
2749 3377 2978 3432 animam
3008 3377 3034 3416 ἀ
3060 3381 3277 3438 inferno
3311 3392 3570 3454 torquen-

1990 3465 2109 3518 dam
2141 3465 2382 3534 protinus
2429 3467 2780 3537 manciparct.
2833 3469 2938 3524 Sed
2970 3472 3081 3525 lucc
3129 3473 3437 3530 ulciscentis
3475 3477 3572 3534 Dei

1987 3554 2210 3620 aequitas
2241 3555 2391 3623 fecit,
2441 3572 2560 3625 qua:
2589 3557 2711 3612 ideo
2743 3559 2920 3613 taliter
2958 3571 3295 3629 peccatorem
3346 3566 3576 3636 addixit,

1988 3643 2112 3712 quia
2157 3658 2224 3696 ne
2259 3653 2505 3712 peccaret
2541 3654 2664 3701 ante
2695 3648 2955 3716 prmdixit.
3002 3649 3126 3704 Haec
3167 3651 3266 3706 fuit
3293 3656 3577 3712 retributio

1989 3731 2260 3800 peccatori
2280 3732 2568 3795 reddenda,
2588 3743 2642 3786 ut
2659 3734 2801 3802 juste
2825 3739 3028 3804 peccati
3046 3740 3359 3807 supplicium
3381 3742 3571 3808 lueret,

1989 3821 2079 3888 qui
2111 3820 2218 3874 Deo
2239 3821 2385 3888 justo
2416 3821 2608 3890 injuste
2664 3833 2955 3891 peccasset.
3003 3825 3071 3879 Ut
3099 3837 3277 3882 autem
3326 3839 3579 3898 peccator

1989 3915 2129 3960 esset
2158 3909 2390 3974 gratuito
2421 3924 2642 3963 munere
2669 3911 2926 3965 liberatus
2951 3955 2965 3977 ,
2999 3912 3195 3968 factum
3225 3927 3308 3970 est
3344 3928 3398 3971 ut
3429 3935 3574 3973 mor-

1993 4006 2097 4051 tem
2121 3984 2380 4067 corporis,
2408 4015 2569 4068 quam
2599 4017 2628 4054 a
2653 4001 2762 4055 Deo
2780 4002 2927 4071 justo
2953 4013 3204 4072 peccator
3230 4009 3386 4080 136
3409 4009 3571 4064 homo

1990 4089 2283 4157 pertulerat
2306 4087 2468 4155 jnste,
2501 4089 2593 4143 Dei
2626 4089 2786 4144 Filius
2809 4106 2837 4143 a
2869 4101 3154 4160 peccatore
3185 4103 3459 4163 pateretur
3488 4098 3572 4151 in-

1986 4176 2160 4246 juste;
2194 4187 2247 4231 et
2275 4177 2340 4231 ad
2369 4178 2673 4246 sepulcrum
2704 4180 3010 4248 perveniret
3041 4197 3166 4236 caro
3190 4184 3339 4251 justi,
3373 4199 3573 4253 quous-

1991 4267 2297 4337 que-fuerat
2325 4283 2452 4322 caro
2480 4269 2728 4324 devoluta
2757 4270 2992 4339 peccati;
3034 4281 3088 4326 et
3116 4288 3280 4342 usque
3310 4273 3376 4327 ad
3406 4274 3573 4328 infer-

1991 4373 2116 4412 num
2140 4358 2487 4414 descenderet
2508 4361 2683 4414 anima
2705 4359 3014 4424 Salvatoris,
3042 4363 3128 4417 ubi
3153 4365 3355 4433 peccati
3379 4367 3574 4422 merito

1993 4449 2340 4518 torquebatur
2387 4451 2564 4504 anima
2614 4452 2933 4520 peccatoris.
2983 4451 3094 4507 Hoc
3140 4463 3317 4508 autem
3349 4454 3468 4510 ideo
3492 4455 3574 4510 fa-

1992 4548 2134 4592 ctum
2164 4547 2268 4604 est,
2327 4547 2384 4592 ut
2432 4555 2529 4608 per
2576 4541 2894 4594 morientem
2944 4543 3312 4610 temporaliter
3357 4560 3576 4602 carnem

1915 4662 1966 4719 D
1989 4627 2138 4695 justi,
2168 4627 2460 4681 donaretur
2481 4629 2589 4681 vita
2617 4637 2814 4682 mterna
2841 4631 3009 4695 carni,
3042 4639 3095 4684 et
3123 4646 3220 4698 per
3241 4631 3573 4686 descenden-

1992 4727 2096 4770 tem
2139 4717 2204 4770 ad
2242 4717 2503 4771 infernum
2543 4717 2773 4770 animam
2799 4718 2945 4786 justi,
2979 4720 3195 4774 dolores
3241 4722 3576 4777 solverentur

1993 4807 2203 4860 interni.
2262 4805 2553 4875 Utrumque
2591 4815 2769 4860 autem
2811 4807 3085 4876 Scriptura
3117 4821 3299 4863 sancta
3350 4826 3454 4864 non
3486 4818 3572 4864 ta-
3617 4872 3631 4885 ¹

1991 4895 2118 4956 cuit,
2157 4893 2225 4947 de
2255 4893 2646 4947 resurrectione
2669 4895 2882 4961 quidem
2905 4897 3099 4963 carnis,
3125 4898 3203 4951 sic
3224 4898 3383 4952 beato
3409 4897 3570 4952 Paulo

1990 4983 2242 5050 loquente
2274 5001 2286 5036 :
2323 4982 2422 5035 Per
2453 4983 2705 5036 hominem
2735 5001 2894 5048 mors,
2925 4995 2974 5038 et
3001 5003 3090 5052 per
3112 4987 3366 5039 hominem
3397 5005 3570 5040 resur-

1991 5075 2146 5125 rectio
2177 5080 2490 5125 mortuorum
2522 5088 2539 5124 :
2568 5082 2616 5124 et
2639 5074 2768 5125 sicut
2796 5075 2849 5127 in
2880 5075 3045 5127 Adam
3066 5091 3238 5128 omnes
3261 5076 3567 5140 moriuntur,

1987 5162 2062 5213 ita
2090 5171 2136 5214 et
2166 5163 2218 5214 in
2251 5159 2453 5214 Christo
2483 5178 2658 5214 omnes
2700 5163 3091 5232 viviﬁcabuntur
3119 5161 3172 5224 (Ι
3200 5161 3318 5215 Cor.
3356 5178 3442 5229 xv,
3477 5161 3566 5229 21,

1989 5251 2097 5321 22).
2119 5251 2258 5305 ldem
2284 5253 2445 5305 homo
2461 5251 2702 5308 Christus
2724 5261 2823 5315 est,
2843 5255 2931 5324 qui
2954 5270 3050 5324 pro
3074 5254 3225 5306 nobis
3247 5263 3299 5307 et
3330 5253 3570 5324 pontifex

1988 5341 2157 5394 factus
2185 5348 2266 5395 est
2310 5340 2434 5395 dum
2458 5344 2798 5412 semetipsum
2820 5338 3053 5413 passioni
3084 5342 3298 5409 obtulit,
3317 5351 3372 5398 et
3394 5345 3567 5400 hostia

1987 5429 2157 5484 tinctus
2199 5438 2282 5484 est
2325 5430 2449 5484 dum
2481 5432 2782 5500 passionem
2831 5432 2943 5500 ipse
2982 5430 3235 5500 suscepit.
3270 5430 3404 5488 Huic
3430 5433 3567 5487 dici-

1988 5524 2111 5571 tur:
2147 5517 2223 5571 Tu
2267 5535 2320 5572 es
2362 5519 2602 5574 sacerdos
2631 5521 2686 5574 in
2731 5529 2997 5585 (sternam,
3029 5521 3306 5578 secundum
3334 5523 3566 5577 ordinem

1987 5606 2364 5666 Melchisedech
2396 5608 2566 5680 (Psal.
2597 5625 2702 5674 etx,
2733 5607 2813 5676 4).
2860 5607 2926 5662 Et
2972 5610 3224 5664 sacerdos
3271 5620 3470 5674 tamen,
3511 5618 3568 5666 et

1987 5697 2182 5767 hostia,
2210 5701 2453 5755 humanm
2472 5709 2676 5754 naturae
2701 5707 2810 5754 tam
2833 5698 3006 5756 ofﬁcia
3029 5711 3422 5772 cognoscuntur
3447 5716 3568 5759 esse

2061 5845 2082 5871 ε
2117 5833 2276 5894 Editi.
2309 5835 2611 5886 adversatus
2636 5842 2733 5887 est.

2062 5903 2085 5940 δ
2119 5903 2215 5958 Ms.
2248 5905 2433 5970 Cori»,
2463 5905 2514 5954 in
2545 5904 2767 5973 inferno.
