4068 6466
533 469 637 523 295

1555 458 1614 511 S.
1655 456 2018 512 FULGENTll
2055 453 2353 510 EPISCOPI
2393 454 2763 511 RUSI‘ENSIS

3673 458 3782 513 296

532 600 694 655 quant
718 580 950 637 nomina.
976 576 1045 632 Et
1064 576 1315 647 quoniam
1341 573 1481 628 idem
1510 574 1749 643 pontifex
1779 571 2109 626 inﬁrmitates
2138 581 2180 637 Α
2211 570 2378 624 stolus
2420 569 2569 638 dicit)
2617 570 2925 624 oblationem
2973 579 3022 623 et
3059 569 3279 624 hostiam
3310 568 3419 625 Deo
3466 571 3519 624 in
3565 570 3777 627 odorem

532 685 746 732 nostras
773 670 1009 738 suscepit
1034 677 1091 722 et
1113 665 1314 731 habuit,
1348 672 1629 735 propterea
1659 663 1722 715 de
1744 663 1858 732 ipso
1880 662 2113 731 Aposto—

533 767 615 819 lus
642 762 807 818 dicit:
834 758 957 814 Non
987 759 1123 813 enim
1152 757 1395 810 habemus
1422 756 1714 826 pontiﬁcem
1745 753 1831 824 qui
1861 764 1963 805 non
1991 768 2112 823 pos-

532 856 599 909 sit
627 854 849 923 compati
880 848 1267 921 infirmitatibus
1293 849 1483 902 nostris
1507 845 1694 913 (Hebr.
1723 860 1797 912 tv,
1829 842 1948 913 15);
1978 850 2032 896 et
2056 850 2112 896 ut

533 964 593 1003 se
619 946 686 1001 de
716 953 906 1000 natura
932 944 1165 998 humana
1193 941 1340 1010 loqui
1369 940 1602 1003 doceret,
1647 936 1839 1005 adjecit
1871 953 1883 987 :
1918 934 2110 988 Tenta-

537 1047 641 1092 tum
668 1045 835 1090 autem
858 1051 948 1105 per
971 1033 1144 1087 omnia
1172 1048 1264 1102 pro
1284 1028 1637 1094 similitudine,
1665 1025 1852 1097 absque
1871 1033 2108 1096 peccato;

536 1137 592 1182 et
630 1126 790 1197 paulo
831 1122 1050 1178 inferius
1076 1120 1365 1189 subdidit:
1402 1118 1581 1173 Omnis
1623 1117 1761 1171 enim
1787 1114 2021 1187 pontifex
2048 1130 2111 1168 ea:

537 1217 827 1273 hominibus
852 1224 1144 1286 assumptus
1166 1230 1260 1285 pro
1284 1209 1574 1266 hominibus
1602 1210 1929 1265 constituitur
1957 1207 2011 1261 in
2032 1207 2111 1263 his

536 1328 650 1385 qua:
683 1320 803 1365 sunt
831 1309 900 1363 ad
928 1306 1095 1361 Deum
1121 1348 1136 1373 ,
1185 1313 1242 1358 ut
1269 1304 1454 1372 offerat
1477 1301 1615 1356 dona
1644 1309 1696 1354 et
1735 1299 1994 1369 sacriﬁcia
2017 1314 2111 1368 pro

538 1403 782 1473 peccatis,
826 1401 910 1471 qui
958 1396 1229 1452 condolere
1255 1393 1418 1464 possit
1457 1392 1536 1445 his
1576 1392 1661 1462 qui
1688 1392 1931 1462 ignorant
1960 1396 2007 1442 et
2033 1405 2114 1441 er-

525 1497 678 1552 rant,
699 1491 939 1563 quoniam
959 1498 1007 1543 et
1028 1490 1138 1557 ipse
1150 1483 1497 1538 circumdatus
1510 1492 1586 1537 est
1605 1481 1906 1552 infirmitate
1924 1480 1992 1554 (ﬂ
2002 1478 2108 1534 ebr.

539 1598 591 1648 v,
627 1582 676 1643 1,
710 1580 787 1649 2).
826 1579 884 1632 ln
912 1592 978 1631 eo
1006 1590 1134 1645 ergo
1155 1589 1263 1642 quo
1283 1572 1641 1627 circumdatus
1662 1570 1762 1624 fuit
1781 1568 2109 1634 inﬁrmitate,

540 1678 593 1735 in
622 1691 689 1730 eo
717 1669 991 1728 condoluit
1019 1665 1330 1735 ignorantia:
1351 1671 1405 1719 et
1425 1662 1694 1718 erroribus
1722 1659 1949 1724 nostris,
1974 1665 2029 1713 et
2058 1657 2111 1712 in

539 1782 606 1821 eo
633 1773 942 1831 eompassus
969 1764 1051 1813 est
1079 1754 1474 1811 inﬁrmitatibus
1496 1753 1693 1809 nostris
1716 1769 1730 1820 ;
1765 1751 1837 1806 ibi
1862 1757 1947 1806 est
1970 1749 2113 1803 enim

541 1856 714 1910 unitas
738 1848 1123 1920 compassionis
1144 1889 1159 1914 ,
1200 1846 1290 1902 ubi
1317 1846 1604 1902 est~unitas
1630 1843 1890 1899 naturalis
1914 1860 1928 1909 ;
1962 1843 2015 1897 in
2045 1857 2113 1897 eo

540 1957 720 2001 autem
743 1942 895 1997 nobis
920 1940 1160 2012 pontifex
1180 1940 1268 1995 ille
1287 1954 1599 2009 eompassus
1617 1944 1722 2004 est,
1750 1936 1804 1990 in
1824 1950 1933 2005 quo
1953 1934 2115 1989 etiam

541 2054 639 2091 nos
667 2034 1041 2103 compatimur,
1071 2031 1284 2087 dicente
1313 2031 1472 2086 beato
1502 2027 1762 2098 Apostolo
1787 2044 1800 2079 :
1843 2024 1966 2097 Ipse
1992 2024 2117 2097 Spi-

541 2129 668 2180 ritus
710 2124 1052 2179 testimonium
1090 2122 1259 2175 reddit
1291 2120 1495 2191 spiritui
1547 2127 1721 2172 nostro
1777 2115 1913 2188 quod
1942 2132 2118 2171 sumus

540 2219 638 2286 ﬁlii
675 2216 787 2270 Dei.
830 2214 892 2270 Si
921 2213 1213 2284 autent'ﬁlii
1239 2255 1254 2280 ,
1294 2220 1343 2266 et
1364 2211 1590 2266 hteredes
1613 2249 1629 2275 ,
1659 2208 1887 2264 hteredes
1913 2208 2119 2278 quidem

540 2306 659 2368 Dei,
682 2304 974 2359 cohaeredes
1004 2314 1175 2356 autem
1203 2299 1414 2355 Christi.
1460 2299 1521 2354 Si
1551 2309 1720 2353 tamen
1755 2299 2114 2369 compatimur,

526 2402 596 2453 rut
625 2408 675 2451 et
714 2408 735 2432 ι·
779 2394 1223 2467 congloriﬁeentur
1266 2391 1442 2463 (Rom.
1474 2406 1594 2455 vm,
1628 2389 1725 2454 16,
1761 2388 1872 2457 Π).
1921 2387 2119 2442 Beatus

528 2502 757 2556 'quoqut-
787 2484 975 2539 Petrus
1016 2482 1084 2537 ad
1108 2481 1266 2550 hujus
1310 2496 1410 2535 nos
1458 2479 1684 2548 gratiam
1732 2477 2120 2548 compassionis

542 2575 806 2635 hortatur,
827 2573 1011 2627 dicens
1036 2589 1048 2623 :
1080 2568 1368 2631 Carissimi,
1399 2564 1557 2623 nolite
1578 2583 1912 2637 expavescere
1935 2567 1989 2619 in
2015 2567 2120 2637 fer-

541 2680 680 2726 vore,
705 2663 790 2734 qui
819 2662 886 2714 ad
926 2660 1254 2714 tentationem
1293 2658 1429 2712 vobis
1456 2658 1536 2727 ﬁt.
1571 2655 1748 2711 Nolite
1765 2672 1966 2725 pavere,
2000 2665 2118 2709 tan-

542 2771 697 2827 quam
723 2755 836 2807 novi
866 2752 1004 2807 vobis
1033 2750 1229 2819 aliquid
1265 2733 1571 2820 contingat;
1612 2747 1704 2801 sed
1747 2756 1803 2799 ut
1831 2745 2119 2800 communi-

546 2852 719 2897 cantes
744 2842 934 2896 Christi
960 2839 1284 2909 passionibus
1313 2839 1551 2910 gaudete,
1581 2845 1636 2889 ut
1662 2838 1782 2890 etin
1813 2835 2120 2889 reuelatione

544 2936 725 3006 gloria:
750 2934 862 3004 ejus
888 2932 1155 3004 gaudeatis
1185 2930 1504 2984 exsultantes
1536 2926 1589 2998 (Ι
1612 2927 1754 2981 Petr.
1790 2943 1860 2990 tv,
1893 2925 1978 2989 l2,
2009 2923 2119 2996 l5).

544 3024 602 3081 In
633 3033 820 3079 natura
849 3036 978 3089 ergo
1004 3021 1237 3076 humana
1261 3016 1501 3091 pontifex
1533 3017 1624 3071 ille
1649 3016 1931 3070 veritatem
1961 3014 2122 3068 susti-

546 3132 679 3171 nens
703 3115 962 3185 passionis
988 3154 1003 3175 .
1037 3113 1088 3166 in
1116 3127 1180 3166 ea
1218 3112 1400 3180 utique
1431 3110 1580 3162 novit
1607 3106 1839 3176 compati
1871 3104 2123 3161 membris

532 3209 675 3263 "suis.
716 3207 1005 3276 Propterea
1040 3213 1095 3258 et
1123 3204 1310 3257 beatus
1344 3201 1539 3255 Paulus
1565 3200 1813 3254 dicebat:
1861 3198 1928 3252 Ut
1953 3198 2124 3251 adiut-

2208 2565 2508 2620 -sccundum
2558 2567 2765 2623 Domini
2811 2585 3115 2628 sermonem
3166 2574 3254 2628 lux

2214 659 2484 712 suavitatis
2531 658 2748 729 (Ephes.
2780 674 2810 711 v
2835 696 2852 722 ,
2878 658 2937 730 2)
2959 699 2976 726 ,
2996 726 2997 729 η
3021 658 3159 713 sicut
3198 667 3439 713 mortuus
3480 675 3579 730 pro
3608 663 3788 725 nobis,

2213 762 2402 802 omnes
2428 764 2526 802 nos
2554 750 2655 804 sibi
2685 749 2945 803 commori
2978 750 3135 814 fecit;
3174 750 3252 804 sic
3281 750 3472 806 solutis
3512 751 3792 808 doloribus

2213 837 2427 904 inferni,
2457 854 2646 909 omnes
2676 837 2860 895 ﬁdeles
2887 840 2956 894 ab
2983 839 3172 895 iisdem
3210 841 3487 897 doloribus
3518 843 3787 906 liberavit,

2211 932 2348 987 sicut
2369 933 2557 987 beatus
2578 931 2768 987 Petrus
2792 931 3127 1000 testiﬁcatur,
3148 943 3204 989 et
3222 934 3352 990 dicit
3375 954 3388 989 :
3420 935 3595 991 Jesum
3619 955 3650 991 α
3671 936 3727 990 Ν
3733 955 3795 990 a—

2213 1026 2389 1079 zareth
2414 1068 2430 1092 ,
2471 1028 2634 1082 virum
2661 1026 2998 1098 approbatum
3026 1046 3059 1083 a
3079 1029 3190 1085 Deo
3211 1031 3265 1085 in
3294 1029 3464 1097 vobis,
3496 1033 3786 1097 virtutibus,

2212 1125 2263 1169 et
2288 1116 2472 1188 signis,
2495 1126 2544 1171 et
2570 1120 2842 1190 prodigiis,
2873 1136 2988 1190 qua:
3017 1121 3136 1190 fecit
3158 1137 3251 1191 per
3269 1121 3413 1176 illum
3436 1121 3576 1175 Deus
3601 1124 3655 1176 in
3683 1140 3789 1177 me-

2213 1207 2298 1261 dio
2327 1208 2478 1261 vestri
2504 1246 2520 1271 ,
2560 1209 2692 1265 sicut
2719 1226 2806 1263 vos
2834 1209 2977 1263 scitis
3015 1225 3033 1264 :
3062 1209 3197 1264 hunc
3220 1210 3433 1281 definito
3460 1212 3674 1266 consilio
3698 1252 3715 1274 ,
3743 1220 3796 1265 et

2212 1299 2537 1369 prwscientia
2566 1298 2666 1352 Dei
2687 1300 2963 1367 traditum,
2995 1317 3087 1371 per
3103 1317 3288 1356 manus
3307 1302 3595 1374 iniquorum
3622 1314 3644 1342 ο
3673 1304 3790 1373 ιιιῇ-

2213 1401 2386 1462 gentes
2416 1392 2744 1447 interemistis
2763 1409 2782 1447 :
2810 1410 2959 1464 quem
2984 1393 3124 1450 Deus
3148 1397 3443 1461 suscitavit,
3482 1398 3665 1451 solutis
3691 1397 3791 1452 do-

2213 1480 2406 1537 toribus
2433 1483 2643 1554 inferni,
2661 1484 2815 1554 juxta
2840 1485 2977 1557 quod
2997 1487 3313 1556 impossibile
3330 1495 3443 1541 erat
3464 1489 3625 1541 teneri
3644 1487 3792 1542 illum

2213 1572 2276 1626 ab
2298 1589 2357 1626 eo
2385 1572 2518 1643 (Act.
2546 1589 2602 1637 η,
2628 1573 2719 1640 22,
2741 1572 2830 1639 23,
2855 1574 2968 1644 24).
3014 1574 3116 1631 Ubi
3134 1578 3297 1632 etiam
3319 1577 3630 1633 Davidicum
3664 1577 3793 1635 illud

2213 1662 2362 1732 quod
2398 1664 2452 1718 in
2480 1665 2656 1734 primo
2686 1664 2823 1721 libro
2852 1667 3126 1737 posuimus
3163 1669 3529 1725 testimonium
3558 1671 3631 1725 ita
3664 1685 3795 1740 pro.

2214 1753 2401 1809 tulisse
2430 1763 2802 1811 monstratur:
2841 1755 3014 1812 David
3038 1760 3175 1813 enim
3199 1759 3323 1814 dicit
3346 1762 3401 1814 in
3421 1762 3588 1831 ipsum
3609 1778 3627 1815 :
3655 1761 3795 1816 Pro-

2215 1842 2447 1898 videbam
2465 1844 2743 1900 Dominum
2764 1863 2939 1902 coram
2957 1864 3038 1903 me
3052 1865 3270 1920 semper,
3284 1853 3522 1923 quoniam
3543 1869 3577 1906 a
3595 1853 3795 1908 dextris

2150 1947 2190 2005 Β
2218 1943 2297 1988 est
2324 1936 2486 2002 mihi,
2528 1953 2593 1992 ne
2621 1955 2961 1994 commoveor.
2992 1939 3215 2012 Propter
3238 1943 3334 1997 hoc
3357 1944 3695 2014 jocundatum
3717 1953 3796 1998 est

2219 2040 2309 2079 cor
2328 2042 2495 2080 meum
2516 2068 2532 2093 ,
2580 2036 2630 2081 et
2650 2029 2925 2084 exsultavit
2951 2029 3127 2102 lingua
3155 2047 3272 2086 mea
3295 2049 3314 2110 ξ
3356 2034 3568 2105 insuper
3595 2042 3647 2087 et
3670 2050 3797 2088 caro

2219 2131 2331 2168 mea
2360 2117 2599 2186 requievit
2622 2118 2676 2171 in
2697 2134 2805 2190 spe.
2832 2116 3086 2184 Quoniam
3108 2138 3209 2176 non
3231 2122 3545 2195 derelinqnes
3565 2125 3798 2178 animant

2222 2221 2389 2259 meam
2416 2206 2469 2260 in
2492 2207 2694 2278 inferno
2711 2250 2725 2274 ,
2769 2226 2861 2263 nec
2884 2210 3032 2265 dabis
3059 2221 3291 2267 sanctum
3321 2225 3459 2269 tuum
3489 2216 3656 2269 ridere
3678 2233 3795 2270 cor-

2219 2298 2530 2366 ruptionem.
2571 2297 2742 2354 Notas
2763 2302 2887 2356 mihi
2916 2304 3081 2374 fecisti
3109 2305 3219 2358 vias
3247 2307 3392 2372 vine,
3419 2316 3469 2360 et
3492 2307 3796 2377 adimplebis

2223 2401 2300 2438 me
2323 2386 2647 2455 jocunditate
2673 2406 2789 2443 cum
2827 2393 2964 2462 facie
2991 2400 3080 2445 tua
3112 2392 3282 2462 (Psal.
3308 2411 3378 2449 xv
3401 2435 3417 2461 ,
3454 2395 3488 2449 8
3511 2438 3526 2464 ,
3569 2397 3603 2451 9
3626 2436 3642 2463 ,
3678 2396 3791 2467 l0).

2219 2473 2295 2529 lbi
2323 2477 2513 2531 beatus
2538 2476 2727 2534 Petrus
2754 2480 2936 2535 divino
2971 2498 3099 2538 vere
3134 2485 3322 2555 spiritu
3352 2487 3708 2553 illuminatus,
3741 2496 3800 2545 et

3321 2576 3504 2631 mundi
3551 2575 3795 2641 effectus,

2218 2656 2449 2724 qualiter
2472 2656 2615 2713 hunc
2640 2658 2815 2714 locum
2844 2661 3141 2730 intelligere
3167 2664 3482 2721 deberemus
3499 2709 3515 2734 ,
3561 2667 3798 2723 clarissi-

2219 2760 2307 2799 ma
2354 2746 2473 2801 luce
2511 2748 2906 2816 prmdicationis
2941 2753 3213 2822 ostendit,
3261 2771 3329 2809 ne
3352 2756 3473 2825 quis
3501 2757 3551 2811 in
3581 2757 3798 2813 Christo

2219 2850 2402 2890 veram
2430 2852 2649 2892 carnem
2676 2839 2754 2894 sic
2782 2840 3132 2910 intelligeret,
3183 2852 3243 2898 ut
3266 2859 3447 2899 veram
3479 2847 3531 2899 in
3561 2847 3654 2901 illo
3678 2849 3799 2901 ani-

2224 2942 2364 2981 mam
2394 2928 2704 2996 denegaret.
2746 2929 3000 3001 Sequitur
3026 2947 3153 3002 ergo
3189 2951 3202 2985 :
3249 2934 3360 2989 Viri
3388 2938 3577 3006 fratres
3600 2978 3615 3001 ,
3647 2938 3803 2991 liceat

2222 3018 2472 3073 audenter
2500 3021 2669 3075 dicere
2698 3022 2768 3075 ad
2796 3039 2884 3078 vos
2924 3024 2987 3078 de
3014 3026 3312 3095 patriarcha
3352 3027 3524 3082 David
3547 3069 3562 3093 ,
3603 3030 3724 3098 quia
3754 3038 3804 3083 et

2221 3104 2492 3182 defunctus
2520 3122 2634 3180 est,
2684 3124 2735 3169 et
2757 3117 2988 3185 sepultus
3015 3125 3093 3171 est
3117 3159 3131 3183 ,
3180 3128 3228 3173 et
3268 3122 3555 3189 sepulcrum
3583 3123 3700 3193 ejus
3725 3131 3802 3176 est

2225 3203 2365 3274 apud
2401 3221 2496 3260 nos
2522 3221 2678 3277 usque
2701 3207 2756 3261 in
2796 3207 3097 3262 hodiernum
3134 3207 3287 3263 diem.
3348 3210 3610 3282 Propheta
3643 3213 3804 3282 igitur

546 3301 714 3371 pleam
741 3316 802 3352 ea
827 3313 938 3364 qua:
961 3297 1140 3349 desunt
1168 3295 1463 3364 passionum
1486 3290 1676 3347 Christi
1703 3293 1756 3344 in
1786 3307 1943 3344 carne
1982 3306 2117 3358 mea,
2147 3306 2192 3369 ς
2223 3306 2337 3345 cum
2358 3301 2507 3360 esset,
2534 3303 2586 3347 et
2604 3295 2759 3349 sciret
2785 3297 2906 3368 quia
2921 3296 3266 3366 jurejurando
3295 3298 3524 3369 jurasset
3558 3301 3638 3355 ilii
3662 3300 3806 3355 Deus

546 3405 639 3459 pro
664 3403 875 3459 corpore
903 3388 1033 3457 ejus,
1057 3384 1192 3457 quod
1212 3395 1285 3437 est
1310 3380 1544 3436 Ecclesia
1562 3380 1783 3452 (Coloss.
1802 3397 1837 3446 ι,
1860 3378 1976 3450 24).

544 3520 727 3583 Cum
754 3535 901 3574 xxxt.
943 3516 1056 3572 Nos
1083 3534 1277 3589 quoque
1304 3523 1508 3589 oportet
1521 3514 1765 3589 contpati
1800 3521 1851 3567 et
1881 3513 2126 3589 commori

618 3589 845 3645 Christo.
888 3589 1035 3643 Sicut
1056 3583 1302 3641 morimur
1327 3583 1438 3639 cum
1469 3583 1671 3640 Christo
1696 3624 1711 3649 ,
1745 3585 1815 3638 ita
1839 3583 1902 3636 ab
1928 3583 2123 3653 inferni

618 3659 879 3715 doloribus
909 3658 1205 3711 liberamur.
1264 3656 1512 3709 Divinitas
1537 3655 1766 3725 Christi,
1820 3670 1980 3723 neque
2000 3668 2125 3725 car-

619 3747 735 3784 nem
777 3730 832 3782 in
862 3728 1097 3798 sepulcro
1120 3765 1135 3790 ,
1188 3743 1349 3796 neque
1386 3727 1613 3779 animant
1657 3725 1711 3778 in
1740 3724 1945 3795 inferno
1973 3723 2122 3777 dese-

617 3802 738 3854 ruit.

533 3928 537 3933 '
619 3914 759 3983 Quid
789 3921 966 3969 autem
1008 3912 1199 3966 mirum
1236 3909 1489 3979 quoniam
1532 3907 1623 3979 (al.
1666 3907 1832 3984 qugd)
1886 3904 2123 3976 pontiﬁci

552 4019 736 4065 nostro
764 4007 990 4062 naturali
1021 4005 1398 4061 communione
1426 4002 1785 4072 compatimur
1808 4041 1823 4067 ,
1870 4016 1989 4056 cum
2026 4015 2123 4056 nos

549 4103 737 4157 beatus
766 4099 1055 4169 Apostolus
1075 4099 1237 4152 etiam
1266 4112 1389 4152 cum
1421 4096 1512 4149 illo
1542 4103 1781 4149 mortuos
1811 4111 1928 4150 esse
1960 4103 2123 4151 teste-

549 4201 637 4245 tur
662 4190 747 4244 his
770 4189 945 4242 verbis
970 4205 983 4240 :
1018 4187 1079 4241 Si
1103 4187 1289 4240 mortui
1316 4186 1438 4239 estis
1467 4202 1578 4237 cum
1603 4184 1803 4239 Christo
1824 4228 1839 4253 ,
1871 4186 1992 4257 quid
2020 4186 2119 4239 ad-

548 4282 646 4334 huc
691 4290 935 4351 tanquam
976 4279 1194 4351 virentes
1237 4278 1291 4330 in
1332 4276 1521 4330 mundo
1558 4273 1584 4313 ιι
1626 4275 1942 4345 decernitis?
1980 4273 2122 4332 Dicit

549 4372 713 4426 etiam
740 4369 1023 4424 Timotheo
1050 4387 1063 4420 :
1100 4368 1251 4440 137
1285 4366 1483 4420 Memor
1515 4376 1622 4419 esto
1648 4365 1825 4419 Jesunt
1862 4365 2120 4421 Christum

549 4457 891 4512 resurrexisse
923 4472 954 4509 a
987 4456 1200 4510 mortuis
1222 4496 1237 4521 ,
1282 4470 1345 4508 ex
1375 4456 1565 4508 semine
1599 4453 1765 4508 David
1784 4495 1798 4519 ,
1842 4455 2116 4509 secundum

548 4547 886 4619 Evangetium
911 4562 1078 4600 nteum
1102 4587 1117 4613 ,
1160 4546 1215 4599 in
1256 4562 1353 4615 quo
1382 4543 1558 4598 laboro
1597 4562 1752 4615 usque
1788 4546 1857 4598 ad
1896 4544 2116 4609 vincula,

2228 3384 2293 3439 de
2320 3387 2487 3457 fructu
2523 3387 2686 3442 lumbi
2709 3389 2821 3459 ejus
2847 3389 3204 3459 sederesuper
3235 3392 3402 3444 sedem
3430 3393 3543 3462 ejus
3566 3432 3582 3457 ,
3629 3393 3806 3464 provi-

2227 3472 2353 3529 dens
2389 3476 2586 3549 locutus
2616 3488 2693 3532 est
2720 3478 2783 3532 de
2810 3480 3178 3532 resurrectione
3206 3478 3396 3535 Christi
3419 3522 3433 3546 ,
3483 3484 3606 3553 quia
3643 3499 3808 3555 neque

2225 3565 2469 3622 derelicta
2496 3577 2573 3622 est
2610 3571 2787 3623 anima
2811 3569 2923 3638 ejus
2966 3568 3022 3621 in
3047 3569 3252 3640 inferno
3275 3610 3290 3635 ,
3334 3586 3496 3643 neque
3535 3589 3659 3626 caro
3688 3573 3805 3644 ejus

2224 3660 2349 3713 vidit
2377 3662 2759 3731 corruptionem
2786 3659 2921 3732 (Act.
2955 3675 3013 3726 ιι,
3042 3659 3129 3725 29,
3161 3659 3250 3725 50,
3282 3661 3392 3731 Sil).
3434 3661 3491 3715 ln
3519 3663 3624 3718 hoc
3644 3662 3808 3732 igitur

2225 3748 2474 3804 divinitas
2500 3748 2697 3804 Christi
2725 3750 2977 3804 virtutem
3005 3765 3113 3804 sua!
3150 3751 3592 3820 impassibilitatis
3615 3760 3805 3809 osten-

2152 3872 2159 3877 -
2224 3838 2320 3905 dit,
2351 3839 2495 3909 quod
2523 3840 2619 3913 (at.
2648 3839 2790 3910 quae)
2818 3839 3015 3909 ubique
3039 3856 3249 3910 semper
3273 3850 3435 3911 atque
3462 3842 3809 3901 ineﬂ’abiliter

2218 3950 2479 4005 prtesens,
2522 3943 2579 3991 et
2604 3935 2895 3991 secundum
2919 3936 3150 3989 animam
3182 3951 3330 3992 suam
3362 3936 3414 3991 in
3445 3936 3656 3993 inferno
3686 3939 3807 3995 sine

2223 4024 2497 4080 doloribus
2517 4025 2635 4092 fuit,
2663 4034 2719 4077 et
2742 4025 3037 4078 secundum
3063 4040 3278 4080 carnem
3301 4040 3451 4080 suam
3472 4026 3526 4081 in
3553 4029 3807 4097 sepulcro

2221 4116 2338 4170 sine
2382 4115 2727 4185 corruptione
2759 4114 2929 4183 jacuit
2953 4156 2968 4180 ,
3019 4118 3144 4187 quia
3183 4132 3279 4173 nec
3307 4118 3457 4173 carni
3492 4135 3604 4175 suae
3632 4120 3809 4178 defuit

2221 4219 2342 4259 cum
2372 4204 2605 4258 animam
2633 4217 2783 4258 suam
2829 4204 2884 4258 in
2934 4204 3144 4261 inferno
3191 4207 3375 4263 dolere
3418 4224 3528 4263 non
3575 4210 3805 4277 sineret,
3844 4248 3853 4253 -

2222 4308 2322 4348 nec
2361 4293 2592 4346 animam
2629 4306 2778 4345 suam
2820 4292 2874 4346 in
2917 4293 3124 4350 inferno
3151 4295 3388 4350 deseruit
3446 4312 3567 4351 cum
3610 4299 3664 4353 in
3717 4316 3809 4356 se-

2221 4380 2407 4450 pulcro
2436 4393 2653 4433 carnem
2682 4394 2832 4434 suam
2862 4397 2891 4434 a
2926 4385 3268 4453 corruptione
3288 4392 3544 4440 servaret.
3571 4386 3808 4454 Dignum

2220 4481 2450 4536 namque
2487 4465 2587 4521 fuit
2648 4474 2968 4533 ut,carnem
3010 4472 3239 4543 sepulcri
3275 4488 3380 4527 non
3426 4486 3807 4546 corrumperet

2219 4560 2388 4624 locus,
2421 4572 2582 4626 quam
2629 4561 2838 4628 peccati
2876 4578 2981 4617 non
3023 4563 3260 4632 corrupit
3292 4560 3534 4629 aﬁ‘ectus,
3581 4573 3640 4620 et
3679 4568 3806 4622 ani-

536 4642 696 4715 ‘quasi
720 4640 854 4696 male
879 4657 1097 4711 operans
1118 4657 1136 4706 ;
1156 4640 1248 4694 sed
1266 4639 1468 4694 verbum
1490 4639 1586 4693 Dei
1605 4658 1705 4695 non
1730 4650 1804 4693 est
1830 4641 2115 4709 alligatum.

2220 4669 2361 4709 mam
2390 4655 2546 4711 dolor
2575 4671 2682 4711 non
2722 4656 3059 4725 contingeret
3085 4658 3176 4730 (at.
3209 4656 3541 4727 contigisset)
3579 4656 3804 4727 inferni,

551 4729 743 4787 Omnia
763 4741 932 4787 autem
958 4730 1184 4786 sustineo
1213 4740 1420 4802 propter
1445 4732 1630 4785 electos
1652 4772 1667 4795 ,
1708 4740 1764 4783 ut
1790 4739 1840 4784 et
1860 4730 1959 4799 ipsi
1981 4728 2123 4782 salu-

476 4850 483 4855 -
548 4832 649 4877 tem
669 4830 1049 4890 consequantur
1072 4860 1085 4885 ,
1113 4836 1227 4893 qua:
1248 4829 1324 4875 est
1351 4821 1405 4875 in
1440 4820 1639 4875 Christo
1665 4818 1793 4872 Iesu
1819 4833 1933 4870 cum
1953 4816 2122 4887 gloria

547 4913 738 4969 ccelesti
769 4910 859 4985 (II
890 4911 1021 4967 Tim.
1056 4929 1094 4968 ιι
1118 4956 1133 4981 ,
1165 4911 1243 4966 8-
1269 4911 1378 4983 10).
1435 4911 1624 4967 Sciens
1668 4922 1796 4977 ergo
1829 4907 2121 4977 Apostolus

544 5003 728 5079 Jesum
748 5002 1013 5060 Christum
1034 5018 1101 5059 ex
1122 5003 1323 5058 semine
1344 5001 1508 5056 David
1530 5016 1559 5054 a
1584 4996 1805 5053 mortuis
1827 4996 2121 5053 surrexisse

549 5094 626 5167 (in
656 5110 764 5165 quo
792 5095 978 5167 utique
1006 5086 1314 5152 communio
1355 5101 1556 5147 natura:
1604 5086 1974 5143 manifestatur
2018 5088 2117 5143 hu-

546 5184 741 5256 manm)
762 5228 776 5253 ,
807 5185 861 5240 in
889 5200 997 5255 quo
1024 5201 1147 5241 eum
1176 5192 1445 5238 mortuum
1473 5186 1717 5243 noverat,
1749 5178 1801 5230 in
1827 5191 1894 5230 eo
1916 5192 2014 5231 nos
2043 5178 2114 5234 illi

546 5284 912 5332 commortuos
940 5292 1058 5332 esse
1085 5280 1490 5336 commemorat,
1522 5268 1705 5323 dicens
1729 5258 1741 5320 ἑ
1784 5264 1984 5341 Fidelis
2008 5285 2113 5335 ser:

540 5346 667 5419 imo:
698 5363 1213 5443 namsicommortui
1242 5377 1414 5416 sumus
1435 5399 1455 5433 ,_
1481 5367 1530 5411 et
1552 5356 1904 5424 convivemus;
1928 5356 2115 5442 δίμειιετ

539 5442 857 5524 tinebimus,
900 5466 951 5513 et
1001 5454 1423 5527 conreguabimus
1456 5449 1619 5518 (Ibid.
1648 5491 1663 5515 ,
1710 5450 1820 5517 ll).
1871 5448 2114 5511 Pontifex

542 5537 685 5621 ergo.
707 5551 797 5607 ille
820 5550 916 5633 qui
944 5548 1267 5618 semetipsum
1293 5560 1386 5614 pro
1409 5544 1555 5597 nobis
1576 5540 1758 5596 obtulit
1787 5542 1943 5621 (sicut
1966 5541 2115 5614 Apo-

617 5766 639 5793 ·
670 5755 749 5811 Ita
784 5770 885 5811 ms.
925 5751 1111 5814 Corb.,
1130 5749 1281 5817 juxta
1318 5748 1559 5804 (inrcum
1598 5749 1840 5811 συνδιξκς
1855 5752 2019 5818 Θῶμεν
2063 5757 2118 5802 et

543 5824 699 5893 Vulg.
731 5824 1078 5893 versionem:
1111 5819 1413 5893 editis-ero.
1440 5830 1512 5893 ut
1526 5830 1575 5893 et
1606 5820 1972 5893 gloriﬁcentur.

618 5888 751 5949 b'lta
779 5908 905 5948 mss.
937 5889 1099 5945 Corb.
1126 5898 1179 5944 et
1209 5890 1407 5945 Victor.
1440 5890 1578 5945 Editi
1605 5888 1767 5957 vero,
1798 5888 2109 5945 disrernitis.

2222 4760 2383 4814 quam
2413 4747 2644 4802 servitus
2670 4749 2909 4818 nequivit
2937 4757 3121 4804 tenere
3159 4749 3384 4820 peccati.
3429 4746 3660 4819 Propter
3699 4751 3811 4809 hoc

2224 4834 2277 4890 in
2307 4836 2533 4907 psalmo,
2564 4854 2691 4894 cum
2719 4855 2786 4894 ex
2816 4838 2984 4894 forma
3013 4840 3185 4901 servi,
3217 4839 3270 4893 in
3296 4852 3400 4907 qua
3427 4836 3676 4894 Christus
3701 4856 3808 4895 no-

2223 4934 2333 4981 stra
2362 4931 2585 4998 peccata
2612 4930 2865 4999 portavit,
2897 4929 3099 4983 diceret
3124 4946 3136 4979 :
3171 4925 3305 4991 Quia
3325 4926 3519 4995 repleta
3547 4938 3627 4982 est
3647 4931 3809 4984 malis

2222 5020 2397 5073 anima
2422 5037 2566 5087 mea,
2619 5029 2670 5075 et
2697 5022 2801 5074 vita
2836 5036 2949 5073 mea
2977 5021 3032 5072 in
3069 5020 3327 5090 infernum
3367 5021 3806 5092 appropinquavit

2227 5106 2398 5180 (Psal.
2423 5124 2658 5174 Lxxxvu,
2685 5108 2742 5179 4)
2765 5149 2781 5174 ,
2815 5116 2873 5162 ut
2900 5107 3207 5162 ostenderet
3238 5109 3392 5178 138
3418 5108 3666 5163 eamdem
3681 5111 3807 5164 πε,

2224 5214 2367 5252 mam
2395 5215 2544 5254 suam
2572 5216 2602 5254 a
2626 5207 2849 5269 peccato
2879 5198 3101 5252 liberam
3132 5199 3183 5253 in
3210 5197 3471 5253 infernum
3502 5214 3602 5269 pro
3641 5201 3807 5258 nobis

2220 5290 2595 5360 peccatoribus
2632 5288 2992 5356 descendisse,
3048 5287 3281 5344 subdidit
3314 5288 3499 5343 dicens
3538 5306 3552 5342 :
3598 5287 3805 5346 Factus

2219 5395 2334 5434 sum
2360 5380 2508 5435 sicut
2542 5380 2703 5434 homo
2736 5380 2847 5433 sine
2906 5380 3168 5450 adjutorio
3212 5381 3348 5434 inter
3395 5388 3627 5435 mortuos
3667 5380 3803 5437 liber

2221 5467 2412 5539 (lbid.,
2443 5467 2519 5539 5).
3518 5482 3523 5487 ~

2222 5566 2403 5624 Cum
2435 5582 2601 5624 χχιιι.
2642 5565 2815 5622 Filius
2848 5566 2943 5622 Dei
2974 5577 3174 5623 ratione
3213 5567 3386 5621 carnis
3421 5564 3614 5621 dicitur
3657 5576 3804 5625 utor-

2300 5760 2321 5787 ε
2353 5748 2429 5804 lta
2448 5765 2559 5821 jus.
2591 5747 2791 5821 Victor.
2825 5765 2923 5804 nec
2953 5765 3058 5806 non
3087 5746 3311 5816 Colon.,
3344 5744 3468 5806 Ant.
3501 5756 3557 5807 et
3584 5749 3752 5810 Basil.
3780 5768 3798 5821 ς

2224 5826 2277 5872 at
2307 5836 2405 5876 ms.
2435 5818 2618 5888 Corb.,
2650 5819 2949 5890 aﬂligentes.
3588 5868 3591 5871 .
