4120 6460
259 310 379 364 2117

1452 330 1545 389 AD
1580 332 2079 395 TRASIMUNDUM
2112 337 2237 400 LIB.
2279 344 2365 399 111.

3449 358 3559 419 298

346 437 1345 536 milites“fegtrlrﬁrisscb:iocundum
1373 444 1695 503 divinitatem
1724 466 1859 504 unus
1889 460 1933 515 Λ
1964 456 2234 523 potestatis
2256 472 2275 510 :
2321 458 2376 511 in
2420 473 2520 529 quo
2563 468 2615 513 et
2643 463 2931 520 circumcisi
2959 471 3082 524 estis
3108 509 3121 533 ,
3167 475 3555 536 circumcisione

345 511 425 556 est
446 501 658 573 eiectus
688 504 867 561 Patris
895 518 943 562 et
972 508 1118 565 Filii.

342 590 729 649 Verumtamen
753 612 875 651 cum
903 597 1019 653 sola
1053 614 1181 657 caro
1209 613 1517 662 moreretur
1544 617 1602 663 et
1630 610 1862 666 resusci-

255 689 480 740 saretur
508 683 560 736 in
591 682 807 740 Christo
824 725 839 751 ,
870 696 1092 758 propter
1120 692 1383 751 unitatem
1410 711 1660 767 personae
1685 698 1781 755 Dei
1806 708 1862 757 et

257 774 525 842 nominis,
552 775 719 831 Filius
739 777 837 834 Dei
867 778 1063 837 dicitur
1089 794 1352 842 mortuus.
1396 789 1551 856 Quod
1581 791 1862 848 evidenter

253 866 348 924 his
389 868 569 929 verbis
608 866 807 926 Paulus
851 876 1131 944 apostolus
1173 889 1509 949 protestetur
1542 901 1556 937 :
1601 882 1664 941 Si
1700 886 1857 951 enim,

253 972 383 1011 cum
410 958 609 1014 inimici
637 976 889 1028 essemus,
922 968 1241 1045 reconciliati
1265 987 1442 1026 sumus
1470 971 1580 1028 Deo
1611 991 1701 1045 per
1719 992 1861 1030 mor-

258 1058 367 1102 tem
399 1046 527 1102 Filii
546 1048 680 1120 ejus,
712 1051 875 1106 multo
896 1054 1062 1125 ntagis
1090 1057 1409 1113 reconciliati
1435 1060 1566 1116 salvi
1586 1063 1776 1117 erimus
1801 1065 1857 1118 in

251 1138 368 1191 vita
389 1137 552 1208 ipsius
589 1137 764 1209 (Rom.
798 1158 863 1209 ν,
895 1141 1006 1212 10).
1058 1143 1263 1202 Rursus
1309 1148 1499 1204 Filium
1535 1151 1633 1208 Dei
1672 1168 1856 1208 resur-

252 1225 472 1282 rexisse
495 1226 643 1284 Petri
674 1233 1056 1300 prosecutione
1084 1234 1359 1305 ﬁrmatur,
1394 1237 1609 1297 Judazos
1636 1242 1703 1297 ad
1732 1257 1855 1298 cre-

254 1319 547 1376 dulitatem
587 1321 787 1379 Christi
814 1325 995 1382 taliter
1032 1329 1373 1387 exhortantis
1410 1350 1422 1386 :
1475 1331 1579 1389 Vos
1607 1335 1730 1389 estis
1754 1336 1857 1406 ﬁlii

250 1412 632 1484 prophetan
654 1457 670 1483 ,
722 1425 771 1471 et
804 1421 1119 1495 testamenti-
1138 1423 1275 1493 quod
1316 1425 1571 1496 disposuit
1606 1424 1753 1481 Deus
1783 1427 1855 1481 ad

249 1511 438 1574 patres
463 1514 692 1576 nostros,
726 1507 904 1563 dicens
930 1511 1000 1564 ad
1028 1511 1291 1569 Abraham
1309 1531 1329 1570 :
1359 1515 1432 1570 Et
1457 1517 1513 1572 in
1541 1519 1736 1573 semine
1764 1527 1853 1575 tuo

251 1590 627 1650 benedicentur
654 1613 832 1652 omnes
863 1599 1075 1670 familia:
1106 1609 1295 1657 terras:
1319 1603 1460 1659 vobis
1487 1606 1713 1676 primum
1737 1624 1853 1663 sus-

247 1685 424 1740 citans
479 1683 616 1740 Deus
658 1685 707 1739 F
709 1688 857 1743 ilium
890 1707 1067 1757 suum,
1111 1693 1252 1747 misit
1306 1710 1422 1749 eum
1472 1693 1853 1753 benedicentem

251 1776 423 1842 vobis,
454 1789 509 1831 ut
534 1789 797 1834 convertat
825 1799 881 1837 se
902 1787 1249 1857 unusquisque
1271 1804 1304 1841 a
1329 1790 1556 1861 nequitia
1583 1807 1680 1845 sua
1708 1792 1845 1864 (Act.

244 1881 308 1923 ιιι
337 1910 354 1933 ,
379 1866 487 1937 Si,
514 1868 626 1937 25).
682 1869 859 1929 Etiam
899 1875 954 1930 in
992 1876 1096 1932 hoc
1135 1879 1408 1949 capitulo,
1457 1896 1619 1952 quem
1659 1898 1846 1940 semen

246 1957 486 2015 Abrahae
511 1975 794 2029 memorat,
820 1965 1069 2021 eumdem
1098 1965 1288 2023 Filium
1309 1969 1408 2025 Dei
1434 1971 1626 2028 beatus
1654 1971 1848 2032 Petrus

251 2049 533 2121 appellat:
567 2067 679 2109 non
708 2055 851 2110 enim
879 2055 1134 2113 dividitur
1162 2057 1425 2117 Christus.
1460 2072 1486 2099 κ
1515 2063 1617 2130 Qui
1642 2073 1843 2133 tamen,

249 2149 317 2193 ut
346 2155 455 2194 non
484 2142 775 2197 secundum
807 2143 860 2199 id
888 2146 1034 2214 quod
1058 2156 1229 2203 estex
1262 2149 1374 2205 Deo
1402 2148 1565 2207 Patre
1584 2194 1600 2218 ,
1632 2156 1729 2212 sed
1757 2172 1846 2212 sc-

242 2230 486 2285 cundum
510 2231 561 2286 id
575 2232 718 2302 quod
742 2241 908 2289 estex
928 2236 1134 2292 semine
1154 2236 1404 2307 Abrahae,
1427 2255 1784 2312 cognoscatur
1808 2263 1839 2303 a

242 2321 479 2377 mortuis
502 2324 821 2391 surrexisse,
855 2342 955 2396 pro
986 2328 1193 2384 unitate
1214 2344 1458 2400 persona:
1487 2332 1541 2386 in
1567 2348 1672 2403 qua
1696 2334 1841 2392 Deus

242 2419 303 2465 et
332 2410 497 2466 homo
528 2428 665 2469 uitus
694 2423 777 2471 est
801 2413 1066 2485 Christus,
1091 2434 1198 2474 non
1224 2420 1518 2490 incongrue
1546 2422 1646 2479 Dei
1672 2423 1840 2484 Filius

242 2495 445 2555 dicitur
487 2501 795 2559 suscitatus.
857 2504 1023 2576 Cujus
1065 2516 1124 2562 ut
1165 2510 1459 2567 secundum
1503 2511 1837 2572 divinitatem

242 2602 356 2645 una
393 2592 714 2662 probaretur
755 2604 947 2666 natura
977 2614 1098 2655 cum
1128 2598 1289 2659 Patre
1312 2644 1327 2670 ,
1377 2619 1520 2661 unus
1548 2605 1707 2662 simul
1736 2608 1836 2664 fuit

239 2681 473 2740 eﬂ‘ectus
501 2685 555 2740 in
584 2702 770 2756 opere.
811 2687 963 2745 Sicut
989 2692 1134 2747 enim
1162 2710 1378 2751 carnem
1403 2711 1553 2753 suam
1584 2699 1638 2754 in
1665 2699 1837 2771 Virgi-

241 2775 330 2830 nis
358 2784 515 2832 utero
539 2820 556 2846 ,
586 2778 816 2837 faciente
843 2779 1005 2838 Patre
1030 2825 1046 2852 ,
1076 2786 1241 2841 etiam
1270 2788 1385 2858 ipse
1412 2789 1540 2846 fecit
1568 2793 1716 2862 (quia
1741 2809 1831 2848 se-

239 2866 477 2921 cundum
501 2867 798 2924 humanam
829 2880 1076 2928 naturam
1107 2874 1175 2930 de
1194 2874 1410 2939 Christo
1432 2879 1689 2950 scriptum
1710 2892 1794 2938 est
1813 2901 1826 2938 :

240 2953 316 3008 Et
338 2954 613 3014 Dominum
633 2976 770 3025 eum,
795 2970 847 3015 et
864 2961 1125 3019 Christum
1146 2964 1291 3021 Deus
1312 2970 1470 3039 fecit;
1501 2970 1634 3025 hunc
1654 2971 1832 3029 Jesum

239 3061 395 3117 quem
432 3065 516 3104 vos
550 3051 883 3121 cruciﬁxistis
936 3056 1074 3125 (Act.
1121 3072 1196 3122 ιι,
1245 3056 1379 3129 56];
1442 3061 1699 3131 scriptum
1744 3072 1829 3120 est

238 3135 403 3192 etiam
440 3157 453 3192 :
488 3137 623 3204 Quia
647 3145 911 3215 sapientia.
943 3146 1222 3218 tediﬁcauit
1268 3148 1368 3205 sibi
1403 3152 1612 3209 domum
1643 3154 1823 3228 [Prom

1964 559 2069 599 non
2088 561 2244 600 manu
2266 549 2409 617 facta
2430 550 2486 603 in
2499 552 2875 623 exspoliatione
2898 562 3129 629 corporis
3159 567 3354 630 carnis,
3379 569 3432 621 in
3459 560 3585 624 cir-'

1963 639 2273 694 cumcisione
2299 638 2526 708 Christi,
2564 647 2850 716 consepulti
2878 649 2928 702 ei
2954 650 3009 704 in
3044 650 3329 725 baptismo,
3368 659 3424 712 in
3454 678 3553 732 quo

1962 738 2014 783 et
2031 735 2428 789 consurrexistis
2446 752 2538 807 per
2566 738 2722 808 ﬁdem
2749 744 3067 812 operationis
3104 745 3205 803 Dei
3226 788 3241 813 ,
3268 753 3353 823 qui
3382 756 3553 808 susci-

1962 827 2088 881 tavit
2107 827 2253 882 illum
2270 845 2302 882 a
2321 833 2557 887 mortuis.
2589 831 2659 886 Et
2684 851 2792 899 vos,
2811 853 2926 891 cum
2953 843 3146 894 mortui
3173 844 3354 899 essetis
3375 847 3430 899 in
3458 847 3554 901 de-

1960 917 2097 974 lictis
2121 929 2169 973 et
2189 925 2446 993 prteputio
2468 928 2642 981 carnis
2662 938 2861 991 vestrm,
2894 933 3269 1003 convivificavit
3290 954 3407 992 cum
3436 940 3551 1007 illo,

1961 1010 2165 1067 donans
2185 1013 2328 1068 vobis
2356 1017 2533 1071 omnia
2561 1019 2769 1085 delicta,
2802 1021 2977 1078 deleas
3004 1026 3142 1097 quod
3161 1027 3434 1084 adversum
3457 1047 3553 1087 nos

1959 1110 2075 1156 erat
2115 1103 2519 1177 chirographum
2562 1105 2590 1147 ἀ
2642 1109 2835 1166 decreti
2876 1114 3015 1185 quod
3060 1126 3171 1170 erat
3229 1122 3552 1174 contrarium

1958 1193 2108 1249 nobis
2128 1236 2143 1262 ,
2175 1205 2226 1250 et
2253 1198 2423 1269 ipsum
2462 1201 2581 1255 tulit
2608 1202 2674 1257 de
2702 1203 2872 1260 medio
2894 1245 2907 1271 ε
2945 1207 3155 1279 alﬁgens
3193 1209 3325 1264 illud
3363 1213 3505 1266 cruci
3527 1249 3546 1276 ,

1957 1301 2151 1341 exuens
2184 1305 2238 1343 se
2256 1305 2445 1355 carne;
2465 1292 2791 1365 principatus
2817 1305 2867 1349 et
2887 1306 3163 1367 potestates
3178 1302 3407 1357 traduxit
3419 1319 3549 1358 con-

1957 1374 2197 1445 ﬁdenter,
2243 1379 2421 1450 palam
2453 1382 2775 1454 triumphans
2801 1387 2920 1441 illos
2946 1388 2999 1443 in
3023 1393 3297 1462 semetipso
3326 1391 3459 1463 (Col.
3486 1410 3546 1462 It,

1956 1465 2135 1541 8-15).
2185 1471 2304 1527 Non
2335 1474 2607 1530 nescimus
2645 1477 2787 1534 hunc
2814 1478 2993 1536 locum
3020 1483 3085 1537 ad
3126 1500 3412 1554 personam
3445 1485 3549 1543 Pa-

1954 1558 2053 1615 tris
2073 1575 2104 1615 a
2130 1563 2401 1619 nonnullis
2423 1564 2641 1632 referri;
2666 1566 2761 1622 sed
2787 1584 2855 1624 ex
2876 1573 3213 1630 connexione
3239 1577 3542 1641 verborum.

1952 1652 2000 1708 si
2026 1663 2183 1710 cauta
2210 1666 2232 1692 ο
2256 1656 2482 1728 legentis
2510 1660 2732 1717 accedat
2759 1662 3006 1731 intentio,
3038 1669 3208 1737 magis
3233 1669 3286 1724 id
3316 1672 3546 1741 capituli

1952 1743 2110 1814 hujus
2136 1762 2331 1819 sensus,
2356 1751 2592 1806 ostendit
2617 1795 2631 1818 ,
2674 1763 2732 1808 ut
2754 1769 2891 1811 unus
2920 1756 3169 1837 idemque
3199 1759 3364 1816 Filius
3386 1804 3401 1829 ,
3434 1780 3544 1819 non

1875 1856 1926 1918 Β
1950 1838 2126 1893 solum
2157 1839 2403 1898 Christus
2430 1844 2522 1913 qui
2550 1845 2841 1902 suscitatus
2876 1857 2997 1915 est,
3049 1851 3144 1905 sed
3193 1853 3354 1907 etiam
3404 1854 3546 1911 Deus

1948 1926 2065 2000 ipse
2091 1932 2184 2012 qui
2213 1930 2485 1988 Christum
2530 1938 2855 2007 suscitavit,
2901 1955 3198 2012 appareat:
3246 1926 3311 1999 ui
3330 1956 3545 2003 constet

1948 2008 2264 2093 Apostolum
2293 2027 2350 2081 in
2378 2027 2482 2083 hoc
2509 2029 2629 2086 loco
2659 2031 2754 2086 Dei
2801 2008 2996 2089 nomen
3039 2035 3105 2090 ad
3154 2037 3297 2090 illam
3341 2039 3542 2110 sempi-

1946 2122 2156 2170 ternam
2187 2116 2305 2173 Filii
2329 2161 2346 2187 ,
2374 2133 2495 2189 qua:
2514 2129 2596 2176 est
2622 2136 2689 2177 ex
2715 2123 2894 2192 Patre,
2922 2127 3272 2185 substantiam
3294 2171 3308 2195 ,
3343 2148 3539 2188 nomen

1943 2217 2074 2259 vero
2100 2202 2301 2263 Christi
2348 2208 2417 2264 ad
2455 2226 2597 2279 eam,
2652 2228 2813 2283 quam
2861 2231 2932 2272 ex
2980 2217 3198 2275 homine
3227 2220 3321 2277 Dei
3375 2222 3541 2281 Filius

1939 2298 2189 2370 sumpsit,
2236 2300 2488 2359 retulisse
2530 2314 2806 2377 naturam,
2871 2309 3089 2380 dignum
3130 2330 3238 2384 pra:
3287 2316 3539 2372 omnibus

1940 2387 2145 2446 ducens
2209 2390 2407 2449 Doctor
2442 2398 2671 2468 gentium
2706 2399 2761 2453 in
2801 2400 2909 2471 ﬁde
2945 2412 2994 2456 et
3031 2406 3265 2473 veritate,
3296 2415 3357 2460 ut
3397 2408 3538 2463 sicut

1940 2479 2194 2538 eumdem
2221 2482 2513 2555 Christum,
2539 2489 2631 2557 qui
2653 2491 2945 2548 suscitatus
2964 2504 3063 2560 est,
3096 2497 3405 2565 pncdicavit
3429 2498 3534 2553 ho-

1938 2570 2138 2628 minem
2158 2612 2174 2637 ,
2207 2574 2426 2643 dicens:
2459 2578 2566 2635 Per
2591 2581 2850 2639 hominem
2874 2602 3047 2651 mors,
3089 2597 3138 2641 et
3158 2607 3249 2660 per
3275 2590 3533 2647 hominem

1937 2668 2246 2721 resurrectio
2296 2680 2653 2737 mortuorum;
2699 2675 2833 2728 sicut
2872 2678 3009 2732 enim
3050 2680 3103 2732 in
3144 2680 3314 2735 Adam
3352 2699 3531 2738 omnes

1937 2752 2246 2820 moriuntur,
2278 2756 2354 2810 ita
2374 2758 2427 2810 in
2457 2756 2666 2815 Christo
2695 2778 2871 2818 omnes
2900 2767 3289 2835 viviﬁcabuntur
3320 2769 3374 2841 (1
3404 2769 3525 2826 Cor.

1937 2858 2008 2896 xv
2030 2884 2047 2910 ,
2072 2842 2137 2898 21
2166 2887 2182 2912 ,
2214 2844 2305 2918 22)
2336 2866 2351 2914 ;
2402 2865 2511 2906 non
2548 2852 2756 2908 minore
2785 2856 2995 2912 cautela
3032 2860 3277 2915 eumdem
3309 2861 3525 2931 Filium,

1934 2934 2027 3003 qui
2055 2950 2205 2990 suam
2236 2953 2453 2995 carnem
2488 2941 2576 2996 illa
2620 2957 2726 3012 qua
2759 2943 2853 3013 (al.
2884 2948 3025 3019 qum)
3052 2950 3273 3018 mqualis
3312 2960 3396 3007 est
3432 2950 3527 3007 Pa-

1934 3028 2003 3083 tri
2034 3030 2279 3099 potentia
2323 3032 2631 3100 suscitavit,
2672 3035 2839 3090 Deum
2877 3040 3156 3095 verissime
3181 3043 3525 3114 praedicaret,

1933 3118 2072 3175 sicut
2101 3121 2258 3190 hujus
2288 3122 2390 3195 lgci
2420 3133 2599 3181 textus
2626 3126 2770 3182 clara
2800 3129 3234 3189 manifestatione
3263 3134 3522 3204 vulgavit.

235 3242 314 3291 ιΧν
349 3228 467 3302 11),
497 3235 576 3290 sic
595 3208 759 3291 etiam
785 3252 909 3293 cum
939 3208 1242 3297 traderetur
1268 3258 1297 3297 a
1325 3242 1517 3313 Patre,
1549 3208 1824 3319 ipseque;
1853 3236 1899 3302 C
1930 3208 2072 3267 Deus
2099 3213 2244 3268 enim
2272 3215 2364 3284 qui
2392 3216 2674 3319 ﬁuscmm
2693 3217 2965 3319 innisi“?
2994 3236 3024 3276 ³
3044 3225 3291 3303 mon-“is”
3323 3227 3524 3298 quique

237 3335 346 3391 que
379 3339 440 3380 se
480 3329 821 3396 cognoscitur
860 3331 1183 3401 tradidisse;
1228 3336 1485 3407 scriptum
1514 3346 1601 3395 est
1640 3341 1825 3397 enim:

239 3408 375 3476 Quia
404 3415 544 3472 Deus
573 3418 713 3476 Filio
743 3420 770 3459 δ
796 3425 1009 3495 proprio
1034 3442 1143 3480 non
1168 3430 1413 3498 pepercit,
1442 3430 1536 3485 sed
1559 3449 1655 3502 pro
1681 3433 1828 3488 nobis

233 3507 466 3562 omnibus
489 3510 708 3565 tradidit
733 3511 882 3567 illum
911 3512 1088 3584 (Rom.
1112 3533 1227 3583 vm,
1258 3518 1349 3585 52)
1377 3537 1390 3586 ;
1423 3530 1480 3577 et
1505 3522 1572 3579 de
1593 3524 1711 3595 ipso
1732 3524 1825 3580 Fi-

232 3595 308 3654 lio
334 3599 531 3655 dicitur
558 3619 571 3654 :
624 3600 776 3666 Quod
804 3613 977 3660 autem
1005 3624 1140 3663 nunc
1166 3612 1278 3665 vivo
1313 3611 1368 3665 in
1396 3630 1553 3670 carne
1578 3658 1593 3684 ,
1635 3618 1691 3672 in
1721 3619 1827 3689 ﬁde

229 3689 343 3745 vivo
372 3689 501 3746 Filii
530 3691 665 3757 Dei,
702 3697 789 3766 qui
817 3696 1001 3752 dilexit
1024 3716 1125 3766 me,
1151 3709 1203 3756 et
1231 3702 1449 3757 tradidit
1477 3708 1703 3778 seipsum
1729 3726 1825 3780 pro

230 3795 317 3833 me
344 3777 544 3849 (Colat.
572 3796 631 3849 It,
660 3782 775 3855 20).

229 3864 410 3923 CAPUT
442 3884 629 3925 xxxm.
669 3870 742 3926 Et
782 3871 945 3959 Pater
1200 3879 1468 3935 suscitavit
1492 3923 1509 3950 ,
1557 3890 1607 3936 et
1645 3880 1818 3940 Filius

758 3952 1029 3999 suscitavit
1051 3952 1297 4018 seipsum.

297 4028 357 4086 In
417 4034 816 4091 resurrectione
873 4050 1091 4108 quoque
1149 4037 1266 4107 ejus
1321 4040 1590 4098 invenitur
1636 4044 1818 4114 operis

230 4120 524 4190 aequalitas,
555 4123 680 4193 quia
708 4141 813 4180 una
843 4133 928 4181 est
951 4124 1129 4184 Patris
1157 4127 1387 4200 Filiique
1412 4131 1686 4201 majestas.
1742 4135 1820 4192 De

232 4209 387 4269 Patre
409 4215 610 4287 quippe
637 4217 715 4273 sic
742 4218 933 4275 beatus
958 4219 1197 4290 loquitur
1226 4220 1418 4279 Petrus
1456 4242 1469 4277 :
1516 4223 1668 4281 Vobis
1702 4228 1816 4294 pri-

229 4322 361 4361 mum
399 4307 534 4364 Deus
564 4312 820 4366 suscitans
843 4311 1043 4368 Filium
1075 4330 1223 4370 suum
1242 4357 1257 4383 ,
1303 4317 1444 4373 misit
1469 4333 1584 4373 eum
1613 4319 1818 4374 benedi-

228 4408 418 4456 centem
452 4400 593 4458 vobis
627 4403 764 4475 (Act.
797 4420 856 4459 tn
880 4446 896 4472 ,
945 4403 1057 4475 25).
1120 4406 1197 4463 De
1238 4409 1419 4479 seipso
1447 4424 1580 4465 vero
1608 4410 1686 4466 sic
1713 4409 1812 4467 Dei

228 4488 389 4548 Filius
412 4493 651 4563 loquitur
678 4496 744 4551 ad
772 4495 985 4553 Iudaeos
1022 4515 1035 4552 :
1077 4499 1271 4555 Solvite
1310 4503 1556 4572 templum
1581 4503 1710 4573 hoc,
1760 4511 1815 4559 et

227 4586 279 4640 in
308 4587 467 4642 tribus
498 4588 675 4643 diebus
716 4589 974 4646 suscitabo
1003 4590 1133 4646 illud
1164 4593 1344 4665 (Joan.
1377 4611 1416 4649 ιι
1440 4637 1457 4663 ,
1488 4594 1578 4667 19)
1604 4635 1622 4664 ,
1662 4596 1810 4666 quod
1836 4615 1890 4677 ι)

224 4677 454 4738 Joannes
479 4681 692 4753 aperuit
716 4681 903 4738 dicens
928 4701 941 4736 :
968 4683 1089 4753 Ipse
1108 4695 1278 4741 autem
1298 4686 1502 4741 dicebat
1529 4689 1593 4742 de
1621 4690 1809 4760 templo

224 4775 449 4844 corporis
469 4775 548 4829 sui
576 4772 744 4847 (Ibid.
771 4814 785 4839 ,
817 4774 930 4846 21).
982 4774 1395 4834 Colossensibus
1420 4794 1636 4859 quoque
1665 4780 1809 4837 Pau-

222 4865 301 4922 lus
322 4866 548 4937 loquens
568 4908 584 4932 ,
616 4868 789 4937 ipsum
824 4878 845 4907 ε
878 4866 972 4923 Dei
1000 4867 1193 4923 Filium
1223 4869 1612 4926 humanitatem
1655 4888 1808 4929 suam

221 4957 301 5013 his
332 4959 486 5029 139
511 4958 691 5015 verbis
715 4956 979 5027 signiﬁcat
1017 4959 1305 5016 suscitasse
1345 4978 1358 5012 :
1398 4958 1581 5015 Videte
1612 4978 1675 5017 ne
1693 4964 1808 5036 quis

218 5067 301 5107 vos
321 5050 535 5104 seducat
554 5067 644 5120 per
665 5050 1068 5121 philosophiam,
1097 5059 1148 5106 et
1174 5052 1384 5107 inanem
1414 5052 1700 5123 fallaciam,
1724 5069 1809 5109 se-

217 5146 435 5200 cundum
458 5146 760 5202 traditiones
787 5147 1074 5215 hominum,
1091 5147 1370 5203 secundum
1389 5148 1643 5203 elementa
1662 5166 1811 5204 mun-

216 5237 284 5302 dt,
311 5246 359 5291 et
382 5254 484 5292 non
507 5238 785 5293 secundum
810 5237 1070 5293 Christum
1089 5256 1107 5291 :
1123 5241 1244 5310 quia
1262 5240 1319 5294 in
1342 5239 1456 5311 ipso
1476 5238 1675 5294 habitat
1707 5240 1800 5311 (al.

216 5326 489 5400 inhabitat)
516 5329 683 5383 omnis
711 5328 975 5399 plenitudo
1000 5328 1288 5385 divinitatis
1326 5328 1666 5398 corporaliter
1686 5369 1703 5395 ,
1752 5337 1805 5384 et

215 5420 332 5475 estis
358 5421 416 5474 in
442 5420 536 5477 illo
565 5421 777 5492 repleti,
809 5422 895 5491 qui
922 5428 998 5475 est
1024 5428 1178 5491 caput
1207 5422 1377 5476 omnis
1398 5421 1721 5492 principatus
1750 5428 1802 5475 et

286 5631 311 5661 ι
337 5619 415 5678 Ita
442 5625 722 5679 restitutus
744 5628 831 5677 est
851 5620 936 5677 hic
967 5621 1117 5677 locus
1146 5635 1215 5678 ex
1227 5622 1533 5679 mss.Corb.
1559 5621 1797 5678 etzBasil.

222 5693 402 5750 Colon.
433 5703 611 5749 autem
641 5702 696 5749 et
723 5694 847 5748 Ant.
884 5692 1188 5759 habebant,
1231 5689 1333 5757 Qui
1361 5699 1533 5748 tamen
1573 5710 1679 5748 non
1710 5709 1795 5746 se—

222 5766 436 5836 cundum
462 5765 519 5820 id
545 5764 682 5836 quod
708 5780 775 5818 ex
795 5761 907 5819 Deo
929 5761 1116 5829 Patre,
1141 5763 1232 5818 sed
1255 5764 1536 5836 secundum
1574 5764 1629 5818 id
1655 5760 1797 5824 quod

224 5852 285 5893 stt
305 5835 1105 5917 seminefbrahmﬁcognoscatur
1126 5835 1433 5917 surrexisse.

290 5905 316 5945 δ
342 5904 438 5963 bis.
471 5905 703 5972 Victor.,
731 5904 874 5959 Filio
901 5920 993 5959 suo
1019 5908 1248 5978 proprio.

478 5996 750 6056 Paeon.
796 5991 992 6054 LXV.

1934 3318 2063 3371 nos,
2093 3320 2209 3359 cum
2235 3308 2425 3361 mortui
2452 3325 2679 3364 essemus
2703 3311 2758 3364 in
2782 3312 2981 3368 delictis
3000 3354 3015 3378 ,
3055 3326 3103 3369 et
3125 3321 3378 3389 prteputio
3401 3339 3521 3377 car-

1932 3395 2013 3449 nis
2041 3405 2253 3464 nostrw,
2270 3400 2644 3471 convivi/icavit
2668 3419 2783 3457 cum
2801 3404 2893 3459 illo
2914 3404 3134 3478 (Coloss.
3161 3425 3217 3476 ll,
3245 3410 3357 3479 15),
3377 3413 3521 3469 idem

1930 3486 2088 3542 nobis
2115 3488 2309 3544 delicta
2340 3492 2520 3545 omnia
2549 3491 2810 3562 donavit,
2858 3503 2915 3551 et
2934 3498 3026 3566 qui
3053 3498 3275 3555 donavit
3301 3501 3519 3569 delicta,

1928 3576 2345 3649 chirographum
2380 3582 2526 3651 quod
2574 3583 2857 3641 adversum
2889 3603 2989 3643 nos
3018 3600 3135 3644 erat
3175 3591 3412 3657 delevit’,
3463 3602 3521 3649 et

1928 3668 2197 3724 sublatum
2235 3671 2302 3727 de
2335 3673 2515 3728 medio
2543 3677 2689 3731 cruci
2718 3676 2915 3744 ai‘lixit;
2966 3682 3059 3750 qui
3099 3682 3519 3757 chirographum

1926 3760 2073 3815 cruci
2127 3759 2361 3826 amxit,.
2393 3763 2535 3819 idem
2580 3780 2641 3822 se
2686 3782 2849 3823 carne
2895 3771 3081 3837 exuit;
3142 3776 3233 3842 qui
3283 3792 3342 3832 se
3392 3793 3518 3833 car-

1925 3868 1995 3908 ne
2040 3855 2222 3918 exuit,
2270 3855 2360 3910 ille
2408 3858 2572 3912 etiam
2624 3862 2948 3931 principatus
2989 3873 3039 3917 et
3084 3876 3365 3934 potestates
3406 3880 3517 3925 tra-

1924 3942 2076 3997 duxit
2103 3945 2425 4015 conﬁdenter
2448 3987 2464 4012 ,
2507 3950 2682 4019 palam
2724 3952 3046 4023 triumphans
3083 3956 3202 4010 illos
3243 3960 3299 4012 in
3327 3970 3516 4015 semet-

1920 4036 2035 4104 ipso
2068 4026 2235 4107 (Ibid.
2264 4079 2281 4106 ,
2326 4038 2437 4110 15).
2479 4039 2607 4097 Haec
2633 4050 2813 4098 autem
2840 4084 2856 4109 ,
2906 4043 3075 4101 Paulo
3116 4056 3289 4116 teste,
3331 4052 3514 4108 omnia

1920 4125 2065 4184 Deus
2100 4126 2257 4195 fecit,
2302 4131 2395 4199 qui
2435 4129 2711 4188 Christum
2756 4150 2787 4188 a
2815 4139 3043 4193 mortuis
3072 4141 3367 4198 suscitavit.
3418 4144 3514 4200 At—

1919 4219 2175 4275 tendatur
2213 4222 2395 4292 itaque
2438 4225 2483 4279 si
2527 4224 2688 4282 Pater
2705 4229 3120 4302 chirographum
3154 4236 3298 4291 cruci
3319 4236 3511 4309 aﬂixit,

1917 4308 1964 4364 si
1993 4307 2157 4366 Pater
2178 4328 2239 4367 se
2266 4328 2431 4370 carne
2466 4316 2642 4382 exuit,
2687 4318 2729 4374 si
2784 4318 2946 4375 Pater
2972 4323 3307 4394 principatus
3335 4336 3388 4382 et
3420 4307 3512 4398 po-

1916 4407 2144 4458 testates
2167 4404 2424 4474 traduxit,
2442 4409 2619 4478 palam
2641 4410 2965 4481 triumphans
2989 4413 3108 4470 illos
3130 4416 3184 4470 in
3204 4418 3507 4490 semetipso;

1914 4501 1972 4550 et
1998 4495 2044 4551 si
2072 4495 2187 4552 hinc
2209 4499 2390 4554 omnia
2412 4507 2650 4571 paterna:
2676 4504 2951 4573 potuerint
2979 4510 3217 4579 coaptari
3240 4526 3506 4580 persona},

1913 4587 2074 4658 digne
2120 4591 2404 4661 negabitur
2442 4592 2609 4649 Filius
2656 4595 2743 4651 hic
2772 4597 2840 4652 ab
2869 4582 3130 4668 Apostolo
3172 4602 3507 4674 designatus,

1916 4679 2006 4736 ille
2032 4681 2239 4738 scilicet
2262 4682 2404 4739 Deus
2432 4685 2527 4753 qui
2554 4684 2828 4741 Christum
2864 4703 2895 4742 a
2936 4691 3163 4747 mortuis
3204 4694 3501 4750 suscitavit.

1917 4769 1975 4826 Si
1994 4780 2177 4828 autem
2199 4774 2381 4829 omnia
2402 4776 2652 4846 superius
2677 4776 2956 4846 designata
2984 4780 3122 4837 Filio
3144 4785 3312 4853 magis
3344 4803 3503 4856 quam

1918 4862 2068 4920 Patri
2099 4866 2463 4934 conveniunt,
2512 4878 2873 4938 cognoscatur
2912 4888 3049 4926 unus
3077 4882 3239 4944 atque
3270 4876 3409 4931 idem
3438 4879 3507 4933 ab

1917 4954 2179 5026 Apostolo
2207 4956 2530 5027 [medicatus
2568 4957 2814 5015 Christus
2850 4962 2941 5030 qui
2981 4979 3010 5015 a
3051 4965 3278 5019 mortuis
3318 4982 3503 5022 resur-

1915 5046 2099 5117 rexit,
2150 5056 2206 5103 et
2234 5047 2377 5102 Deus
2403 5048 2494 5117 qui
2535 5047 2809 5106 Christum
2857 5068 2887 5107 a
2935 5038 3164 5108 mortuis
3201 5056 3529 5111 suscitavit.’

1915 5136 2086 5208 Igitur
2110 5143 2168 5193 et
2188 5137 2281 5209 qui
2308 5138 2590 5194 suscitavit
2616 5142 2963 5212 semetipsum
2982 5184 2998 5211 ,
3024 5152 3079 5197 et
3105 5146 3390 5199 suscitatus
3418 5154 3526 5223 est.
3596 5218 3607 5225 .

1910 5228 2157 5284 Christus
2193 5247 2208 5283 :
2247 5230 2373 5301 quia
2417 5231 2555 5287 sicut
2584 5233 2635 5287 in
2672 5248 2738 5289 eo
2764 5232 2909 5303 quod
2940 5233 2993 5287 in
3028 5248 3085 5288 se
3123 5235 3251 5289 fecit
3284 5235 3396 5304 ipse
3425 5227 3523 5291 dini

1911 5330 2104 5391 gnatus
2132 5330 2215 5379 est
2243 5320 2381 5389 ﬁeri,
2412 5331 2469 5381 et
2497 5325 2552 5381 in
2581 5341 2648 5382 eo
2676 5326 2823 5398 quod
2848 5326 2902 5382 in
2931 5340 2990 5381 se
3028 5326 3248 5383 tradidit
3275 5329 3389 5400 ipse
3412 5329 3493 5387 di-
3522 5359 3533 5378 .

1907 5422 2102 5483 gnatus
2129 5421 2213 5470 est
2240 5414 2411 5483 tradi,
2441 5423 2495 5471 et
2522 5415 2576 5471 in
2602 5431 2670 5473 eo
2691 5416 2834 5487 quod
2864 5417 2918 5472 in
2947 5431 3005 5473 se
3046 5417 3218 5474 occidi
3253 5422 3496 5491 permisit

1985 5624 2098 5694 fita
2113 5622 2470 5694 m_s.Victor.;
2502 5633 2559 5680 at
2573 5641 2674 5681 ms.
2691 5624 2852 5681 Corb.
2884 5637 2938 5682 et
2960 5629 3071 5694 ed.,
3091 5628 3253 5685 Deum
3270 5631 3485 5687 Filium.
3534 5613 3559 5638 ’ἢ

1975 5692 2125 5771 dulcis.
2153 5692 2341 5771 Cori)"
2373 5697 2623 5763 decretis,
2651 5695 2803 5765 juxta
2839 5692 3314 5759 textum'Grmcum
3343 5703 3488 5771 Apo-

1900 5765 2055 5840 SlOli_,
2084 5775 2192 5828 τοῖς
2219 5764 2486 5840 densarat».

1970 5846 1996 5872 ο
2023 5834 2101 5890 Ita
2128 5851 2257 5892 mss.
2287 5834 2458 5893 'Corb.
2486 5844 2539 5893 et
2573 5834 2772 5894 Victor.
2799 5855 2813 5906 ;
2858 5848 2913 5893 at
2940 5842 3098 5904 editi.
3136 5842 3226 5896 Sic
3259 5854 3313 5894 nt
3340 5852 3389 5894 et
3411 5843 3483 5894 (τι

1894 5905 2080 5976 gentis.

3006 6004 3079 6064 10
