4068 6452
344 342 444 406 501

1523 338 1612 397 AD
1652 332 2146 398 TRASIMUNDUM
2184 335 2311 396 ue.
2351 324 2441 395 ιιι.

3501 330 3605 391 302

339 473 512 517 autem
533 476 682 515 suam
711 459 975 513 caritatem
1000 456 1137 511 Deus
1162 460 1215 511 in
1247 457 1420 521 nobis;
1451 458 1695 529 quoniam
1713 456 1779 519 si,
1808 472 1922 509 cum
1949 450 2005 517 Α
2026 452 2357 509 demonstrat
2386 446 2689 523 Apostolus,
2721 448 2873 519 cujus
2893 465 2991 505 nos
3010 450 3338 517 domum,ita
3363 450 3604 505 scribens

341 551 511 605 adhuc
534 559 822 620 peccatores
850 564 1091 613 essemus,
1123 547 1353 602 Christus
1397 564 1489 618 pro
1515 542 1659 600 nobis
1694 555 1925 600 mortuus

340 654 438 708 est,
462 644 622 697 multo
652 644 809 714 igitur
839 642 1002 713 magis
1022 642 1300 712 justiﬁeati
1331 658 1465 694 nunc
1486 642 1537 695 in
1560 640 1811 711 sanguine
1840 640 1922 710 ip-

341 734 449 786 sius
477 731 606 786 salvi
635 735 823 787 erimus
845 731 909 786 ab
939 734 1017 786 ira
1041 748 1129 802 per
1149 732 1316 802 ipsum
1345 730 1522 801 (Rom.
1553 746 1605 793 ν,
1639 728 1693 795 8,
1725 728 1800 797 9).
1834 724 1927 784 Est

340 821 399 876 in
426 821 582 876 nobis
601 822 761 875 etiam
778 822 973 876 caritas
997 820 1213 884 Christi;
1237 820 1451 875 dicente
1472 819 1730 890 Apostolo
1755 836 1769 872 :
1799 817 1925 882 Quis

340 926 438 964 nos
474 909 735 980 separabit
763 928 794 963 a
835 912 1051 965 caritate
1079 909 1270 965 Christi
1297 909 1472 982 (Rom.
1491 926 1603 977 vm,
1643 908 1770 979 '55)?
1798 918 1822 943 "
1860 908 1924 963 Et

341 1002 450 1056 alio
481 1001 601 1057 loco
627 1019 639 1054 :
688 1001 835 1057 Scire
861 1003 1013 1056 etiam
1044 1002 1503 1073 supereminentem
1528 1001 1756 1055 scientia!
1783 1000 1924 1054 cari—

340 1104 499 1147 tatem
527 1093 740 1161 Christi,
769 1103 827 1147 ut
863 1096 1180 1165 impleamini
1228 1096 1281 1149 in
1328 1111 1528 1149 omnem
1557 1094 1925 1164 plenitudinem

338 1183 439 1239 Dei
472 1184 687 1254 (Ephes.
716 1202 792 1250 ιιι,
828 1184 936 1256 i9).
985 1186 1183 1239 Eadem
1215 1190 1297 1239 est
1332 1185 1385 1239 in
1416 1185 1569 1239 nobis
1595 1185 1756 1239 etiam
1786 1182 1925 1237 eari-

340 1283 424 1331 tas
453 1273 679 1343 Spiritus
700 1275 889 1337 sancti,
921 1275 987 1329 de
1015 1290 1118 1344 qua
1148 1275 1346 1329 Paulus
1375 1274 1504 1329 dicit
1532 1292 1544 1327 :
1581 1273 1806 1327 Obsecro
1825 1274 1926 1345 igi-

340 1376 429 1418 tur
467 1382 573 1429 vos,
614 1364 766 1436 142
797 1367 1004 1436 fratres,
1041 1382 1131 1434 per
1159 1364 1438 1419 Dominum
1467 1375 1705 1419 nostrum
1744 1363 1923 1418 Jesum

338 1455 619 1522 Christum,
665 1467 714 1511 et
751 1474 843 1526 per
870 1458 1139 1511 caritatem
1167 1457 1391 1527 Spiritus
1432 1458 1600 1511 sancti
1624 1456 1917 1528 (Rom.,xv,

340 1544 453 1615 30).
494 1545 561 1598 Et
589 1546 695 1600 alio
724 1546 845 1600 loco
872 1564 885 1598 :
917 1544 1123 1600 Caritas
1161 1545 1259 1600 Dei
1282 1547 1475 1615 diffusa
1505 1558 1580 1601 est
1602 1549 1657 1602 in
1682 1545 1923 1602 cordibus

338 1640 534 1693 nostris
554 1656 643 1706 per
661 1638 913 1708 Spiritum
930 1649 1164 1693 sanctum
1185 1641 1269 1708 qui
1295 1640 1444 1693 datus
1465 1648 1541 1693 est
1560 1639 1707 1695 nobis
1740 1640 1918 1711 (Rom.

338 1749 391 1795 v,
424 1730 498 1802 5).
532 1730 595 1785 Ει
622 1730 798 1785 denuo
819 1731 947 1786 dicit
972 1749 984 1784 ε
1018 1730 1243 1784 Fructus
1272 1740 1442 1785 autem
1469 1729 1703 1801 Spiritus
1729 1738 1805 1784 est
1830 1747 1922 1786 ca-

2028 541 2284 611 Hebrteis,
2316 544 2590 616 appellat:
2622 540 2856 598 Christus
2898 551 3069 598 autem
3100 554 3343 616 tanquam
3381 545 3520 615 [ilius
3548 548 3606 602 in

2027 637 2178 693 domo
2208 652 2322 704 sua,
2352 654 2468 710 qute
2504 635 2684 692 domns
2709 651 2804 690 nos
2824 652 3027 704 sumus,
3080 637 3332 707 siquidem
3361 638 3606 709 fiduciam

2027 735 2077 803 et
2123 728 2343 800 gloriam
2387 728 2496 799 spei
2542 743 2701 799 usque
2749 726 2817 780 ad
2860 728 3015 798 ﬁnem
3061 728 3267 798 ﬁrmam
3296 729 3607 783 retineamus

2028 819 2217 892 (Hebr.
2240 822 2319 889 ni,
2347 820 2424 891 6).
2466 820 2600 875 Nam
2627 822 2683 875 et
2710 819 2881 890 ipsum
2911 835 3105 891 corpus
3132 818 3276 889 Filii,
3308 827 3363 875 et
3390 818 3604 875 domum

2026 910 2303 983 Scriptura
2333 919 2517 968 sancta
2548 910 2846 966 nominavit
2901 918 2956 966 et
2998 910 3279 982 templum,
3328 927 3448 966 eum
3481 910 3610 964 dicit

2026 998 2281 1057 Salomon
2307 1016 2319 1054 :
2352 998 2627 1072 Sapientia
2664 999 2944 1070 ludiﬁcabit
2964 1001 3062 1055 sibi
3080 1002 3290 1056 domum
3319 1000 3500 1073 (Prov.
3531 1014 3606 1067 ix,

2026 1090 2113 1163 i);
2147 1099 2202 1147 et
2230 1093 2559 1161 evangelista
2588 1093 2714 1147 huic
2760 1093 2942 1148 sensui
2974 1093 3310 1152 concordans
3340 1096 3414 1148 ait
3441 1113 3451 1146 :
3486 1093 3609 1163 Ipse

2026 1188 2196 1238 autem
2216 1183 2419 1238 dicebat
2439 1182 2503 1238 de
2530 1185 2713 1252 templo
2742 1186 2973 1256 corporis
2997 1187 3075 1239 sui
3112 1185 3290 1256 (Joan.
3322 1203 3378 1250 ιι,
3407 1184 3519 1255 ‘21).
3549 1185 3607 1238 Si

2026 1274 2155 1343 ergo
2193 1273 2339 1343 quod
2376 1290 2572 1345 corpus
2612 1284 2696 1329 est
2740 1275 2935 1332 Christi
2974 1277 3231 1347 templum
3261 1288 3344 1332 est
3375 1277 3603 1344 Christi,

2026 1368 2126 1419 nos
2156 1378 2371 1434 quoque
2400 1364 2655 1433 templum
2686 1364 2802 1434 ejus
2830 1381 3034 1431 sumus,
3077 1383 3213 1436 quos
3258 1384 3453 1437 corpus
3492 1368 3606 1436 ejus

2023 1468 2144 1511 esse
2171 1454 2458 1511 conﬁrmat
2481 1456 2793 1527 Apostolus,
2840 1455 3065 1512 dicens:
3112 1457 3212 1512 Vos
3253 1461 3378 1513 estis
3422 1475 3606 1531 corpus

2025 1546 2242 1613 Christi,
2271 1554 2322 1600 et
2348 1546 2581 1602 membra
2623 1545 2677 1617 (Ι
2714 1544 2834 1602 Cor.
2864 1563 2955 1611 xu,
2989 1547 3102 1616 27).
3134 1547 3411 1621 Templum
3443 1552 3605 1605 etiam

2023 1638 2257 1710 Spiritus
2296 1641 2467 1695 sancti
2528 1655 2627 1695 nos
2675 1655 2793 1695 esse
2845 1640 3127 1695 manifeste
3174 1653 3601 1708 commemorat,

2026 1729 2277 1797 Nescitis,
2308 1731 2578 1800 inquiens,
2601 1733 2723 1804 quia
2763 1730 2989 1785 membra
3016 1743 3184 1786 vestra
3209 1734 3449 1803 templum
3477 1730 3500 1769 δ
3529 1741 3606 1787 est

336 1826 489 1885 ritas,
516 1826 776 1896 gaudium,
818 1841 924 1894 pars
975 1823 1172 1893 (Galat.
1209 1839 1259 1887 v,
1296 1821 1408 1895 2Q).
1438 1816 1654 1878 llabitat
1684 1822 1734 1879 in
1765 1826 1918 1881 nobis
1946 1836 1995 1898 Β
2023 1823 2248 1891 Spiritus
2275 1825 2462 1889 sancti,
2493 1810 2580 1896 qui
2616 1818 2672 1876 in
2705 1818 2847 1877 vobis
2889 1833 2984 1890 est,
3032 1842 3179 1896 quem
3208 1824 3404 1879 habetis
3433 1844 3461 1877 a
3494 1825 3603 1880 Deo

337 1914 537 1981 Pater,.
559 1915 769 1969 habitat
800 1914 983 1980 Filius,
1014 1915 1223 1969 habitat
1250 1913 1480 1984 Spiritus
1525 1923 1762 1981 sanctus,
1794 1917 1918 1986 quia

335 2006 597 2075 scriptum
622 2014 741 2062 est:
778 2004 1089 2060 Inhubitabo
1118 2006 1173 2058 in
1204 2006 1328 2069 illis,
1363 2014 1412 2060 et
1456 2005 1786 2062 inambulubo
1833 2006 1923 2078 (II

337 2098 462 2157 Cor.
485 2117 557 2163 v1,
584 2099 694 2169 16).
722 2098 800 2153 De
826 2098 964 2153 Filio
991 2113 1208 2167 quoque
1236 2098 1366 2153 dicit
1391 2098 1679 2169 Apostolus
1705 2117 1719 2153 :
1752 2098 1818 2153 In
1840 2099 1925 2154 in-

336 2192 528 2245 teriore
549 2191 753 2245 homine
781 2187 1016 2243 habitare
1039 2187 1321 2255 Christum,
1349 2206 1441 2260 per
1463 2188 1641 2259 ﬁdem,
1670 2190 1726 2245 in
1746 2192 1922 2246 cordi-

337 2282 433 2337 bus
465 2283 645 2337 vestris
670 2281 886 2355 (Ephes.
911 2299 986 2346 ιιι,
1006 2281 1093 2343 16,
1125 2282 1237 2351 17).
1268 2281 1527 2352 Spiritum
1556 2299 1772 2353 quoque
1800 2300 1926 2341 san-

338 2383 483 2429 ctum
500 2375 582 2431 his
609 2376 786 2431 verbis
807 2377 859 2430 in
883 2376 1038 2431 nobis
1059 2376 1303 2432 habitare
1331 2376 1617 2431 conﬁrmat
1650 2395 1663 2430 :
1697 2375 1927 2435 Nescitis

335 2466 461 2537 quia
486 2467 725 2536 templum
753 2466 850 2522 Dei
890 2469 1035 2537 estis,
1076 2476 1124 2522 et
1155 2466 1387 2538 Spiritus
1410 2467 1508 2525 Dei
1538 2468 1735 2525 habitat
1756 2472 1817 2525 in.
1838 2487 1928 2527 vo-

336 2554 420 2609 bis
452 2554 506 2627 (1
549 2556 667 2612 Cor.
700 2574 778 2625 Ill,
804 2556 937 2630 16)?
967 2557 1052 2623 Et,
1086 2567 1143 2614 ut
1177 2559 1488 2615 ostenderet
1531 2561 1781 2616 eumdem
1809 2578 1928 2619 esse

332 2645 604 2718 Spiritum
647 2650 742 2704 Dei
791 2653 882 2719 qui
925 2651 1157 2722 Spiritus
1201 2664 1422 2711 sanctus
1451 2663 1554 2719 est,
1588 2655 1927 2711 Timotheum

338 2740 425 2793 sic
472 2739 725 2796 admonet
771 2741 996 2799 dicens:
1032 2745 1230 2800 Bonum
1279 2748 1567 2816 depositum
1614 2749 1811 2803 custodi
1840 2765 1931 2819 per

336 2834 599 2906 Spiritum
630 2850 863 2893 sanctum
904 2842 987 2911 qui
1015 2840 1215 2894 habitat
1239 2843 1289 2895 in
1316 2841 1462 2896 nobis
1499 2840 1589 2911 (II
1605 2842 1738 2897 Tim.
1763 2841 1927 2913 μη).

337 2929 445 2984 Dat
471 2933 700 2999 gratiam
732 2931 910 2997 Pater,
965 2933 1058 2988 dat
1100 2934 1324 3002 gratiam
1356 2934 1547 2998 Filius,
1585 2934 1677 2989 dat
1704 2935 1931 3003 gratiam

338 3018 575 3091 Spiritus
602 3033 850 3089 sanctus,
889 3025 1029 3079 sicut
1057 3026 1380 3096 prmdicator
1427 3028 1686 3093 veritatis,
1719 3027 1933 3083 Christo

340 3114 397 3169 in
439 3130 499 3170 se
548 3116 824 3186 loquente,
858 3124 1123 3185 testatur;
1154 3116 1337 3172 Gratia
1382 3118 1522 3173 vobis
1551 3127 1600 3173 et
1626 3133 1733 3188 par
1763 3135 1796 3172 a
1821 3115 1933 3173 Deo

2023 1912 2080 1991 (1
2111 1911 2230 1969 Cor.
2257 1930 2329 1981 ιιι,
2359 1914 2484 1985 ι9)ι
2516 1912 2616 1969 Ubi
2645 1929 2767 1969 eum
2818 1914 2983 1969 Deum
3026 1931 3239 1985 quoque
3264 1920 3602 1986 monstravit,

2020 2003 2125 2060 ista
2155 2003 2311 2077 1&3
2329 2004 2652 2073 subjiciens:
2680 2004 2751 2058 Et
2779 2023 2882 2059 non
2905 2006 3027 2059 estis
3048 2009 3201 2061 vestri
3223 2025 3239 2061 :
3263 2012 3417 2080 empti
3468 2013 3606 2064 enim

2020 2098 2145 2153 estis
2173 2098 2335 2168 pretio
2364 2113 2591 2169 magno;
2621 2097 2909 2167 gloriﬁcute
2935 2100 3112 2168 igitur,
3139 2110 3188 2153 et
3215 2110 3418 2170 portate
3440 2101 3603 2155 Deum

2020 2187 2079 2239 in
2107 2202 2321 2255 corpore
2364 2195 2531 2241 vestro
2571 2182 2763 2259 (Ibid.,
2809 2185 2919 2255 15).
2966 2186 3083 2243 Hoc
3126 2198 3304 2244 tamen
3348 2192 3604 2261 templum

2024 2280 2258 2353 Spiritus
2278 2283 2447 2337 sancti
2484 2282 2723 2338 membra
2756 2282 2952 2338 Christi
2977 2297 3093 2337 esse
3116 2290 3362 2348 testatur,
3387 2283 3604 2337 dicens:

2026 2377 2258 2435 Nescitis
2313 2380 2435 2449 quia
2484 2395 2701 2450 corpora
2740 2387 2911 2434 vestra
2956 2377 3183 2432 membra
3218 2375 3409 2432 Christi
3452 2377 3609 2430 sunt?

2027 2473 2249 2532 Dicatur
2269 2472 2431 2547 igitur
2456 2474 2503 2531 si
2530 2474 2790 2530 caelorum
2810 2473 3062 2527 virtutem
3092 2471 3265 2542 potuit
3288 2470 3498 2525 ﬁrmare
3518 2471 3612 2543 qui

2028 2582 2140 2637 non
2166 2558 2253 2621 est
2279 2565 2461 2621 Deus?
2490 2567 2535 2620 si
2564 2573 2746 2635 potest
2772 2562 3045 2621 viviﬁcare
3073 2564 3163 2634 qui
3190 2579 3296 2618 non
3328 2572 3409 2618 est
3438 2563 3612 2618 Deus?

2029 2661 2076 2715 si
2118 2668 2301 2731 potest
2347 2661 2401 2716 in
2448 2661 2785 2730 baptismatis
2820 2661 3231 2729 regeneratione
3275 2655 3614 2713 sanctiﬁeare

2030 2750 2125 2818 qui
2170 2765 2278 2806 non
2317 2758 2400 2806 est
2441 2750 2616 2807 Deus?
2644 2751 2689 2806 si
2718 2757 2899 2820 potest
2942 2751 3220 2806 caritatem
3252 2750 3486 2805 tribuere
3520 2748 3614 2818 qui

2033 2855 2142 2895 non
2183 2848 2266 2896 est
2299 2840 2478 2896 Deus?
2506 2842 2551 2896 si
2580 2850 2758 2913 potest
2789 2842 2842 2897 in
2872 2843 3216 2899 credentibus
3243 2843 3487 2899 habitare
3522 2842 3615 2912 qui

2034 2943 2147 2991 non
2173 2937 2255 2984 est
2282 2928 2461 2986 Deus?
2500 2930 2546 2987 si
2584 2938 2767 3000 potest
2808 2932 3038 3001 gratiam
3082 2933 3211 2988 dare
3252 2933 3345 3001 qui
3380 2948 3489 2987 non
3533 2941 3617 2988 est

2034 3017 2212 3091 Deus?
2256 3019 2302 3075 si
2344 3029 2524 3089 potest
2564 3020 2822 3090 templum
2887 3022 3129 3077 membra
3180 3021 3378 3077 Christi
3418 3021 3618 3077 habere

2036 3111 2133 3183 qui
2152 3128 2260 3168 non
2288 3120 2373 3167 est
2397 3112 2574 3168 Deus?
2594 3120 2650 3167 et
2669 3112 2826 3180 digne
2847 3111 3077 3183 Spiritus
3101 3121 3314 3169 sanctus
3341 3111 3618 3179 negabitur

343 3203 506 3261 Patre
533 3216 727 3273 nostro,
760 3217 810 3261 et
843 3205 1064 3263 Domino
1087 3207 1211 3262 Jesu
1243 3206 1447 3263 Christo
1479 3207 1656 3281 (Rom.
1682 3226 1721 3275 ι,
1753 3209 1828 3277 7).
1852 3209 1929 3265 De
1953 3203 2000 3267 C
2031 3204 2194 3260 Deus.
2244 3204 2449 3260 Rursus
2491 3204 2701 3260 dicatur
2739 3204 2786 3260 si
2826 3218 2893 3260 ea
2934 3218 3055 3274 quae
3091 3203 3158 3260 de
3203 3203 3401 3274 Spiritu
3429 3212 3617 3258 sancto

342 3295 546 3366 Spiritu
585 3312 800 3368 quoque
832 3307 1022 3353 sancto
1051 3300 1306 3369 scriptum
1338 3308 1421 3355 est
1456 3300 1508 3353 in
1548 3301 1769 3356 Actibus
1797 3316 1927 3373 apo-

340 3386 626 3452 stolorum,
642 3404 761 3442 cum
777 3387 964 3444 Petrus
985 3390 1051 3444 ad
1072 3389 1372 3446 docendmn
1391 3390 1701 3447 Cornelium
1724 3392 1792 3448 ab
1812 3377 1929 3463 ipso

344 3477 545 3549 Spiritu
570 3480 874 3534 mitteretur
898 3499 910 3532 :
940 3479 1202 3550 Loquente
1230 3491 1402 3535 autem
1438 3481 1596 3536 Petro
1617 3480 1769 3537 verba
1799 3483 1926 3549 haec,

346 3569 528 3623 cecidit
574 3569 801 3639 Spiritus
856 3580 1068 3625 sanctus
1118 3588 1275 3641 super
1324 3588 1500 3627 omnes
1542 3572 1625 3644 qui
1652 3571 1931 3627 audiebant

344 3656 571 3727 verbum,
601 3668 650 3713 et
680 3660 1049 3731 obstupuerunt
1089 3678 1152 3715 ea:
1200 3662 1585 3717 circumcisione
1627 3663 1806 3734 ﬁdeles
1846 3664 1932 3737 qui

348 3759 589 3803 venerant
614 3768 726 3804 cum
754 3749 940 3815 Petro;
978 3753 1099 3822 quia
1128 3760 1176 3805 et
1202 3752 1257 3805 in
1286 3753 1521 3807 nationes
1552 3756 1720 3824 gratia
1762 3753 1934 3824 Spiri-

347 3853 426 3897 tus
447 3846 614 3898 sancti
641 3846 809 3914 e/fusn
830 3854 904 3899 est
930 3845 1067 3916 (Act.
1098 3862 1151 3911 χ,
1191 3843 1281 3912 ii,
1305 3844 1419 3915 45).
1451 3844 1646 3899 Sumus
1675 3846 1933 3915 templum

346 3932 542 4003 Patris,
574 3952 759 3991 sumus
790 3936 1048 4006 templum
1078 3936 1218 4001 Filii,
1256 3952 1441 3990 sumus
1469 3936 1722 4005 templum
1768 3934 1936 4005 Spiri-

346 4034 436 4081 tus
464 4028 634 4083 sancti
653 4069 667 4093 ,
699 4028 838 4083 sicut
862 4025 888 4065 b
916 4026 1082 4082 Paulo
1106 4027 1328 4081 doctore
1357 4027 1669 4104 didicimus,
1698 4026 1791 4095 qui
1819 4027 1895 4080 ait
1919 4045 1932 4080 :

356 4118 463 4173 Vos
490 4123 629 4173 enim
651 4121 773 4173 estis
799 4120 1041 4189 templum
1054 4116 1150 4171 Dei
1165 4118 1261 4171 vivi
1282 4115 1373 4185 (II
1388 4115 1506 4172 Cor.
1526 4115 1723 4188 “,15).
1740 4115 1807 4170 Et
1831 4116 1938 4171 alio

346 4207 469 4266 loco
491 4228 502 4263 :
530 4209 714 4280 Siquis
731 4220 901 4263 autem
916 4209 1157 4279 templum
1180 4207 1273 4262 Dei
1291 4208 1571 4273 violaverit,
1593 4206 1852 4281 disperdet
1872 4206 1939 4260 il-

349 4302 455 4356 lum
472 4301 642 4356 Deus:
667 4302 910 4370 templum
931 4301 1066 4353 enim
1088 4298 1185 4353 Dei
1199 4309 1430 4353 sanctum
1451 4299 1693 4371 est,quod
1703 4300 1826 4354 estis
1852 4316 1940 4355 vos

349 4390 404 4462 (Ι
434 4392 554 4448 Cor.
585 4408 660 4455 ιιι,
696 4390 819 4462 l7);
852 4391 971 4445 Filii
1011 4406 1227 4460 quoque
1267 4391 1521 4462 templum
1552 4407 1754 4455 sumus,
1788 4392 1940 4462 cujus

344 4484 536 4539 domus
556 4500 758 4539 sumus.
788 4482 919 4538 Nam
968 4494 1024 4539 et
1056 4484 1169 4553 ipse
1214 4482 1377 4538 Filius
1415 4483 1671 4553 templum
1717 4483 1936 4537 domum

346 4580 579 4643 vocavit,
613 4579 827 4634 dicente
857 4580 1186 4649 evangelista
1214 4596 1225 4629 :
1259 4578 1508 4631 Ascendit
1553 4576 1707 4631 Jesus
1748 4576 1938 4632 Hiero—
1964 4592 2016 4653 ι)

345 4671 618 4741 solymam,
646 4679 695 4723 et
716 4669 907 4723 invenit
953 4670 1006 4721 in
1051 4670 1239 4737 templo
1270 4668 1545 4721 uendentes
1568 4666 1715 4722 boves
1745 4675 1795 4721 et
1822 4684 1938 4722 oves

350 4758 531 4833 (Joan.
564 4777 621 4825 ιι,
656 4759 723 4812 15
747 4769 792 4812 ει
813 4761 965 4831 seq.),
991 4767 1097 4813 etc.
1131 4758 1276 4823 Quos
1296 4773 1417 4813 cum
1449 4757 1517 4812 de
1540 4756 1744 4827 templo
1769 4759 1937 4828 proti-

346 4864 445 4904 nus
485 4848 755 4918 ejecisset,
801 4848 1157 4902 vendentibus
1197 4847 1473 4900 columbas
1514 4845 1689 4900 dixit:
1724 4846 1939 4918 Auferte

346 4941 447 4994 ista
468 4942 610 5007 hinc,
638 4950 686 4994 et
714 4940 870 4993 nolite
899 4941 1069 5010 facere
1111 4937 1319 4991 domum
1359 4936 1534 4991 Patris
1581 4937 1680 4990 mei
1727 4937 1936 4992 domum

347 5032 710 5103 negotiationis
742 5030 929 5101 (Ibid.,
956 5030 1063 5099 lii).
1099 5028 1356 5083 Similiter
1386 5027 1552 5081 David
1570 5027 1621 5081 id
1650 5028 1745 5097 (al.
1769 5028 1933 5099 idem)

348 5142 468 5181 esse
495 5126 752 5195 templum
780 5123 877 5179 Dei
907 5122 1052 5193 quod
1081 5122 1295 5177 domum
1339 5122 1389 5175 in
1420 5120 1638 5191 psalmis
1673 5120 1929 5185 ostendit,

344 5222 570 5277 (licens:
605 5220 720 5291 Ego
761 5227 931 5273 autem
970 5219 1023 5272 in
1073 5216 1398 5271 multitudine
1428 5214 1801 5269 misericordia:
1829 5222 1932 5269 tua:

352 5312 574 5369 mtroibo
620 5314 674 5365 in
716 5312 922 5366 domum
966 5321 1133 5376 tuam;
1169 5309 1397 5365 adorabo
1436 5308 1505 5361 ad
1533 5308 1778 5376 templum
1807 5323 1934 5361 san-

351 5412 490 5456 ctum
523 5415 541 5440 η
577 5412 718 5454 tuum
747 5404 799 5455 in
821 5404 1002 5455 timore
1030 5409 1113 5454 tuo
1145 5398 1311 5461 (Psal.
1345 5415 1399 5463 v,
1418 5399 1494 5468 8).
1527 5396 1660 5452 Cum
1686 5397 1788 5451 hoc
1807 5410 1936 5465 ergo

355 5496 421 5548 sit
452 5496 710 5565 templum
743 5493 835 5548 Dei
876 5492 1019 5562 quod
1040 5492 1230 5546 domus
1252 5489 1368 5557 Dei,
1403 5489 1658 5560 templum
1690 5505 1788 5544 nos
1820 5486 1940 5543 Filii

427 5663 449 5689 ι
487 5653 723 5707 Aberant
751 5654 865 5707 hmo
890 5652 958 5706 ab
985 5649 1141 5704 editis
1168 5647 1358 5715 Colon.
1393 5657 1447 5713 et
1475 5649 1631 5714 Ant.;
1682 5648 1926 5715 restituta

354 5733 477 5777 sunt
506 5740 571 5778 ex
603 5740 727 5779 mss.
782 5723 944 5776 Cori).
980 5730 1034 5774 et
1080 5719 1284 5773 Victor.
1328 5708 1486 5772 Basil.
1515 5708 1639 5773 vero
1666 5720 1741 5773 sic
1775 5712 1938 5785 legit:

361 5791 531 5847 Item:
564 5794 640 5846 .oid
675 5792 1085 5864 cognoscendam
1116 5788 1618 5859 superabundantem
1638 5786 1946 5860 cognitionis

365 5868 630 5918 raritatem
660 5864 868 5918 Christi.

2032 3305 2452 3352 commemorata
2480 3304 2607 3351 sunt
2634 3303 2811 3365 potest
2839 3296 3017 3366 aliqua
3043 3304 3291 3352 creatura
3318 3294 3530 3351 facere?
3564 3302 3619 3350 et

2032 3388 2192 3459 digne
2214 3388 2447 3460 Spiritus
2472 3396 2691 3445 sanctus
2709 3389 2917 3446 dicetur
2936 3398 3201 3446 creatura.
3227 3388 3283 3445 Si
3306 3397 3485 3446 autem
3505 3389 3619 3444 haec

2032 3486 2295 3536 creatum
2320 3480 2595 3551 possiban
2623 3495 2893 3552 nunquam
2923 3477 3168 3548 fuerunt,
3197 3488 3252 3536 et
3279 3478 3621 3534 inveniuntur

2033 3573 2090 3627 in
2132 3569 2338 3642 Spiritu
2374 3578 2585 3635 sancto,
2615 3586 2734 3640 quae
2777 3579 2957 3626 tamen
2994 3571 3095 3627 soli
3135 3576 3448 3640 competunt
3486 3568 3620 3638 Deo,

2034 3678 2145 3720 non
2184 3663 2444 3721 debemus
2476 3664 2793 3720 naturaliter
2817 3663 3087 3720 diversum
3115 3678 3146 3718 a
3179 3660 3339 3719 Patre
3377 3661 3621 3730 Filioque

2034 3755 2236 3823 dicere,
2268 3770 2428 3827 quem
2461 3756 2515 3810 in
2538 3770 2761 3825 operum
2791 3755 3033 3825 potentia
3061 3755 3329 3811 diversum
3356 3768 3462 3807 non
3492 3767 3621 3821 pos-

2036 3862 2220 3902 sumus
2255 3846 2513 3901 invenire.
2554 3844 2631 3901 Ac
2658 3847 2737 3901 sic
2761 3860 2832 3900 ex
2859 3845 3063 3899 unitate
3105 3843 3282 3912 operis
3338 3845 3512 3897 unitas
3540 3849 3625 3896 est

2037 3939 2375 4010 agnoscenda
2416 3940 2659 3999 virtutis;
2692 3954 2793 3994 nec
2817 3938 3096 4006 quisquam
3127 3934 3334 3989 dubitet
3386 3934 3618 3998 Patrem,

1994 4073 2010 4086 .
2039 4041 2096 4089 et
2114 4032 2330 4098 Filium,
2354 4037 2411 4086 et
2428 4029 2687 4101 Spiritum
2708 4037 2969 4091 sanctum,
2994 4041 3341 4097 personarum
3365 4024 3626 4080 Trinitate

2039 4132 2275 4191 servata,
2306 4138 2469 4179 unum
2516 4122 2687 4177 Deum
2731 4120 3046 4176 naturaliter
3084 4119 3290 4184 dicere,
3321 4118 3410 4187 qui
3450 4118 3627 4187 potuit

2041 4220 2290 4275 universa
2346 4218 2461 4273 sola
2503 4216 2777 4272 voluntate
2820 4213 3081 4278 condere,
3111 4212 3202 4281 qui
3229 4222 3419 4267 cuncta
3449 4218 3628 4281 potest

2041 4309 2254 4366 virtutis
2299 4306 2685 4378 omnipotentia
2729 4306 3055 4374 gubernare,
3095 4302 3185 4373 qui
3229 4303 3409 4357 omnia
3450 4309 3627 4372 potest

2045 4401 2411 4457 immensitate
2438 4399 2731 4455 divinitatis
2758 4397 3000 4468 implere.
3470 4390 3478 4397 ’

2043 4499 2223 4556 Carm
2282 4516 2460 4555 xxm.
2552 4499 2821 4622 Perorgtio
2874 4498 2943 4551 ad
3002 4513 3171 4569 regem
3232 4496 3628 4554 Trasimundum

2752 4585 2978 4622 nanum.

2752 4585 2978 4623 nanum.

2116 4660 2260 4729 Haec,
2292 4674 2350 4718 ut
2377 4661 2634 4717 Dominus
2659 4659 2822 4724 dedit,
2854 4660 3268 4716 clementissime
3311 4677 3426 4725 rex,
3464 4663 3627 4717 malui

2044 4762 2147 4809 tuae
2188 4753 2375 4824 pietati
2410 4753 2651 4809 scribere
2696 4767 2856 4820 quam
2902 4750 3226 4806 onmimodis
3266 4753 3511 4823 reticere,
3561 4770 3631 4808 ne

2042 4844 2272 4913 silendo,
2302 4852 2395 4900 aut
2419 4845 2715 4900 mstimarer
2741 4845 3025 4915 superbus,
3058 4853 3150 4900 aut
3177 4844 3245 4903 de
3271 4844 3391 4900 lidei
3433 4856 3630 4901 nostra:

2041 4938 2269 4993 veritate
2308 4945 2532 5008 putarer
2560 4938 2875 5006 ambiguus,
2907 4953 3028 4993 cum
3067 4937 3360 4996 Eeclesiam
3399 4938 3628 4994 catholi-

2040 5044 2159 5084 cam
2195 5028 2366 5084 solam
2395 5026 2640 5085 Christus
2673 5028 2972 5084 columbam
3000 5044 3153 5084 suam
3180 5029 3412 5085 voluerit
3447 5030 3631 5098 appel-

2039 5117 2173 5187 lari,
2208 5117 2391 5174 dicens
2422 5136 2436 5171 :
2471 5116 2592 5173 Una
2616 5126 2694 5173 est
2720 5118 2955 5173 columba
2992 5136 3128 5187 mea,
3168 5135 3275 5173 una
3317 5127 3394 5174 est
3440 5118 3630 5174 dilecta

2037 5224 2151 5263 mea
2181 5206 2359 5280 (Cant.
2386 5225 2461 5275 γι,
2491 5206 2569 5281 8).
2595 5207 2653 5264 lu
2682 5224 2790 5280 quo
2812 5202 3308 5265 columbae'nomine
3341 5210 3535 5264 caritas
3571 5220 3629 5267 et

2038 5299 2356 5370 simplicitas
2383 5300 2692 5370 designatur
2719 5301 2815 5374 (al.
2852 5296 3240 5370 designantur).
3282 5297 3409 5355 Sola
3449 5308 3630 5356 autem

2042 5405 2223 5445 veram
2250 5391 2493 5461 possidet
2513 5392 2816 5459 caritatem,
2838 5406 2958 5460 quae
2986 5390 3176 5446 Filium
3201 5389 3298 5446 Dei
3322 5406 3480 5460 quem
3506 5392 3629 5449 dili-

2043 5483 2140 5553 git,
2174 5500 2278 5539 non
2308 5483 2437 5538 dicit
2471 5483 2526 5537 in
2556 5483 2835 5539 divinitate
2862 5483 3146 5547 minorem,
3180 5482 3275 5540 sed
3304 5483 3452 5542 Patri
3486 5486 3627 5543 late-

2104 5644 2131 5687 δ
2162 5644 2348 5715 Basil.,
2377 5644 2507 5699 sicut
2532 5662 2564 5699 a
2595 5644 2762 5699 Paulo
2792 5645 3016 5700 doctore.

2126 5728 2149 5755 ε
2177 5713 2366 5772 Colon.
2397 5724 2454 5771 et
2491 5715 2648 5771 Basil.
2680 5732 2787 5771 non
2818 5717 3015 5773 habent
3046 5727 3205 5774 tuum.
3250 5720 3346 5777 Ms.
3378 5718 3540 5775 Corb.
3574 5724 3628 5777 et

2056 5789 2314 5844 Antueru.
2348 5785 2566 5841 habent.

2118 5857 2142 5894 ἀ
2173 5856 2358 5919 Βάέιιη
2390 5857 2630 5911 temolum
2658 5867 2795 5911 sunt.

3506 5844 3532 5863 Ι
