4068 6502
553 349 659 438 sos

1577 382 1637 441 s.
1675 365 2037 441 FULGENTII
2074 383 2375 444 EPISCOPI
2414 386 2786 445 BUSPENSIS

3719 389 3841 456 ὅθι

551 508 640 554 tur
665 474 946 570 aequalem.
980 501 1105 557 Sola
1134 517 1262 558 vero
1291 501 1535 571 possidet
1561 503 1843 558 veritatem
1882 503 2137 574 simplici-
2162 509 2212 569 Α
2241 506 2398 563 deres
2434 507 2734 575 largitatem
2763 506 2928 562 divini
2972 507 3227 575 muneris,
3258 515 3316 564 et
3350 480 3671 579 potestatem
3716 531 3833 570 non

551 590 697 659 tatis,
728 605 846 660 quae
869 607 1025 646 uuam
1054 608 1234 648 veram
1273 600 1328 647 et
1356 593 1650 662 simplicem
1691 592 1859 648 credit
1887 593 2137 649 substan-

550 680 681 736 tiam
707 666 998 737 Trinitatis.
1037 682 1263 738 Oramus
1297 691 1477 738 autem
1518 684 1705 749 Deum,
1744 691 1804 738 ut
1843 699 2001 739 aures
2028 683 2140 739 cle-

549 776 763 830 mentia:
806 785 910 830 tua:
951 777 1116 857 verbo
1146 777 1387 833 veritatis
1416 777 1652 847 placidas
1693 777 1908 845 reddat,
1944 788 1999 834 et
2048 780 2138 849 pio

548 865 697 920 cordi
724 874 817 922 tuo
847 867 1024 922 lumen
1055 868 1337 937 sapientiae
1371 868 1628 937 spiritalis
1669 868 1932 933 infundat,
1962 878 2020 923 ut
2048 867 2140 923 Fi-

546 957 676 1013 lium
706 958 801 1014 Dei
834 960 1022 1023 Deum,
1055 969 1110 1014 et
1169 960 1454 1015 Dominum
1494 970 1734 1015 nostrum
1764 959 1947 1015 Iesum
1984 958 2138 1015 Chri-

547 1059 687 1105 stum
729 1052 805 1106 sic
833 1052 1179 1117 honorifices,
1206 1052 1347 1108 sicut
1374 1051 1698 1107 honorificas
1727 1050 1944 1107 Patrem
1972 1071 1985 1107 :
2015 1066 2133 1108 me-

547 1148 695 1194 retur
723 1142 866 1195 enim
896 1141 999 1197 hoc
1041 1158 1071 1196 a
1103 1150 1174 1208 te,
1209 1151 1269 1196 ut
1307 1159 1430 1197 eum
1458 1143 1550 1213 qui
1593 1151 1648 1198 te
1686 1142 1811 1198 fecit
1838 1142 1999 1198 Patre
2037 1150 2133 1200 tuo

544 1231 844 1296 meliorem,
879 1232 1021 1286 Patri
1051 1248 1150 1286 suo
1179 1231 1477 1288 secundum
1511 1232 1745 1287 divinam
1773 1241 2018 1286 naturam
2046 1230 2129 1287 fa-

544 1320 708 1374 tearis
734 1320 1014 1389 aequalem.
1047 1320 1261 1388 Quaeso,
1291 1322 1524 1390 gloriose
1551 1336 1667 1385 rex,
1687 1308 1757 1375 ut
1784 1322 1838 1376 in
1870 1329 1923 1375 te
1950 1321 2131 1376 consi-

2237 601 2448 655 minuas
2483 601 2783 669 largitoris;
2813 609 2872 655 ut
2904 601 2996 669 qui
3034 601 3128 656 tibi
3157 602 3454 672 temporale
3490 604 3714 659 donavit
3739 622 3835 663 re-

2239 705 2424 760 gnum,
2454 690 2619 747 donet
2663 691 2825 746 etiam
2868 694 3272 762 sempiternum.
3319 693 3436 764 Ipse
3475 695 3621 750 enim
3648 697 3777 752 dicit
3813 718 3831 751 :

2239 782 2348 839 Eos
2391 785 2475 856 qui
2521 801 2603 838 me
2647 784 2963 855 gloriﬁcent,
2994 783 3296 855 gloriﬁcabo
3337 782 3391 853 (Ι
3434 782 3562 855 Reg.
3603 800 3660 851 tt,
3713 786 3832 856 '50).

2240 876 2395 942 Quod
2421 877 2533 946 ipsa
2557 876 2790 932 Trinitas
2809 876 2987 942 faciat,
3001 892 3121 946 quae
3141 894 3280 933 unus
3297 885 3352 932 et
3374 894 3531 934 verus
3549 888 3633 935 est
3651 879 3795 936 Deus
3816 901 3830 935 :

2244 967 2346 1032 Qui
2372 977 2534 1039 potest
2556 969 2730 1022 omnia
2756 970 2926 1040 facere
2954 985 3111 1038 supra
3149 985 3303 1041 quam
3325 970 3539 1040 petimus
3561 981 3652 1025 aut
3674 972 3835 1026 intel-

2238 1063 2444 1136 ligimus
2478 1061 2693 1133 (Ep/tes.
2728 1077 2805 1125 III,
2837 1059 2926 1132 9.0)
2958 1080 2972 1127 ;
3005 1078 3070 1116 ex
3095 1062 3209 1125 ipso
3237 1063 3393 1126 enim,
3425 1072 3475 1117 et
3501 1080 3594 1134 per
3632 1064 3830 1134 ipsum,

2242 1165 2268 1192 ἰ
2292 1164 2342 1210 et
2371 1157 2426 1209 in
2454 1157 2567 1225 ipso
2607 1162 2728 1207 sunt
2765 1154 2941 1207 omnia
2983 1153 3157 1222 (Rom.
3190 1170 3265 1223 xx,
3295 1152 3407 1224 56).
3432 1153 3539 1225 Ipsi
3569 1154 3741 1223 gloria
3768 1155 3834 1211 in

2236 1244 2428 1301 secula
2461 1244 2795 1299 saeculorum.
2827 1245 3017 1298 Amen.

618 1460 641 1490 ι
671 1450 835 1508 Abest
863 1453 930 1508 ab
951 1453 1109 1508 editis
1128 1462 1177 1507 et
1196 1454 1251 1506 in
1274 1454 1416 1524 ipso;
1444 1451 1639 1522 legitur
1668 1452 1721 1507 in
1750 1467 1851 1507 ms.
1881 1450 2045 1507 Corb.
2070 1456 2127 1507 et
2162 1449 2218 1504 in
2244 1452 2399 1502 textu
2424 1443 2689 1514 Apostoli.

557 1548 3801 1598 Μ

1278 1783 1435 1858 ια
1527 1719 2088 1827 SANCTI

2231 1715 3077 1825 FULGENTII

770 2128 894 2212 IN
970 2130 1325 2214 UNUM
1399 2127 1862 2212 CORPUS
1936 2120 2269 2212 NUNC
2342 2123 2824 2255 PRIMUM
2901 2122 3558 2211 COLLECTE.

1019 2389 1348 2445 EPISTULA
1388 2387 1620 2444 PRIMA.

534 2491 565 2524 ι
582 2480 667 2539 De
690 2481 954 2554 conjugali
982 2480 1168 2547 debito,
1200 2492 1248 2535 et
1276 2490 1389 2563 voto
1414 2481 1742 2536 continentia:
1760 2497 1792 2533 a
1815 2480 2118 2553 conjugibus

1221 2567 1407 2606 ειηιεδο
1414 2592 1426 2605 ι
1858 2574 1861 2577 ‘

601 2646 832 2704 Domino
856 2651 912 2699 et
936 2642 1130 2698 merito
1158 2641 1453 2697 venerabili
1487 2640 1595 2698 lilio
1623 2642 1981 2707 Funcanrws,
2006 2658 2120 2699 ser-

533 2755 722 2797 vorum
741 2738 940 2794 Christi
970 2736 1218 2801 famulus,
1256 2736 1310 2790 in
1332 2735 1563 2791 Domino
1585 2736 1831 2792 salutem.

602 2828 783 2884 Carm
824 2842 1042 2883 paruum.
1102 2824 1384 2903 Excusatio
1430 2826 1610 2881 dilatte
1656 2828 2023 2898 responsionis.
2048 2856 2119 2870 —-

535 2921 585 2974 1.
629 2919 924 2991 Epistolam
970 2927 1152 2983 tuam,
1203 2927 1401 2974 sanctae
1444 2919 1820 2976 sollicitudinis
1867 2920 2116 2988 indicem,

533 3021 659 3067 ante
679 3011 883 3082 aliquot
911 3026 1124 3069 menses
1152 3010 1443 3080 accipiens,
1473 3025 1593 3065 cum
1617 3012 1929 3082 persolvere
1953 3028 2119 3083 cupe-

530 3117 648 3156 rem
693 3102 812 3157 sine
857 3100 1143 3165 dilatione,
1168 3116 1515 3171 responsum,
1551 3102 1630 3157 sic
1676 3117 1794 3157 sum
1836 3103 2117 3178 repentina

530 3194 774 3264 corporis
816 3193 1137 3262 :cgritudine
1182 3201 1480 3262 correptus,
1520 3200 1581 3247 ut
1618 3191 1845 3248 febrium
1879 3194 2117 3250 violenta

535 3284 786 3338 nimietas
816 3292 1178 3339 commeatum
1207 3282 1339 3337 mihi
1377 3282 1499 3337 vita:
1537 3284 1820 3352 praesentis
1848 3284 2113 3352 auferret;

531 3373 635 3429 nisi
656 3389 816 3429 verus
837 3374 1138 3428 animarum
1158 3388 1553 3444 corporumque
1572 3366 1827 3441 medicus,
1853 3376 1943 3445 qui
1963 3385 2117 3432 sanat

531 3481 721 3522 omnes
748 3467 1035 3535 languores
1058 3474 1292 3531 nostros,
1316 3474 1373 3521 et
1393 3465 1612 3521 redimit
1634 3465 1728 3539 (al.
1758 3466 2006 3538 redimet)
2049 3468 2117 3523 de

531 3558 752 3613 interitu
783 3558 949 3611 vitam
974 3566 1239 3626 nostram,
1267 3557 1334 3613 ad
1361 3557 1749 3613 removendum
1784 3565 1945 3613 tantae
1971 3558 2118 3614 infir-

529 3650 735 3705 mitatis
778 3647 1065 3718 flagellum,
1105 3648 1418 3717 dignaretur
1460 3647 1738 3703 medicina:
1781 3648 1893 3703 suie
1935 3647 2118 3717 largiri

530 3741 842 3801 subsidium.
877 3740 1112 3812 Recepta
1132 3755 1349 3812 quoque
1373 3739 1653 3810 sospitate,
1679 3755 1788 3807 non
1809 3738 1976 3797 defuit
1994 3741 2115 3810 qui-

529 3835 653 3891 dem
681 3834 1009 3891 rescribendi
1039 3833 1134 3909 (al.
1165 3832 1453 3903 scribendi)
1481 3832 1750 3900 voluntas,
1778 3832 1874 3889 sed
1895 3831 1960 3887 ad
1981 3832 2111 3887 diri-

528 3928 760 3997 gendum
788 3927 996 3984 obstitit
1014 3926 1257 3983 hiemalis
1280 3924 1559 3996 asperitas.
1586 3924 1736 3981 Nunc
1761 3925 1959 3995 itaque,
1983 3912 2111 3995 quia

529 4026 745 4075 creator
772 4027 827 4074 et
855 4019 1165 4075 moderator
1194 4027 1494 4089 temporum
1523 4018 1836 4089 temperiem
1863 4017 2111 4086 dignatus
2131 4063 2149 4078 .

529 4116 615 4164 est
645 4108 847 4164 donare
866 4118 1174 4175 ventorum,
1205 4109 1581 4165 consultationi
1613 4109 1709 4182 (al.
1732 4109 2109 4180 consolationi)

530 4194 669 4267 tute,
713 4199 857 4269 quod
900 4201 1247 4255 miseratione
1291 4208 1452 4271 atque
1498 4201 1849 4269 inspiratione
1893 4201 2110 4271 superni

529 4288 798 4358 largitoris
826 4291 1030 4360 accepi,
1063 4290 1348 4345 redhibere
1378 4308 1485 4346 non
1516 4292 1717 4347 destiti.

600 4363 731 4435 Cir.
793 4396 849 4435 ιι.
920 4379 1089 4434 Tenor
1132 4381 1553 4452 interrogationis
1599 4397 1752 4451 super
1793 4384 2109 4438 continentia

528 4472 729 4527 uxoris.
758 4470 1066 4526 Commixtio
1105 4472 1393 4542 conjugalis
1422 4473 1476 4525 in
1501 4488 1556 4526 se
1583 4472 1723 4527 mala
1751 4489 1855 4527 non
1894 4483 1989 4538 est,
2019 4474 2109 4529 sed

529 4578 786 4617 excessus.
819 4560 1059 4615 Debitum
1080 4561 1369 4633 conjugale.
1393 4593 1463 4604 —
1485 4560 1536 4616 2.
1570 4560 1710 4617 Dicis
1736 4563 1917 4633 itaque
1946 4563 2107 4619 tiliam

531 4663 767 4709 nostram
808 4651 1090 4721 conjugem
1132 4662 1278 4706 tuam
1324 4668 1462 4722 pene
1502 4668 1667 4722 usque
1701 4653 1768 4709 ad
1807 4661 2104 4709 extremum

529 4758 701 4813 nuper
724 4751 1011 4812 aegrotasse
1032 4742 1345 4812 periculum,
1371 4752 1444 4808 et,
1474 4744 1611 4800 sicut
1633 4744 1946 4814 plerumque
1972 4761 2105 4801 con-

528 4835 705 4903 tingit,
744 4843 963 4906 accepta
1005 4850 1195 4890 manus
1224 4836 1582 4905 impositione,
1621 4836 1988 4906 pcenitentiam
2017 4851 2105 4891 se—

526 4924 758 4980 cundum
787 4939 991 4979 morem
1024 4940 1183 4995 quem
1213 4925 1374 4982 habet
1401 4924 1699 4981 Christiana
1726 4926 1916 4997 religio
1945 4944 2105 4999 pere-

526 5017 688 5086 gisse.
718 5014 916 5072 Verum
951 5016 1075 5086 quia
1104 5015 1464 5085 postmodum,
1494 5016 1684 5073 divinte
1712 5018 1964 5075 bonitatis
1985 5037 2104 5076 mu-

527 5124 678 5176 nere,
694 5108 903 5180 plenam
926 5108 1134 5177 accepit
1150 5109 1391 5178 corporis
1410 5110 1743 5179 sospitatem,
1766 5109 2103 5179 fragilitatem

534 5198 686 5268 145
731 5199 907 5254 carnis
953 5198 1221 5265 allegans,
1260 5198 1436 5255 aetatis
1476 5199 1694 5268 insuper
1725 5198 1978 5268 juvenilis
2021 5202 2126 5272 in-_

527 5286 910 5342 continentiam
945 5286 1248 5353 conlueris;
1280 5294 1336 5341 et
1363 5288 1416 5342 in
1446 5288 1546 5343 hac
1574 5287 1923 5355 ambiguitate
1951 5290 2100 5360 cogi-

529 5378 764 5443 tationis,
791 5395 896 5448 qua
922 5394 1139 5435 carnem
1169 5378 1494 5445 consideras,
1524 5379 1966 5450 majestatemque
1997 5380 2103 5438 for-

528 5467 717 5533 midas,
766 5470 911 5524 velut
958 5479 1120 5526 nauta
1168 5469 1408 5527 locorum
1458 5470 1702 5538 ignarus,
1753 5478 1807 5523 et
1855 5469 2101 5527 fluctibus

525 5558 805 5628 ventisque
834 5558 1085 5627 iactatus,
1112 5560 1238 5616 dum
1265 5561 1624 5632 periculorum
1659 5561 1866 5616 incerta
1895 5577 2098 5633 praeca-

580 5684 619 5755 f‘
648 5671 746 5727 Ms.
807 5673 1031 5755 Victor,
1096 5674 1207 5731 Deo
1270 5692 1404 5748 quoa
1451 5679 1818 5733 continentiam
1879 5677 2096 5734 debeant

522 5752 689 5815 client
705 5752 966 5815 conjugali
992 5763 1193 5815 servare
1221 5760 1334 5815 post
1353 5759 1540 5803 votum.

595 5814 620 5851 δ
652 5812 931 5879 Destinain,
966 5814 1021 5870 id
1041 5824 1124 5892 est
1152 5812 1390 5892 fulcrum,
1416 5819 1696 5892 fulcimen;
1727 5818 1801 5874 ita
1831 5818 2099 5879 Arnobius

520 5883 559 5943 ξ..
589 5900 624 5940 ιι
651 5893 836 5941 contra
864 5895 1051 5955 gentes
1081 5883 1224 5944 circa
1254 5883 1449 5946 linem':
1484 5883 1745 5945 Atlantem
1765 5898 2093 5962 gestatorem,

2145 2392 2193 2452 Β
2221 2402 2334 2452 ves,
2364 2394 2549 2443 nostra
2569 2385 2665 2441 tibi
2691 2384 3043 2457 responsione
3073 2384 3428 2441 demonstrari
3455 2383 3661 2456 flagitas
3680 2401 3814 2459 por:

2226 2492 2358 2553 tum,
2381 2483 2472 2539 ubi
2500 2483 2672 2554 possis
2700 2474 2890 2537 anima:
2918 2482 3090 2537 vitare
3118 2481 3470 2551 naufragium.

2292 2590 2344 2644 5.
2386 2588 2567 2645 Tenor
2594 2603 2723 2658 ergo
2745 2588 3181 2658 interrogationis
3202 2598 3306 2644 tuae
3326 2589 3431 2644 duo
3453 2589 3691 2659 quaedam
3713 2603 3807 2646 me

2220 2682 2497 2754 compellit
2526 2698 2637 2738 non
2664 2682 2902 2752 segniter
2928 2681 3315 2736 consideranda
3345 2697 3573 2752 pensare
3598 2700 3612 2734 :
3661 2681 3809 2738 scili-

2221 2781 2308 2830 cet
2335 2791 2445 2830 non
2469 2774 2645 2829 solum
2666 2773 2793 2843 quid
2822 2773 2876 2828 in
2905 2787 2964 2828 se
2983 2771 3279 2842 conjugalis
3308 2773 3650 2828 admixtionis
3705 2774 3801 2847 (al.

2220 2866 2653 2938 commixtionis)
2686 2866 2918 2936 qualitas
2958 2866 3188 2932 habeat,
3224 2865 3317 2922 sed
3364 2867 3524 2921 etiam
3568 2867 3699 2936 quid
3751 2868 3802 2921 in

2220 2973 2543 3030 unaquaque
2563 2972 2623 3013 re
2643 2957 2962 3029 pollicitatio
2986 2957 3232 3013 voventis
3260 2966 3534 3027 exposcat.

2289 3057 2342 3112 4.
2374 3057 2557 3126 Igitur,
2589 3058 2635 3113 si
2656 3073 2752 3128 per
2779 3073 2838 3113 se
2867 3058 3038 3128 ipsam
3066 3057 3186 3128 quis
3237 3057 3470 3113 fidelium
3512 3057 3802 3126 conjugum

2218 3149 2659 3205 commixtionem
2705 3148 2840 3203 duce
2885 3149 3095 3204 ratione
3149 3147 3479 3215 consideret,
3524 3148 3804 3218 culpabilis

2218 3260 2344 3298 usus
2372 3260 2480 3298 non
2504 3244 2557 3297 in
2583 3243 2851 3312 conjugali
2880 3243 3188 3310 concubitu,
3219 3242 3313 3297 sed
3338 3242 3391 3297 in
3439 3241 3804 3298 concumben-

2217 3336 2349 3389 tium
2378 3335 2678 3405 reperietur
2706 3349 2964 3401 excessu;
2996 3350 3171 3405 neque
3196 3351 3266 3390 ex
3286 3333 3671 3389 commixtione
3693 3349 3805 3388 ma-

2216 3425 2290 3480 ris
2319 3433 2376 3481 et
2402 3424 2631 3491 feminae,
2660 3426 2753 3480 sed
2785 3441 2853 3480 ex
2904 3425 3353 3480 immoderatione
3405 3423 3638 3479 libidinis
3686 3422 3809 3478 θυι-ί

2216 3532 2338 3588 pam
2369 3518 2535 3571 trahit
2555 3518 2732 3572 coitus
2760 3514 3079 3587 conjugalis.
3110 3515 3169 3570 In
3199 3516 3517 3585 conjugibus
3540 3529 3670 3585 ergo
3699 3528 3802 3568 ex-

2216 3624 2399 3664 cessus
2443 3609 2565 3679 jure
2591 3608 3020 3680 reprehenditur,
3053 3600 3307 3677 nuptialis
3346 3616 3522 3661 tamen
3567 3606 3801 3674 dignitas

2218 3699 2399 3756 collati
2452 3699 2552 3754 sibi
2600 3699 2854 3754 divinitus
2905 3699 3125 3754 honoris
3153 3713 3376 3753 munere
3398 3713 3505 3752 non
3536 3698 3796 3767 privatur.
3832 3737 3843 3747 .

2218 3790 2343 3846 Ideo
2363 3791 2561 3847 clamat
2589 3791 2899 3861 apostolicae
2919 3790 3311 3859 praedicationis
3332 3790 3624 3844 auctoritas
3650 3807 3662 3841 :
3688 3788 3799 3843 Ho-

2216 3883 2447 3939 norabile
2474 3885 2780 3939 connubium
2808 3885 2861 3938 in
2888 3883 3141 3949 omnibus,
3170 3893 3217 3937 et
3274 3884 3451 3940 thorus
3492 3885 3800 3940 immacula-

2217 3985 2293 4029 tus
2319 3974 2503 4045 (Hebr.
2532 3992 2644 4041 xm,
2676 3975 2751 4046 4).
2783 3974 3091 4031 Corinthios
3111 3990 3325 4044 quoque
3346 3992 3508 4045 super
3526 3976 3800 4032 matrimo-

2216 4066 2288 4120 nii
2317 4065 2601 4121 honestate
2624 4066 2891 4120 servanda
2918 4064 3114 4120 Paulus
3160 4066 3472 4131 informans,
3504 4082 3627 4122 cum
3653 4083 3798 4139 prte-

2214 4157 2493 4214 misisset:
2547 4156 2748 4213 Bonum
2796 4167 2872 4211 est
2916 4157 3107 4212 homini
3161 4158 3424 4213 mulierem
3450 4176 3552 4214 non
3585 4170 3797 4230 tangere

2214 4250 2266 4320 (Ι
2290 4250 2410 4305 Cor.
2445 4267 2532 4316 vn,
2561 4253 2646 4322 l);
2677 4250 3032 4321 quorumdam
3062 4252 3425 4308 inﬁrmitatem
3476 4254 3679 4322 videns,
3709 4263 3796 4309 at—

2210 4357 2316 4413 que
2346 4343 2643 4412 apostolica
2672 4350 2921 4411 satagens
2948 4343 3188 4410 caritate,
3215 4353 3464 4414 tanquam
3494 4346 3683 4415 parieti
3704 4347 3792 4401 in-

2210 4433 2432 4501 clinato,
2463 4442 2516 4489 et
2543 4435 2789 4490 maceriae
2818 4436 3057 4507 impulsae
3087 4438 3180 4509 (at.
3220 4436 3506 4508 depulsae),
3539 4453 3645 4492 non
3690 4455 3791 4493 ne-

2208 4527 2375 4595 glexit
2396 4526 2587 4581 doctor
2609 4528 2855 4595 egregius
2880 4529 3263 4584 consolationis
3283 4529 3310 4568 δ
3337 4530 3617 4596 destinam,
3632 4528 3791 4585 Chri-

2209 4626 2292 4674 sto
2322 4619 2374 4672 in
2396 4634 2455 4674 se
2474 4618 2753 4689 loquente,
2783 4636 3106 4691 supponere.
3134 4621 3372 4693 Denique
3399 4622 3790 4692 subscqucnter

2208 4713 2447 4782 adjungit
2486 4732 2498 4766 :
2544 4714 2764 4785 Propter
2820 4717 3190 4786 fornicationes
3242 4716 3333 4787 (al.
3368 4717 3786 4786 fornicationem)

2208 4812 2387 4858 autem
2409 4806 2752 4876 unusquisque
2771 4823 2919 4860 suam
2951 4824 3162 4863 uxorem
3179 4806 3384 4873 habeat,
3406 4814 3455 4861 et
3469 4824 3787 4880 unaqmeque

2205 4911 2354 4951 suum
2382 4897 2545 4951 virum
2569 4896 2784 4963 habeat;
2814 4900 2965 4953 uxori
2986 4900 3061 4953 vir
3077 4899 3299 4954 debitum
3320 4899 3523 4967 reddat,
3547 4902 3787 4956 similiter

2208 4998 2377 5043 autem
2399 5000 2448 5044 et
2475 5007 2611 5045 uxor
2632 4993 2740 5047 viro
2763 4991 2951 5065 (Ibid.,
2982 4991 3034 5057 2,
3059 4991 3136 5061 5).

2278 5079 2333 5135 5.
2374 5082 2695 5152 Apostolica:
2717 5083 2897 5151 itaque
2922 5082 3170 5139 lectionis
3195 5091 3351 5139 tenor
3369 5083 3619 5150 ostendit,
3648 5100 3781 5139 uxo-

2131 5152 2185 5213 Ῑ)
2210 5191 2323 5232 rem
2351 5177 2487 5243 viro,
2520 5186 2575 5232 et
2598 5178 2768 5231 virum
2793 5175 2948 5230 uxori
2968 5176 3199 5247 quadam
3215 5176 3382 5233 debiti
3402 5178 3781 5233 communione

2206 5267 2439 5324 misceri.
2473 5267 2625 5335 Quod
2654 5266 3005 5338 proculdubio
3031 5284 3137 5323 non
3167 5269 3464 5340 appellaret
3490 5268 3782 5339 Apostolus

2206 5361 2599 5428 debitum,'nisi
2626 5360 2862 5430 legitime
2886 5361 3048 5418 sciret
3103 5379 3222 5420 esse
3268 5362 3622 5429 reddendum;
3678 5378 3781 5418 nec

2202 5452 2418 5521 juberet
2448 5464 2468 5492 ο
2502 5452 2651 5508 reddi
2672 5460 2871 5507 mutua:
2899 5455 3269 5510 consensionis
3296 5451 3492 5519 olﬂcio,
3539 5455 3582 5508 si
3637 5459 3780 5508 esset

2205 5544 2386 5616 iniqua
2416 5544 2745 5615 reposcentis
2765 5546 2975 5601 exactio
3011 5565 3023 5600 :
3056 5563 3224 5617 usque
3246 5545 3383 5603 adeo
3417 5561 3645 5615 namque
3675 5560 3779 5599 nu-

2202 5678 2429 5748 bajulum
2459 5697 2520 5735 ac
2549 5680 2805 5737 destinam
2832 5684 2964 5739 caeli.

2279 5763 2300 5791 ο
2325 5751 2473 5825 Editi
2502 5752 2716 5825 habent,
2750 5770 2842 5809 nec
2860 5754 3067 5825 juberet
3094 5751 3408 5825 reddendum
3434 5756 3643 5825 mutuat_
3657 5765 3778 5825 con-

2200 5823 2720 5949 senzrioonisloﬂicium,
2751 5825 2845 5880 sed
2861 5819 3189 5881 'concinnior
3215 5821 3424 5881 videtur
3442 5836 3573 5880 mss.
3603 5819 3771 5875 Corb.

2199 5902 2253 5949 et
2332 5902 2421 5948 ict.
2476 5897 2637 5950 ectio.
