4120 6518
262 493 376 549 305

1688 488 2019 548 EPISTOLA
2056 494 2097 550 ι.

3430 488 3537 548 306

246 607 407 679 γριὶδε
421 604 573 675 Operi
592 602 776 659 divino
796 603 1070 674 applicare
1095 616 1206 658 non
1231 603 1453 671 ambigit
1475 603 1714 673 gentium
1739 602 1850 659 Do-
1876 604 1932 664 Δ
1957 605 2231 660 contrahit
2257 604 2538 660 inﬁrmitas
2565 602 2740 659 carnis
2756 642 2772 667 ,
2801 602 2845 657 si
2873 601 3082 657 mulieri
3111 616 3219 656 non
3247 602 3538 659 misceatur

259 708 404 763 ctor,
438 704 497 752 ut
525 703 579 751 et
607 695 848 750 mulieris
878 696 929 748 in
956 709 1186 764 corpore
1202 694 1324 760 viri,
1356 702 1412 749 et
1441 693 1498 748 in
1524 694 1709 750 uxoris
1737 708 1860 748 cor-

261 803 400 860 pore
428 785 528 840 viri
549 792 877 854 potestatem
896 783 1090 853 aequali
1119 798 1343 854 prorsus
1388 782 1511 852 jure
1551 782 1855 849 conﬁrmet,

258 876 707 937 dicens:Mulier
724 877 805 931 sui
827 876 1056 946 corporis
1085 882 1394 945 potestatem
1446 890 1551 929 non
1609 883 1635 911 ι
1684 872 1855 941 habet,

259 973 359 1029 sed
378 974 485 1035 vir;
512 970 751 1025 similiter
775 979 945 1024 autem
967 979 1018 1022 et
1053 969 1131 1022 vir
1158 968 1238 1023 sui
1282 969 1514 1037 corporis
1559 976 1861 1039 potestatem

262 1084 369 1122 non
411 1064 591 1130 habet,
624 1065 716 1119 sed
760 1060 1284 1134 mulierf(lbid.,4).
1329 1061 1450 1116 Alio
1478 1061 1680 1130 {autem
1736 1059 1859 1115 loco

262 1160 409 1215 idem
450 1159 578 1214 dicit
613 1177 625 1212 :
666 1156 801 1222 Quia
851 1174 956 1213 non
978 1164 1056 1212 est
1088 1165 1314 1229 potestas
1352 1155 1453 1211 nisi
1481 1171 1514 1209 α
1536 1153 1645 1210 Deo
1677 1152 1855 1228 (Rom.

260 1266 378 1313 xm,
411 1250 486 1320 l).

334 1338 463 1394 CAP.
492 1355 569 1394 ιιι.
626 1337 888 1393 Utendum
932 1337 1173 1410 conjugio
1222 1347 1428 1411 propter
1480 1338 1697 1408 prolem,
1753 1353 1858 1391 non

264 1437 477 1501 propter
504 1427 938 1483 libidinem—6.
982 1426 1150 1496 Hujus
1182 1427 1343 1495 igitur
1369 1426 1656 1497 potestatis
1682 1426 1857 1482 incul-

262 1520 457 1591 pabilis
479 1527 562 1573 est
583 1535 731 1585 usus,
757 1516 937 1574 ofﬁcio
979 1516 1233 1587 gignendi
1261 1516 1518 1596 divinitus
1545 1516 1855 1581 attributus,

260 1612 309 1667 si
335 1611 554 1681 justitiae
583 1611 874 1666 terminum
897 1607 1200 1678 transgredi
1225 1607 1545 1663 libidinosus
1573 1622 1683 1662 non
1728 1621 1856 1677 per-

259 1704 511 1758 mittatur
531 1718 805 1760 excessus.
829 1701 1044 1758 Justitia
1073 1717 1206 1757 vero
1256 1700 1440 1755 utendi
1478 1698 1715 1768 conjugii
1744 1698 1860 1754 haec

1964 695 2139 760 alteri,
2168 698 2412 779 quisquis
2439 712 2547 751 non
2578 711 2677 767 pro
2705 694 2821 751 sola
2847 693 3222 764 generatione,
3250 692 3348 750 sed
3374 693 3543 748 etiam

1962 796 2186 859 propter
2232 788 2573 858 fragilitatem
2631 788 2810 845 carnis
2863 803 2975 844 sure
3026 788 3283 844 miscetur
3340 787 3543 849 uxori;

1963 881 2089 950 quia
2125 880 2227 936 etsi
2256 879 2531 952 praeﬁxum
2559 881 2948 939 concumbendi
2977 880 3194 937 modum
3221 881 3438 949 transit,
3468 888 3547 933 ta-

1962 989 2089 1029 men
2133 974 2470 1045 conjugalem
2526 976 2813 1030 terminum
2861 991 2971 1031 non
3010 976 3261 1040 excedit;
3314 983 3370 1030 et
3421 974 3550 1029 licet

1964 1065 2249 1119 contrahat
2290 1065 2520 1120 carnalis
2548 1064 2833 1122 inﬁrmitas
2871 1066 3082 1138 culpam
3106 1108 3121 1133 ,
3174 1067 3428 1136 impetrat
3461 1072 3544 1117 ta—

1964 1169 2088 1209 men
2117 1154 2370 1223 nuptialis
2397 1155 2675 1224 integritas
2717 1158 2951 1212 veniam.
3012 1155 3223 1227 Accipit
3261 1168 3393 1224 ergo
3422 1152 3548 1208 talis

1963 1245 2370 1315 indulgentiam,
2404 1263 2511 1302 non
2539 1263 2637 1318 pro
2660 1263 2728 1304 eo
2755 1248 2897 1319 quod
2926 1248 2992 1305 ab
3016 1264 3123 1303 una
3142 1247 3379 1303 debitum
3409 1261 3544 1302 con-

1956 1334 2143 1407 jugale
2180 1337 2301 1407 plus
2343 1352 2504 1407 quam
2546 1346 2764 1409 oportet
2801 1339 2970 1408 exigit
3017 1338 3113 1412 (al.
3158 1339 3358 1408 exegit)
3384 1377 3399 1401 .
3447 1335 3546 1393 sed

1962 1427 2091 1495 quia
2119 1443 2227 1482 una
2270 1428 2507 1497 legitime
2551 1427 2644 1500 (al.
2675 1429 2932 1499 legitima)
2982 1436 3204 1500 accepta
3239 1438 3547 1496 contentus,

1963 1518 2189 1574 alteram
2221 1535 2328 1575 non
2370 1521 2614 1590 requirit.
2656 1519 2713 1577 Si
2756 1529 2936 1576 tamen
2967 1539 3075 1578 non
3102 1522 3298 1578 desunt
3330 1523 3542 1578 miseri-

1962 1610 2164 1666 cordiae
2194 1627 2357 1682 opera
2380 1654 2394 1678 ,
2431 1628 2551 1682 quas
2578 1620 2786 1668 tantum
2818 1613 2997 1667 valent
3024 1615 3076 1668 in
3105 1613 3365 1684 religione
3387 1612 3547 1668 Chri-

1962 1701 2168 1765 stiana,
2202 1710 2260 1756 ut
2283 1718 2393 1757 non
2420 1702 2595 1758 solum
2622 1703 2714 1772 qui
2738 1702 2999 1772 conjugiis
3022 1711 3245 1757 utuntur
3264 1743 3281 1769 ,
3336 1710 3428 1757 aut
3454 1703 3549 1773 qui

260 1803 369 1860 est,
402 1803 462 1850 ut
485 1810 594 1849 non
617 1795 896 1864 explendae
918 1793 1169 1858 libidinis,
1196 1792 1292 1851 sed
1319 1790 1705 1846 substituendae
1732 1804 1861 1860 pro-
1965 1796 2304 1850 continentes
2332 1801 2460 1850 sunt
2481 1836 2498 1861 ,
2546 1794 2643 1849 sed
2678 1794 2838 1849 etiam
2886 1794 3121 1864 virgines
3159 1793 3228 1848 ad
3268 1793 3548 1868 prgemium

260 1885 331 1940 lis
358 1887 585 1941 obtentu
621 1884 723 1940 sibi
752 1885 1013 1954 coniuges
1048 1897 1287 1953 congruo
1316 1890 1564 1952 tempore
1592 1881 1860 1936 miscean-
1962 1888 2289 1957 virginitatis
2315 1887 2601 1957 pervenire
2628 1901 2737 1942 non
2765 1886 3012 1957 possint,
3054 1886 3101 1940 si
3140 1900 3304 1955 opera
3331 1883 3547 1938 miseri-

256 1984 369 2032 tur.
388 1976 449 2032 In
477 1976 581 2032 illis
604 1991 837 2045 namque
858 1975 1014 2030 bonis
1057 1988 1176 2043 qua:
1204 1971 1330 2028 fecit
1374 1971 1537 2037 Deus,
1587 1971 1859 2025 invenitur

1965 1981 2164 2038 cordite
2192 1980 2539 2049 caritatisque
2564 1979 2922 2048 neglexerint.
2962 1978 3021 2032 Si
3048 1993 3180 2033 vero
3220 1976 3339 2046 quis
3367 1976 3549 2033 inten-

257 2078 411 2126 casta
432 2069 707 2139 copulatio
735 2068 921 2123 uxoris
943 2076 999 2121 et
1022 2066 1154 2131 viri;
1183 2066 1237 2120 in
1266 2065 1462 2135 quibus
1482 2064 1578 2118 Dei
1602 2064 1855 2134 operibus

257 2158 429 2215 libido
449 2173 559 2213 non
586 2165 768 2228 potest
788 2157 1042 2223 inveniri;
1065 2171 1169 2212 nec
1189 2155 1477 2225 aliquando
1492 2152 1716 2223 justitiac
1731 2168 1858 2209 eon-

256 2251 427 2321 gruit,
454 2265 575 2319 quae
603 2266 711 2305 non
742 2250 1048 2305 hominibus
1075 2264 1143 2304 ex
1171 2247 1317 2304 dono
1373 2246 1698 2303 conditionis
1755 2247 1849 2319 (al.

259 2340 606 2415 conditoris),
659 2342 755 2399 sed
803 2342 1179 2412 peccatoribus
1207 2356 1277 2396 ex
1297 2339 1432 2395 vitio
1470 2339 1659 2411 primae
1712 2354 1853 2409 prae-

256 2422 610 2492 varicationis
638 2435 886 2490 accessit.
926 2434 1082 2505 146
1103 2431 1210 2488 Sed
1230 2433 1354 2502 quia
1377 2432 1495 2487 sine
1516 2431 1625 2497 illa,
1650 2432 1703 2485 in
1727 2446 1853 2487 cor-

256 2539 396 2599 pore
414 2526 606 2581 mortis
626 2525 805 2595 hujus,
834 2526 1016 2595 proles
1043 2525 1279 2579 humana
1325 2539 1436 2578 non
1479 2523 1698 2586 seritur,
1744 2536 1854 2578 non

259 2635 383 2676 eam
404 2617 658 2674 affectant
676 2618 926 2688 conjugia
955 2626 1125 2683 casta,
1157 2617 1253 2672 sed
1279 2616 1533 2683 tolerant,
1560 2615 1721 2684 eique
1755 2615 1855 2669 im-

260 2713 419 2784 ponit
439 2711 694 2782 nuptialis
714 2712 972 2767 honestas
991 2711 1210 2766 modum
1239 2710 1358 2765 sine
1403 2725 1510 2780 qua
1531 2724 1642 2765 non
1670 2716 1855 2780 potest

259 2804 319 2861 in
347 2820 512 2861 carne
551 2804 758 2876 peccati
788 2804 1047 2859 naturalis
1075 2802 1295 2873 explere
1346 2801 1689 2857 fecunditatis
1728 2799 1852 2856 θαί-

261 2898 429 2953 cium.
1207 2892 1213 2898 ’

339 2989 394 3045 7.
422 2988 512 3046 Sic
539 3002 670 3060 ergo
698 2989 865 3060 quaeri
895 2988 1056 3043 debet
1081 3002 1149 3042 ex
1186 2986 1388 3057 nuptiis
1416 2985 1638 3050 fructus,
1669 2991 1729 3040 ut
1756 2998 1852 3038 co-

262 3080 532 3136 bibendus
558 3082 628 3136 sit
656 3081 873 3135 lubrica:
917 3079 1209 3148 voluptatis
1249 3091 1522 3132 excessus.
1563 3074 1849 3142 Quocirca,

266 3172 317 3228 si
338 3170 627 3241 conjugalis
641 3187 770 3227 usus
784 3179 1006 3226 eatenus
1025 3176 1375 3240 temperetur,
1402 3176 1583 3222 utnon
1603 3167 1853 3221 aestuanti

265 3259 474 3317 libidini
516 3263 727 3318 animus
764 3262 1006 3329 serviat,
1057 3260 1152 3317 sed
1199 3267 1520 3330 proventum
1568 3258 1854 3313 nasciturtn

1962 2084 2051 2131 tus
2080 2074 2336 2145 operibus
2373 2073 2534 2128 bonis
2559 2080 2767 2127 tantam
2796 2071 3091 2127 servaverit
3130 2071 3184 2124 in
3213 2084 3381 2124 uxore
3406 2076 3546 2123 tem-

1958 2168 2193 2240 periem,
2211 2176 2272 2222 ut
2284 2165 2515 2221 ﬁliorum
2529 2162 2984 2236 procreandorum
3002 2177 3161 2217 causa
3179 2159 3548 2216 tantummodo

1956 2259 2254 2315 misceatur
2280 2257 2437 2313 uxori
2464 2298 2480 2325 ,
2528 2256 2695 2312 multa
2720 2254 2877 2310 laude
2921 2254 3043 2308 talis
3081 2260 3162 2308 est
3188 2249 3545 2321 proculdubio

1957 2350 2156 2420 dignus
2178 2391 2195 2417 ,
2246 2349 2293 2405 si
2330 2349 2452 2419 quis
2492 2347 2601 2404 hoc
2629 2347 2830 2403 nostris
2857 2352 3038 2418 potest
3079 2344 3306 2415 implere
3333 2349 3550 2414 tempo-

1957 2437 2133 2494 ribus.

2038 2529 2127 2585 i0.
2167 2528 2477 2585 Fornicatio
2517 2536 2699 2584 tamen
2724 2542 2998 2596 nunquam
3038 2533 3220 2597 potest
3264 2539 3386 2581 esse
3432 2524 3551 2579 sine

1956 2623 2116 2693 gravi
2144 2622 2397 2686 crimine,
2429 2622 2485 2676 in
2521 2635 2629 2690 qua
2656 2619 2784 2677 licet
2809 2634 2919 2674 non
2948 2618 3252 2673 dubitemus
3279 2613 3553 2671 damnabi-

1962 2717 2093 2773 liter
2118 2729 2345 2787 peccare
2375 2714 2650 2770 hominem
2680 2713 2749 2768 ab
2777 2727 2947 2767 uxore
2983 2709 3305 2780 disjunctum
3332 2748 3349 2775 ,
3392 2707 3548 2762 dam-

1962 2808 2198 2864 nabilius
2218 2816 2399 2863 tamen
2414 2805 2665 2875 fornicari
2679 2805 2931 2861 existimo
2946 2802 3309 2872 conjugatum.
3336 2796 3552 2855 Utrum-

1962 2913 2073 2968 que
2094 2907 2273 2953 autem
2302 2896 2581 2968 Scriptura
2615 2904 2799 2951 sancta
2823 2894 3169 2964 judicandum
3194 2933 3209 2958 ,
3242 2901 3297 2948 et
3323 2907 3353 2945 a
3380 2905 3550 2961 regno

1966 2990 2063 3059 (al.
2093 2989 2263 3059 regni)
2286 2987 2382 3043 Dei
2404 2986 2715 3058 pronuntiat
2732 2986 2971 3040 alienum
2997 3002 3010 3037 :
3036 2984 3293 3052 scriptum
3317 2995 3551 3050 namque

1962 3092 2050 3139 est
2076 3083 2130 3138 in
2147 3082 2388 3153 Epistola
2411 3080 2478 3136 ad
2509 3079 2766 3135 Hebmos
2790 3097 2803 3132 :
2832 3077 2967 3143 Quia
2981 3078 3320 3150 fornicatores
3331 3086 3379 3129 et
3398 3074 3553 3130 adul‘

1963 3186 2100 3231 teras
2138 3173 2398 3247 judicabit
2423 3171 2565 3226 Deus
2596 3170 2791 3244 (Hebr.
2821 3168 3077 3239 xntﬁb).
3119 3167 3186 3221 Et
3224 3168 3276 3220 in
3309 3164 3551 3236 Epistola

1966 3282 2130 3338 quam
2151 3267 2218 3321 ad
2237 3263 2547 3320 Corinthios
2575 3264 2726 3334 147
2748 3262 2961 3332 scripsit
2982 3259 3294 3330 Apostolus,
3321 3257 3515 3313 dicitur
3533 3274 3546 3310 :

265 3350 438 3422 prolis
464 3352 726 3420 attendat,
795 3360 851 3406 et
889 3366 1007 3406 cum
1036 3358 1164 3405 nata
1188 3348 1348 3405 fuerit
1374 3347 1681 3403 diluendam
1711 3347 1857 3402 cele-
1883 3362 1934 3426 ς
1968 3357 2153 3415 Name
2177 3374 2354 3413 ενι-ατε
2378 3374 2395 3411 ε
2426 3374 2588 3430 neque
2612 3355 2885 3427 fornicari;
2903 3396 2919 3422 ,
2950 3369 3110 3425 neque
3137 3350 3294 3406 ίαοιξ,
3318 3350 3549 3404 “me”-

268 3441 384 3498 rius
412 3442 638 3512 spiritali
688 3442 1040 3510 generatione
1101 3456 1209 3495 non
1240 3439 1495 3509 negligat,
1550 3452 1657 3493 non
1684 3436 1853 3508 depu-

268 3542 415 3588 tatur
437 3534 681 3589 ﬁdelibus
707 3533 1023 3604 conjugibus
1044 3532 1112 3587 ad
1142 3539 1420 3603 peccatum
1448 3531 1627 3587 carnis
1651 3530 1855 3585 indulta

270 3627 620 3691 commixtio,
665 3627 793 3695 quia
821 3634 877 3680 et
915 3625 1212 3693 coniugalis
1246 3634 1428 3681 servat
1466 3623 1856 3681 confmderatio

267 3714 608 3777 castitatem,
663 3721 719 3767 et
742 3712 1066 3768 verecundia
1104 3714 1339 3769 custodit
1372 3713 1617 3768 modesta
1649 3722 1858 3782 tempe-

267 3805 429 3868 riem,
458 3811 515 3859 et
542 3804 654 3859 Deo
682 3803 961 3860 dicandam
987 3803 1284 3872 conjugalis
1312 3804 1534 3859 exhibet
1557 3803 1859 3859 fecunditas

269 3893 482 3964 prolem
506 3932 522 3957 ,
554 3891 583 3932 δ
615 3899 674 3948 ut
699 3900 755 3948 et
782 3890 1158 3962 Redemptoris
1200 3907 1306 3962 ope
1343 3892 1509 3948 homo
1544 3892 1657 3961 jam
1702 3901 1858 3948 natus

271 3984 599 4041 rel'ormetur
616 3983 954 4054 baptismatis
973 3991 1333 4051 sacramento,
1356 3981 1508 4052 cujus
1527 3998 1692 4053 opere
1711 3984 1862 4053 prius

272 4075 536 4138 formatur
564 4076 627 4130 in‘
667 4083 864 4141 utero;
901 4083 957 4129 et
982 4074 1132 4129 illum
1168 4075 1366 4130 habeat
1402 4075 1634 4130 humana
1666 4082 1858 4129 natura

277 4166 541 4224 beneﬁcio
564 4167 813 4224 secundae
835 4167 1133 4222 nativitatis
1159 4173 1389 4236 patrem,
1413 4181 1573 4236 quem
1604 4167 1656 4221 iu
1687 4165 1869 4238 prima.

279 4260 558 4315 nativitate
585 4274 696 4315 sua:
720 4257 1042 4314 conditionis
1071 4258 1311 4327 agnoscit
1330 4264 1625 4312 auctorem.

349 4352 402 4407 8.
455 4351 785 4422 Conjugatus
847 4366 977 4419 ergo
1037 4352 1083 4405 si
1142 4350 1437 4406 fornicetur
1484 4349 1863 4405 damnabiliter

243 4451 508 4514 peccat;
558 4442 601 4496 si
631 4457 759 4497 vero
809 4441 952 4496 thori
1001 4438 1162 4496 ﬁdem
1208 4454 1317 4495 non
1365 4440 1618 4504 deserat,
1664 4438 1758 4494 sed
1809 4440 1864 4494 in

278 4550 447 4592 uxore
475 4550 568 4589 sua
592 4575 607 4599 ,
633 4534 863 4589 naturali
888 4536 1149 4588 duntaxat
1176 4548 1309 4595 usu,
1356 4532 1745 4601 aliquantulum
1778 4531 1863 4585 in-

279 4635 607 4697 temperatus
631 4627 727 4695 (al.
758 4625 1190 4694 intemperatius)
1220 4622 1451 4679 excedat
1477 4666 1492 4691 ,
1548 4639 1657 4678 non
1686 4622 1862 4677 solum

1966 3462 2042 3507 tes
2059 3492 2074 3515 ,
2105 3468 2269 3523 neque
2296 3450 2517 3504 adulteri
2537 3492 2553 3517 ,
2579 3466 2740 3520 neque
2766 3447 2974 3511 molles,
3007 3455 3168 3515 neque
3207 3443 3554 3499 masculorum

1964 3543 2343 3607 concubitores,
2375 3556 2538 3612 neque
2566 3541 2704 3611 fures
2727 3582 2740 3604 ,
2776 3554 2935 3610 neque
2961 3537 3128 3602 avari,
3159 3551 3318 3607 neque
3341 3532 3553 3597 ebriosi.

1964 3648 2132 3705 neque
2160 3632 2399 3686 maledici
2419 3671 2435 3696 ,
2466 3648 2626 3701 neque
2658 3646 2900 3700 rapaces,
2934 3643 3147 3698 regnum
3177 3624 3277 3679 Dei
3318 3623 3556 3696 posside-

1965 3725 2092 3776 bunt
2121 3720 2173 3791 (1
2195 3720 2315 3775 Cor.
2348 3736 2400 3774 v1
2420 3760 2437 3785 ,
2465 3720 2498 3774 9
2522 3762 2537 3787 ,
2574 3719 2684 3789 10).
2746 3719 2952 3773 Rursus
3000 3718 3139 3771 inter
3167 3731 3331 3785 opera
3376 3712 3555 3769 carnis

1965 3812 2109 3866 idem
2137 3811 2414 3880 apostolus
2440 3809 2639 3865 Paulus
2663 3808 3071 3864 fornicationem
3092 3846 3105 3870 ,
3137 3805 3554 3874 immunditiam,

1963 3900 2342 3970 luxuriamque
2369 3900 2712 3965 dinumerat;
2752 3900 2805 3952 in
2834 3913 3064 3967 quorum
3096 3897 3441 3952 conclusione
3471 3895 3555 3950 di-

1966 3990 2042 4045 cit
2068 4006 2080 4040 :
2116 3986 2375 4052 Quoniam
2400 3991 2487 4060 qui
2526 3990 2657 4043 talia
2683 3996 2845 4059 agunt
2866 4003 3092 4059 regnum
3126 3988 3217 4040 Dei
3247 4004 3349 4040 non
3375 3998 3397 4024 ο
3426 4002 3554 4040 con-

1966 4087 2243 4150 sequentur
2268 4076 2467 4150 (Galat.
2494 4094 2545 4140 v,
2578 4077 2694 4147 2|).
2726 4076 3030 4133 Praemonet
3057 4078 3220 4132 etiam
3274 4094 3337 4130 ne
3382 4078 3557 4148 lugeat

1966 4170 2156 4226 multos
2203 4187 2268 4224 ea:
2306 4169 2385 4225 his
2427 4172 2514 4243 qui
2552 4179 2673 4224 ante
2708 4180 3084 4241 peccaverunt,
3128 4178 3177 4222 et
3206 4185 3307 4222 non
3343 4172 3557 4239 egerunt

1966 4264 2323 4335 panitentiam
2353 4260 2380 4300 ἀ
2410 4279 2564 4333 super
2592 4262 2922 4316 immunditia
2946 4301 2961 4325 ,
3001 4271 3053 4317 et
3082 4261 3426 4332 fornicatione
3448 4301 3464 4327 ,
3507 4265 3560 4314 et

1961 4356 2306 4427 impudicitia,
2331 4371 2486 4428 quam
2515 4364 2782 4427 gesserunt
2812 4354 2901 4426 (ΙΙ
2923 4353 3040 4409 Cor.
3071 4370 3171 4418 xu,
3201 4353 3316 4425 2i).

2038 4447 2167 4501 Car.
2200 4462 2252 4500 v.
2288 4444 2423 4500 Vota
2457 4447 2563 4500 Deo
2593 4446 2859 4500 reddenda
2880 4445 3069 4518 absque
3110 4447 3457 4501 exalsatione.
3488 4473 3556 4487 -

1966 4535 2053 4589 il.
2090 4535 2253 4605 Igitur
2280 4536 2405 4605 quia
2428 4535 2495 4589 de
2524 4536 2787 4605 qualitate
2824 4535 3079 4605 conjugii,
3107 4536 3249 4606 quod
3301 4535 3556 4591 Dominus

1963 4625 2208 4691 donavit,
2237 4625 2486 4690 diximus,
2517 4626 2648 4681 illud
2676 4635 2760 4681 est
2788 4637 3182 4697 consequenter
3210 4635 3323 4681 tota
3353 4627 3555 4682 sollici-

278 4719 484 4776 scilicet
510 4717 912 4787 generationem
933 4730 1200 4784 quaerens,
1229 4715 1323 4770 sed
1349 4715 1636 4785 aliquando
1658 4714 1866 4769 libidini
1893 4721 1945 4783 ι)
1971 4718 2156 4773 tudine
2205 4718 2643 4787 pertractandum
2669 4760 2684 4785 ,
2725 4720 2979 4790 quidnam
3033 4729 3224 4774 vestrm
3268 4720 3558 4774 voluntatis

279 4811 458 4867 carnis
484 4809 744 4864 obediens
767 4849 782 4876 ,
841 4807 946 4862 hoc
984 4806 1198 4876 quidem
1228 4808 1345 4861 sine
1373 4808 1529 4877 culpa
1563 4823 1669 4863 non
1695 4807 1825 4861 facit
1849 4824 1865 4870 ;

280 4904 404 4958 talis
444 4911 624 4957 autem
667 4901 827 4970 culpa
865 4900 1024 4975 citius
1048 4899 1187 4954 bene
1225 4899 1472 4967 aperanti
1501 4906 1663 4969 atque
1692 4900 1869 4953 oranti

280 4994 573 5048 remittitur
591 5033 605 5059 ,
643 4993 769 5063 quia
797 4991 900 5062 ipsi
930 4989 1144 5061 conjugi
1175 4998 1357 5045 servat
1383 4992 1645 5045 maritalis
1674 4992 1870 5045 caritas

286 5083 450 5138 ﬁdem
477 5125 493 5150 ,
543 5085 595 5137 in
623 5099 730 5153 qua
757 5098 867 5139 non
894 5091 1076 5154 potest
1101 5081 1360 5136 maritalis
1381 5079 1663 5136 inﬁrmitas
1684 5090 1869 5137 custo-

282 5174 401 5230 dire
420 5176 764 5246 temperiem;
790 5184 846 5231 et
865 5175 911 5231 si
938 5174 1190 5245 nuptialis
1219 5174 1271 5228 in
1293 5189 1458 5229 uxore
1477 5172 1737 5229 modestia
1759 5190 1867 5228 non

284 5273 501 5320 tenetur
525 5303 541 5328 ,
593 5281 623 5320 a
652 5265 875 5336 nuptiali
904 5272 1081 5321 tamen
1110 5261 1216 5319 ﬁde
1242 5264 1386 5319 nulla
1416 5263 1867 5320 immoderatioue

285 5355 593 5411 disceditur.

360 5447 490 5502 CAP.
520 5464 590 5501 tv.
619 5447 837 5502 Servata
858 5446 1151 5516 litori-ﬁdes
1167 5448 1425 5501 maculam
1444 5446 1676 5501 libidinis
1698 5446 1866 5502 diluit.

294 5539 478 5595 Omnis
505 5540 779 5612 fornicatio
797 5536 1131 5602 damnabilis,
1160 5540 1449 5606 prazsertim
1467 5541 1521 5592 in
1538 5539 1775 5610 conjuge.
1798 5574 1873 5589 ....

293 5633 348 5689 9.
380 5634 606 5689 Retenta
654 5644 783 5699 ergo
823 5628 961 5684 thori
1005 5627 1137 5683 ﬁdes
1183 5629 1446 5684 maculam
1492 5627 1648 5684 diluit
1709 5642 1872 5697 quam

367 5776 393 5804 ι
424 5764 502 5821 Ita
528 5782 655 5822 mss.
687 5762 849 5820 Corb.
876 5770 934 5819 et
948 5761 1152 5820 Victor.
1192 5777 1292 5818 nec
1328 5778 1434 5818 non
1482 5763 1605 5818 Ant.
1628 5770 1685 5818 et
1702 5761 1869 5818 Basil.

295 5836 486 5894 Colon.
521 5851 672 5906 vero,
704 5852 808 5893 non
835 5834 1057 5904 habent,
1087 5834 1182 5891 sed
1208 5835 1313 5898 vir,
1360 5833 1594 5887 similiter
1612 5872 1626 5887 .
1654 5872 1669 5887 .
1699 5874 1714 5889 .
1764 5850 1868 5889 non

300 5906 504 5975 habent,
528 5915 632 5964 etc.
901 5950 913 5962 .
953 5964 961 5974 _

371 5979 399 6018 ι’
428 5978 555 6037 Mss.
585 5976 747 6035 Corb.
779 5982 835 6032 et
853 5957 1086 6046 Victor.,
1118 5985 1175 6031 ut
1203 5975 1300 6032 Dei
1336 5973 1706 6046 Redemptoris.

1973 4808 2267 4881 praeﬁxerit
2312 4810 2330 4877 (
2354 4810 2401 4865 si
2429 4826 2533 4879 qua
2566 4819 2693 4865 tunc
2720 4811 2897 4880 potuit
2924 4813 3073 4878 esse)
3102 4810 3339 4866 devotio.
3375 4810 3559 4880 Neque

1975 4902 2118 4956 enim
2148 4902 2273 4972 quia
2304 4901 2360 4955 in
2387 4901 2549 4956 rebus
2580 4902 2671 4970 (al.
2707 4903 2901 4975 rebus)
2931 4919 2961 4958 a
2993 4903 3102 4957 Deo
3132 4904 3404 4960 concessis
3434 4918 3561 4958 usus

1973 4992 2281 5047 hominibus
2329 5006 2438 5047 non
2488 4992 2853 5059 interdicitur,
2887 4994 3007 5048 ideo
3036 4995 3198 5049 debet
3227 4996 3386 5051 homo
3416 4992 3560 5063 quod

1975 5086 2186 5139 voverit
2212 5083 2324 5139 Deo
2349 5099 2456 5139 non
2480 5084 2726 5150 reddere,
2757 5101 2878 5139 cum
2901 5086 3158 5155 scriptum
3180 5086 3247 5139 sit
3280 5104 3291 5137 :
3326 5084 3562 5138 Reddam

1980 5173 2072 5228 tibi
2098 5178 2216 5228 vota
2238 5190 2371 5238 mea,
2404 5189 2518 5245 qua:
2545 5173 2889 5229 distinxerunt
2917 5176 3055 5228 labia
3076 5192 3188 5229 mea
3220 5173 3402 5245 (Psal.
3434 5190 3560 5240 va,

1979 5266 2094 5335 15).
2120 5265 2186 5319 Et
2224 5281 2299 5320 ne
2317 5265 2599 5335 quisquam
2629 5266 2729 5321 sibi
2760 5267 2922 5321 vellet
2954 5266 3355 5320 excusationem
3393 5267 3562 5321 tribu-

1979 5357 2195 5412 lationis
2235 5356 2302 5411 ad
2340 5355 2655 5411 frustranda:
2696 5358 2968 5411 licentiam
2999 5356 3369 5425 promissionis
3408 5372 3562 5412 assu-

1976 5464 2146 5515 mere,
2180 5462 2282 5503 nec
2305 5463 2365 5503 se
2389 5456 2603 5518 putaret
2630 5448 2737 5502 voti
2761 5463 2932 5513 reum,
2957 5447 3003 5500 si
3024 5461 3084 5501 se
3120 5445 3341 5501 dixisset
3368 5447 3434 5501 ad
3463 5448 3563 5502 ali-

1978 5538 2106 5607 quid
2128 5537 2428 5592 vovendum
2466 5552 2573 5592 non
2608 5537 2885 5591 voluntate
2904 5534 2999 5591 sed
3042 5534 3387 5591 tribulatione
3417 5553 3561 5592 com-

1979 5627 2210 5698 pulsum,
2253 5627 2455 5684 docens
2502 5627 2692 5683 beatus
2739 5624 2907 5680 David
2934 5627 3124 5718 omnia
3145 5640 3264 5684 esse
3290 5626 3403 5682 Deo
3434 5627 3561 5689 red-
3643 5621 3651 5677 ξ

2051 5773 2074 5801 ε
2099 5763 2179 5819 Ita
2205 5779 2303 5818 ms.
2349 5761 2512 5817 Corb.
2544 5768 2598 5815 et
2627 5760 2845 5818 Graecus
2897 5761 3139 5832 Apostoli
3187 5769 3384 5817 textus.
3414 5760 3560 5816 Editi

1974 5850 2108 5890 vero
2134 5850 2342 5899 omnes,
2365 5840 2762 5900 consequuntur.
3518 5890 3521 5895 _

2046 5901 2072 5941 ἀ
2106 5903 2203 5959 Ms.
2235 5903 2421 5965 Corb.,
2456 5901 2623 5971 Super
2649 5900 3049 5967 immunditiam,
3064 5911 3114 5959 et
3143 5901 3556 5974 fornicationem.

1974 5985 2024 6030 et
2046 5975 2435 6045 impudicitiam.
3258 6005 3265 6011 -

3638 5709 3655 5761 g
