  <div class='ocr_page' id='page_1' title='image "/cluster/home/n/w/nwhite01/storage/ocr_20150623/65/hvd.32044015469315/161.png"; bbox 0 0 4068 6452; ppageno 0'>
   <div class='ocr_carea' id='block_1_1' title="bbox 576 431 677 486">
    <p class='ocr_par' dir='ltr' id='par_1_1' title="bbox 576 431 677 486">
     <span class='ocr_line' id='line_1_1' title="bbox 576 431 677 486; baseline -0.05 0"><span class='ocrx_word' id='word_1_1' title='bbox 576 431 677 486; x_wconf 64' lang='lat'><strong>397</strong></span> 
     </span>
    </p>
   </div>
   <div class='ocr_carea' id='block_1_2' title="bbox 1600 428 2812 493">
    <p class='ocr_par' dir='ltr' id='par_1_2' title="bbox 1600 428 2812 493">
     <span class='ocr_line' id='line_1_2' title="bbox 1600 428 2812 493; baseline 0.004 -5"><span class='ocrx_word' id='word_1_2' title='bbox 1600 430 1658 488; x_wconf 91' lang='lat' dir='ltr'><strong>S.</strong></span> <span class='ocrx_word' id='word_1_3' title='bbox 1699 430 2063 491; x_wconf 74' lang='lat' dir='ltr'><strong>FULGENTII</strong></span> <span class='ocrx_word' id='word_1_4' title='bbox 2100 428 2404 490; x_wconf 74' lang='lat' dir='ltr'><strong>EPISCOPI</strong></span> <span class='ocrx_word' id='word_1_5' title='bbox 2440 431 2812 493; x_wconf 81' lang='lat' dir='ltr'><strong>RUSPENSIS</strong></span> 
     </span>
    </p>
   </div>
   <div class='ocr_carea' id='block_1_3' title="bbox 3731 436 3838 492">
    <p class='ocr_par' dir='ltr' id='par_1_3' title="bbox 3731 436 3838 492">
     <span class='ocr_line' id='line_1_3' title="bbox 3731 436 3838 492; baseline 0 0"><span class='ocrx_word' id='word_1_6' title='bbox 3731 436 3838 492; x_wconf 64' lang='lat'><strong>508</strong></span> 
     </span>
    </p>
   </div>
   <div class='ocr_carea' id='block_1_4' title="bbox 570 543 3837 619">
    <p class='ocr_par' dir='ltr' id='par_1_4' title="bbox 570 543 3837 619">
     <span class='ocr_line' id='line_1_4' title="bbox 570 543 3837 619; baseline 0.002 -20"><span class='ocrx_word' id='word_1_7' title='bbox 570 544 765 609; x_wconf 84' lang='lat' dir='ltr'><strong>dcnda,</strong></span> <span class='ocrx_word' id='word_1_8' title='bbox 801 558 920 614; x_wconf 78' lang='lat' dir='ltr'><strong>quae</strong></span> <span class='ocrx_word' id='word_1_9' title='bbox 943 544 1139 600; x_wconf 79' lang='lat' dir='ltr'><strong>fuerint</strong></span> <span class='ocrx_word' id='word_1_10' title='bbox 1166 543 1404 614; x_wconf 66' lang='lat' dir='ltr'><strong>legitime</strong></span> <span class='ocrx_word' id='word_1_11' title='bbox 1423 546 1681 602; x_wconf 76' lang='lat' dir='ltr'><strong>duntaxat</strong></span> <span class='ocrx_word' id='word_1_12' title='bbox 1705 547 1867 602; x_wconf 88' lang='lat' dir='ltr'><strong>etiam</strong></span> <span class='ocrx_word' id='word_1_13' title='bbox 1889 548 1941 601; x_wconf 89' lang='lat' dir='ltr'><strong>in</strong></span> <span class='ocrx_word' id='word_1_14' title='bbox 1970 546 2149 602; x_wconf 65' lang='lat' dir='ltr'><strong>tribu«</strong></span> <span class='ocrx_word' id='word_1_15' title='bbox 2170 548 2227 609; x_wconf 69' lang='grc' dir='ltr'><strong>Δ</strong></span> <span class='ocrx_word' id='word_1_16' title='bbox 2251 545 2532 617; x_wconf 77' lang='lat' dir='ltr'><strong>delinquit,</strong></span> <span class='ocrx_word' id='word_1_17' title='bbox 2560 549 2607 607; x_wconf 90' lang='lat' dir='ltr'><strong>si</strong></span> <span class='ocrx_word' id='word_1_18' title='bbox 2635 549 2734 605; x_wconf 82' lang='lat' dir='ltr'><strong>sibi</strong></span> <span class='ocrx_word' id='word_1_19' title='bbox 2756 550 3008 619; x_wconf 82' lang='lat' dir='ltr'><strong>deinceps</strong></span> <span class='ocrx_word' id='word_1_20' title='bbox 3038 549 3197 603; x_wconf 82' lang='lat' dir='ltr'><strong>licere</strong></span> <span class='ocrx_word' id='word_1_21' title='bbox 3224 556 3374 617; x_wconf 87' lang='lat' dir='ltr'><strong>putat</strong></span> <span class='ocrx_word' id='word_1_22' title='bbox 3392 549 3537 618; x_wconf 88' lang='lat' dir='ltr'><strong>quod</strong></span> <span class='ocrx_word' id='word_1_23' title='bbox 3567 560 3695 610; x_wconf 83' lang='lat' dir='ltr'><strong>ante</strong></span> <span class='ocrx_word' id='word_1_24' title='bbox 3722 553 3837 610; x_wconf 82' lang='lat' dir='ltr'><strong>lici-</strong></span> 
     </span>
    </p>
   </div>
   <div class='ocr_carea' id='block_1_5' title="bbox 571 635 2153 711">
    <p class='ocr_par' dir='ltr' id='par_1_5' title="bbox 571 635 2153 711">
     <span class='ocr_line' id='line_1_5' title="bbox 571 635 2153 711; baseline 0.001 -19"><span class='ocrx_word' id='word_1_25' title='bbox 571 640 772 695; x_wconf 85' lang='lat' dir='ltr'><strong>tatione</strong></span> <span class='ocrx_word' id='word_1_26' title='bbox 796 640 1078 711; x_wconf 75' lang='lat' dir='ltr'><strong>promissa,</strong></span> <span class='ocrx_word' id='word_1_27' title='bbox 1102 654 1223 694; x_wconf 89' lang='lat' dir='ltr'><strong>cum</strong></span> <span class='ocrx_word' id='word_1_28' title='bbox 1239 639 1462 694; x_wconf 80' lang='lat' dir='ltr'><strong>dixisset</strong></span> <span class='ocrx_word' id='word_1_29' title='bbox 1482 637 1592 699; x_wconf 85' lang='lat' dir='ltr'><strong>Deo</strong></span> <span class='ocrx_word' id='word_1_30' title='bbox 1618 655 1631 691; x_wconf 91' lang='lat'><strong>:</strong></span> <span class='ocrx_word' id='word_1_31' title='bbox 1668 635 1903 692; x_wconf 84' lang='lat' dir='ltr'><strong>Reddam</strong></span> <span class='ocrx_word' id='word_1_32' title='bbox 1922 636 2012 691; x_wconf 97' lang='lat' dir='ltr'><strong>tibi</strong></span> <span class='ocrx_word' id='word_1_33' title='bbox 2034 645 2153 694; x_wconf 82' lang='lat' dir='ltr'><strong>vota</strong></span> 
     </span>
    </p>
   </div>
   <div class='ocr_carea' id='block_1_6' title="bbox 568 729 2148 801">
    <p class='ocr_par' dir='ltr' id='par_1_6' title="bbox 568 729 2148 801">
     <span class='ocr_line' id='line_1_6' title="bbox 568 729 2148 801; baseline -0.001 -16"><span class='ocrx_word' id='word_1_34' title='bbox 568 748 685 786; x_wconf 83' lang='lat' dir='ltr'><strong>mea</strong></span> <span class='ocrx_word' id='word_1_35' title='bbox 725 749 840 801; x_wconf 70' lang='lat' dir='ltr'><strong>qua</strong></span> <span class='ocrx_word' id='word_1_36' title='bbox 866 734 1213 788; x_wconf 73' lang='lat' dir='ltr'><strong>distinxerunt</strong></span> <span class='ocrx_word' id='word_1_37' title='bbox 1237 730 1375 786; x_wconf 82' lang='lat' dir='ltr'><strong>labia</strong></span> <span class='ocrx_word' id='word_1_38' title='bbox 1398 747 1540 796; x_wconf 80' lang='lat' dir='ltr'><strong>mea,</strong></span> <span class='ocrx_word' id='word_1_39' title='bbox 1580 732 1839 787; x_wconf 83' lang='lat' dir='ltr'><strong>continuo</strong></span> <span class='ocrx_word' id='word_1_40' title='bbox 1868 729 2103 785; x_wconf 81' lang='lat' dir='ltr'><strong>subdidit</strong></span> <span class='ocrx_word' id='word_1_41' title='bbox 2134 748 2148 784; x_wconf 91' lang='lat'>:</span> 
     </span>
    </p>
   </div>
   <div class='ocr_carea' id='block_1_7' title="bbox 566 818 2148 891">
    <p class='ocr_par' dir='ltr' id='par_1_7' title="bbox 566 818 2148 891">
     <span class='ocr_line' id='line_1_7' title="bbox 566 818 2148 891; baseline 0 -16"><span class='ocrx_word' id='word_1_42' title='bbox 566 821 637 875; x_wconf 85' lang='lat' dir='ltr'><strong>Et</strong></span> <span class='ocrx_word' id='word_1_43' title='bbox 661 822 885 878; x_wconf 84' lang='lat' dir='ltr'><strong>locutum</strong></span> <span class='ocrx_word' id='word_1_44' title='bbox 909 832 986 877; x_wconf 91' lang='lat' dir='ltr'><strong>est</strong></span> <span class='ocrx_word' id='word_1_45' title='bbox 1010 840 1066 877; x_wconf 89' lang='lat' dir='ltr'><strong>os</strong></span> <span class='ocrx_word' id='word_1_46' title='bbox 1088 838 1253 877; x_wconf 73' lang='lat' dir='ltr'><strong>meum</strong></span> <span class='ocrx_word' id='word_1_47' title='bbox 1268 824 1320 876; x_wconf 74' lang='lat' dir='ltr'><strong>in</strong></span> <span class='ocrx_word' id='word_1_48' title='bbox 1344 821 1674 877; x_wconf 76' lang='lat' dir='ltr'><strong>tribulatione</strong></span> <span class='ocrx_word' id='word_1_49' title='bbox 1689 838 1807 876; x_wconf 81' lang='lat' dir='ltr'><strong>mea</strong></span> <span class='ocrx_word' id='word_1_50' title='bbox 1831 819 2019 891; x_wconf 83' lang='lat' dir='ltr'><strong>(lbid.,</strong></span> <span class='ocrx_word' id='word_1_51' title='bbox 2035 818 2148 891; x_wconf 67' lang='grc'><strong>14).</strong></span> 
     </span>
    </p>
   </div>
   <div class='ocr_carea' id='block_1_8' title="bbox 568 912 2153 983">
    <p class='ocr_par' dir='ltr' id='par_1_8' title="bbox 568 912 2153 983">
     <span class='ocr_line' id='line_1_8' title="bbox 568 912 2153 983; baseline 0 -14"><span class='ocrx_word' id='word_1_52' title='bbox 568 912 675 969; x_wconf 85' lang='lat' dir='ltr'><strong>Sed</strong></span> <span class='ocrx_word' id='word_1_53' title='bbox 698 923 753 970; x_wconf 88' lang='lat' dir='ltr'><strong>et</strong></span> <span class='ocrx_word' id='word_1_54' title='bbox 781 916 833 970; x_wconf 91' lang='lat' dir='ltr'><strong>in</strong></span> <span class='ocrx_word' id='word_1_55' title='bbox 858 915 1275 973; x_wconf 81' lang='lat' dir='ltr'><strong>Deuteronomio</strong></span> <span class='ocrx_word' id='word_1_56' title='bbox 1296 915 1555 983; x_wconf 86' lang='lat' dir='ltr'><strong>scriptum</strong></span> <span class='ocrx_word' id='word_1_57' title='bbox 1585 922 1704 969; x_wconf 89' lang='lat' dir='ltr'><strong>est:</strong></span> <span class='ocrx_word' id='word_1_58' title='bbox 1738 913 1800 971; x_wconf 87' lang='lat' dir='ltr'><strong>Si</strong></span> <span class='ocrx_word' id='word_1_59' title='bbox 1822 924 1991 968; x_wconf 81' lang='lat' dir='ltr'><strong>autem</strong></span> <span class='ocrx_word' id='word_1_60' title='bbox 2015 930 2153 969; x_wconf 78' lang='lat' dir='ltr'><strong>vove-</strong></span> 
     </span>
    </p>
   </div>
   <div class='ocr_carea' id='block_1_9' title="bbox 570 1008 2146 1076">
    <p class='ocr_par' dir='ltr' id='par_1_9' title="bbox 570 1008 2146 1076">
     <span class='ocr_line' id='line_1_9' title="bbox 570 1008 2146 1076; baseline -0.001 -13"><span class='ocrx_word' id='word_1_61' title='bbox 570 1008 644 1063; x_wconf 86' lang='lat' dir='ltr'><strong>ris</strong></span> <span class='ocrx_word' id='word_1_62' title='bbox 666 1017 834 1064; x_wconf 83' lang='lat' dir='ltr'><strong>votum</strong></span> <span class='ocrx_word' id='word_1_63' title='bbox 856 1008 1079 1063; x_wconf 87' lang='lat' dir='ltr'><strong>Domino</strong></span> <span class='ocrx_word' id='word_1_64' title='bbox 1103 1009 1212 1064; x_wconf 85' lang='lat' dir='ltr'><strong>Deo</strong></span> <span class='ocrx_word' id='word_1_65' title='bbox 1244 1018 1349 1076; x_wconf 88' lang='lat' dir='ltr'><strong>tuo,</strong></span> <span class='ocrx_word' id='word_1_66' title='bbox 1365 1026 1469 1063; x_wconf 86' lang='lat' dir='ltr'><strong>non</strong></span> <span class='ocrx_word' id='word_1_67' title='bbox 1499 1010 1735 1064; x_wconf 81' lang='lat' dir='ltr'><strong>tardabis</strong></span> <span class='ocrx_word' id='word_1_68' title='bbox 1754 1010 1970 1064; x_wconf 82' lang='lat' dir='ltr'><strong>reddere</strong></span> <span class='ocrx_word' id='word_1_69' title='bbox 1996 1008 2146 1075; x_wconf 85' lang='lat' dir='ltr'><strong>illud,</strong></span> 
     </span>
    </p>
   </div>
   <div class='ocr_carea' id='block_1_10' title="bbox 568 1100 2151 1174">
    <p class='ocr_par' dir='ltr' id='par_1_10' title="bbox 568 1100 2151 1174">
     <span class='ocr_line' id='line_1_10' title="bbox 568 1100 2151 1174; baseline -0.002 -18"><span class='ocrx_word' id='word_1_70' title='bbox 568 1102 692 1172; x_wconf 72' lang='lat' dir='ltr'><strong>quia</strong></span> <span class='ocrx_word' id='word_1_71' title='bbox 704 1102 979 1174; x_wconf 72' lang='lat' dir='ltr'><strong>exquirens</strong></span> <span class='ocrx_word' id='word_1_72' title='bbox 998 1103 1224 1173; x_wconf 69' lang='lat' dir='ltr'><strong>exquiret</strong></span> <span class='ocrx_word' id='word_1_73' title='bbox 1251 1100 1504 1155; x_wconf 75' lang='lat' dir='ltr'><strong>Dominus</strong></span> <span class='ocrx_word' id='word_1_74' title='bbox 1523 1100 1661 1155; x_wconf 83' lang='lat' dir='ltr'><strong>Deus</strong></span> <span class='ocrx_word' id='word_1_75' title='bbox 1685 1118 1715 1154; x_wconf 93' lang='lat' dir='ltr'><strong>a</strong></span> <span class='ocrx_word' id='word_1_76' title='bbox 1740 1110 1807 1163; x_wconf 88' lang='lat' dir='ltr'><strong>te,</strong></span> <span class='ocrx_word' id='word_1_77' title='bbox 1834 1111 1884 1155; x_wconf 89' lang='lat' dir='ltr'><strong>et</strong></span> <span class='ocrx_word' id='word_1_78' title='bbox 1901 1102 2002 1154; x_wconf 85' lang='lat' dir='ltr'><strong>erit</strong></span> <span class='ocrx_word' id='word_1_79' title='bbox 2024 1102 2079 1154; x_wconf 77' lang='lat' dir='ltr'><strong>in</strong></span> <span class='ocrx_word' id='word_1_80' title='bbox 2103 1107 2151 1153; x_wconf 87' lang='lat' dir='ltr'><strong>te</strong></span> 
     </span>
    </p>
   </div>
   <div class='ocr_carea' id='block_1_11' title="bbox 568 1193 2147 1269">
    <p class='ocr_par' dir='ltr' id='par_1_11' title="bbox 568 1193 2147 1269">
     <span class='ocr_line' id='line_1_11' title="bbox 568 1193 2147 1269; baseline -0.003 -21"><span class='ocrx_word' id='word_1_81' title='bbox 568 1204 853 1269; x_wconf 88' lang='lat' dir='ltr'><strong>peccatum.</strong></span> <span class='ocrx_word' id='word_1_82' title='bbox 874 1195 932 1248; x_wconf 87' lang='lat' dir='ltr'><strong>Si</strong></span> <span class='ocrx_word' id='word_1_83' title='bbox 948 1202 1116 1247; x_wconf 88' lang='lat' dir='ltr'><strong>autem</strong></span> <span class='ocrx_word' id='word_1_84' title='bbox 1132 1193 1362 1247; x_wconf 89' lang='lat' dir='ltr'><strong>nolueris</strong></span> <span class='ocrx_word' id='word_1_85' title='bbox 1377 1209 1570 1257; x_wconf 82' lang='lat' dir='ltr'><strong>vovere,</strong></span> <span class='ocrx_word' id='word_1_86' title='bbox 1588 1209 1693 1247; x_wconf 91' lang='lat' dir='ltr'><strong>non</strong></span> <span class='ocrx_word' id='word_1_87' title='bbox 1708 1194 1805 1248; x_wconf 85' lang='lat' dir='ltr'><strong>erit</strong></span> <span class='ocrx_word' id='word_1_88' title='bbox 1820 1193 1873 1246; x_wconf 90' lang='lat' dir='ltr'><strong>in</strong></span> <span class='ocrx_word' id='word_1_89' title='bbox 1888 1201 1936 1245; x_wconf 89' lang='lat' dir='ltr'><strong>te</strong></span> <span class='ocrx_word' id='word_1_90' title='bbox 1959 1206 2147 1261; x_wconf 81' lang='lat' dir='ltr'><strong>pecca-</strong></span> 
     </span>
    </p>
   </div>
   <div class='ocr_carea' id='block_1_12' title="bbox 571 1281 2148 1354">
    <p class='ocr_par' dir='ltr' id='par_1_12' title="bbox 571 1281 2148 1354">
     <span class='ocr_line' id='line_1_12' title="bbox 571 1281 2148 1354; baseline -0.001 -16"><span class='ocrx_word' id='word_1_91' title='bbox 571 1293 695 1339; x_wconf 89' lang='lat' dir='ltr'><strong>tum.</strong></span> <span class='ocrx_word' id='word_1_92' title='bbox 713 1283 840 1349; x_wconf 79' lang='lat' dir='ltr'><strong>Qua:</strong></span> <span class='ocrx_word' id='word_1_93' title='bbox 851 1293 1036 1338; x_wconf 69' lang='lat' dir='ltr'><strong>exeunt</strong></span> <span class='ocrx_word' id='word_1_94' title='bbox 1051 1301 1141 1354; x_wconf 82' lang='lat' dir='ltr'><strong>per</strong></span> <span class='ocrx_word' id='word_1_95' title='bbox 1161 1281 1299 1337; x_wconf 87' lang='lat' dir='ltr'><strong>labia</strong></span> <span class='ocrx_word' id='word_1_96' title='bbox 1323 1290 1411 1336; x_wconf 87' lang='lat' dir='ltr'><strong>tua</strong></span> <span class='ocrx_word' id='word_1_97' title='bbox 1426 1283 1700 1347; x_wconf 82' lang='lat' dir='ltr'><strong>custodies,</strong></span> <span class='ocrx_word' id='word_1_98' title='bbox 1718 1292 1769 1337; x_wconf 91' lang='lat' dir='ltr'><strong>et</strong></span> <span class='ocrx_word' id='word_1_99' title='bbox 1796 1284 1954 1354; x_wconf 75' lang='lat' dir='ltr'><strong>[acies</strong></span> <span class='ocrx_word' id='word_1_100' title='bbox 1974 1297 2148 1354; x_wconf 75' lang='lat' dir='ltr'><strong>quem-</strong></span> 
     </span>
    </p>
   </div>
   <div class='ocr_carea' id='block_1_13' title="bbox 566 1373 2149 1446">
    <p class='ocr_par' dir='ltr' id='par_1_13' title="bbox 566 1373 2149 1446">
     <span class='ocr_line' id='line_1_13' title="bbox 566 1373 2149 1446; baseline -0.001 -17"><span class='ocrx_word' id='word_1_101' title='bbox 566 1375 842 1429; x_wconf 85' lang='lat' dir='ltr'><strong>admodum</strong></span> <span class='ocrx_word' id='word_1_102' title='bbox 874 1376 1068 1429; x_wconf 88' lang='lat' dir='ltr'><strong>voveris</strong></span> <span class='ocrx_word' id='word_1_103' title='bbox 1118 1373 1228 1427; x_wconf 87' lang='lat' dir='ltr'><strong>Deo</strong></span> <span class='ocrx_word' id='word_1_104' title='bbox 1259 1382 1345 1428; x_wconf 81' lang='lat' dir='ltr'><strong>tuo</strong></span> <span class='ocrx_word' id='word_1_105' title='bbox 1368 1383 1539 1428; x_wconf 73' lang='lat' dir='ltr'><strong>uotum</strong></span> <span class='ocrx_word' id='word_1_106' title='bbox 1565 1374 1701 1446; x_wconf 84' lang='lat' dir='ltr'><strong>quod</strong></span> <span class='ocrx_word' id='word_1_107' title='bbox 1734 1375 1936 1428; x_wconf 87' lang='lat' dir='ltr'><strong>locutus</strong></span> <span class='ocrx_word' id='word_1_108' title='bbox 1974 1390 2029 1428; x_wconf 90' lang='lat' dir='ltr'><strong>es</strong></span> <span class='ocrx_word' id='word_1_109' title='bbox 2057 1391 2149 1429; x_wconf 88' lang='lat' dir='ltr'><strong>ore</strong></span> 
     </span>
    </p>
   </div>
   <div class='ocr_carea' id='block_1_14' title="bbox 565 1464 2150 1539">
    <p class='ocr_par' dir='ltr' id='par_1_14' title="bbox 565 1464 2150 1539">
     <span class='ocr_line' id='line_1_14' title="bbox 565 1464 2150 1539; baseline 0.001 -20"><span class='ocrx_word' id='word_1_110' title='bbox 565 1474 654 1520; x_wconf 86' lang='lat' dir='ltr'><strong>tuo</strong></span> <span class='ocrx_word' id='word_1_111' title='bbox 679 1465 853 1539; x_wconf 87' lang='lat' dir='ltr'><strong>(Deut.</strong></span> <span class='ocrx_word' id='word_1_112' title='bbox 888 1482 1038 1533; x_wconf 78' lang='lat' dir='ltr'><strong>mn,</strong></span> <span class='ocrx_word' id='word_1_113' title='bbox 1064 1465 1179 1537; x_wconf 71' lang='grc'><strong>24).</strong></span> <span class='ocrx_word' id='word_1_114' title='bbox 1206 1465 1349 1521; x_wconf 83' lang='lat' dir='ltr'><strong>Dicit</strong></span> <span class='ocrx_word' id='word_1_115' title='bbox 1375 1473 1428 1520; x_wconf 88' lang='lat' dir='ltr'><strong>et</strong></span> <span class='ocrx_word' id='word_1_116' title='bbox 1452 1464 1708 1520; x_wconf 85' lang='lat' dir='ltr'><strong>Salomon</strong></span> <span class='ocrx_word' id='word_1_117' title='bbox 1733 1483 1746 1519; x_wconf 90' lang='lat'><strong>:</strong></span> <span class='ocrx_word' id='word_1_118' title='bbox 1775 1465 1968 1521; x_wconf 77' lang='lat' dir='ltr'><strong>Statim</strong></span> <span class='ocrx_word' id='word_1_119' title='bbox 1994 1475 2051 1518; x_wconf 87' lang='lat' dir='ltr'><strong>ut</strong></span> <span class='ocrx_word' id='word_1_120' title='bbox 2068 1480 2150 1520; x_wconf 80' lang='lat' dir='ltr'><strong>vo-</strong></span> 
     </span>
    </p>
   </div>
   <div class='ocr_carea' id='block_1_15' title="bbox 562 1556 2147 1622">
    <p class='ocr_par' dir='ltr' id='par_1_15' title="bbox 562 1556 2147 1622">
     <span class='ocr_line' id='line_1_15' title="bbox 562 1556 2147 1622; baseline -0.001 -10"><span class='ocrx_word' id='word_1_121' title='bbox 562 1558 697 1612; x_wconf 77' lang='lat' dir='ltr'><strong>ceris</strong></span> <span class='ocrx_word' id='word_1_122' title='bbox 722 1568 891 1613; x_wconf 82' lang='lat' dir='ltr'><strong>votum</strong></span> <span class='ocrx_word' id='word_1_123' title='bbox 937 1557 1191 1622; x_wconf 83' lang='lat' dir='ltr'><strong>Domino,</strong></span> <span class='ocrx_word' id='word_1_124' title='bbox 1224 1574 1328 1613; x_wconf 88' lang='lat' dir='ltr'><strong>non</strong></span> <span class='ocrx_word' id='word_1_125' title='bbox 1358 1557 1590 1612; x_wconf 86' lang='lat' dir='ltr'><strong>tardabis</strong></span> <span class='ocrx_word' id='word_1_126' title='bbox 1614 1556 1828 1613; x_wconf 84' lang='lat' dir='ltr'><strong>reddere</strong></span> <span class='ocrx_word' id='word_1_127' title='bbox 1876 1557 2027 1611; x_wconf 69' lang='lat' dir='ltr'><strong>illud.</strong></span> <span class='ocrx_word' id='word_1_128' title='bbox 2071 1556 2147 1611; x_wconf 82' lang='lat' dir='ltr'><strong>Tu</strong></span> 
     </span>
    </p>
   </div>
   <div class='ocr_carea' id='block_1_16' title="bbox 562 1649 2147 1721">
    <p class='ocr_par' dir='ltr' id='par_1_16' title="bbox 562 1649 2147 1721">
     <span class='ocr_line' id='line_1_16' title="bbox 562 1649 2147 1721; baseline 0.001 -19"><span class='ocrx_word' id='word_1_129' title='bbox 562 1650 736 1720; x_wconf 82' lang='lat' dir='ltr'><strong>itaque</strong></span> <span class='ocrx_word' id='word_1_130' title='bbox 762 1666 876 1721; x_wconf 76' lang='lat' dir='ltr'><strong>qute</strong></span> <span class='ocrx_word' id='word_1_131' title='bbox 906 1652 1097 1704; x_wconf 65' lang='lat' dir='ltr'><strong>coneris</strong></span> <span class='ocrx_word' id='word_1_132' title='bbox 1122 1650 1296 1704; x_wconf 85' lang='lat' dir='ltr'><strong>redde.</strong></span> <span class='ocrx_word' id='word_1_133' title='bbox 1324 1649 1524 1705; x_wconf 66' lang='lat' dir='ltr'><strong>Bonum</strong></span> <span class='ocrx_word' id='word_1_134' title='bbox 1543 1658 1620 1705; x_wconf 88' lang='lat' dir='ltr'><strong>est</strong></span> <span class='ocrx_word' id='word_1_135' title='bbox 1646 1665 1748 1704; x_wconf 80' lang='lat' dir='ltr'><strong>non</strong></span> <span class='ocrx_word' id='word_1_136' title='bbox 1767 1662 1961 1713; x_wconf 77' lang='lat' dir='ltr'><strong>vovere,</strong></span> <span class='ocrx_word' id='word_1_137' title='bbox 1992 1664 2147 1720; x_wconf 66' lang='lat' dir='ltr'><strong>quam</strong></span> 
     </span>
    </p>
   </div>
   <div class='ocr_carea' id='block_1_17' title="bbox 563 1738 1659 1810">
    <p class='ocr_par' dir='ltr' id='par_1_17' title="bbox 563 1738 1659 1810">
     <span class='ocr_line' id='line_1_17' title="bbox 563 1738 1659 1810; baseline -0.001 -16"><span class='ocrx_word' id='word_1_138' title='bbox 563 1742 756 1807; x_wconf 75' lang='lat' dir='ltr'><strong>vovisse</strong></span> <span class='ocrx_word' id='word_1_139' title='bbox 775 1751 823 1795; x_wconf 90' lang='lat' dir='ltr'><strong>et</strong></span> <span class='ocrx_word' id='word_1_140' title='bbox 851 1758 953 1796; x_wconf 86' lang='lat' dir='ltr'><strong>non</strong></span> <span class='ocrx_word' id='word_1_141' title='bbox 975 1742 1167 1795; x_wconf 85' lang='lat' dir='ltr'><strong>solvere</strong></span> <span class='ocrx_word' id='word_1_142' title='bbox 1190 1739 1385 1810; x_wconf 81' lang='lat' dir='ltr'><strong>(Eccle.</strong></span> <span class='ocrx_word' id='word_1_143' title='bbox 1414 1756 1465 1805; x_wconf 93' lang='lat' dir='ltr'><strong>v,</strong></span> <span class='ocrx_word' id='word_1_144' title='bbox 1497 1740 1551 1807; x_wconf 71' lang='grc' dir='ltr'><strong>ὅ,</strong></span> <span class='ocrx_word' id='word_1_145' title='bbox 1582 1738 1659 1810; x_wconf 70' lang='grc'><strong>4).</strong></span> 
     </span>
    </p>
   </div>
   <div class='ocr_carea' id='block_1_18' title="bbox 633 1826 2144 1925">
    <p class='ocr_par' dir='ltr' id='par_1_18' title="bbox 633 1826 2144 1925">
     <span class='ocr_line' id='line_1_18' title="bbox 633 1826 2144 1925; baseline -0.003 -14"><span class='ocrx_word' id='word_1_146' title='bbox 633 1856 762 1912; x_wconf 68' lang='lat' dir='ltr'><strong>Car.</strong></span> <span class='ocrx_word' id='word_1_147' title='bbox 796 1872 868 1911; x_wconf 82' lang='lat' dir='ltr'><strong>vt.</strong></span> <span class='ocrx_word' id='word_1_148' title='bbox 908 1855 1011 1910; x_wconf 83' lang='lat' dir='ltr'><strong>Res</strong></span> <span class='ocrx_word' id='word_1_149' title='bbox 1036 1857 1191 1910; x_wconf 80' lang='lat' dir='ltr'><strong>licitte</strong></span> <span class='ocrx_word' id='word_1_150' title='bbox 1220 1863 1334 1925; x_wconf 85' lang='lat' dir='ltr'><strong>post</strong></span> <span class='ocrx_word' id='word_1_151' title='bbox 1362 1864 1534 1909; x_wconf 86' lang='lat' dir='ltr'><strong>votum</strong></span> <span class='ocrx_word' id='word_1_152' title='bbox 1559 1855 1692 1923; x_wconf 83' lang='lat' dir='ltr'><strong>fiunt</strong></span> <span class='ocrx_word' id='word_1_153' title='bbox 1718 1826 1937 1909; x_wconf 63' lang='lat' dir='ltr'><strong>illicitae.</strong></span> <span class='ocrx_word' id='word_1_154' title='bbox 1963 1852 2144 1908; x_wconf 83' lang='lat' dir='ltr'><strong>Conti-</strong></span> 
     </span>
    </p>
   </div>
   <div class='ocr_carea' id='block_1_19' title="bbox 2252 639 3837 715">
    <p class='ocr_par' dir='ltr' id='par_1_19' title="bbox 2252 639 3837 715">
     <span class='ocr_line' id='line_1_19' title="bbox 2252 639 3837 715; baseline 0.006 -21"><span class='ocrx_word' id='word_1_155' title='bbox 2252 648 2366 695; x_wconf 90' lang='lat' dir='ltr'><strong>tum</strong></span> <span class='ocrx_word' id='word_1_156' title='bbox 2406 639 2601 697; x_wconf 79' lang='lat' dir='ltr'><strong>fuerat.</strong></span> <span class='ocrx_word' id='word_1_157' title='bbox 2652 642 2711 697; x_wconf 93' lang='lat' dir='ltr'><strong>ln</strong></span> <span class='ocrx_word' id='word_1_158' title='bbox 2741 643 2934 699; x_wconf 83' lang='lat' dir='ltr'><strong>talibus</strong></span> <span class='ocrx_word' id='word_1_159' title='bbox 2979 646 3177 715; x_wconf 86' lang='lat' dir='ltr'><strong>quippe</strong></span> <span class='ocrx_word' id='word_1_160' title='bbox 3231 646 3390 701; x_wconf 84' lang='lat' dir='ltr'><strong>rebus</strong></span> <span class='ocrx_word' id='word_1_161' title='bbox 3434 646 3579 715; x_wconf 90' lang='lat' dir='ltr'><strong>quod</strong></span> <span class='ocrx_word' id='word_1_162' title='bbox 3632 664 3837 703; x_wconf 79' lang='lat' dir='ltr'><strong>vovens</strong></span> 
     </span>
    </p>
   </div>
   <div class='ocr_carea' id='block_1_20' title="bbox 2251 731 3838 810">
    <p class='ocr_par' dir='ltr' id='par_1_20' title="bbox 2251 731 3838 810">
     <span class='ocr_line' id='line_1_20' title="bbox 2251 731 3838 810; baseline 0.003 -21"><span class='ocrx_word' id='word_1_163' title='bbox 2251 731 2364 789; x_wconf 86' lang='lat' dir='ltr'><strong>Deo</strong></span> <span class='ocrx_word' id='word_1_164' title='bbox 2386 733 2488 789; x_wconf 83' lang='lat' dir='ltr'><strong>sibi</strong></span> <span class='ocrx_word' id='word_1_165' title='bbox 2516 734 2703 791; x_wconf 84' lang='lat' dir='ltr'><strong>adimit</strong></span> <span class='ocrx_word' id='word_1_166' title='bbox 2728 735 2996 802; x_wconf 85' lang='lat' dir='ltr'><strong>voluntas,</strong></span> <span class='ocrx_word' id='word_1_167' title='bbox 3025 738 3169 792; x_wconf 85' lang='lat' dir='ltr'><strong>nulla</strong></span> <span class='ocrx_word' id='word_1_168' title='bbox 3196 739 3450 809; x_wconf 84' lang='lat' dir='ltr'><strong>deinceps</strong></span> <span class='ocrx_word' id='word_1_169' title='bbox 3473 739 3692 808; x_wconf 88' lang='lat' dir='ltr'><strong>impune</strong></span> <span class='ocrx_word' id='word_1_170' title='bbox 3719 755 3838 810; x_wconf 89' lang='lat' dir='ltr'><strong>per-</strong></span> 
     </span>
    </p>
   </div>
   <div class='ocr_carea' id='block_1_21' title="bbox 2251 824 3830 896">
    <p class='ocr_par' dir='ltr' id='par_1_21' title="bbox 2251 824 3830 896">
     <span class='ocr_line' id='line_1_21' title="bbox 2251 824 3830 896; baseline 0.004 -17"><span class='ocrx_word' id='word_1_171' title='bbox 2251 824 2419 881; x_wconf 84' lang='lat' dir='ltr'><strong>mittit</strong></span> <span class='ocrx_word' id='word_1_172' title='bbox 2445 841 2708 896; x_wconf 90' lang='lat' dir='ltr'><strong>usurpare</strong></span> <span class='ocrx_word' id='word_1_173' title='bbox 2735 829 3055 895; x_wconf 83' lang='lat' dir='ltr'><strong>necessitas;</strong></span> <span class='ocrx_word' id='word_1_174' title='bbox 3086 844 3189 885; x_wconf 87' lang='lat' dir='ltr'><strong>nec</strong></span> <span class='ocrx_word' id='word_1_175' title='bbox 3213 839 3503 886; x_wconf 86' lang='lat' dir='ltr'><strong>temerator</strong></span> <span class='ocrx_word' id='word_1_176' title='bbox 3530 832 3639 885; x_wconf 88' lang='lat' dir='ltr'><strong>voti</strong></span> <span class='ocrx_word' id='word_1_177' title='bbox 3661 847 3830 886; x_wconf 79' lang='lat' dir='ltr'><strong>excu-</strong></span> 
     </span>
    </p>
   </div>
   <div class='ocr_carea' id='block_1_22' title="bbox 2250 915 3834 992">
    <p class='ocr_par' dir='ltr' id='par_1_22' title="bbox 2250 915 3834 992">
     <span class='ocr_line' id='line_1_22' title="bbox 2250 915 3834 992; baseline 0.004 -21"><span class='ocrx_word' id='word_1_178' title='bbox 2250 916 2519 971; x_wconf 81' lang='lat' dir='ltr'><strong>sationem</strong></span> <span class='ocrx_word' id='word_1_179' title='bbox 2542 915 2741 985; x_wconf 87' lang='lat' dir='ltr'><strong>justam</strong></span> <span class='ocrx_word' id='word_1_180' title='bbox 2771 934 2880 973; x_wconf 70' lang='lat' dir='ltr'><strong>sute</strong></span> <span class='ocrx_word' id='word_1_181' title='bbox 2909 922 3359 989; x_wconf 68' lang='lat' dir='ltr'><strong>praevaricationis</strong></span> <span class='ocrx_word' id='word_1_182' title='bbox 3393 922 3651 990; x_wconf 88' lang='lat' dir='ltr'><strong>inveniet,</strong></span> <span class='ocrx_word' id='word_1_183' title='bbox 3672 938 3834 992; x_wconf 89' lang='lat' dir='ltr'><strong>quem</strong></span> 
     </span>
    </p>
   </div>
   <div class='ocr_carea' id='block_1_23' title="bbox 2250 1009 3048 1079">
    <p class='ocr_par' dir='ltr' id='par_1_23' title="bbox 2250 1009 3048 1079">
     <span class='ocr_line' id='line_1_23' title="bbox 2250 1009 3048 1079; baseline 0.004 -17"><span class='ocrx_word' id='word_1_184' title='bbox 2250 1022 2412 1062; x_wconf 85' lang='lat' dir='ltr'><strong>nemo</strong></span> <span class='ocrx_word' id='word_1_185' title='bbox 2440 1009 2698 1079; x_wconf 87' lang='lat' dir='ltr'><strong>compulit</strong></span> <span class='ocrx_word' id='word_1_186' title='bbox 2724 1017 2782 1063; x_wconf 89' lang='lat' dir='ltr'><strong>ut</strong></span> <span class='ocrx_word' id='word_1_187' title='bbox 2809 1019 3048 1065; x_wconf 83' lang='lat' dir='ltr'><strong>voveret.</strong></span> 
     </span>
    </p>
   </div>
   <div class='ocr_carea' id='block_1_24' title="bbox 2323 1099 3832 1173">
    <p class='ocr_par' dir='ltr' id='par_1_24' title="bbox 2323 1099 3832 1173">
     <span class='ocr_line' id='line_1_24' title="bbox 2323 1099 3832 1173; baseline 0.003 -18"><span class='ocrx_word' id='word_1_188' title='bbox 2323 1099 2411 1156; x_wconf 78' lang='lat' dir='ltr'><strong>M.</strong></span> <span class='ocrx_word' id='word_1_189' title='bbox 2444 1100 2540 1156; x_wconf 83' lang='lat' dir='ltr'><strong>Est</strong></span> <span class='ocrx_word' id='word_1_190' title='bbox 2566 1102 2728 1162; x_wconf 87' lang='lat' dir='ltr'><strong>ulane</strong></span> <span class='ocrx_word' id='word_1_191' title='bbox 2774 1103 2976 1173; x_wconf 88' lang='lat' dir='ltr'><strong>aliquid</strong></span> <span class='ocrx_word' id='word_1_192' title='bbox 3020 1104 3426 1160; x_wconf 88' lang='lat' dir='ltr'><strong>discernendum</strong></span> <span class='ocrx_word' id='word_1_193' title='bbox 3481 1106 3621 1160; x_wconf 91' lang='lat' dir='ltr'><strong>inter</strong></span> <span class='ocrx_word' id='word_1_194' title='bbox 3647 1114 3832 1160; x_wconf 85' lang='lat' dir='ltr'><strong>votum</strong></span> 
     </span>
    </p>
   </div>
   <div class='ocr_carea' id='block_1_25' title="bbox 2249 1190 3839 1263">
    <p class='ocr_par' dir='ltr' id='par_1_25' title="bbox 2249 1190 3839 1263">
     <span class='ocr_line' id='line_1_25' title="bbox 2249 1190 3839 1263; baseline 0.003 -17"><span class='ocrx_word' id='word_1_195' title='bbox 2249 1190 2471 1259; x_wconf 77' lang='lat' dir='ltr'><strong>virginis</strong></span> <span class='ocrx_word' id='word_1_196' title='bbox 2488 1201 2580 1246; x_wconf 91' lang='lat' dir='ltr'><strong>aut</strong></span> <span class='ocrx_word' id='word_1_197' title='bbox 2604 1191 2796 1256; x_wconf 81' lang='lat' dir='ltr'><strong>viduae,</strong></span> <span class='ocrx_word' id='word_1_198' title='bbox 2818 1202 2873 1249; x_wconf 91' lang='lat' dir='ltr'><strong>et</strong></span> <span class='ocrx_word' id='word_1_199' title='bbox 2902 1195 3040 1248; x_wconf 91' lang='lat' dir='ltr'><strong>inter</strong></span> <span class='ocrx_word' id='word_1_200' title='bbox 3061 1204 3242 1248; x_wconf 89' lang='lat' dir='ltr'><strong>votum</strong></span> <span class='ocrx_word' id='word_1_201' title='bbox 3258 1210 3444 1250; x_wconf 90' lang='lat' dir='ltr'><strong>eorum</strong></span> <span class='ocrx_word' id='word_1_202' title='bbox 3467 1196 3558 1263; x_wconf 91' lang='lat' dir='ltr'><strong>qui</strong></span> <span class='ocrx_word' id='word_1_203' title='bbox 3582 1204 3839 1251; x_wconf 90' lang='lat' dir='ltr'><strong>tenentur</strong></span> 
     </span>
    </p>
   </div>
   <div class='ocr_carea' id='block_1_26' title="bbox 2248 1280 3835 1354">
    <p class='ocr_par' dir='ltr' id='par_1_26' title="bbox 2248 1280 3835 1354">
     <span class='ocr_line' id='line_1_26' title="bbox 2248 1280 3835 1354; baseline 0.003 -17"><span class='ocrx_word' id='word_1_204' title='bbox 2248 1282 2467 1339; x_wconf 90' lang='lat' dir='ltr'><strong>vinculo</strong></span> <span class='ocrx_word' id='word_1_205' title='bbox 2492 1283 2782 1354; x_wconf 75' lang='lat' dir='ltr'><strong>coniugali.</strong></span> <span class='ocrx_word' id='word_1_206' title='bbox 2814 1280 2923 1340; x_wconf 84' lang='lat' dir='ltr'><strong>Nec</strong></span> <span class='ocrx_word' id='word_1_207' title='bbox 2949 1285 3093 1341; x_wconf 90' lang='lat' dir='ltr'><strong>enim</strong></span> <span class='ocrx_word' id='word_1_208' title='bbox 3125 1294 3272 1339; x_wconf 90' lang='lat' dir='ltr'><strong>tanta</strong></span> <span class='ocrx_word' id='word_1_209' title='bbox 3295 1294 3380 1341; x_wconf 90' lang='lat' dir='ltr'><strong>est</strong></span> <span class='ocrx_word' id='word_1_210' title='bbox 3402 1286 3630 1340; x_wconf 90' lang='lat' dir='ltr'><strong>vovendi</strong></span> <span class='ocrx_word' id='word_1_211' title='bbox 3660 1286 3799 1341; x_wconf 86' lang='lat' dir='ltr'><strong>licen</strong></span> <span class='ocrx_word' id='word_1_212' title='bbox 3815 1318 3835 1328; x_wconf 90' lang='lat'><strong>-</strong></span> 
     </span>
    </p>
   </div>
   <div class='ocr_carea' id='block_1_27' title="bbox 2251 1374 3838 1446">
    <p class='ocr_par' dir='ltr' id='par_1_27' title="bbox 2251 1374 3838 1446">
     <span class='ocr_line' id='line_1_27' title="bbox 2251 1374 3838 1446; baseline 0.001 -17"><span class='ocrx_word' id='word_1_213' title='bbox 2251 1374 2323 1429; x_wconf 92' lang='lat' dir='ltr'><strong>tia</strong></span> <span class='ocrx_word' id='word_1_214' title='bbox 2352 1375 2438 1430; x_wconf 87' lang='lat' dir='ltr'><strong>vel</strong></span> <span class='ocrx_word' id='word_1_215' title='bbox 2466 1375 2687 1433; x_wconf 88' lang='lat' dir='ltr'><strong>libertas</strong></span> <span class='ocrx_word' id='word_1_216' title='bbox 2709 1376 2829 1431; x_wconf 88' lang='lat' dir='ltr'><strong>viro</strong></span> <span class='ocrx_word' id='word_1_217' title='bbox 2859 1377 2972 1432; x_wconf 87' lang='lat' dir='ltr'><strong>sive</strong></span> <span class='ocrx_word' id='word_1_218' title='bbox 3007 1377 3217 1432; x_wconf 88' lang='lat' dir='ltr'><strong>mulieri</strong></span> <span class='ocrx_word' id='word_1_219' title='bbox 3255 1384 3577 1446; x_wconf 85' lang='lat' dir='ltr'><strong>potestatem</strong></span> <span class='ocrx_word' id='word_1_220' title='bbox 3606 1378 3687 1431; x_wconf 90' lang='lat' dir='ltr'><strong>sui</strong></span> <span class='ocrx_word' id='word_1_221' title='bbox 3717 1393 3838 1432; x_wconf 88' lang='lat' dir='ltr'><strong>cor-</strong></span> 
     </span>
    </p>
   </div>
   <div class='ocr_carea' id='block_1_28' title="bbox 2250 1466 3837 1543">
    <p class='ocr_par' dir='ltr' id='par_1_28' title="bbox 2250 1466 3837 1543">
     <span class='ocr_line' id='line_1_28' title="bbox 2250 1466 3837 1543; baseline 0.002 -23"><span class='ocrx_word' id='word_1_222' title='bbox 2250 1466 2398 1536; x_wconf 85' lang='lat' dir='ltr'><strong>poris</strong></span> <span class='ocrx_word' id='word_1_223' title='bbox 2427 1482 2535 1522; x_wconf 92' lang='lat' dir='ltr'><strong>non</strong></span> <span class='ocrx_word' id='word_1_224' title='bbox 2558 1467 2802 1543; x_wconf 80' lang='lat' dir='ltr'><strong>babenti,</strong></span> <span class='ocrx_word' id='word_1_225' title='bbox 2825 1476 3027 1537; x_wconf 91' lang='lat' dir='ltr'><strong>quanta</strong></span> <span class='ocrx_word' id='word_1_226' title='bbox 3053 1476 3137 1523; x_wconf 90' lang='lat' dir='ltr'><strong>est</strong></span> <span class='ocrx_word' id='word_1_227' title='bbox 3168 1467 3337 1522; x_wconf 72' lang='lat' dir='ltr'><strong>vidua:</strong></span> <span class='ocrx_word' id='word_1_228' title='bbox 3361 1467 3581 1522; x_wconf 89' lang='lat' dir='ltr'><strong>cuilibet</strong></span> <span class='ocrx_word' id='word_1_229' title='bbox 3610 1476 3703 1521; x_wconf 89' lang='lat' dir='ltr'><strong>aut</strong></span> <span class='ocrx_word' id='word_1_230' title='bbox 3723 1468 3837 1522; x_wconf 85' lang='lat' dir='ltr'><strong>vir-</strong></span> 
     </span>
    </p>
   </div>
   <div class='ocr_carea' id='block_1_29' title="bbox 2248 1558 3837 1629">
    <p class='ocr_par' dir='ltr' id='par_1_29' title="bbox 2248 1558 3837 1629">
     <span class='ocr_line' id='line_1_29' title="bbox 2248 1558 3837 1629; baseline 0.002 -18"><span class='ocrx_word' id='word_1_231' title='bbox 2248 1558 2359 1627; x_wconf 90' lang='lat' dir='ltr'><strong>gini</strong></span> <span class='ocrx_word' id='word_1_232' title='bbox 2386 1576 2398 1610; x_wconf 92' lang='lat'><strong>:</strong></span> <span class='ocrx_word' id='word_1_233' title='bbox 2431 1558 2727 1628; x_wconf 85' lang='lat' dir='ltr'><strong>conjugato</strong></span> <span class='ocrx_word' id='word_1_234' title='bbox 2756 1560 2920 1624; x_wconf 83' lang='lat' dir='ltr'><strong>enim,</strong></span> <span class='ocrx_word' id='word_1_235' title='bbox 2944 1560 3030 1614; x_wconf 87' lang='lat' dir='ltr'><strong>vel</strong></span> <span class='ocrx_word' id='word_1_236' title='bbox 3058 1559 3376 1628; x_wconf 69' lang='lat' dir='ltr'><strong>conjugatte,</strong></span> <span class='ocrx_word' id='word_1_237' title='bbox 3394 1560 3690 1629; x_wconf 88' lang='lat' dir='ltr'><strong>corporalis</strong></span> <span class='ocrx_word' id='word_1_238' title='bbox 3709 1576 3837 1614; x_wconf 76' lang='lat' dir='ltr'><strong>con-</strong></span> 
     </span>
    </p>
   </div>
   <div class='ocr_carea' id='block_1_30' title="bbox 2249 1650 3835 1720">
    <p class='ocr_par' dir='ltr' id='par_1_30' title="bbox 2249 1650 3835 1720">
     <span class='ocr_line' id='line_1_30' title="bbox 2249 1650 3835 1720; baseline 0.001 -15"><span class='ocrx_word' id='word_1_239' title='bbox 2249 1651 2492 1706; x_wconf 79' lang='lat' dir='ltr'><strong>tinentiae</strong></span> <span class='ocrx_word' id='word_1_240' title='bbox 2516 1652 2773 1706; x_wconf 78' lang='lat' dir='ltr'><strong>verenda:</strong></span> <span class='ocrx_word' id='word_1_241' title='bbox 2814 1651 3037 1706; x_wconf 81' lang='lat' dir='ltr'><strong>facultas</strong></span> <span class='ocrx_word' id='word_1_242' title='bbox 3060 1650 3218 1720; x_wconf 89' lang='lat' dir='ltr'><strong>plena</strong></span> <span class='ocrx_word' id='word_1_243' title='bbox 3264 1665 3370 1706; x_wconf 92' lang='lat' dir='ltr'><strong>non</strong></span> <span class='ocrx_word' id='word_1_244' title='bbox 3394 1651 3650 1720; x_wconf 88' lang='lat' dir='ltr'><strong>suppetit,</strong></span> <span class='ocrx_word' id='word_1_245' title='bbox 3677 1650 3835 1718; x_wconf 86' lang='lat' dir='ltr'><strong>cujus</strong></span> 
     </span>
    </p>
   </div>
   <div class='ocr_carea' id='block_1_31' title="bbox 2248 1739 3830 1813">
    <p class='ocr_par' dir='ltr' id='par_1_31' title="bbox 2248 1739 3830 1813">
     <span class='ocr_line' id='line_1_31' title="bbox 2248 1739 3830 1813; baseline -0.003 -16"><span class='ocrx_word' id='word_1_246' title='bbox 2248 1756 2445 1813; x_wconf 69' lang='lat' dir='ltr'><strong>corpus</strong></span> <span class='ocrx_word' id='word_1_247' title='bbox 2472 1757 2577 1797; x_wconf 91' lang='lat' dir='ltr'><strong>non</strong></span> <span class='ocrx_word' id='word_1_248' title='bbox 2601 1741 2656 1796; x_wconf 91' lang='lat' dir='ltr'><strong>in</strong></span> <span class='ocrx_word' id='word_1_249' title='bbox 2684 1756 2801 1804; x_wconf 89' lang='lat' dir='ltr'><strong>sua,</strong></span> <span class='ocrx_word' id='word_1_250' title='bbox 2816 1740 2912 1796; x_wconf 89' lang='lat' dir='ltr'><strong>sed</strong></span> <span class='ocrx_word' id='word_1_251' title='bbox 2935 1742 2987 1796; x_wconf 91' lang='lat' dir='ltr'><strong>in</strong></span> <span class='ocrx_word' id='word_1_252' title='bbox 3008 1739 3251 1809; x_wconf 88' lang='lat' dir='ltr'><strong>conjugis</strong></span> <span class='ocrx_word' id='word_1_253' title='bbox 3273 1747 3539 1809; x_wconf 85' lang='lat' dir='ltr'><strong>potestate</strong></span> <span class='ocrx_word' id='word_1_254' title='bbox 3558 1741 3830 1805; x_wconf 88' lang='lat' dir='ltr'><strong>consistit,</strong></span> 
     </span>
    </p>
   </div>
   <div class='ocr_carea' id='block_1_32' title="bbox 2246 1831 3831 1903">
    <p class='ocr_par' dir='ltr' id='par_1_32' title="bbox 2246 1831 3831 1903">
     <span class='ocr_line' id='line_1_32' title="bbox 2246 1831 3831 1903; baseline -0.001 -16"><span class='ocrx_word' id='word_1_255' title='bbox 2246 1832 2542 1888; x_wconf 87' lang='lat' dir='ltr'><strong>secundum</strong></span> <span class='ocrx_word' id='word_1_256' title='bbox 2569 1833 2701 1889; x_wconf 90' lang='lat' dir='ltr'><strong>illud</strong></span> <span class='ocrx_word' id='word_1_257' title='bbox 2741 1833 2985 1903; x_wconf 81' lang='lat' dir='ltr'><strong>Apostoli</strong></span> <span class='ocrx_word' id='word_1_258' title='bbox 3025 1832 3247 1896; x_wconf 90' lang='lat' dir='ltr'><strong>dictum,</strong></span> <span class='ocrx_word' id='word_1_259' title='bbox 3277 1831 3423 1901; x_wconf 87' lang='lat' dir='ltr'><strong>quod</strong></span> <span class='ocrx_word' id='word_1_260' title='bbox 3458 1845 3618 1901; x_wconf 89' lang='lat' dir='ltr'><strong>supra</strong></span> <span class='ocrx_word' id='word_1_261' title='bbox 3647 1832 3831 1901; x_wconf 88' lang='lat' dir='ltr'><strong>posui-</strong></span> 
     </span>
    </p>
   </div>
   <div class='ocr_carea' id='block_1_33' title="bbox 562 1920 2137 2019">
    <p class='ocr_par' dir='ltr' id='par_1_33' title="bbox 562 1920 2137 2019">
     <span class='ocr_line' id='line_1_33' title="bbox 562 1920 2137 2019; baseline -0.003 -15"><span class='ocrx_word' id='word_1_262' title='bbox 562 1952 753 2004; x_wconf 73' lang='lat' dir='ltr'><strong>nentia:</strong></span> <span class='ocrx_word' id='word_1_263' title='bbox 779 1958 894 2003; x_wconf 83' lang='lat' dir='ltr'><strong>voto</strong></span> <span class='ocrx_word' id='word_1_264' title='bbox 923 1949 1180 2002; x_wconf 82' lang='lat' dir='ltr'><strong>obstrictis</strong></span> <span class='ocrx_word' id='word_1_265' title='bbox 1220 1920 1517 2019; x_wconf 82' lang='lat' dir='ltr'><strong>conjugium</strong></span> <span class='ocrx_word' id='word_1_266' title='bbox 1544 1920 1776 2000; x_wconf 76' lang='lat' dir='ltr'><strong>redditur</strong></span> <span class='ocrx_word' id='word_1_267' title='bbox 1794 1946 2137 2001; x_wconf 85' lang='lat' dir='ltr'><strong>illicitum.—</strong></span> 
     </span>
    </p>
   </div>
   <div class='ocr_carea' id='block_1_34' title="bbox 2239 1920 3832 2019">
    <p class='ocr_par' dir='ltr' id='par_1_34' title="bbox 2247 1920 3832 1994">
     <span class='ocr_line' id='line_1_34' title="bbox 2247 1920 3832 1994; baseline -0.003 -15"><span class='ocrx_word' id='word_1_268' title='bbox 2247 1939 2365 1979; x_wconf 91' lang='lat' dir='ltr'><strong>mus</strong></span> <span class='ocrx_word' id='word_1_269' title='bbox 2399 1942 2412 1977; x_wconf 90' lang='lat'>:</span> <span class='ocrx_word' id='word_1_270' title='bbox 2445 1923 2638 1979; x_wconf 77' lang='lat' dir='ltr'><strong>Mulier</strong></span> <span class='ocrx_word' id='word_1_271' title='bbox 2666 1925 2744 1978; x_wconf 90' lang='lat' dir='ltr'><strong>sui</strong></span> <span class='ocrx_word' id='word_1_272' title='bbox 2789 1926 3018 1994; x_wconf 86' lang='lat' dir='ltr'><strong>corporis</strong></span> <span class='ocrx_word' id='word_1_273' title='bbox 3061 1931 3362 1993; x_wconf 86' lang='lat' dir='ltr'><strong>potestatem</strong></span> <span class='ocrx_word' id='word_1_274' title='bbox 3406 1938 3509 1977; x_wconf 90' lang='lat' dir='ltr'><strong>non</strong></span> <span class='ocrx_word' id='word_1_275' title='bbox 3538 1920 3708 1987; x_wconf 87' lang='lat' dir='ltr'><strong>habet,</strong></span> <span class='ocrx_word' id='word_1_276' title='bbox 3736 1922 3832 1975; x_wconf 75' lang='lat' dir='ltr'><strong>sed</strong></span> 
     </span>
    </p>
   </div>
   <div class='ocr_carea' id='block_1_35' title="bbox 564 2038 2142 2107">
    <p class='ocr_par' dir='ltr' id='par_1_35' title="bbox 564 2038 2142 2107">
     <span class='ocr_line' id='line_1_35' title="bbox 564 2038 2142 2107; baseline -0.003 -12"><span class='ocrx_word' id='word_1_277' title='bbox 564 2041 651 2095; x_wconf 65' lang='lat' dir='ltr'><strong>l2.</strong></span> <span class='ocrx_word' id='word_1_278' title='bbox 684 2039 914 2094; x_wconf 86' lang='lat' dir='ltr'><strong>Proinde</strong></span> <span class='ocrx_word' id='word_1_279' title='bbox 942 2040 1212 2095; x_wconf 88' lang='lat' dir='ltr'><strong>licitarum</strong></span> <span class='ocrx_word' id='word_1_280' title='bbox 1233 2054 1416 2094; x_wconf 89' lang='lat' dir='ltr'><strong>rerum</strong></span> <span class='ocrx_word' id='word_1_281' title='bbox 1446 2052 1575 2094; x_wconf 87' lang='lat' dir='ltr'><strong>usus</strong></span> <span class='ocrx_word' id='word_1_282' title='bbox 1604 2038 1749 2093; x_wconf 84' lang='lat' dir='ltr'><strong>licite</strong></span> <span class='ocrx_word' id='word_1_283' title='bbox 1784 2052 1905 2092; x_wconf 88' lang='lat' dir='ltr'><strong>cum</strong></span> <span class='ocrx_word' id='word_1_284' title='bbox 1934 2044 2142 2107; x_wconf 86' lang='lat' dir='ltr'><strong>tempe-</strong></span> 
     </span>
    </p>
   </div>
   <div class='ocr_carea' id='block_1_36' title="bbox 561 2130 2141 2201">
    <p class='ocr_par' dir='ltr' id='par_1_36' title="bbox 561 2130 2141 2201">
     <span class='ocr_line' id='line_1_36' title="bbox 561 2130 2141 2201; baseline -0.003 -12"><span class='ocrx_word' id='word_1_285' title='bbox 561 2133 736 2189; x_wconf 87' lang='lat' dir='ltr'><strong>rantia</strong></span> <span class='ocrx_word' id='word_1_286' title='bbox 766 2133 996 2201; x_wconf 78' lang='lat' dir='ltr'><strong>geritur,</strong></span> <span class='ocrx_word' id='word_1_287' title='bbox 1028 2131 1200 2187; x_wconf 88' lang='lat' dir='ltr'><strong>donec</strong></span> <span class='ocrx_word' id='word_1_288' title='bbox 1242 2131 1325 2187; x_wconf 88' lang='lat' dir='ltr'><strong>rei</strong></span> <span class='ocrx_word' id='word_1_289' title='bbox 1352 2130 1514 2186; x_wconf 69' lang='lat' dir='ltr'><strong>licitae</strong></span> <span class='ocrx_word' id='word_1_290' title='bbox 1553 2130 1879 2185; x_wconf 81' lang='lat' dir='ltr'><strong>renuntiatio</strong></span> <span class='ocrx_word' id='word_1_291' title='bbox 1904 2143 2015 2185; x_wconf 86' lang='lat' dir='ltr'><strong>non</strong></span> <span class='ocrx_word' id='word_1_292' title='bbox 2042 2142 2141 2184; x_wconf 88' lang='lat' dir='ltr'><strong>vo-</strong></span> 
     </span>
    </p>
   </div>
   <div class='ocr_carea' id='block_1_37' title="bbox 559 2220 2144 2291">
    <p class='ocr_par' dir='ltr' id='par_1_37' title="bbox 559 2220 2144 2291">
     <span class='ocr_line' id='line_1_37' title="bbox 559 2220 2144 2291; baseline -0.002 -13"><span class='ocrx_word' id='word_1_293' title='bbox 559 2231 738 2289; x_wconf 89' lang='lat' dir='ltr'><strong>vetur,</strong></span> <span class='ocrx_word' id='word_1_294' title='bbox 771 2231 827 2277; x_wconf 89' lang='lat' dir='ltr'><strong>et</strong></span> <span class='ocrx_word' id='word_1_295' title='bbox 848 2221 1082 2291; x_wconf 89' lang='lat' dir='ltr'><strong>quandiu</strong></span> <span class='ocrx_word' id='word_1_296' title='bbox 1107 2237 1214 2277; x_wconf 92' lang='lat' dir='ltr'><strong>non</strong></span> <span class='ocrx_word' id='word_1_297' title='bbox 1235 2230 1449 2276; x_wconf 85' lang='lat' dir='ltr'><strong>tenetur</strong></span> <span class='ocrx_word' id='word_1_298' title='bbox 1478 2235 1546 2276; x_wconf 80' lang='lat' dir='ltr'><strong>ex</strong></span> <span class='ocrx_word' id='word_1_299' title='bbox 1571 2220 1869 2291; x_wconf 83' lang='lat' dir='ltr'><strong>utriusque,</strong></span> <span class='ocrx_word' id='word_1_300' title='bbox 1893 2220 1941 2273; x_wconf 82' lang='lat' dir='ltr'><strong>id</strong></span> <span class='ocrx_word' id='word_1_301' title='bbox 1971 2228 2055 2274; x_wconf 87' lang='lat' dir='ltr'><strong>est</strong></span> <span class='ocrx_word' id='word_1_302' title='bbox 2075 2232 2144 2275; x_wconf 72' lang='lat' dir='ltr'><strong>ex</strong></span> 
     </span>
    </p>
   </div>
   <div class='ocr_carea' id='block_1_38' title="bbox 561 2312 2145 2383">
    <p class='ocr_par' dir='ltr' id='par_1_38' title="bbox 561 2312 2145 2383">
     <span class='ocr_line' id='line_1_38' title="bbox 561 2312 2145 2383; baseline -0.001 -14"><span class='ocrx_word' id='word_1_303' title='bbox 561 2314 741 2369; x_wconf 85' lang='lat' dir='ltr'><strong>mariti</strong></span> <span class='ocrx_word' id='word_1_304' title='bbox 765 2314 1054 2383; x_wconf 82' lang='lat' dir='ltr'><strong>uxorisque</strong></span> <span class='ocrx_word' id='word_1_305' title='bbox 1077 2320 1639 2383; x_wconf 82' lang='lat' dir='ltr'><strong>consensu,perpetua</strong></span> <span class='ocrx_word' id='word_1_306' title='bbox 1660 2312 2003 2367; x_wconf 77' lang='lat' dir='ltr'><strong>continentiae</strong></span> <span class='ocrx_word' id='word_1_307' title='bbox 2022 2326 2145 2382; x_wconf 88' lang='lat' dir='ltr'><strong>pro-</strong></span> 
     </span>
    </p>
   </div>
   <div class='ocr_carea' id='block_1_39' title="bbox 560 2402 2143 2474">
    <p class='ocr_par' dir='ltr' id='par_1_39' title="bbox 560 2402 2143 2474">
     <span class='ocr_line' id='line_1_39' title="bbox 560 2402 2143 2474; baseline -0.001 -14"><span class='ocrx_word' id='word_1_308' title='bbox 560 2406 763 2470; x_wconf 86' lang='lat' dir='ltr'><strong>missio,</strong></span> <span class='ocrx_word' id='word_1_309' title='bbox 794 2421 899 2460; x_wconf 88' lang='lat' dir='ltr'><strong>non</strong></span> <span class='ocrx_word' id='word_1_310' title='bbox 930 2414 1011 2460; x_wconf 91' lang='lat' dir='ltr'><strong>est</strong></span> <span class='ocrx_word' id='word_1_311' title='bbox 1038 2405 1222 2459; x_wconf 89' lang='lat' dir='ltr'><strong>illicita</strong></span> <span class='ocrx_word' id='word_1_312' title='bbox 1252 2404 1547 2473; x_wconf 88' lang='lat' dir='ltr'><strong>conjugalis</strong></span> <span class='ocrx_word' id='word_1_313' title='bbox 1568 2402 1826 2457; x_wconf 80' lang='lat' dir='ltr'><strong>admixtio</strong></span> <span class='ocrx_word' id='word_1_314' title='bbox 1869 2404 1963 2474; x_wconf 93' lang='lat' dir='ltr'><strong>(al.</strong></span> <span class='ocrx_word' id='word_1_315' title='bbox 1991 2419 2143 2459; x_wconf 86' lang='lat' dir='ltr'><strong>com-</strong></span> 
     </span>
    </p>
   </div>
   <div class='ocr_carea' id='block_1_40' title="bbox 561 2493 2141 2566">
    <p class='ocr_par' dir='ltr' id='par_1_40' title="bbox 561 2493 2141 2566">
     <span class='ocr_line' id='line_1_40' title="bbox 561 2493 2141 2566; baseline 0 -15"><span class='ocrx_word' id='word_1_316' title='bbox 561 2496 793 2566; x_wconf 77' lang='lat' dir='ltr'><strong>mixtio).</strong></span> <span class='ocrx_word' id='word_1_317' title='bbox 827 2495 1096 2565; x_wconf 91' lang='lat' dir='ltr'><strong>Scriptum</strong></span> <span class='ocrx_word' id='word_1_318' title='bbox 1122 2503 1205 2550; x_wconf 90' lang='lat' dir='ltr'><strong>est</strong></span> <span class='ocrx_word' id='word_1_319' title='bbox 1227 2498 1371 2549; x_wconf 88' lang='lat' dir='ltr'><strong>enim</strong></span> <span class='ocrx_word' id='word_1_320' title='bbox 1401 2512 1413 2548; x_wconf 90' lang='lat'>:</span> <span class='ocrx_word' id='word_1_321' title='bbox 1446 2493 1508 2550; x_wconf 88' lang='lat' dir='ltr'><strong>Si</strong></span> <span class='ocrx_word' id='word_1_322' title='bbox 1528 2493 1740 2549; x_wconf 73' lang='lat' dir='ltr'><strong>duxeris</strong></span> <span class='ocrx_word' id='word_1_323' title='bbox 1771 2510 2006 2563; x_wconf 79' lang='lat' dir='ltr'><strong>uxorem,</strong></span> <span class='ocrx_word' id='word_1_324' title='bbox 2033 2513 2141 2551; x_wconf 91' lang='lat' dir='ltr'><strong>non</strong></span> 
     </span>
    </p>
   </div>
   <div class='ocr_carea' id='block_1_41' title="bbox 558 2584 2137 2660">
    <p class='ocr_par' dir='ltr' id='par_1_41' title="bbox 558 2584 2137 2660">
     <span class='ocr_line' id='line_1_41' title="bbox 558 2584 2137 2660; baseline -0.001 -17"><span class='ocrx_word' id='word_1_325' title='bbox 558 2590 812 2660; x_wconf 84' lang='lat' dir='ltr'><strong>peccasti;</strong></span> <span class='ocrx_word' id='word_1_326' title='bbox 843 2597 891 2642; x_wconf 90' lang='lat' dir='ltr'><strong>et</strong></span> <span class='ocrx_word' id='word_1_327' title='bbox 920 2588 965 2641; x_wconf 90' lang='lat' dir='ltr'><strong>si</strong></span> <span class='ocrx_word' id='word_1_328' title='bbox 994 2588 1223 2659; x_wconf 83' lang='lat' dir='ltr'><strong>nupserit</strong></span> <span class='ocrx_word' id='word_1_329' title='bbox 1252 2588 1411 2658; x_wconf 85' lang='lat' dir='ltr'><strong>virgo,</strong></span> <span class='ocrx_word' id='word_1_330' title='bbox 1435 2602 1542 2640; x_wconf 87' lang='lat' dir='ltr'><strong>non</strong></span> <span class='ocrx_word' id='word_1_331' title='bbox 1565 2587 1790 2656; x_wconf 80' lang='lat' dir='ltr'><strong>peccavit</strong></span> <span class='ocrx_word' id='word_1_332' title='bbox 1818 2585 1871 2654; x_wconf 86' lang='grc' dir='ltr'>(ι</span> <span class='ocrx_word' id='word_1_333' title='bbox 1893 2584 2012 2640; x_wconf 87' lang='lat' dir='ltr'><strong>Cor.</strong></span> <span class='ocrx_word' id='word_1_334' title='bbox 2047 2603 2137 2654; x_wconf 78' lang='lat' dir='ltr'><strong>vn,</strong></span> 
     </span>
    </p>
   </div>
   <div class='ocr_carea' id='block_1_42' title="bbox 557 2676 2140 2749">
    <p class='ocr_par' dir='ltr' id='par_1_42' title="bbox 557 2676 2140 2749">
     <span class='ocr_line' id='line_1_42' title="bbox 557 2676 2140 2749; baseline -0.002 -15"><span class='ocrx_word' id='word_1_335' title='bbox 557 2678 673 2749; x_wconf 70' lang='lat'><strong>28).</strong></span> <span class='ocrx_word' id='word_1_336' title='bbox 713 2678 1089 2733; x_wconf 83' lang='lat' dir='ltr'><strong>Verumtamen</strong></span> <span class='ocrx_word' id='word_1_337' title='bbox 1117 2692 1238 2731; x_wconf 89' lang='lat' dir='ltr'><strong>cum</strong></span> <span class='ocrx_word' id='word_1_338' title='bbox 1289 2677 1385 2746; x_wconf 88' lang='lat' dir='ltr'><strong>(al.</strong></span> <span class='ocrx_word' id='word_1_339' title='bbox 1416 2676 1540 2745; x_wconf 89' lang='lat' dir='ltr'><strong>etsi)</strong></span> <span class='ocrx_word' id='word_1_340' title='bbox 1588 2691 1699 2730; x_wconf 87' lang='lat' dir='ltr'><strong>non</strong></span> <span class='ocrx_word' id='word_1_341' title='bbox 1743 2685 1933 2746; x_wconf 89' lang='lat' dir='ltr'><strong>peccet</strong></span> <span class='ocrx_word' id='word_1_342' title='bbox 1990 2677 2140 2746; x_wconf 79' lang='lat' dir='ltr'><strong>virgo</strong></span> 
     </span>
    </p>
   </div>
   <div class='ocr_carea' id='block_1_43' title="bbox 559 2768 2135 2843">
    <p class='ocr_par' dir='ltr' id='par_1_43' title="bbox 559 2768 2135 2843">
     <span class='ocr_line' id='line_1_43' title="bbox 559 2768 2135 2843; baseline 0 -18"><span class='ocrx_word' id='word_1_343' title='bbox 559 2786 678 2843; x_wconf 63' lang='lat' dir='ltr'><strong>qua:</strong></span> <span class='ocrx_word' id='word_1_344' title='bbox 697 2770 868 2835; x_wconf 89' lang='lat' dir='ltr'><strong>nubit,</strong></span> <span class='ocrx_word' id='word_1_345' title='bbox 886 2769 1154 2823; x_wconf 88' lang='lat' dir='ltr'><strong>invenitur</strong></span> <span class='ocrx_word' id='word_1_346' title='bbox 1175 2768 1353 2838; x_wconf 88' lang='lat' dir='ltr'><strong>aliqua</strong></span> <span class='ocrx_word' id='word_1_347' title='bbox 1374 2768 1525 2836; x_wconf 86' lang='lat' dir='ltr'><strong>virgo</strong></span> <span class='ocrx_word' id='word_1_348' title='bbox 1548 2780 1771 2838; x_wconf 82' lang='lat' dir='ltr'><strong>peccare</strong></span> <span class='ocrx_word' id='word_1_349' title='bbox 1790 2769 1835 2823; x_wconf 90' lang='lat' dir='ltr'><strong>si</strong></span> <span class='ocrx_word' id='word_1_350' title='bbox 1856 2771 2097 2839; x_wconf 87' lang='lat' dir='ltr'><strong>nupserit</strong></span> <span class='ocrx_word' id='word_1_351' title='bbox 2120 2787 2135 2825; x_wconf 91' lang='lat'><strong>:</strong></span> 
     </span>
    </p>
   </div>
   <div class='ocr_carea' id='block_1_44' title="bbox 558 2860 2138 2932">
    <p class='ocr_par' dir='ltr' id='par_1_44' title="bbox 558 2860 2138 2932">
     <span class='ocr_line' id='line_1_44' title="bbox 558 2860 2138 2932; baseline 0.002 -15"><span class='ocrx_word' id='word_1_352' title='bbox 558 2878 667 2917; x_wconf 90' lang='lat' dir='ltr'><strong>non</strong></span> <span class='ocrx_word' id='word_1_353' title='bbox 698 2862 841 2916; x_wconf 89' lang='lat' dir='ltr'><strong>enim</strong></span> <span class='ocrx_word' id='word_1_354' title='bbox 894 2868 1082 2932; x_wconf 87' lang='lat' dir='ltr'><strong>peccat</strong></span> <span class='ocrx_word' id='word_1_355' title='bbox 1111 2861 1262 2928; x_wconf 86' lang='lat' dir='ltr'><strong>virgo</strong></span> <span class='ocrx_word' id='word_1_356' title='bbox 1289 2860 1516 2925; x_wconf 88' lang='lat' dir='ltr'><strong>nubens,</strong></span> <span class='ocrx_word' id='word_1_357' title='bbox 1549 2860 1595 2915; x_wconf 90' lang='lat' dir='ltr'><strong>si</strong></span> <span class='ocrx_word' id='word_1_358' title='bbox 1625 2860 1979 2931; x_wconf 77' lang='lat' dir='ltr'><strong>virginitatem</strong></span> <span class='ocrx_word' id='word_1_359' title='bbox 2023 2863 2138 2920; x_wconf 81' lang='lat' dir='ltr'><strong>Deo</strong></span> 
     </span>
    </p>
   </div>
   <div class='ocr_carea' id='block_1_45' title="bbox 558 2953 2138 3031">
    <p class='ocr_par' dir='ltr' id='par_1_45' title="bbox 558 2953 2138 3031">
     <span class='ocr_line' id='line_1_45' title="bbox 558 2953 2138 3031; baseline 0 -20"><span class='ocrx_word' id='word_1_360' title='bbox 558 2957 870 3031; x_wconf 88' lang='lat' dir='ltr'><strong>priusquam</strong></span> <span class='ocrx_word' id='word_1_361' title='bbox 904 2956 1128 3011; x_wconf 88' lang='lat' dir='ltr'><strong>nuberet</strong></span> <span class='ocrx_word' id='word_1_362' title='bbox 1156 2955 1211 3009; x_wconf 92' lang='lat' dir='ltr'><strong>in</strong></span> <span class='ocrx_word' id='word_1_363' title='bbox 1237 2953 1398 3009; x_wconf 90' lang='lat' dir='ltr'><strong>corde</strong></span> <span class='ocrx_word' id='word_1_364' title='bbox 1447 2968 1551 3007; x_wconf 91' lang='lat' dir='ltr'><strong>non</strong></span> <span class='ocrx_word' id='word_1_365' title='bbox 1580 2955 1748 3009; x_wconf 84' lang='lat' dir='ltr'><strong>vovit.</strong></span> <span class='ocrx_word' id='word_1_366' title='bbox 1780 2953 2046 3011; x_wconf 67' lang='lat' dir='ltr'><strong>Cancrum</strong></span> <span class='ocrx_word' id='word_1_367' title='bbox 2089 2957 2138 3011; x_wconf 90' lang='lat' dir='ltr'><strong>si</strong></span> 
     </span>
    </p>
   </div>
   <div class='ocr_carea' id='block_1_46' title="bbox 560 3042 2136 3117">
    <p class='ocr_par' dir='ltr' id='par_1_46' title="bbox 560 3042 2136 3117">
     <span class='ocr_line' id='line_1_46' title="bbox 560 3042 2136 3117; baseline 0.001 -16"><span class='ocrx_word' id='word_1_368' title='bbox 560 3046 1031 3117; x_wconf 83' lang='lat' dir='ltr'><strong>(quemadmodum</strong></span> <span class='ocrx_word' id='word_1_369' title='bbox 1080 3045 1215 3101; x_wconf 86' lang='lat' dir='ltr'><strong>dixit</strong></span> <span class='ocrx_word' id='word_1_370' title='bbox 1243 3042 1553 3116; x_wconf 87' lang='lat' dir='ltr'><strong>Apostolus)</strong></span> <span class='ocrx_word' id='word_1_371' title='bbox 1582 3048 1761 3099; x_wconf 80' lang='lat' dir='ltr'><strong>statuit</strong></span> <span class='ocrx_word' id='word_1_372' title='bbox 1787 3047 1841 3100; x_wconf 91' lang='lat' dir='ltr'><strong>in</strong></span> <span class='ocrx_word' id='word_1_373' title='bbox 1864 3047 2017 3102; x_wconf 86' lang='lat' dir='ltr'><strong>corde</strong></span> <span class='ocrx_word' id='word_1_374' title='bbox 2045 3063 2136 3103; x_wconf 71' lang='lat' dir='ltr'><strong>suo</strong></span> 
     </span>
    </p>
   </div>
   <div class='ocr_carea' id='block_1_47' title="bbox 558 3129 2136 3212">
    <p class='ocr_par' dir='ltr' id='par_1_47' title="bbox 558 3129 2136 3212">
     <span class='ocr_line' id='line_1_47' title="bbox 558 3129 2136 3212; baseline -0.001 -16"><span class='ocrx_word' id='word_1_375' title='bbox 558 3143 710 3212; x_wconf 81' lang='lat' dir='ltr'><strong>ﬁrma</strong></span> <span class='ocrx_word' id='word_1_376' title='bbox 751 3158 855 3196; x_wconf 88' lang='lat' dir='ltr'><strong>non</strong></span> <span class='ocrx_word' id='word_1_377' title='bbox 886 3140 1077 3194; x_wconf 80' lang='lat' dir='ltr'><strong>habens</strong></span> <span class='ocrx_word' id='word_1_378' title='bbox 1110 3129 1490 3201; x_wconf 60' lang='lat' dir='ltr'><strong>necessitatem,</strong></span> <span class='ocrx_word' id='word_1_379' title='bbox 1522 3147 1825 3209; x_wconf 89' lang='lat' dir='ltr'><strong>potestatem</strong></span> <span class='ocrx_word' id='word_1_380' title='bbox 1848 3144 2015 3193; x_wconf 83' lang='lat' dir='ltr'><strong>autem</strong></span> <span class='ocrx_word' id='word_1_381' title='bbox 2037 3140 2136 3194; x_wconf 86' lang='lat' dir='ltr'><strong>ha-</strong></span> 
     </span>
    </p>
   </div>
   <div class='ocr_carea' id='block_1_48' title="bbox 559 3228 2135 3299">
    <p class='ocr_par' dir='ltr' id='par_1_48' title="bbox 559 3228 2135 3299">
     <span class='ocr_line' id='line_1_48' title="bbox 559 3228 2135 3299; baseline -0.001 -13"><span class='ocrx_word' id='word_1_382' title='bbox 559 3233 681 3287; x_wconf 87' lang='lat' dir='ltr'><strong>bens</strong></span> <span class='ocrx_word' id='word_1_383' title='bbox 700 3249 809 3288; x_wconf 79' lang='lat' dir='ltr'><strong>sua:</strong></span> <span class='ocrx_word' id='word_1_384' title='bbox 829 3231 1106 3286; x_wconf 75' lang='lat' dir='ltr'><strong>voluntatis</strong></span> <span class='ocrx_word' id='word_1_385' title='bbox 1122 3270 1136 3289; x_wconf 91' lang='lat'><strong>.</strong></span> <span class='ocrx_word' id='word_1_386' title='bbox 1163 3239 1211 3282; x_wconf 87' lang='lat' dir='ltr'><strong>et</strong></span> <span class='ocrx_word' id='word_1_387' title='bbox 1239 3230 1333 3283; x_wconf 85' lang='lat' dir='ltr'><strong>hoc</strong></span> <span class='ocrx_word' id='word_1_388' title='bbox 1351 3228 1604 3299; x_wconf 86' lang='lat' dir='ltr'><strong>judicavit</strong></span> <span class='ocrx_word' id='word_1_389' title='bbox 1628 3229 1685 3283; x_wconf 91' lang='lat' dir='ltr'><strong>in</strong></span> <span class='ocrx_word' id='word_1_390' title='bbox 1713 3229 1865 3283; x_wconf 84' lang='lat' dir='ltr'><strong>corde</strong></span> <span class='ocrx_word' id='word_1_391' title='bbox 1888 3246 1999 3296; x_wconf 92' lang='lat' dir='ltr'><strong>suo,</strong></span> <span class='ocrx_word' id='word_1_392' title='bbox 2024 3246 2135 3285; x_wconf 87' lang='lat' dir='ltr'><strong>ser-</strong></span> 
     </span>
    </p>
   </div>
   <div class='ocr_carea' id='block_1_49' title="bbox 2242 2015 3829 2083">
    <p class='ocr_par' dir='ltr' id='par_1_49' title="bbox 2242 2015 3829 2083">
     <span class='ocr_line' id='line_1_49' title="bbox 2242 2015 3829 2083; baseline -0.002 -15"><span class='ocrx_word' id='word_1_393' title='bbox 2242 2015 2351 2079; x_wconf 88' lang='lat' dir='ltr'><strong>vir;</strong></span> <span class='ocrx_word' id='word_1_394' title='bbox 2382 2015 2621 2069; x_wconf 86' lang='lat' dir='ltr'><strong>similiter</strong></span> <span class='ocrx_word' id='word_1_395' title='bbox 2647 2021 2818 2069; x_wconf 81' lang='lat' dir='ltr'><strong>autem</strong></span> <span class='ocrx_word' id='word_1_396' title='bbox 2840 2021 2889 2067; x_wconf 90' lang='lat' dir='ltr'><strong>et</strong></span> <span class='ocrx_word' id='word_1_397' title='bbox 2911 2015 2988 2068; x_wconf 87' lang='lat' dir='ltr'><strong>vir</strong></span> <span class='ocrx_word' id='word_1_398' title='bbox 3012 2015 3091 2068; x_wconf 89' lang='lat' dir='ltr'><strong>sui</strong></span> <span class='ocrx_word' id='word_1_399' title='bbox 3131 2015 3361 2083; x_wconf 88' lang='lat' dir='ltr'><strong>corporis</strong></span> <span class='ocrx_word' id='word_1_400' title='bbox 3386 2020 3689 2083; x_wconf 84' lang='lat' dir='ltr'><strong>potestatem</strong></span> <span class='ocrx_word' id='word_1_401' title='bbox 3716 2028 3829 2067; x_wconf 79' lang='lat' dir='ltr'><strong>non</strong></span> 
     </span>
    </p>
   </div>
   <div class='ocr_carea' id='block_1_50' title="bbox 2244 2105 3832 2177">
    <p class='ocr_par' dir='ltr' id='par_1_50' title="bbox 2244 2105 3832 2177">
     <span class='ocr_line' id='line_1_50' title="bbox 2244 2105 3832 2177; baseline -0.002 -14"><span class='ocrx_word' id='word_1_402' title='bbox 2244 2108 2415 2175; x_wconf 82' lang='lat' dir='ltr'><strong>habet,</strong></span> <span class='ocrx_word' id='word_1_403' title='bbox 2446 2109 2539 2164; x_wconf 88' lang='lat' dir='ltr'><strong>sed</strong></span> <span class='ocrx_word' id='word_1_404' title='bbox 2587 2110 2773 2164; x_wconf 84' lang='lat' dir='ltr'><strong>mulier</strong></span> <span class='ocrx_word' id='word_1_405' title='bbox 2803 2106 2856 2177; x_wconf 85' lang='grc'><strong>(1</strong></span> <span class='ocrx_word' id='word_1_406' title='bbox 2886 2106 3007 2162; x_wconf 85' lang='lat' dir='ltr'><strong>Cor.</strong></span> <span class='ocrx_word' id='word_1_407' title='bbox 3039 2123 3131 2170; x_wconf 90' lang='lat' dir='ltr'><strong>vn,</strong></span> <span class='ocrx_word' id='word_1_408' title='bbox 3161 2106 3238 2177; x_wconf 74' lang='grc'><strong>4).</strong></span> <span class='ocrx_word' id='word_1_409' title='bbox 3269 2105 3387 2160; x_wconf 85' lang='grc' dir='ltr'>Νοιι</span> <span class='ocrx_word' id='word_1_410' title='bbox 3428 2106 3608 2174; x_wconf 90' lang='lat' dir='ltr'><strong>itaque</strong></span> <span class='ocrx_word' id='word_1_411' title='bbox 3635 2105 3832 2160; x_wconf 85' lang='lat' dir='ltr'><strong>sinitur</strong></span> 
     </span>
    </p>
   </div>
   <div class='ocr_carea' id='block_1_51' title="bbox 2243 2197 3825 2270">
    <p class='ocr_par' dir='ltr' id='par_1_51' title="bbox 2243 2197 3825 2270">
     <span class='ocr_line' id='line_1_51' title="bbox 2243 2197 3825 2270; baseline -0.003 -15"><span class='ocrx_word' id='word_1_412' title='bbox 2243 2199 2446 2270; x_wconf 84' lang='lat' dir='ltr'><strong>absque</strong></span> <span class='ocrx_word' id='word_1_413' title='bbox 2494 2198 2737 2268; x_wconf 88' lang='lat' dir='ltr'><strong>conjugis</strong></span> <span class='ocrx_word' id='word_1_414' title='bbox 2764 2199 3043 2253; x_wconf 85' lang='lat' dir='ltr'><strong>voluntate</strong></span> <span class='ocrx_word' id='word_1_415' title='bbox 3071 2197 3459 2252; x_wconf 87' lang='lat' dir='ltr'><strong>continentiam</strong></span> <span class='ocrx_word' id='word_1_416' title='bbox 3505 2210 3783 2251; x_wconf 87' lang='lat' dir='ltr'><strong>assumere</strong></span> <span class='ocrx_word' id='word_1_417' title='bbox 3803 2230 3825 2261; x_wconf 87' lang='lat'><strong>,</strong></span> 
     </span>
    </p>
   </div>
   <div class='ocr_carea' id='block_1_52' title="bbox 2243 2286 3826 2361">
    <p class='ocr_par' dir='ltr' id='par_1_52' title="bbox 2243 2286 3826 2361">
     <span class='ocr_line' id='line_1_52' title="bbox 2243 2286 3826 2361; baseline -0.003 -15"><span class='ocrx_word' id='word_1_418' title='bbox 2243 2289 2395 2360; x_wconf 89' lang='lat' dir='ltr'><strong>cujus</strong></span> <span class='ocrx_word' id='word_1_419' title='bbox 2422 2304 2617 2361; x_wconf 90' lang='lat' dir='ltr'><strong>corpus</strong></span> <span class='ocrx_word' id='word_1_420' title='bbox 2644 2305 2750 2345; x_wconf 91' lang='lat' dir='ltr'><strong>non</strong></span> <span class='ocrx_word' id='word_1_421' title='bbox 2777 2297 2861 2345; x_wconf 90' lang='lat' dir='ltr'><strong>est</strong></span> <span class='ocrx_word' id='word_1_422' title='bbox 2888 2289 2941 2343; x_wconf 91' lang='lat' dir='ltr'><strong>in</strong></span> <span class='ocrx_word' id='word_1_423' title='bbox 2956 2288 3173 2358; x_wconf 87' lang='lat' dir='ltr'><strong>propria</strong></span> <span class='ocrx_word' id='word_1_424' title='bbox 3201 2295 3471 2358; x_wconf 87' lang='lat' dir='ltr'><strong>potestate</strong></span> <span class='ocrx_word' id='word_1_425' title='bbox 3497 2304 3511 2341; x_wconf 83' lang='lat'><strong>:</strong></span> <span class='ocrx_word' id='word_1_426' title='bbox 3544 2286 3651 2341; x_wconf 85' lang='lat' dir='ltr'><strong>hoc</strong></span> <span class='ocrx_word' id='word_1_427' title='bbox 3677 2286 3826 2341; x_wconf 85' lang='lat' dir='ltr'><strong>enim</strong></span> 
     </span>
    </p>
   </div>
   <div class='ocr_carea' id='block_1_53' title="bbox 2236 2377 3825 2454">
    <p class='ocr_par' dir='ltr' id='par_1_53' title="bbox 2236 2377 3825 2454">
     <span class='ocr_line' id='line_1_53' title="bbox 2236 2377 3825 2454; baseline -0.004 -17"><span class='ocrx_word' id='word_1_428' title='bbox 2236 2383 2470 2454; x_wconf 86' lang='lat' dir='ltr'><strong>quisque</strong></span> <span class='ocrx_word' id='word_1_429' title='bbox 2508 2389 2659 2438; x_wconf 90' lang='lat' dir='ltr'><strong>recta</strong></span> <span class='ocrx_word' id='word_1_430' title='bbox 2706 2388 2764 2436; x_wconf 90' lang='lat' dir='ltr'><strong>et</strong></span> <span class='ocrx_word' id='word_1_431' title='bbox 2815 2382 2966 2435; x_wconf 86' lang='lat' dir='ltr'><strong>tirma</strong></span> <span class='ocrx_word' id='word_1_432' title='bbox 3010 2379 3299 2435; x_wconf 89' lang='lat' dir='ltr'><strong>devotione</strong></span> <span class='ocrx_word' id='word_1_433' title='bbox 3325 2378 3474 2434; x_wconf 89' lang='lat' dir='ltr'><strong>solus</strong></span> <span class='ocrx_word' id='word_1_434' title='bbox 3513 2377 3825 2447; x_wconf 83' lang='lat' dir='ltr'><strong>promittit.</strong></span> 
     </span>
    </p>
   </div>
   <div class='ocr_carea' id='block_1_54' title="bbox 2241 2467 3827 2544">
    <p class='ocr_par' dir='ltr' id='par_1_54' title="bbox 2241 2467 3827 2544">
     <span class='ocr_line' id='line_1_54' title="bbox 2241 2467 3827 2544; baseline -0.003 -16"><span class='ocrx_word' id='word_1_435' title='bbox 2241 2471 2392 2544; x_wconf 89' lang='lat' dir='ltr'><strong>quod</strong></span> <span class='ocrx_word' id='word_1_436' title='bbox 2432 2471 2516 2527; x_wconf 89' lang='lat' dir='ltr'><strong>sui</strong></span> <span class='ocrx_word' id='word_1_437' title='bbox 2545 2479 2750 2527; x_wconf 90' lang='lat' dir='ltr'><strong>tantum</strong></span> <span class='ocrx_word' id='word_1_438' title='bbox 2801 2472 2936 2541; x_wconf 89' lang='lat' dir='ltr'><strong>juris</strong></span> <span class='ocrx_word' id='word_1_439' title='bbox 2987 2485 3105 2526; x_wconf 86' lang='lat' dir='ltr'><strong>esse</strong></span> <span class='ocrx_word' id='word_1_440' title='bbox 3150 2470 3483 2539; x_wconf 87' lang='lat' dir='ltr'><strong>cognoverit.</strong></span> <span class='ocrx_word' id='word_1_441' title='bbox 3516 2477 3543 2507; x_wconf 78' lang='grc' dir='ltr'>ι</span> <span class='ocrx_word' id='word_1_442' title='bbox 3582 2467 3713 2523; x_wconf 84' lang='lat' dir='ltr'><strong>Tale</strong></span> <span class='ocrx_word' id='word_1_443' title='bbox 3739 2477 3827 2525; x_wconf 87' lang='lat' dir='ltr'><strong>est</strong></span> 
     </span>
    </p>
   </div>
   <div class='ocr_carea' id='block_1_55' title="bbox 2241 2560 3822 2635">
    <p class='ocr_par' dir='ltr' id='par_1_55' title="bbox 2241 2560 3822 2635">
     <span class='ocr_line' id='line_1_55' title="bbox 2241 2560 3822 2635; baseline -0.003 -14"><span class='ocrx_word' id='word_1_444' title='bbox 2241 2564 2386 2621; x_wconf 86' lang='lat' dir='ltr'><strong>enim</strong></span> <span class='ocrx_word' id='word_1_445' title='bbox 2413 2572 2472 2621; x_wconf 89' lang='lat' dir='ltr'><strong>ut</strong></span> <span class='ocrx_word' id='word_1_446' title='bbox 2490 2563 2623 2620; x_wconf 90' lang='lat' dir='ltr'><strong>velit</strong></span> <span class='ocrx_word' id='word_1_447' title='bbox 2645 2564 2871 2635; x_wconf 90' lang='lat' dir='ltr'><strong>quisque</strong></span> <span class='ocrx_word' id='word_1_448' title='bbox 2888 2562 3132 2633; x_wconf 85' lang='lat' dir='ltr'><strong>corporis</strong></span> <span class='ocrx_word' id='word_1_449' title='bbox 3159 2562 3273 2626; x_wconf 87' lang='lat' dir='ltr'><strong>sui,</strong></span> <span class='ocrx_word' id='word_1_450' title='bbox 3300 2560 3445 2631; x_wconf 90' lang='lat' dir='ltr'><strong>quod</strong></span> <span class='ocrx_word' id='word_1_451' title='bbox 3483 2568 3567 2616; x_wconf 92' lang='lat' dir='ltr'><strong>est</strong></span> <span class='ocrx_word' id='word_1_452' title='bbox 3594 2560 3648 2615; x_wconf 89' lang='lat' dir='ltr'><strong>in</strong></span> <span class='ocrx_word' id='word_1_453' title='bbox 3685 2574 3822 2617; x_wconf 87' lang='lat' dir='ltr'><strong>eoa-</strong></span> 
     </span>
    </p>
   </div>
   <div class='ocr_carea' id='block_1_56' title="bbox 2236 2644 3823 2725">
    <p class='ocr_par' dir='ltr' id='par_1_56' title="bbox 2236 2644 3823 2725">
     <span class='ocr_line' id='line_1_56' title="bbox 2236 2644 3823 2725; baseline -0.002 -16"><span class='ocrx_word' id='word_1_454' title='bbox 2236 2653 2380 2725; x_wconf 87' lang='lat' dir='ltr'><strong>jugis</strong></span> <span class='ocrx_word' id='word_1_455' title='bbox 2401 2661 2691 2725; x_wconf 85' lang='lat' dir='ltr'><strong>potestate,</strong></span> <span class='ocrx_word' id='word_1_456' title='bbox 2723 2654 3110 2710; x_wconf 86' lang='lat' dir='ltr'><strong>continentiam</strong></span> <span class='ocrx_word' id='word_1_457' title='bbox 3132 2652 3402 2723; x_wconf 77' lang='lat' dir='ltr'><strong>proﬁteri,</strong></span> <span class='ocrx_word' id='word_1_458' title='bbox 3422 2644 3585 2720; x_wconf 84' lang='lat' dir='ltr'><strong>quale</strong></span> <span class='ocrx_word' id='word_1_459' title='bbox 3613 2650 3659 2709; x_wconf 84' lang='lat' dir='ltr'><strong>si</strong></span> <span class='ocrx_word' id='word_1_460' title='bbox 3696 2650 3823 2719; x_wconf 86' lang='lat' dir='ltr'><strong>quis</strong></span> 
     </span>
    </p>
   </div>
   <div class='ocr_carea' id='block_1_57' title="bbox 2240 2742 3823 2815">
    <p class='ocr_par' dir='ltr' id='par_1_57' title="bbox 2240 2742 3823 2815">
     <span class='ocr_line' id='line_1_57' title="bbox 2240 2742 3823 2815; baseline -0.003 -13"><span class='ocrx_word' id='word_1_461' title='bbox 2240 2747 2311 2803; x_wconf 92' lang='lat' dir='ltr'><strong>de</strong></span> <span class='ocrx_word' id='word_1_462' title='bbox 2368 2747 2591 2804; x_wconf 88' lang='lat' dir='ltr'><strong>alterius</strong></span> <span class='ocrx_word' id='word_1_463' title='bbox 2619 2748 2918 2803; x_wconf 88' lang='lat' dir='ltr'><strong>substantia</strong></span> <span class='ocrx_word' id='word_1_464' title='bbox 2960 2754 3053 2802; x_wconf 88' lang='lat' dir='ltr'><strong>aut</strong></span> <span class='ocrx_word' id='word_1_465' title='bbox 3101 2745 3498 2815; x_wconf 72' lang='lat' dir='ltr'><strong>eleemosvnam</strong></span> <span class='ocrx_word' id='word_1_466' title='bbox 3527 2742 3705 2798; x_wconf 81' lang='lat' dir='ltr'><strong>facere</strong></span> <span class='ocrx_word' id='word_1_467' title='bbox 3729 2750 3823 2797; x_wconf 86' lang='lat' dir='ltr'><strong>aut</strong></span> 
     </span>
    </p>
   </div>
   <div class='ocr_carea' id='block_1_58' title="bbox 2240 2832 3823 2903">
    <p class='ocr_par' dir='ltr' id='par_1_58' title="bbox 2240 2832 3823 2903">
     <span class='ocr_line' id='line_1_58' title="bbox 2240 2832 3823 2903; baseline -0.005 -6"><span class='ocrx_word' id='word_1_468' title='bbox 2240 2839 2557 2897; x_wconf 82' lang='lat' dir='ltr'><strong>sacriﬁcium</strong></span> <span class='ocrx_word' id='word_1_469' title='bbox 2580 2848 2807 2895; x_wconf 86' lang='lat' dir='ltr'><strong>conetur</strong></span> <span class='ocrx_word' id='word_1_470' title='bbox 2834 2838 3028 2894; x_wconf 83' lang='lat' dir='ltr'><strong>oil&#39;errc</strong></span> <span class='ocrx_word' id='word_1_471' title='bbox 3052 2855 3065 2890; x_wconf 92' lang='lat'><strong>:</strong></span> <span class='ocrx_word' id='word_1_472' title='bbox 3094 2836 3235 2890; x_wconf 86' lang='lat' dir='ltr'><strong>Deus</strong></span> <span class='ocrx_word' id='word_1_473' title='bbox 3254 2842 3432 2889; x_wconf 90' lang='lat' dir='ltr'><strong>autem</strong></span> <span class='ocrx_word' id='word_1_474' title='bbox 3453 2841 3640 2887; x_wconf 91' lang='lat' dir='ltr'><strong>noster</strong></span> <span class='ocrx_word' id='word_1_475' title='bbox 3662 2832 3823 2903; x_wconf 86' lang='lat' dir='ltr'><strong>(sicut</strong></span> 
     </span>
    </p>
   </div>
   <div class='ocr_carea' id='block_1_59' title="bbox 2242 2923 3816 3004">
    <p class='ocr_par' dir='ltr' id='par_1_59' title="bbox 2242 2923 3816 3004">
     <span class='ocr_line' id='line_1_59' title="bbox 2242 2923 3816 3004; baseline -0.005 -17"><span class='ocrx_word' id='word_1_476' title='bbox 2242 2932 2358 3003; x_wconf 85' lang='lat' dir='ltr'><strong>ipse</strong></span> <span class='ocrx_word' id='word_1_477' title='bbox 2378 2932 2630 3004; x_wconf 82' lang='lat' dir='ltr'><strong>testatur)</strong></span> <span class='ocrx_word' id='word_1_478' title='bbox 2661 2931 2835 3003; x_wconf 77' lang='lat' dir='ltr'><strong>diligit</strong></span> <span class='ocrx_word' id='word_1_479' title='bbox 2854 2930 3136 3001; x_wconf 78' lang='lat' dir='ltr'><strong>justitiam,</strong></span> <span class='ocrx_word' id='word_1_480' title='bbox 3164 2938 3215 2983; x_wconf 89' lang='lat' dir='ltr'><strong>et</strong></span> <span class='ocrx_word' id='word_1_481' title='bbox 3241 2927 3360 2983; x_wconf 88' lang='lat' dir='ltr'><strong>odio</strong></span> <span class='ocrx_word' id='word_1_482' title='bbox 3386 2923 3536 2980; x_wconf 86' lang='lat' dir='ltr'><strong>habet</strong></span> <span class='ocrx_word' id='word_1_483' title='bbox 3574 2926 3816 2995; x_wconf 82' lang='lat' dir='ltr'><strong>rapinam</strong></span> 
     </span>
    </p>
   </div>
   <div class='ocr_carea' id='block_1_60' title="bbox 2237 3019 3033 3094">
    <p class='ocr_par' dir='ltr' id='par_1_60' title="bbox 2237 3019 3033 3094">
     <span class='ocr_line' id='line_1_60' title="bbox 2237 3019 3033 3094; baseline -0.006 -15"><span class='ocrx_word' id='word_1_484' title='bbox 2237 3024 2294 3079; x_wconf 90' lang='lat' dir='ltr'><strong>in</strong></span> <span class='ocrx_word' id='word_1_485' title='bbox 2323 3021 2796 3094; x_wconf 87' lang='lat' dir='ltr'><strong>holocausto(1sai.</strong></span> <span class='ocrx_word' id='word_1_486' title='bbox 2826 3036 2935 3088; x_wconf 76' lang='lat' dir='ltr'><strong>ut,</strong></span> <span class='ocrx_word' id='word_1_487' title='bbox 2957 3019 3033 3091; x_wconf 89' lang='lat'><strong>8).</strong></span> 
     </span>
    </p>
   </div>
   <div class='ocr_carea' id='block_1_61' title="bbox 2313 3126 3825 3206">
    <p class='ocr_par' dir='ltr' id='par_1_61' title="bbox 2313 3126 3825 3206">
     <span class='ocr_line' id='line_1_61' title="bbox 2313 3126 3825 3206; baseline -0.009 -14"><span class='ocrx_word' id='word_1_488' title='bbox 2313 3134 2401 3192; x_wconf 82' lang='lat' dir='ltr'><strong>l5.</strong></span> <span class='ocrx_word' id='word_1_489' title='bbox 2426 3136 2519 3192; x_wconf 83' lang='lat' dir='ltr'><strong>illa</strong></span> <span class='ocrx_word' id='word_1_490' title='bbox 2550 3136 2735 3206; x_wconf 90' lang='lat' dir='ltr'><strong>itaque</strong></span> <span class='ocrx_word' id='word_1_491' title='bbox 2759 3135 2901 3190; x_wconf 82' lang='lat' dir='ltr'><strong>inter</strong></span> <span class='ocrx_word' id='word_1_492' title='bbox 2920 3132 3176 3202; x_wconf 88' lang='lat' dir='ltr'><strong>conjuges</strong></span> <span class='ocrx_word' id='word_1_493' title='bbox 3203 3138 3286 3186; x_wconf 89' lang='lat' dir='ltr'><strong>est</strong></span> <span class='ocrx_word' id='word_1_494' title='bbox 3305 3126 3649 3185; x_wconf 66' lang='lat' dir='ltr'><strong>continentiae</strong></span> <span class='ocrx_word' id='word_1_495' title='bbox 3666 3131 3825 3180; x_wconf 73' lang='lat' dir='ltr'><strong>certa</strong></span> 
     </span>
    </p>
   </div>
   <div class='ocr_carea' id='block_1_62' title="bbox 2240 3212 3821 3298">
    <p class='ocr_par' dir='ltr' id='par_1_62' title="bbox 2240 3212 3821 3298">
     <span class='ocr_line' id='line_1_62' title="bbox 2240 3212 3821 3298; baseline -0.011 -15"><span class='ocrx_word' id='word_1_496' title='bbox 2240 3227 2528 3298; x_wconf 88' lang='lat' dir='ltr'><strong>promissio</strong></span> <span class='ocrx_word' id='word_1_497' title='bbox 2544 3268 2560 3295; x_wconf 90' lang='lat'><strong>,</strong></span> <span class='ocrx_word' id='word_1_498' title='bbox 2581 3240 2699 3295; x_wconf 74' lang='lat' dir='ltr'><strong>qutc</strong></span> <span class='ocrx_word' id='word_1_499' title='bbox 2720 3223 2881 3280; x_wconf 83' lang='lat' dir='ltr'><strong>fuerit</strong></span> <span class='ocrx_word' id='word_1_500' title='bbox 2908 3223 3184 3291; x_wconf 85' lang='lat' dir='ltr'><strong>utriusque</strong></span> <span class='ocrx_word' id='word_1_501' title='bbox 3203 3218 3557 3276; x_wconf 87' lang='lat' dir='ltr'><strong>consensione</strong></span> <span class='ocrx_word' id='word_1_502' title='bbox 3584 3212 3821 3279; x_wconf 79' lang='lat' dir='ltr'><strong>ﬁrmata;</strong></span> 
     </span>
    </p>
   </div>
   <div class='ocr_carea' id='block_1_63' title="bbox 558 3287 3822 3393">
    <p class='ocr_par' dir='ltr' id='par_1_63' title="bbox 558 3287 3822 3393">
     <span class='ocr_line' id='line_1_63' title="bbox 558 3287 3822 3393; baseline -0.006 -15"><span class='ocrx_word' id='word_1_503' title='bbox 558 3340 678 3379; x_wconf 89' lang='lat' dir='ltr'><strong>vare</strong></span> <span class='ocrx_word' id='word_1_504' title='bbox 703 3324 1049 3393; x_wconf 83' lang='lat' dir='ltr'><strong>virginitatem</strong></span> <span class='ocrx_word' id='word_1_505' title='bbox 1073 3287 1220 3374; x_wconf 85' lang='lat' dir='ltr'><strong>suam</strong></span> <span class='ocrx_word' id='word_1_506' title='bbox 1252 3287 1438 3387; x_wconf 64' lang='lat' dir='ltr'><strong>(Ibid,</strong></span> <span class='ocrx_word' id='word_1_507' title='bbox 1463 3318 1576 3389; x_wconf 79' lang='lat'><strong>&#39;57),</strong></span> <span class='ocrx_word' id='word_1_508' title='bbox 1607 3320 1843 3388; x_wconf 86' lang='lat' dir='ltr'><strong>graviter</strong></span> <span class='ocrx_word' id='word_1_509' title='bbox 1883 3287 2130 3391; x_wconf 80' lang='lat' dir='ltr'><strong>postmo-</strong></span> <span class='ocrx_word' id='word_1_510' title='bbox 2162 3287 2211 3355; x_wconf 74' lang='lat' dir='ltr'><strong><em>C</em></strong></span> <span class='ocrx_word' id='word_1_511' title='bbox 2242 3287 2405 3390; x_wconf 71' lang='lat' dir='ltr'><strong>quam</strong></span> <span class='ocrx_word' id='word_1_512' title='bbox 2434 3287 2558 3374; x_wconf 68' lang='lat' dir='ltr'><strong>cuni</strong></span> <span class='ocrx_word' id='word_1_513' title='bbox 2582 3287 2665 3373; x_wconf 72' lang='lat' dir='ltr'><strong>vir</strong></span> <span class='ocrx_word' id='word_1_514' title='bbox 2704 3324 2761 3371; x_wconf 90' lang='lat' dir='ltr'><strong>et</strong></span> <span class='ocrx_word' id='word_1_515' title='bbox 2787 3314 2980 3370; x_wconf 87' lang='lat' dir='ltr'><strong>mulier</strong></span> <span class='ocrx_word' id='word_1_516' title='bbox 3006 3287 3112 3368; x_wconf 83' lang='lat' dir='ltr'><strong>sibi</strong></span> <span class='ocrx_word' id='word_1_517' title='bbox 3134 3311 3536 3368; x_wconf 90' lang='lat' dir='ltr'><strong>consentientes</strong></span> <span class='ocrx_word' id='word_1_518' title='bbox 3561 3304 3822 3362; x_wconf 87' lang='lat' dir='ltr'><strong>concordi</strong></span> 
     </span>
    </p>
   </div>
   <div class='ocr_carea' id='block_1_64' title="bbox 556 3410 2132 3487">
    <p class='ocr_par' dir='ltr' id='par_1_64' title="bbox 556 3410 2132 3487">
     <span class='ocr_line' id='line_1_64' title="bbox 556 3410 2132 3487; baseline -0.001 -16"><span class='ocrx_word' id='word_1_519' title='bbox 556 3415 681 3471; x_wconf 91' lang='lat' dir='ltr'><strong>dum</strong></span> <span class='ocrx_word' id='word_1_520' title='bbox 709 3423 917 3487; x_wconf 89' lang='lat' dir='ltr'><strong>peccat,</strong></span> <span class='ocrx_word' id='word_1_521' title='bbox 964 3414 1009 3469; x_wconf 88' lang='lat' dir='ltr'><strong>si</strong></span> <span class='ocrx_word' id='word_1_522' title='bbox 1056 3420 1178 3482; x_wconf 90' lang='lat' dir='ltr'><strong>post</strong></span> <span class='ocrx_word' id='word_1_523' title='bbox 1223 3410 1452 3466; x_wconf 86' lang='lat' dir='ltr'><strong>dicatam</strong></span> <span class='ocrx_word' id='word_1_524' title='bbox 1483 3412 1841 3481; x_wconf 88' lang='lat' dir='ltr'><strong>virginitatem</strong></span> <span class='ocrx_word' id='word_1_525' title='bbox 1872 3412 2003 3477; x_wconf 88' lang='lat' dir='ltr'><strong>Deo,</strong></span> <span class='ocrx_word' id='word_1_526' title='bbox 2035 3428 2132 3470; x_wconf 79' lang='lat' dir='ltr'><strong>vo-</strong></span> 
     </span>
    </p>
   </div>
   <div class='ocr_carea' id='block_1_65' title="bbox 555 3500 2136 3572">
    <p class='ocr_par' dir='ltr' id='par_1_65' title="bbox 555 3500 2136 3572">
     <span class='ocr_line' id='line_1_65' title="bbox 555 3500 2136 3572; baseline -0.002 -10"><span class='ocrx_word' id='word_1_527' title='bbox 555 3506 717 3562; x_wconf 88' lang='lat' dir='ltr'><strong>luerit</strong></span> <span class='ocrx_word' id='word_1_528' title='bbox 743 3505 978 3559; x_wconf 82' lang='lat' dir='ltr'><strong>hum&#39;ano</strong></span> <span class='ocrx_word' id='word_1_529' title='bbox 1005 3502 1207 3557; x_wconf 89' lang='lat' dir='ltr'><strong>servire</strong></span> <span class='ocrx_word' id='word_1_530' title='bbox 1227 3501 1517 3556; x_wconf 90' lang='lat' dir='ltr'><strong>connubio.</strong></span> <span class='ocrx_word' id='word_1_531' title='bbox 1541 3500 1673 3556; x_wconf 81' lang='lat' dir='ltr'><strong>Nam</strong></span> <span class='ocrx_word' id='word_1_532' title='bbox 1695 3510 1752 3557; x_wconf 90' lang='lat' dir='ltr'><strong>et</strong></span> <span class='ocrx_word' id='word_1_533' title='bbox 1777 3502 1965 3559; x_wconf 89' lang='lat' dir='ltr'><strong>viduas</strong></span> <span class='ocrx_word' id='word_1_534' title='bbox 1984 3517 2136 3572; x_wconf 85' lang='lat' dir='ltr'><strong>quas-</strong></span> 
     </span>
    </p>
   </div>
   <div class='ocr_carea' id='block_1_66' title="bbox 556 3591 2135 3662">
    <p class='ocr_par' dir='ltr' id='par_1_66' title="bbox 556 3591 2135 3662">
     <span class='ocr_line' id='line_1_66' title="bbox 556 3591 2135 3662; baseline -0.003 -8"><span class='ocrx_word' id='word_1_535' title='bbox 556 3599 679 3654; x_wconf 88' lang='lat' dir='ltr'><strong>dam</strong></span> <span class='ocrx_word' id='word_1_536' title='bbox 721 3597 913 3651; x_wconf 89' lang='lat' dir='ltr'><strong>beatus</strong></span> <span class='ocrx_word' id='word_1_537' title='bbox 952 3591 1150 3647; x_wconf 87' lang='lat' dir='ltr'><strong>Paulus</strong></span> <span class='ocrx_word' id='word_1_538' title='bbox 1188 3592 1403 3646; x_wconf 90' lang='lat' dir='ltr'><strong>vinculo</strong></span> <span class='ocrx_word' id='word_1_539' title='bbox 1433 3592 1746 3662; x_wconf 86' lang='lat' dir='ltr'><strong>pronuntiat</strong></span> <span class='ocrx_word' id='word_1_540' title='bbox 1773 3592 2135 3649; x_wconf 87' lang='lat' dir='ltr'><strong>damnationis</strong></span> 
     </span>
    </p>
   </div>
   <div class='ocr_carea' id='block_1_67' title="bbox 556 3684 2136 3757">
    <p class='ocr_par' dir='ltr' id='par_1_67' title="bbox 556 3684 2136 3757">
     <span class='ocr_line' id='line_1_67' title="bbox 556 3684 2136 3757; baseline -0.003 -12"><span class='ocrx_word' id='word_1_541' title='bbox 556 3690 863 3751; x_wconf 88' lang='lat' dir='ltr'><strong>obstrictas,</strong></span> <span class='ocrx_word' id='word_1_542' title='bbox 887 3686 1011 3756; x_wconf 87' lang='lat' dir='ltr'><strong>quia</strong></span> <span class='ocrx_word' id='word_1_543' title='bbox 1061 3684 1268 3740; x_wconf 89' lang='lat' dir='ltr'><strong>scilicet</strong></span> <span class='ocrx_word' id='word_1_544' title='bbox 1306 3692 1429 3755; x_wconf 90' lang='lat' dir='ltr'><strong>post</strong></span> <span class='ocrx_word' id='word_1_545' title='bbox 1456 3684 1801 3740; x_wconf 64' lang='lat' dir='ltr'><strong>continentim</strong></span> <span class='ocrx_word' id='word_1_546' title='bbox 1843 3685 2136 3757; x_wconf 80' lang='lat' dir='ltr'><strong>professio-</strong></span> 
     </span>
    </p>
   </div>
   <div class='ocr_carea' id='block_1_68' title="bbox 555 3774 2134 3845">
    <p class='ocr_par' dir='ltr' id='par_1_68' title="bbox 555 3774 2134 3845">
     <span class='ocr_line' id='line_1_68' title="bbox 555 3774 2134 3845; baseline -0.002 -9"><span class='ocrx_word' id='word_1_547' title='bbox 555 3795 679 3836; x_wconf 89' lang='lat' dir='ltr'><strong>nem</strong></span> <span class='ocrx_word' id='word_1_548' title='bbox 704 3776 938 3833; x_wconf 88' lang='lat' dir='ltr'><strong>nubendi</strong></span> <span class='ocrx_word' id='word_1_549' title='bbox 965 3783 1235 3845; x_wconf 88' lang='lat' dir='ltr'><strong>receptam</strong></span> <span class='ocrx_word' id='word_1_550' title='bbox 1260 3790 1367 3830; x_wconf 84' lang='lat' dir='ltr'><strong>non</strong></span> <span class='ocrx_word' id='word_1_551' title='bbox 1388 3774 1645 3845; x_wconf 88' lang='lat' dir='ltr'><strong>abjiciunt</strong></span> <span class='ocrx_word' id='word_1_552' title='bbox 1664 3775 2018 3832; x_wconf 84' lang='lat' dir='ltr'><strong>voluntatem.</strong></span> <span class='ocrx_word' id='word_1_553' title='bbox 2057 3777 2134 3833; x_wconf 88' lang='lat' dir='ltr'><strong>De</strong></span> 
     </span>
    </p>
   </div>
   <div class='ocr_carea' id='block_1_69' title="bbox 554 3864 2132 3939">
    <p class='ocr_par' dir='ltr' id='par_1_69' title="bbox 554 3864 2132 3939">
     <span class='ocr_line' id='line_1_69' title="bbox 554 3864 2132 3939; baseline -0.001 -16"><span class='ocrx_word' id='word_1_554' title='bbox 554 3869 747 3939; x_wconf 88' lang='lat' dir='ltr'><strong>quibus</strong></span> <span class='ocrx_word' id='word_1_555' title='bbox 777 3865 1041 3921; x_wconf 87' lang='lat' dir='ltr'><strong>evitandis</strong></span> <span class='ocrx_word' id='word_1_556' title='bbox 1063 3864 1400 3919; x_wconf 89' lang='lat' dir='ltr'><strong>Timotheum</strong></span> <span class='ocrx_word' id='word_1_557' title='bbox 1426 3868 1506 3920; x_wconf 90' lang='lat' dir='ltr'><strong>sic</strong></span> <span class='ocrx_word' id='word_1_558' title='bbox 1536 3866 1750 3922; x_wconf 90' lang='lat' dir='ltr'><strong>instruit</strong></span> <span class='ocrx_word' id='word_1_559' title='bbox 1776 3883 1790 3918; x_wconf 87' lang='lat'><strong>:</strong></span> <span class='ocrx_word' id='word_1_560' title='bbox 1821 3865 2132 3922; x_wconf 81' lang='lat' dir='ltr'><strong>Adolescen-</strong></span> 
     </span>
    </p>
   </div>
   <div class='ocr_carea' id='block_1_70' title="bbox 556 3955 2132 4030">
    <p class='ocr_par' dir='ltr' id='par_1_70' title="bbox 556 3955 2132 4030">
     <span class='ocr_line' id='line_1_70' title="bbox 556 3955 2132 4030; baseline 0 -18"><span class='ocrx_word' id='word_1_561' title='bbox 556 3960 713 4012; x_wconf 87' lang='lat' dir='ltr'><strong>tiores</strong></span> <span class='ocrx_word' id='word_1_562' title='bbox 743 3966 913 4011; x_wconf 86' lang='lat' dir='ltr'><strong>autem</strong></span> <span class='ocrx_word' id='word_1_563' title='bbox 960 3956 1138 4010; x_wconf 83' lang='lat' dir='ltr'><strong>viduas</strong></span> <span class='ocrx_word' id='word_1_564' title='bbox 1169 3955 1367 4020; x_wconf 85' lang='lat' dir='ltr'><strong>devita;</strong></span> <span class='ocrx_word' id='word_1_565' title='bbox 1396 3972 1510 4009; x_wconf 87' lang='lat' dir='ltr'><strong>cum</strong></span> <span class='ocrx_word' id='word_1_566' title='bbox 1546 3958 1683 4010; x_wconf 83' lang='lat' dir='ltr'><strong>enim</strong></span> <span class='ocrx_word' id='word_1_567' title='bbox 1708 3956 1989 4013; x_wconf 72' lang='lat' dir='ltr'><strong>luxuriatae</strong></span> <span class='ocrx_word' id='word_1_568' title='bbox 2013 3959 2132 4030; x_wconf 79' lang='lat' dir='ltr'><strong>fue-</strong></span> 
     </span>
    </p>
   </div>
   <div class='ocr_carea' id='block_1_71' title="bbox 556 4045 2133 4119">
    <p class='ocr_par' dir='ltr' id='par_1_71' title="bbox 556 4045 2133 4119">
     <span class='ocr_line' id='line_1_71' title="bbox 556 4045 2133 4119; baseline -0.001 -15"><span class='ocrx_word' id='word_1_569' title='bbox 556 4053 662 4104; x_wconf 86' lang='lat' dir='ltr'><strong>rint</strong></span> <span class='ocrx_word' id='word_1_570' title='bbox 684 4050 736 4103; x_wconf 91' lang='lat' dir='ltr'><strong>in</strong></span> <span class='ocrx_word' id='word_1_571' title='bbox 765 4046 992 4116; x_wconf 85' lang='lat' dir='ltr'><strong>Christo,</strong></span> <span class='ocrx_word' id='word_1_572' title='bbox 1027 4046 1182 4119; x_wconf 57' lang='lat'><strong>158</strong></span> <span class='ocrx_word' id='word_1_573' title='bbox 1209 4046 1399 4101; x_wconf 87' lang='lat' dir='ltr'><strong>nubere</strong></span> <span class='ocrx_word' id='word_1_574' title='bbox 1425 4045 1617 4111; x_wconf 89' lang='lat' dir='ltr'><strong>volunt,</strong></span> <span class='ocrx_word' id='word_1_575' title='bbox 1644 4045 1884 4101; x_wconf 85' lang='lat' dir='ltr'><strong>habentes</strong></span> <span class='ocrx_word' id='word_1_576' title='bbox 1912 4047 2133 4102; x_wconf 85' lang='lat' dir='ltr'><strong>damna-</strong></span> 
     </span>
    </p>
   </div>
   <div class='ocr_carea' id='block_1_72' title="bbox 558 4138 2129 4211">
    <p class='ocr_par' dir='ltr' id='par_1_72' title="bbox 558 4138 2129 4211">
     <span class='ocr_line' id='line_1_72' title="bbox 558 4138 2129 4211; baseline -0.001 -15"><span class='ocrx_word' id='word_1_577' title='bbox 558 4144 766 4206; x_wconf 86' lang='lat' dir='ltr'><strong>tionem,</strong></span> <span class='ocrx_word' id='word_1_578' title='bbox 795 4143 913 4209; x_wconf 88' lang='lat' dir='ltr'><strong>quia</strong></span> <span class='ocrx_word' id='word_1_579' title='bbox 943 4142 1162 4210; x_wconf 88' lang='lat' dir='ltr'><strong>primam</strong></span> <span class='ocrx_word' id='word_1_580' title='bbox 1182 4140 1336 4211; x_wconf 75' lang='lat' dir='ltr'><strong>ﬁdem</strong></span> <span class='ocrx_word' id='word_1_581' title='bbox 1364 4140 1567 4194; x_wconf 88' lang='lat' dir='ltr'><strong>irritam</strong></span> <span class='ocrx_word' id='word_1_582' title='bbox 1597 4141 1827 4211; x_wconf 72' lang='lat' dir='ltr'><strong>fecerunt</strong></span> <span class='ocrx_word' id='word_1_583' title='bbox 1849 4138 1903 4211; x_wconf 90' lang='grc' dir='ltr'><strong>(Ι</strong></span> <span class='ocrx_word' id='word_1_584' title='bbox 1922 4138 2055 4195; x_wconf 85' lang='lat' dir='ltr'><strong>Tim.</strong></span> <span class='ocrx_word' id='word_1_585' title='bbox 2075 4156 2129 4207; x_wconf 90' lang='lat' dir='ltr'><strong>v,</strong></span> 
     </span>
    </p>
   </div>
   <div class='ocr_carea' id='block_1_73' title="bbox 558 4228 2133 4301">
    <p class='ocr_par' dir='ltr' id='par_1_73' title="bbox 558 4228 2133 4301">
     <span class='ocr_line' id='line_1_73' title="bbox 558 4228 2133 4301; baseline 0 -16"><span class='ocrx_word' id='word_1_586' title='bbox 558 4232 667 4301; x_wconf 84' lang='lat' dir='ltr'><strong>ll).</strong></span> <span class='ocrx_word' id='word_1_587' title='bbox 696 4231 895 4285; x_wconf 85' lang='lat' dir='ltr'><strong>Adimit</strong></span> <span class='ocrx_word' id='word_1_588' title='bbox 926 4231 1084 4299; x_wconf 86' lang='lat' dir='ltr'><strong>igitur</strong></span> <span class='ocrx_word' id='word_1_589' title='bbox 1108 4229 1496 4284; x_wconf 88' lang='lat' dir='ltr'><strong>concumbendi</strong></span> <span class='ocrx_word' id='word_1_590' title='bbox 1545 4228 1814 4284; x_wconf 89' lang='lat' dir='ltr'><strong>licentiam</strong></span> <span class='ocrx_word' id='word_1_591' title='bbox 1849 4230 2133 4286; x_wconf 89' lang='lat' dir='ltr'><strong>continen-</strong></span> 
     </span>
    </p>
   </div>
   <div class='ocr_carea' id='block_1_74' title="bbox 556 4323 2129 4395">
    <p class='ocr_par' dir='ltr' id='par_1_74' title="bbox 556 4323 2129 4395">
     <span class='ocr_line' id='line_1_74' title="bbox 556 4323 2129 4395; baseline 0.002 -16"><span class='ocrx_word' id='word_1_592' title='bbox 556 4326 643 4379; x_wconf 72' lang='lat' dir='ltr'><strong>tia:</strong></span> <span class='ocrx_word' id='word_1_593' title='bbox 673 4325 978 4395; x_wconf 85' lang='lat' dir='ltr'><strong>promissio,</strong></span> <span class='ocrx_word' id='word_1_594' title='bbox 1006 4339 1106 4379; x_wconf 86' lang='lat' dir='ltr'><strong>nec</strong></span> <span class='ocrx_word' id='word_1_595' title='bbox 1134 4323 1248 4377; x_wconf 90' lang='lat' dir='ltr'><strong>sola</strong></span> <span class='ocrx_word' id='word_1_596' title='bbox 1278 4324 1472 4379; x_wconf 81' lang='lat' dir='ltr'><strong>talibus</strong></span> <span class='ocrx_word' id='word_1_597' title='bbox 1518 4324 1800 4379; x_wconf 79' lang='lat' dir='ltr'><strong>fornicatio</strong></span> <span class='ocrx_word' id='word_1_598' title='bbox 1851 4324 2129 4383; x_wconf 84' lang='lat' dir='ltr'><strong>interdici-</strong></span> 
     </span>
    </p>
   </div>
   <div class='ocr_carea' id='block_1_75' title="bbox 554 4411 2131 4485">
    <p class='ocr_par' dir='ltr' id='par_1_75' title="bbox 554 4411 2131 4485">
     <span class='ocr_line' id='line_1_75' title="bbox 554 4411 2131 4485; baseline 0.001 -17"><span class='ocrx_word' id='word_1_599' title='bbox 554 4425 659 4479; x_wconf 90' lang='lat' dir='ltr'><strong>tur,</strong></span> <span class='ocrx_word' id='word_1_600' title='bbox 686 4414 780 4470; x_wconf 90' lang='lat' dir='ltr'><strong>sed</strong></span> <span class='ocrx_word' id='word_1_601' title='bbox 811 4415 972 4468; x_wconf 88' lang='lat' dir='ltr'><strong>etiam</strong></span> <span class='ocrx_word' id='word_1_602' title='bbox 994 4413 1253 4466; x_wconf 88' lang='lat' dir='ltr'><strong>maritalis</strong></span> <span class='ocrx_word' id='word_1_603' title='bbox 1281 4411 1540 4466; x_wconf 76' lang='lat' dir='ltr'><strong>admistio</strong></span> <span class='ocrx_word' id='word_1_604' title='bbox 1562 4412 1899 4481; x_wconf 86' lang='lat' dir='ltr'><strong>prohibetur,</strong></span> <span class='ocrx_word' id='word_1_605' title='bbox 1920 4422 1976 4469; x_wconf 91' lang='lat' dir='ltr'><strong>et</strong></span> <span class='ocrx_word' id='word_1_606' title='bbox 1994 4430 2131 4485; x_wconf 74' lang='lat' dir='ltr'><strong>pm-</strong></span> 
     </span>
    </p>
   </div>
   <div class='ocr_carea' id='block_1_76' title="bbox 533 4504 2125 4574">
    <p class='ocr_par' dir='ltr' id='par_1_76' title="bbox 533 4504 2125 4574">
     <span class='ocr_line' id='line_1_76' title="bbox 533 4504 2125 4574; baseline 0.001 -14"><span class='ocrx_word' id='word_1_607' title='bbox 533 4508 926 4561; x_wconf 63' lang='lat' dir='ltr'><strong>‘t&#39;aricatricem</strong></span> <span class='ocrx_word' id='word_1_608' title='bbox 990 4504 1323 4559; x_wconf 86' lang='lat' dir='ltr'><strong>voluntatem</strong></span> <span class='ocrx_word' id='word_1_609' title='bbox 1380 4510 1528 4558; x_wconf 90' lang='lat' dir='ltr'><strong>tenet</strong></span> <span class='ocrx_word' id='word_1_610' title='bbox 1581 4504 1860 4574; x_wconf 88' lang='lat' dir='ltr'><strong>culpabilis</strong></span> <span class='ocrx_word' id='word_1_611' title='bbox 1915 4520 2125 4574; x_wconf 82' lang='lat' dir='ltr'><strong>nexus,</strong></span> 
     </span>
    </p>
   </div>
   <div class='ocr_carea' id='block_1_77' title="bbox 553 4594 2163 4669">
    <p class='ocr_par' dir='ltr' id='par_1_77' title="bbox 553 4594 2163 4669">
     <span class='ocr_line' id='line_1_77' title="bbox 553 4594 2163 4669; baseline 0 -15"><span class='ocrx_word' id='word_1_612' title='bbox 553 4599 763 4655; x_wconf 84' lang='lat' dir='ltr'><strong>etiamsi</strong></span> <span class='ocrx_word' id='word_1_613' title='bbox 792 4598 967 4652; x_wconf 90' lang='lat' dir='ltr'><strong>nullus</strong></span> <span class='ocrx_word' id='word_1_614' title='bbox 994 4597 1046 4651; x_wconf 90' lang='lat' dir='ltr'><strong>in</strong></span> <span class='ocrx_word' id='word_1_615' title='bbox 1090 4610 1254 4666; x_wconf 87' lang='lat' dir='ltr'><strong>opere</strong></span> <span class='ocrx_word' id='word_1_616' title='bbox 1284 4604 1644 4664; x_wconf 86' lang='lat' dir='ltr'><strong>consequatur</strong></span> <span class='ocrx_word' id='word_1_617' title='bbox 1670 4594 1912 4653; x_wconf 84' lang='lat' dir='ltr'><strong>ell‘ectus.</strong></span> <span class='ocrx_word' id='word_1_618' title='bbox 1944 4597 2129 4669; x_wconf 84' lang='lat' dir='ltr'><strong>Neque</strong></span> <span class='ocrx_word' id='word_1_619' title='bbox 2156 4610 2163 4669; x_wconf 69' lang='grc' dir='ltr'><em>ς</em></span> 
     </span>
    </p>
   </div>
   <div class='ocr_carea' id='block_1_78' title="bbox 552 4687 2127 4759">
    <p class='ocr_par' dir='ltr' id='par_1_78' title="bbox 552 4687 2127 4759">
     <span class='ocr_line' id='line_1_78' title="bbox 552 4687 2127 4759; baseline 0.001 -15"><span class='ocrx_word' id='word_1_620' title='bbox 552 4692 693 4745; x_wconf 85' lang='lat' dir='ltr'><strong>enim</strong></span> <span class='ocrx_word' id='word_1_621' title='bbox 737 4690 928 4744; x_wconf 72' lang='lat' dir='ltr'><strong>frustra</strong></span> <span class='ocrx_word' id='word_1_622' title='bbox 972 4689 1231 4758; x_wconf 88' lang='lat' dir='ltr'><strong>scriptum</strong></span> <span class='ocrx_word' id='word_1_623' title='bbox 1261 4695 1344 4743; x_wconf 90' lang='lat' dir='ltr'><strong>est</strong></span> <span class='ocrx_word' id='word_1_624' title='bbox 1393 4689 1518 4757; x_wconf 89' lang='lat' dir='ltr'><strong>quia</strong></span> <span class='ocrx_word' id='word_1_625' title='bbox 1547 4687 1971 4759; x_wconf 83' lang='lat' dir='ltr'><strong>Concupiscentia</strong></span> <span class='ocrx_word' id='word_1_626' title='bbox 2013 4708 2127 4745; x_wconf 87' lang='lat' dir='ltr'><strong>cum</strong></span> 
     </span>
    </p>
   </div>
   <div class='ocr_carea' id='block_1_79' title="bbox 551 4777 1667 4850">
    <p class='ocr_par' dir='ltr' id='par_1_79' title="bbox 551 4777 1667 4850">
     <span class='ocr_line' id='line_1_79' title="bbox 551 4777 1667 4850; baseline 0 -16"><span class='ocrx_word' id='word_1_627' title='bbox 551 4782 855 4849; x_wconf 86' lang='lat' dir='ltr'><strong>conceperit,</strong></span> <span class='ocrx_word' id='word_1_628' title='bbox 882 4779 1018 4850; x_wconf 90' lang='lat' dir='ltr'><strong>parit</strong></span> <span class='ocrx_word' id='word_1_629' title='bbox 1035 4786 1295 4850; x_wconf 85' lang='lat' dir='ltr'><strong>peccatum</strong></span> <span class='ocrx_word' id='word_1_630' title='bbox 1318 4777 1453 4848; x_wconf 80' lang='lat' dir='ltr'><strong>(Jac.</strong></span> <span class='ocrx_word' id='word_1_631' title='bbox 1486 4794 1522 4844; x_wconf 92' lang='grc' dir='ltr'>ι,</span> <span class='ocrx_word' id='word_1_632' title='bbox 1555 4778 1667 4849; x_wconf 80' lang='grc'><strong>15).</strong></span> 
     </span>
    </p>
   </div>
   <div class='ocr_carea' id='block_1_80' title="bbox 621 4888 2129 4961">
    <p class='ocr_par' dir='ltr' id='par_1_80' title="bbox 621 4888 2129 4961">
     <span class='ocr_line' id='line_1_80' title="bbox 621 4888 2129 4961; baseline 0.001 -16"><span class='ocrx_word' id='word_1_633' title='bbox 621 4891 751 4945; x_wconf 77' lang='lat' dir='ltr'><strong>CAP.</strong></span> <span class='ocrx_word' id='word_1_634' title='bbox 782 4907 872 4945; x_wconf 83' lang='lat' dir='ltr'><strong>vn.</strong></span> <span class='ocrx_word' id='word_1_635' title='bbox 901 4888 1024 4944; x_wconf 88' lang='lat' dir='ltr'><strong>Non</strong></span> <span class='ocrx_word' id='word_1_636' title='bbox 1048 4899 1124 4944; x_wconf 87' lang='lat' dir='ltr'><strong>est</strong></span> <span class='ocrx_word' id='word_1_637' title='bbox 1147 4889 1448 4961; x_wconf 86' lang='lat' dir='ltr'><strong>conjugibus</strong></span> <span class='ocrx_word' id='word_1_638' title='bbox 1493 4892 1702 4945; x_wconf 86' lang='lat' dir='ltr'><strong>licentia</strong></span> <span class='ocrx_word' id='word_1_639' title='bbox 1731 4891 1970 4956; x_wconf 87' lang='lat' dir='ltr'><strong>vovendi,</strong></span> <span class='ocrx_word' id='word_1_640' title='bbox 1996 4893 2129 4946; x_wconf 80' lang='lat' dir='ltr'><strong>sicut</strong></span> 
     </span>
    </p>
   </div>
   <div class='ocr_carea' id='block_1_81' title="bbox 551 4980 2128 5052">
    <p class='ocr_par' dir='ltr' id='par_1_81' title="bbox 551 4980 2128 5052">
     <span class='ocr_line' id='line_1_81' title="bbox 551 4980 2128 5052; baseline 0 -14"><span class='ocrx_word' id='word_1_641' title='bbox 551 4983 752 5046; x_wconf 87' lang='lat' dir='ltr'><strong>solutis,</strong></span> <span class='ocrx_word' id='word_1_642' title='bbox 786 4984 905 5052; x_wconf 89' lang='lat' dir='ltr'><strong>quia</strong></span> <span class='ocrx_word' id='word_1_643' title='bbox 946 4981 1176 5051; x_wconf 86' lang='lat' dir='ltr'><strong>corporis</strong></span> <span class='ocrx_word' id='word_1_644' title='bbox 1199 4983 1276 5033; x_wconf 90' lang='lat' dir='ltr'><strong>sui</strong></span> <span class='ocrx_word' id='word_1_645' title='bbox 1307 4990 1608 5051; x_wconf 86' lang='lat' dir='ltr'><strong>potestatem</strong></span> <span class='ocrx_word' id='word_1_646' title='bbox 1652 5000 1756 5037; x_wconf 88' lang='lat' dir='ltr'><strong>non</strong></span> <span class='ocrx_word' id='word_1_647' title='bbox 1785 4980 1989 5037; x_wconf 88' lang='lat' dir='ltr'><strong>habent.</strong></span> <span class='ocrx_word' id='word_1_648' title='bbox 2024 4981 2128 5038; x_wconf 83' lang='lat' dir='ltr'><strong>Vo-</strong></span> 
     </span>
    </p>
   </div>
   <div class='ocr_carea' id='block_1_82' title="bbox 553 5073 2131 5145">
    <p class='ocr_par' dir='ltr' id='par_1_82' title="bbox 553 5073 2131 5145">
     <span class='ocr_line' id='line_1_82' title="bbox 553 5073 2131 5145; baseline 0 -16"><span class='ocrx_word' id='word_1_649' title='bbox 553 5087 658 5130; x_wconf 89' lang='lat' dir='ltr'><strong>tum</strong></span> <span class='ocrx_word' id='word_1_650' title='bbox 687 5075 1016 5129; x_wconf 80' lang='lat' dir='ltr'><strong>continentia:</strong></span> <span class='ocrx_word' id='word_1_651' title='bbox 1036 5073 1246 5144; x_wconf 85' lang='lat' dir='ltr'><strong>obligat,</strong></span> <span class='ocrx_word' id='word_1_652' title='bbox 1270 5074 1313 5127; x_wconf 90' lang='lat' dir='ltr'><strong>si</strong></span> <span class='ocrx_word' id='word_1_653' title='bbox 1342 5076 1437 5144; x_wconf 77' lang='lat' dir='ltr'><strong>fiat</strong></span> <span class='ocrx_word' id='word_1_654' title='bbox 1457 5090 1704 5128; x_wconf 78' lang='lat' dir='ltr'><strong>consensu</strong></span> <span class='ocrx_word' id='word_1_655' title='bbox 1727 5075 1989 5145; x_wconf 87' lang='lat' dir='ltr'><strong>utriusque</strong></span> <span class='ocrx_word' id='word_1_656' title='bbox 2012 5092 2131 5129; x_wconf 83' lang='lat' dir='ltr'><strong>con-</strong></span> 
     </span>
    </p>
   </div>
   <div class='ocr_carea' id='block_1_83' title="bbox 543 5164 2125 5242">
    <p class='ocr_par' dir='ltr' id='par_1_83' title="bbox 543 5164 2125 5242">
     <span class='ocr_line' id='line_1_83' title="bbox 543 5164 2125 5242; baseline 0.003 -20"><span class='ocrx_word' id='word_1_657' title='bbox 543 5170 709 5242; x_wconf 84' lang='lat' dir='ltr'><strong>jugis.</strong></span> <span class='ocrx_word' id='word_1_658' title='bbox 735 5199 805 5209; x_wconf 90' lang='lat'><strong>—</strong></span> <span class='ocrx_word' id='word_1_659' title='bbox 837 5165 921 5219; x_wconf 73' lang='lat'><strong>15.</strong></span> <span class='ocrx_word' id='word_1_660' title='bbox 960 5164 1217 5233; x_wconf 88' lang='lat' dir='ltr'><strong>Quocirca</strong></span> <span class='ocrx_word' id='word_1_661' title='bbox 1249 5181 1356 5221; x_wconf 91' lang='lat' dir='ltr'><strong>non</strong></span> <span class='ocrx_word' id='word_1_662' title='bbox 1405 5167 1576 5221; x_wconf 91' lang='lat' dir='ltr'><strong>solum</strong></span> <span class='ocrx_word' id='word_1_663' title='bbox 1605 5183 1635 5221; x_wconf 91' lang='lat' dir='ltr'><strong>a</strong></span> <span class='ocrx_word' id='word_1_664' title='bbox 1660 5168 1956 5236; x_wconf 84' lang='lat' dir='ltr'><strong>virginibus</strong></span> <span class='ocrx_word' id='word_1_665' title='bbox 1984 5168 2125 5227; x_wconf 86' lang='lat' dir='ltr'><strong>inte-</strong></span> 
     </span>
    </p>
   </div>
   <div class='ocr_carea' id='block_1_84' title="bbox 548 5257 2127 5330">
    <p class='ocr_par' dir='ltr' id='par_1_84' title="bbox 548 5257 2127 5330">
     <span class='ocr_line' id='line_1_84' title="bbox 548 5257 2127 5330; baseline 0 -16"><span class='ocrx_word' id='word_1_666' title='bbox 548 5263 733 5326; x_wconf 82' lang='lat' dir='ltr'><strong>gritas,</strong></span> <span class='ocrx_word' id='word_1_667' title='bbox 766 5274 952 5313; x_wconf 85' lang='lat' dir='ltr'><strong>verum</strong></span> <span class='ocrx_word' id='word_1_668' title='bbox 981 5258 1139 5312; x_wconf 88' lang='lat' dir='ltr'><strong>etiam</strong></span> <span class='ocrx_word' id='word_1_669' title='bbox 1171 5274 1201 5312; x_wconf 91' lang='lat' dir='ltr'><strong>a</strong></span> <span class='ocrx_word' id='word_1_670' title='bbox 1236 5257 1410 5313; x_wconf 91' lang='lat' dir='ltr'><strong>viduis</strong></span> <span class='ocrx_word' id='word_1_671' title='bbox 1434 5267 1594 5330; x_wconf 89' lang='lat' dir='ltr'><strong>atque</strong></span> <span class='ocrx_word' id='word_1_672' title='bbox 1622 5259 1937 5330; x_wconf 88' lang='lat' dir='ltr'><strong>conjugibus</strong></span> <span class='ocrx_word' id='word_1_673' title='bbox 1967 5258 2127 5315; x_wconf 88' lang='lat' dir='ltr'><strong>debet</strong></span> 
     </span>
    </p>
   </div>
   <div class='ocr_carea' id='block_1_85' title="bbox 550 5352 2123 5409">
    <p class='ocr_par' dir='ltr' id='par_1_85' title="bbox 550 5352 2123 5409">
     <span class='ocr_line' id='line_1_85' title="bbox 550 5352 2123 5409; baseline 0.001 -1"><span class='ocrx_word' id='word_1_674' title='bbox 550 5354 661 5408; x_wconf 78' lang='grc' dir='ltr'><strong>Ι)υο</strong></span> <span class='ocrx_word' id='word_1_675' title='bbox 692 5352 865 5407; x_wconf 81' lang='lat' dir='ltr'><strong>dicata</strong></span> <span class='ocrx_word' id='word_1_676' title='bbox 887 5352 1216 5408; x_wconf 88' lang='lat' dir='ltr'><strong>continentia</strong></span> <span class='ocrx_word' id='word_1_677' title='bbox 1238 5367 1358 5407; x_wconf 90' lang='lat' dir='ltr'><strong>cum</strong></span> <span class='ocrx_word' id='word_1_678' title='bbox 1401 5353 1595 5407; x_wconf 88' lang='lat' dir='ltr'><strong>timore</strong></span> <span class='ocrx_word' id='word_1_679' title='bbox 1624 5360 1678 5407; x_wconf 91' lang='lat' dir='ltr'><strong>et</strong></span> <span class='ocrx_word' id='word_1_680' title='bbox 1724 5359 1957 5408; x_wconf 86' lang='lat' dir='ltr'><strong>tremore</strong></span> <span class='ocrx_word' id='word_1_681' title='bbox 2005 5368 2123 5409; x_wconf 89' lang='lat' dir='ltr'><strong>ser-</strong></span> 
     </span>
    </p>
   </div>
   <div class='ocr_carea' id='block_1_86' title="bbox 547 5442 2125 5515">
    <p class='ocr_par' dir='ltr' id='par_1_86' title="bbox 547 5442 2125 5515">
     <span class='ocr_line' id='line_1_86' title="bbox 547 5442 2125 5515; baseline 0.003 -20"><span class='ocrx_word' id='word_1_682' title='bbox 547 5445 683 5498; x_wconf 82' lang='lat' dir='ltr'><strong>vari.</strong></span> <span class='ocrx_word' id='word_1_683' title='bbox 716 5442 849 5509; x_wconf 85' lang='lat' dir='ltr'><strong>Quia</strong></span> <span class='ocrx_word' id='word_1_684' title='bbox 874 5445 1180 5515; x_wconf 89' lang='lat' dir='ltr'><strong>priusquam</strong></span> <span class='ocrx_word' id='word_1_685' title='bbox 1210 5444 1279 5499; x_wconf 91' lang='lat' dir='ltr'><strong>sit</strong></span> <span class='ocrx_word' id='word_1_686' title='bbox 1308 5443 1499 5514; x_wconf 89' lang='lat' dir='ltr'><strong>aliquis</strong></span> <span class='ocrx_word' id='word_1_687' title='bbox 1526 5443 1637 5497; x_wconf 91' lang='lat' dir='ltr'><strong>voti</strong></span> <span class='ocrx_word' id='word_1_688' title='bbox 1682 5458 1829 5513; x_wconf 89' lang='lat' dir='ltr'><strong>reus,</strong></span> <span class='ocrx_word' id='word_1_689' title='bbox 1858 5460 1965 5498; x_wconf 92' lang='lat' dir='ltr'><strong>non</strong></span> <span class='ocrx_word' id='word_1_690' title='bbox 1993 5459 2125 5499; x_wconf 85' lang='lat' dir='ltr'><strong>con-</strong></span> 
     </span>
    </p>
   </div>
   <div class='ocr_carea' id='block_1_87' title="bbox 547 5535 2126 5613">
    <p class='ocr_par' dir='ltr' id='par_1_87' title="bbox 547 5535 2126 5613">
     <span class='ocr_line' id='line_1_87' title="bbox 547 5535 2126 5613; baseline 0.001 -23"><span class='ocrx_word' id='word_1_691' title='bbox 547 5537 847 5613; x_wconf 65' lang='lat' dir='ltr'><strong>demnawr,</strong></span> <span class='ocrx_word' id='word_1_692' title='bbox 878 5537 990 5593; x_wconf 90' lang='lat' dir='ltr'><strong>sive</strong></span> <span class='ocrx_word' id='word_1_693' title='bbox 1041 5538 1191 5611; x_wconf 80' lang='lat' dir='ltr'><strong>virgo</strong></span> <span class='ocrx_word' id='word_1_694' title='bbox 1248 5535 1393 5592; x_wconf 90' lang='lat' dir='ltr'><strong>licite</strong></span> <span class='ocrx_word' id='word_1_695' title='bbox 1449 5536 1634 5603; x_wconf 86' lang='lat' dir='ltr'><strong>nubat,</strong></span> <span class='ocrx_word' id='word_1_696' title='bbox 1657 5535 1769 5590; x_wconf 89' lang='lat' dir='ltr'><strong>sive</strong></span> <span class='ocrx_word' id='word_1_697' title='bbox 1822 5537 2049 5592; x_wconf 90' lang='lat' dir='ltr'><strong>maritus</strong></span> <span class='ocrx_word' id='word_1_698' title='bbox 2070 5545 2126 5592; x_wconf 91' lang='lat' dir='ltr'><strong>et</strong></span> 
     </span>
    </p>
   </div>
   <div class='ocr_carea' id='block_1_88' title="bbox 549 5620 2127 5699">
    <p class='ocr_par' dir='ltr' id='par_1_88' title="bbox 549 5620 2127 5699">
     <span class='ocr_line' id='line_1_88' title="bbox 549 5620 2127 5699; baseline 0.001 -18"><span class='ocrx_word' id='word_1_699' title='bbox 549 5643 686 5682; x_wconf 78' lang='lat' dir='ltr'><strong>uxor</strong></span> <span class='ocrx_word' id='word_1_700' title='bbox 715 5629 997 5699; x_wconf 88' lang='lat' dir='ltr'><strong>conjugale</strong></span> <span class='ocrx_word' id='word_1_701' title='bbox 1018 5629 1119 5684; x_wconf 89' lang='lat' dir='ltr'><strong>sibi</strong></span> <span class='ocrx_word' id='word_1_702' title='bbox 1148 5626 1386 5683; x_wconf 89' lang='lat' dir='ltr'><strong>debitum</strong></span> <span class='ocrx_word' id='word_1_703' title='bbox 1408 5624 1653 5680; x_wconf 89' lang='lat' dir='ltr'><strong>reddant.</strong></span> <span class='ocrx_word' id='word_1_704' title='bbox 1682 5620 1971 5697; x_wconf 74' lang='lat' dir='ltr'><strong>Postquam</strong></span> <span class='ocrx_word' id='word_1_705' title='bbox 1996 5642 2127 5683; x_wconf 90' lang='lat' dir='ltr'><strong>vero</strong></span> 
     </span>
    </p>
   </div>
   <div class='ocr_carea' id='block_1_89' title="bbox 543 5719 2128 5793">
    <p class='ocr_par' dir='ltr' id='par_1_89' title="bbox 543 5719 2128 5793">
     <span class='ocr_line' id='line_1_89' title="bbox 543 5719 2128 5793; baseline 0 -17"><span class='ocrx_word' id='word_1_706' title='bbox 543 5722 806 5793; x_wconf 85' lang='lat' dir='ltr'><strong>quisque,</strong></span> <span class='ocrx_word' id='word_1_707' title='bbox 858 5723 1085 5779; x_wconf 82' lang='lat' dir='ltr'><strong>meliora</strong></span> <span class='ocrx_word' id='word_1_708' title='bbox 1141 5728 1480 5789; x_wconf 83' lang='lat' dir='ltr'><strong>consectans,</strong></span> <span class='ocrx_word' id='word_1_709' title='bbox 1519 5719 1850 5789; x_wconf 82' lang='lat' dir='ltr'><strong>professione</strong></span> <span class='ocrx_word' id='word_1_710' title='bbox 1894 5719 2128 5791; x_wconf 85' lang='lat' dir='ltr'><strong>seipsum</strong></span> 
     </span>
    </p>
   </div>
   <div class='ocr_carea' id='block_1_90' title="bbox 547 5812 2129 5889">
    <p class='ocr_par' dir='ltr' id='par_1_90' title="bbox 547 5812 2129 5889">
     <span class='ocr_line' id='line_1_90' title="bbox 547 5812 2129 5889; baseline -0.003 -12"><span class='ocrx_word' id='word_1_711' title='bbox 547 5817 895 5877; x_wconf 66' lang='lat' dir='ltr'><strong>continentiae</strong></span> <span class='ocrx_word' id='word_1_712' title='bbox 925 5817 1041 5873; x_wconf 90' lang='lat' dir='ltr'><strong>sive</strong></span> <span class='ocrx_word' id='word_1_713' title='bbox 1070 5813 1390 5889; x_wconf 88' lang='lat' dir='ltr'><strong>integritatis</strong></span> <span class='ocrx_word' id='word_1_714' title='bbox 1416 5812 1787 5884; x_wconf 79' lang='lat' dir='ltr'><strong>obstrinxerit,</strong></span> <span class='ocrx_word' id='word_1_715' title='bbox 1813 5813 2129 5885; x_wconf 87' lang='lat' dir='ltr'><strong>gravissime</strong></span> 
     </span>
    </p>
   </div>
   <div class='ocr_carea' id='block_1_91' title="bbox 619 5948 1734 6038">
    <p class='ocr_par' dir='ltr' id='par_1_91' title="bbox 619 5948 1734 6038">
     <span class='ocr_line' id='line_1_91' title="bbox 619 5948 1734 6038; baseline 0 -32"><span class='ocrx_word' id='word_1_716' title='bbox 619 5959 647 5989; x_wconf 75' lang='grc' dir='ltr'>ι</span> <span class='ocrx_word' id='word_1_717' title='bbox 674 5948 801 6008; x_wconf 79' lang='lat' dir='ltr'><strong>Mss.</strong></span> <span class='ocrx_word' id='word_1_718' title='bbox 823 5948 991 6007; x_wconf 85' lang='lat' dir='ltr'><strong>Corb.</strong></span> <span class='ocrx_word' id='word_1_719' title='bbox 1021 5957 1076 6006; x_wconf 90' lang='lat' dir='ltr'><strong>et</strong></span> <span class='ocrx_word' id='word_1_720' title='bbox 1100 5950 1263 6038; x_wconf 52' lang='lat' dir='ltr'><strong>Vict&quot;</strong></span> <span class='ocrx_word' id='word_1_721' title='bbox 1294 5950 1420 6007; x_wconf 83' lang='lat' dir='ltr'><strong>Tale</strong></span> <span class='ocrx_word' id='word_1_722' title='bbox 1444 5959 1521 6006; x_wconf 86' lang='lat' dir='ltr'><strong>est</strong></span> <span class='ocrx_word' id='word_1_723' title='bbox 1547 5959 1734 6006; x_wconf 86' lang='lat' dir='ltr'><strong>autem.</strong></span> 
     </span>
    </p>
   </div>
   <div class='ocr_carea' id='block_1_92' title="bbox 2239 3396 3816 3478">
    <p class='ocr_par' dir='ltr' id='par_1_92' title="bbox 2239 3396 3816 3478">
     <span class='ocr_line' id='line_1_92' title="bbox 2239 3396 3816 3478; baseline -0.011 -12"><span class='ocrx_word' id='word_1_724' title='bbox 2239 3410 2536 3473; x_wconf 90' lang='lat' dir='ltr'><strong>voluntate,</strong></span> <span class='ocrx_word' id='word_1_725' title='bbox 2570 3418 2822 3478; x_wconf 87' lang='lat' dir='ltr'><strong>tanquam</strong></span> <span class='ocrx_word' id='word_1_726' title='bbox 2846 3403 3164 3461; x_wconf 83' lang='lat' dir='ltr'><strong>sacriﬁcium</strong></span> <span class='ocrx_word' id='word_1_727' title='bbox 3186 3404 3242 3457; x_wconf 91' lang='lat' dir='ltr'><strong>in</strong></span> <span class='ocrx_word' id='word_1_728' title='bbox 3270 3402 3492 3457; x_wconf 87' lang='lat' dir='ltr'><strong>odorem</strong></span> <span class='ocrx_word' id='word_1_729' title='bbox 3517 3396 3816 3460; x_wconf 87' lang='lat' dir='ltr'><strong>suavitatis,</strong></span> 
     </span>
    </p>
   </div>
   <div class='ocr_carea' id='block_1_93' title="bbox 2240 3486 3819 3575">
    <p class='ocr_par' dir='ltr' id='par_1_93' title="bbox 2240 3486 3819 3575">
     <span class='ocr_line' id='line_1_93' title="bbox 2240 3486 3819 3575; baseline -0.013 -15"><span class='ocrx_word' id='word_1_730' title='bbox 2240 3518 2405 3574; x_wconf 85' lang='lat' dir='ltr'><strong>super</strong></span> <span class='ocrx_word' id='word_1_731' title='bbox 2431 3502 2600 3575; x_wconf 75' lang='lat' dir='ltr'><strong>altare</strong></span> <span class='ocrx_word' id='word_1_732' title='bbox 2631 3496 2772 3564; x_wconf 80' lang='lat' dir='ltr'><strong>ﬁdei,</strong></span> <span class='ocrx_word' id='word_1_733' title='bbox 2803 3496 2917 3552; x_wconf 81' lang='lat' dir='ltr'><strong>Deo</strong></span> <span class='ocrx_word' id='word_1_734' title='bbox 2945 3511 3075 3550; x_wconf 90' lang='lat' dir='ltr'><strong>vero</strong></span> <span class='ocrx_word' id='word_1_735' title='bbox 3104 3509 3167 3550; x_wconf 91' lang='lat' dir='ltr'><strong>ac</strong></span> <span class='ocrx_word' id='word_1_736' title='bbox 3193 3505 3402 3548; x_wconf 88' lang='lat' dir='ltr'><strong>summo</strong></span> <span class='ocrx_word' id='word_1_737' title='bbox 3424 3491 3478 3545; x_wconf 90' lang='lat' dir='ltr'><strong>in</strong></span> <span class='ocrx_word' id='word_1_738' title='bbox 3503 3487 3707 3558; x_wconf 85' lang='lat' dir='ltr'><strong>temple</strong></span> <span class='ocrx_word' id='word_1_739' title='bbox 3733 3486 3819 3540; x_wconf 86' lang='lat' dir='ltr'><strong>sui</strong></span> 
     </span>
    </p>
   </div>
   <div class='ocr_carea' id='block_1_94' title="bbox 2237 3575 3818 3657">
    <p class='ocr_par' dir='ltr' id='par_1_94' title="bbox 2237 3575 3818 3657">
     <span class='ocr_line' id='line_1_94' title="bbox 2237 3575 3818 3657; baseline -0.014 -6"><span class='ocrx_word' id='word_1_740' title='bbox 2237 3594 2415 3651; x_wconf 88' lang='lat' dir='ltr'><strong>cordis</strong></span> <span class='ocrx_word' id='word_1_741' title='bbox 2442 3590 2754 3657; x_wconf 86' lang='lat' dir='ltr'><strong>obtulerint,</strong></span> <span class='ocrx_word' id='word_1_742' title='bbox 2789 3603 2889 3643; x_wconf 88' lang='lat' dir='ltr'><strong>nec</strong></span> <span class='ocrx_word' id='word_1_743' title='bbox 2917 3586 3110 3641; x_wconf 89' lang='lat' dir='ltr'><strong>mulier</strong></span> <span class='ocrx_word' id='word_1_744' title='bbox 3135 3584 3357 3639; x_wconf 89' lang='lat' dir='ltr'><strong>ulterius</strong></span> <span class='ocrx_word' id='word_1_745' title='bbox 3385 3582 3437 3637; x_wconf 92' lang='lat' dir='ltr'><strong>in</strong></span> <span class='ocrx_word' id='word_1_746' title='bbox 3459 3580 3584 3646; x_wconf 89' lang='lat' dir='ltr'><strong>viri,</strong></span> <span class='ocrx_word' id='word_1_747' title='bbox 3614 3592 3717 3632; x_wconf 90' lang='lat' dir='ltr'><strong>nec</strong></span> <span class='ocrx_word' id='word_1_748' title='bbox 3734 3575 3818 3631; x_wconf 88' lang='lat' dir='ltr'><strong>vir</strong></span> 
     </span>
    </p>
   </div>
   <div class='ocr_carea' id='block_1_95' title="bbox 2237 3667 3820 3752">
    <p class='ocr_par' dir='ltr' id='par_1_95' title="bbox 2237 3667 3820 3752">
     <span class='ocr_line' id='line_1_95' title="bbox 2237 3667 3820 3752; baseline -0.014 -10"><span class='ocrx_word' id='word_1_749' title='bbox 2237 3689 2291 3743; x_wconf 91' lang='lat' dir='ltr'><strong>in</strong></span> <span class='ocrx_word' id='word_1_750' title='bbox 2321 3683 2560 3740; x_wconf 90' lang='lat' dir='ltr'><strong>mulieris</strong></span> <span class='ocrx_word' id='word_1_751' title='bbox 2590 3695 2837 3752; x_wconf 90' lang='lat' dir='ltr'><strong>corpore,</strong></span> <span class='ocrx_word' id='word_1_752' title='bbox 2863 3678 2925 3733; x_wconf 91' lang='lat' dir='ltr'><strong>ad</strong></span> <span class='ocrx_word' id='word_1_753' title='bbox 2952 3675 3338 3746; x_wconf 89' lang='lat' dir='ltr'><strong>reposcendum</strong></span> <span class='ocrx_word' id='word_1_754' title='bbox 3370 3672 3610 3727; x_wconf 87' lang='lat' dir='ltr'><strong>debitum</strong></span> <span class='ocrx_word' id='word_1_755' title='bbox 3635 3667 3820 3736; x_wconf 89' lang='lat' dir='ltr'><strong>conju-</strong></span> 
     </span>
    </p>
   </div>
   <div class='ocr_carea' id='block_1_96' title="bbox 2234 3757 3817 3849">
    <p class='ocr_par' dir='ltr' id='par_1_96' title="bbox 2234 3757 3817 3849">
     <span class='ocr_line' id='line_1_96' title="bbox 2234 3757 3817 3849; baseline -0.013 -15"><span class='ocrx_word' id='word_1_756' title='bbox 2234 3779 2354 3849; x_wconf 90' lang='lat' dir='ltr'><strong>gale</strong></span> <span class='ocrx_word' id='word_1_757' title='bbox 2380 3757 2559 3848; x_wconf 73' lang='lat' dir='ltr'><strong>potest</strong></span> <span class='ocrx_word' id='word_1_758' title='bbox 2585 3773 2785 3829; x_wconf 86' lang='lat' dir='ltr'><strong>habere</strong></span> <span class='ocrx_word' id='word_1_759' title='bbox 2813 3771 3102 3841; x_wconf 86' lang='lat' dir='ltr'><strong>legitimam</strong></span> <span class='ocrx_word' id='word_1_760' title='bbox 3130 3774 3475 3839; x_wconf 90' lang='lat' dir='ltr'><strong>potestatem.</strong></span> <span class='ocrx_word' id='word_1_761' title='bbox 3498 3762 3653 3818; x_wconf 89' lang='lat' dir='ltr'><strong>Sicut</strong></span> <span class='ocrx_word' id='word_1_762' title='bbox 3674 3759 3817 3815; x_wconf 88' lang='lat' dir='ltr'><strong>enim</strong></span> 
     </span>
    </p>
   </div>
   <div class='ocr_carea' id='block_1_97' title="bbox 2233 3849 3817 3941">
    <p class='ocr_par' dir='ltr' id='par_1_97' title="bbox 2233 3849 3817 3941">
     <span class='ocr_line' id='line_1_97' title="bbox 2233 3849 3817 3941; baseline -0.014 -16"><span class='ocrx_word' id='word_1_763' title='bbox 2233 3869 2545 3941; x_wconf 87' lang='lat' dir='ltr'><strong>priusquam</strong></span> <span class='ocrx_word' id='word_1_764' title='bbox 2598 3865 2709 3920; x_wconf 90' lang='lat' dir='ltr'><strong>Deo</strong></span> <span class='ocrx_word' id='word_1_765' title='bbox 2758 3863 2915 3919; x_wconf 89' lang='lat' dir='ltr'><strong>simul</strong></span> <span class='ocrx_word' id='word_1_766' title='bbox 2954 3866 3211 3917; x_wconf 87' lang='lat' dir='ltr'><strong>voverent</strong></span> <span class='ocrx_word' id='word_1_767' title='bbox 3253 3854 3692 3928; x_wconf 86' lang='lat' dir='ltr'><strong>reprehensibilis</strong></span> <span class='ocrx_word' id='word_1_768' title='bbox 3719 3849 3817 3905; x_wconf 80' lang='lat' dir='ltr'><strong>fuit</strong></span> 
     </span>
    </p>
   </div>
   <div class='ocr_carea' id='block_1_98' title="bbox 2235 3948 3816 4028">
    <p class='ocr_par' dir='ltr' id='par_1_98' title="bbox 2235 3948 3816 4028">
     <span class='ocr_line' id='line_1_98' title="bbox 2235 3948 3816 4028; baseline -0.013 -11"><span class='ocrx_word' id='word_1_769' title='bbox 2235 3962 2394 4017; x_wconf 91' lang='lat' dir='ltr'><strong>unius</strong></span> <span class='ocrx_word' id='word_1_770' title='bbox 2423 3958 2649 4026; x_wconf 87' lang='lat' dir='ltr'><strong>oblatio,</strong></span> <span class='ocrx_word' id='word_1_771' title='bbox 2676 3958 2801 4028; x_wconf 88' lang='lat' dir='ltr'><strong>quia</strong></span> <span class='ocrx_word' id='word_1_772' title='bbox 2840 3954 3062 4023; x_wconf 88' lang='lat' dir='ltr'><strong>legitimi</strong></span> <span class='ocrx_word' id='word_1_773' title='bbox 3103 3952 3369 4008; x_wconf 91' lang='lat' dir='ltr'><strong>consortis</strong></span> <span class='ocrx_word' id='word_1_774' title='bbox 3417 3948 3605 4003; x_wconf 90' lang='lat' dir='ltr'><strong>deerat</strong></span> <span class='ocrx_word' id='word_1_775' title='bbox 3632 3959 3816 4000; x_wconf 85' lang='lat' dir='ltr'><strong>assen-</strong></span> 
     </span>
    </p>
   </div>
   <div class='ocr_carea' id='block_1_99' title="bbox 2233 4033 3817 4119">
    <p class='ocr_par' dir='ltr' id='par_1_99' title="bbox 2233 4033 3817 4119">
     <span class='ocr_line' id='line_1_99' title="bbox 2233 4033 3817 4119; baseline -0.012 -10"><span class='ocrx_word' id='word_1_776' title='bbox 2233 4068 2325 4111; x_wconf 87' lang='lat' dir='ltr'><strong>sus</strong></span> <span class='ocrx_word' id='word_1_777' title='bbox 2349 4071 2362 4106; x_wconf 89' lang='lat'><strong>:</strong></span> <span class='ocrx_word' id='word_1_778' title='bbox 2398 4052 2471 4107; x_wconf 90' lang='lat' dir='ltr'><strong>ita</strong></span> <span class='ocrx_word' id='word_1_779' title='bbox 2494 4066 2615 4107; x_wconf 91' lang='lat' dir='ltr'><strong>cum</strong></span> <span class='ocrx_word' id='word_1_780' title='bbox 2645 4050 2761 4119; x_wconf 89' lang='lat' dir='ltr'><strong>pari</strong></span> <span class='ocrx_word' id='word_1_781' title='bbox 2791 4048 3045 4104; x_wconf 91' lang='lat' dir='ltr'><strong>obtulerit</strong></span> <span class='ocrx_word' id='word_1_782' title='bbox 3088 4053 3312 4115; x_wconf 88' lang='lat' dir='ltr'><strong>uterque</strong></span> <span class='ocrx_word' id='word_1_783' title='bbox 3356 4039 3644 4108; x_wconf 76' lang='lat' dir='ltr'><strong>consensu,</strong></span> <span class='ocrx_word' id='word_1_784' title='bbox 3674 4033 3817 4107; x_wconf 90' lang='lat' dir='ltr'><strong>quod</strong></span> 
     </span>
    </p>
   </div>
   <div class='ocr_carea' id='block_1_100' title="bbox 2209 4125 3818 4213">
    <p class='ocr_par' dir='ltr' id='par_1_100' title="bbox 2209 4125 3818 4213">
     <span class='ocr_line' id='line_1_100' title="bbox 2209 4125 3818 4213; baseline -0.015 -11"><span class='ocrx_word' id='word_1_785' title='bbox 2209 4152 2320 4201; x_wconf 83' lang='lat' dir='ltr'><strong>-est</strong></span> <span class='ocrx_word' id='word_1_786' title='bbox 2363 4140 2791 4213; x_wconf 88' lang='lat' dir='ltr'><strong>inseparabiliter</strong></span> <span class='ocrx_word' id='word_1_787' title='bbox 2826 4138 2854 4177; x_wconf 74' lang='grc' dir='ltr'><strong>ι’</strong></span> <span class='ocrx_word' id='word_1_788' title='bbox 2904 4140 3181 4206; x_wconf 89' lang='lat' dir='ltr'><strong>utriusque</strong></span> <span class='ocrx_word' id='word_1_789' title='bbox 3222 4146 3530 4201; x_wconf 84' lang='lat' dir='ltr'><strong>commune,</strong></span> <span class='ocrx_word' id='word_1_790' title='bbox 3558 4144 3667 4184; x_wconf 91' lang='lat' dir='ltr'><strong>non</strong></span> <span class='ocrx_word' id='word_1_791' title='bbox 3713 4125 3818 4181; x_wconf 87' lang='lat' dir='ltr'><strong>erit</strong></span> 
     </span>
    </p>
   </div>
   <div class='ocr_carea' id='block_1_101' title="bbox 2236 4219 3816 4307">
    <p class='ocr_par' dir='ltr' id='par_1_101' title="bbox 2236 4219 3816 4307">
     <span class='ocr_line' id='line_1_101' title="bbox 2236 4219 3816 4307; baseline -0.013 -16"><span class='ocrx_word' id='word_1_792' title='bbox 2236 4235 2551 4307; x_wconf 79' lang='lat' dir='ltr'><strong>impunitus,</strong></span> <span class='ocrx_word' id='word_1_793' title='bbox 2584 4233 2629 4287; x_wconf 88' lang='lat' dir='ltr'><strong>si</strong></span> <span class='ocrx_word' id='word_1_794' title='bbox 2660 4231 2780 4303; x_wconf 90' lang='lat' dir='ltr'><strong>quis</strong></span> <span class='ocrx_word' id='word_1_795' title='bbox 2808 4244 3002 4284; x_wconf 90' lang='lat' dir='ltr'><strong>munus</strong></span> <span class='ocrx_word' id='word_1_796' title='bbox 3028 4227 3140 4281; x_wconf 88' lang='lat' dir='ltr'><strong>Deo</strong></span> <span class='ocrx_word' id='word_1_797' title='bbox 3174 4224 3479 4281; x_wconf 87' lang='lat' dir='ltr'><strong>voluntaria</strong></span> <span class='ocrx_word' id='word_1_798' title='bbox 3525 4219 3816 4276; x_wconf 85' lang='lat' dir='ltr'><strong>devotione</strong></span> 
     </span>
    </p>
   </div>
   <div class='ocr_carea' id='block_1_102' title="bbox 2232 4312 3630 4393">
    <p class='ocr_par' dir='ltr' id='par_1_102' title="bbox 2232 4312 3630 4393">
     <span class='ocr_line' id='line_1_102' title="bbox 2232 4312 3630 4393; baseline -0.013 -10"><span class='ocrx_word' id='word_1_799' title='bbox 2232 4326 2491 4393; x_wconf 91' lang='lat' dir='ltr'><strong>oblatum,</strong></span> <span class='ocrx_word' id='word_1_800' title='bbox 2516 4324 2701 4380; x_wconf 90' lang='lat' dir='ltr'><strong>illicito</strong></span> <span class='ocrx_word' id='word_1_801' title='bbox 2731 4319 3019 4377; x_wconf 90' lang='lat' dir='ltr'><strong>crediderit</strong></span> <span class='ocrx_word' id='word_1_802' title='bbox 3047 4332 3211 4389; x_wconf 88' lang='lat' dir='ltr'><strong>opere</strong></span> <span class='ocrx_word' id='word_1_803' title='bbox 3241 4312 3630 4370; x_wconf 88' lang='lat' dir='ltr'><strong>temerandum.</strong></span> 
     </span>
    </p>
   </div>
   <div class='ocr_carea' id='block_1_103' title="bbox 2302 4404 3815 4481">
    <p class='ocr_par' dir='ltr' id='par_1_103' title="bbox 2302 4404 3815 4481">
     <span class='ocr_line' id='line_1_103' title="bbox 2302 4404 3815 4481; baseline -0.013 -6"><span class='ocrx_word' id='word_1_804' title='bbox 2302 4418 2431 4475; x_wconf 79' lang='lat' dir='ltr'><strong>CAP.</strong></span> <span class='ocrx_word' id='word_1_805' title='bbox 2462 4432 2572 4472; x_wconf 87' lang='lat' dir='ltr'><strong>vnt.</strong></span> <span class='ocrx_word' id='word_1_806' title='bbox 2608 4413 2711 4481; x_wconf 83' lang='lat' dir='ltr'><strong>Qui</strong></span> <span class='ocrx_word' id='word_1_807' title='bbox 2734 4430 2836 4469; x_wconf 89' lang='lat' dir='ltr'><strong>non</strong></span> <span class='ocrx_word' id='word_1_808' title='bbox 2867 4422 2972 4468; x_wconf 91' lang='lat' dir='ltr'><strong>toto</strong></span> <span class='ocrx_word' id='word_1_809' title='bbox 2996 4412 3168 4466; x_wconf 87' lang='lat' dir='ltr'><strong>animo</strong></span> <span class='ocrx_word' id='word_1_810' title='bbox 3196 4411 3358 4476; x_wconf 87' lang='lat' dir='ltr'><strong>vovit,</strong></span> <span class='ocrx_word' id='word_1_811' title='bbox 3389 4425 3447 4462; x_wconf 88' lang='lat' dir='ltr'><strong>eo</strong></span> <span class='ocrx_word' id='word_1_812' title='bbox 3472 4407 3640 4477; x_wconf 88' lang='lat' dir='ltr'><strong>magis</strong></span> <span class='ocrx_word' id='word_1_813' title='bbox 3666 4404 3815 4457; x_wconf 83' lang='lat' dir='ltr'><strong>dam-</strong></span> 
     </span>
    </p>
   </div>
   <div class='ocr_carea' id='block_1_104' title="bbox 2230 4505 3815 4570">
    <p class='ocr_par' dir='ltr' id='par_1_104' title="bbox 2230 4505 3815 4570">
     <span class='ocr_line' id='line_1_104' title="bbox 2230 4505 3815 4570; baseline -0.01 -4"><span class='ocrx_word' id='word_1_814' title='bbox 2230 4510 2420 4566; x_wconf 86' lang='lat' dir='ltr'><strong>nobilis</strong></span> <span class='ocrx_word' id='word_1_815' title='bbox 2448 4517 2544 4563; x_wconf 86' lang='lat' dir='ltr'><strong>est.</strong></span> <span class='ocrx_word' id='word_1_816' title='bbox 2573 4506 2653 4562; x_wconf 90' lang='lat' dir='ltr'><strong>De</strong></span> <span class='ocrx_word' id='word_1_817' title='bbox 2679 4517 2792 4561; x_wconf 83' lang='lat' dir='ltr'><strong>voto</strong></span> <span class='ocrx_word' id='word_1_818' title='bbox 2815 4505 2944 4559; x_wconf 87' lang='lat' dir='ltr'><strong>nihil</strong></span> <span class='ocrx_word' id='word_1_819' title='bbox 2975 4505 3089 4559; x_wconf 90' lang='lat' dir='ltr'><strong>licet</strong></span> <span class='ocrx_word' id='word_1_820' title='bbox 3109 4506 3328 4558; x_wconf 89' lang='lat' dir='ltr'><strong>retinere</strong></span> <span class='ocrx_word' id='word_1_821' title='bbox 3355 4508 3444 4554; x_wconf 89' lang='lat' dir='ltr'><strong>aut</strong></span> <span class='ocrx_word' id='word_1_822' title='bbox 3473 4506 3720 4570; x_wconf 86' lang='lat' dir='ltr'><strong>repetere.</strong></span> <span class='ocrx_word' id='word_1_823' title='bbox 3746 4524 3815 4535; x_wconf 92' lang='lat'><strong>—</strong></span> 
     </span>
    </p>
   </div>
   <div class='ocr_carea' id='block_1_105' title="bbox 2232 4595 3817 4673">
    <p class='ocr_par' dir='ltr' id='par_1_105' title="bbox 2232 4595 3817 4673">
     <span class='ocr_line' id='line_1_105' title="bbox 2232 4595 3817 4673; baseline -0.011 -13"><span class='ocrx_word' id='word_1_824' title='bbox 2232 4605 2320 4660; x_wconf 84' lang='grc'><strong>16.</strong></span> <span class='ocrx_word' id='word_1_825' title='bbox 2352 4603 2508 4673; x_wconf 85' lang='lat' dir='ltr'><strong>Quod</strong></span> <span class='ocrx_word' id='word_1_826' title='bbox 2536 4604 2582 4658; x_wconf 93' lang='lat' dir='ltr'><strong>si</strong></span> <span class='ocrx_word' id='word_1_827' title='bbox 2611 4603 2748 4658; x_wconf 78' lang='lat' dir='ltr'><strong>forte</strong></span> <span class='ocrx_word' id='word_1_828' title='bbox 2771 4601 2890 4672; x_wconf 90' lang='lat' dir='ltr'><strong>quis</strong></span> <span class='ocrx_word' id='word_1_829' title='bbox 2915 4615 3022 4654; x_wconf 92' lang='lat' dir='ltr'><strong>non</strong></span> <span class='ocrx_word' id='word_1_830' title='bbox 3045 4607 3159 4654; x_wconf 91' lang='lat' dir='ltr'><strong>toto</strong></span> <span class='ocrx_word' id='word_1_831' title='bbox 3188 4598 3367 4652; x_wconf 90' lang='lat' dir='ltr'><strong>animo</strong></span> <span class='ocrx_word' id='word_1_832' title='bbox 3395 4595 3604 4650; x_wconf 90' lang='lat' dir='ltr'><strong>vovisse</strong></span> <span class='ocrx_word' id='word_1_833' title='bbox 3633 4604 3817 4646; x_wconf 88' lang='lat' dir='ltr'><strong>cause-</strong></span> 
     </span>
    </p>
   </div>
   <div class='ocr_carea' id='block_1_106' title="bbox 2236 4679 3817 4765">
    <p class='ocr_par' dir='ltr' id='par_1_106' title="bbox 2236 4679 3817 4765">
     <span class='ocr_line' id='line_1_106' title="bbox 2236 4679 3817 4765; baseline -0.011 -13"><span class='ocrx_word' id='word_1_834' title='bbox 2236 4706 2343 4765; x_wconf 87' lang='lat' dir='ltr'><strong>tur,</strong></span> <span class='ocrx_word' id='word_1_835' title='bbox 2369 4711 2435 4751; x_wconf 90' lang='lat' dir='ltr'><strong>eo</strong></span> <span class='ocrx_word' id='word_1_836' title='bbox 2487 4695 2656 4765; x_wconf 87' lang='lat' dir='ltr'><strong>magis</strong></span> <span class='ocrx_word' id='word_1_837' title='bbox 2702 4691 3020 4749; x_wconf 87' lang='lat' dir='ltr'><strong>damnabilis</strong></span> <span class='ocrx_word' id='word_1_838' title='bbox 3045 4691 3165 4755; x_wconf 90' lang='lat' dir='ltr'><strong>erit,</strong></span> <span class='ocrx_word' id='word_1_839' title='bbox 3188 4688 3332 4758; x_wconf 91' lang='lat' dir='ltr'><strong>quod</strong></span> <span class='ocrx_word' id='word_1_840' title='bbox 3360 4703 3465 4742; x_wconf 91' lang='lat' dir='ltr'><strong>non</strong></span> <span class='ocrx_word' id='word_1_841' title='bbox 3495 4684 3721 4754; x_wconf 77' lang='lat' dir='ltr'><strong>simplex</strong></span> <span class='ocrx_word' id='word_1_842' title='bbox 3746 4679 3817 4735; x_wconf 89' lang='lat' dir='ltr'><strong>ad</strong></span> 
     </span>
    </p>
   </div>
   <div class='ocr_carea' id='block_1_107' title="bbox 2234 4773 3815 4857">
    <p class='ocr_par' dir='ltr' id='par_1_107' title="bbox 2234 4773 3815 4857">
     <span class='ocr_line' id='line_1_107' title="bbox 2234 4773 3815 4857; baseline -0.011 -14"><span class='ocrx_word' id='word_1_843' title='bbox 2234 4789 2428 4857; x_wconf 89' lang='lat' dir='ltr'><strong>Deum,</strong></span> <span class='ocrx_word' id='word_1_844' title='bbox 2464 4787 2557 4844; x_wconf 91' lang='lat' dir='ltr'><strong>sed</strong></span> <span class='ocrx_word' id='word_1_845' title='bbox 2588 4785 2742 4843; x_wconf 79' lang='lat' dir='ltr'><strong>ﬁctus</strong></span> <span class='ocrx_word' id='word_1_846' title='bbox 2772 4785 3013 4841; x_wconf 89' lang='lat' dir='ltr'><strong>accessit.</strong></span> <span class='ocrx_word' id='word_1_847' title='bbox 3061 4783 3217 4855; x_wconf 60' lang='lat'><strong>1&amp;9</strong></span> <span class='ocrx_word' id='word_1_848' title='bbox 3250 4780 3519 4849; x_wconf 89' lang='lat' dir='ltr'><strong>Scriptum</strong></span> <span class='ocrx_word' id='word_1_849' title='bbox 3558 4784 3640 4831; x_wconf 71' lang='grc' dir='ltr'><strong>εει.</strong></span> <span class='ocrx_word' id='word_1_850' title='bbox 3666 4773 3815 4829; x_wconf 91' lang='lat' dir='ltr'><strong>enim</strong></span> 
     </span>
    </p>
   </div>
   <div class='ocr_carea' id='block_1_108' title="bbox 2235 4869 3810 4951">
    <p class='ocr_par' dir='ltr' id='par_1_108' title="bbox 2235 4869 3810 4951">
     <span class='ocr_line' id='line_1_108' title="bbox 2235 4869 3810 4951; baseline -0.013 -15"><span class='ocrx_word' id='word_1_851' title='bbox 2235 4880 2362 4950; x_wconf 83' lang='lat' dir='ltr'><strong>quia</strong></span> <span class='ocrx_word' id='word_1_852' title='bbox 2386 4879 2613 4951; x_wconf 85' lang='lat' dir='ltr'><strong>Spiritus</strong></span> <span class='ocrx_word' id='word_1_853' title='bbox 2640 4888 2848 4933; x_wconf 87' lang='lat' dir='ltr'><strong>sanctus</strong></span> <span class='ocrx_word' id='word_1_854' title='bbox 2870 4875 3160 4945; x_wconf 68' lang='lat' dir='ltr'><strong>disciplima</strong></span> <span class='ocrx_word' id='word_1_855' title='bbox 3182 4871 3390 4941; x_wconf 77' lang='lat' dir='ltr'><strong>e/fugiet</strong></span> <span class='ocrx_word' id='word_1_856' title='bbox 3414 4869 3609 4939; x_wconf 80' lang='lat' dir='ltr'><strong>ﬁctum,</strong></span> <span class='ocrx_word' id='word_1_857' title='bbox 3638 4872 3687 4918; x_wconf 89' lang='lat' dir='ltr'><strong>et</strong></span> <span class='ocrx_word' id='word_1_858' title='bbox 3711 4879 3810 4916; x_wconf 87' lang='lat' dir='ltr'><strong>au-</strong></span> 
     </span>
    </p>
   </div>
   <div class='ocr_carea' id='block_1_109' title="bbox 2234 4954 3811 5046">
    <p class='ocr_par' dir='ltr' id='par_1_109' title="bbox 2234 4954 3811 5046">
     <span class='ocr_line' id='line_1_109' title="bbox 2234 4954 3811 5046; baseline -0.012 -18"><span class='ocrx_word' id='word_1_859' title='bbox 2234 4975 2364 5046; x_wconf 74' lang='lat' dir='ltr'><strong>feret</strong></span> <span class='ocrx_word' id='word_1_860' title='bbox 2398 4986 2453 5027; x_wconf 84' lang='lat' dir='ltr'><strong>se</strong></span> <span class='ocrx_word' id='word_1_861' title='bbox 2476 4988 2509 5026; x_wconf 74' lang='grc' dir='ltr'><em>α</em></span> <span class='ocrx_word' id='word_1_862' title='bbox 2536 4967 2928 5042; x_wconf 85' lang='lat' dir='ltr'><strong>cogitationibus</strong></span> <span class='ocrx_word' id='word_1_863' title='bbox 2959 4982 3070 5037; x_wconf 70' lang='lat' dir='ltr'><strong>qua:</strong></span> <span class='ocrx_word' id='word_1_864' title='bbox 3098 4972 3216 5018; x_wconf 88' lang='lat' dir='ltr'><strong>sunt</strong></span> <span class='ocrx_word' id='word_1_865' title='bbox 3236 4964 3345 5016; x_wconf 86' lang='lat' dir='ltr'><strong>sine</strong></span> <span class='ocrx_word' id='word_1_866' title='bbox 3367 4962 3622 5015; x_wconf 86' lang='lat' dir='ltr'><strong>intellectu</strong></span> <span class='ocrx_word' id='word_1_867' title='bbox 3653 4954 3811 5046; x_wconf 78' lang='lat' dir='ltr'><strong>(sap.</strong></span> 
     </span>
    </p>
   </div>
   <div class='ocr_carea' id='block_1_110' title="bbox 2236 5045 3811 5131">
    <p class='ocr_par' dir='ltr' id='par_1_110' title="bbox 2236 5045 3811 5131">
     <span class='ocr_line' id='line_1_110' title="bbox 2236 5045 3811 5131; baseline -0.013 -13"><span class='ocrx_word' id='word_1_868' title='bbox 2236 5045 2271 5129; x_wconf 89' lang='grc' dir='ltr'>ι,</span> <span class='ocrx_word' id='word_1_869' title='bbox 2296 5062 2373 5131; x_wconf 83' lang='lat'><strong>5).</strong></span> <span class='ocrx_word' id='word_1_870' title='bbox 2403 5059 2524 5117; x_wconf 78' lang='lat' dir='ltr'><strong>Alio</strong></span> <span class='ocrx_word' id='word_1_871' title='bbox 2546 5075 2761 5130; x_wconf 88' lang='lat' dir='ltr'><strong>quoque</strong></span> <span class='ocrx_word' id='word_1_872' title='bbox 2789 5058 2909 5112; x_wconf 91' lang='lat' dir='ltr'><strong>loco</strong></span> <span class='ocrx_word' id='word_1_873' title='bbox 2934 5055 3085 5110; x_wconf 88' lang='lat' dir='ltr'><strong>lictos</strong></span> <span class='ocrx_word' id='word_1_874' title='bbox 3106 5062 3291 5109; x_wconf 86' lang='lat' dir='ltr'><strong>sancta</strong></span> <span class='ocrx_word' id='word_1_875' title='bbox 3319 5052 3595 5121; x_wconf 88' lang='lat' dir='ltr'><strong>Scriptura</strong></span> <span class='ocrx_word' id='word_1_876' title='bbox 3623 5048 3703 5102; x_wconf 91' lang='lat' dir='ltr'><strong>sic</strong></span> <span class='ocrx_word' id='word_1_877' title='bbox 3731 5045 3811 5098; x_wconf 86' lang='lat' dir='ltr'><strong>in-</strong></span> 
     </span>
    </p>
   </div>
   <div class='ocr_carea' id='block_1_111' title="bbox 2234 5143 3813 5225">
    <p class='ocr_par' dir='ltr' id='par_1_111' title="bbox 2234 5143 3813 5225">
     <span class='ocr_line' id='line_1_111' title="bbox 2234 5143 3813 5225; baseline -0.014 -14"><span class='ocrx_word' id='word_1_878' title='bbox 2234 5161 2422 5225; x_wconf 89' lang='lat' dir='ltr'><strong>crepat</strong></span> <span class='ocrx_word' id='word_1_879' title='bbox 2448 5172 2460 5207; x_wconf 93' lang='lat'><strong>:</strong></span> <span class='ocrx_word' id='word_1_880' title='bbox 2505 5151 2594 5207; x_wconf 74' lang='lat' dir='ltr'><em>Vw</em></span> <span class='ocrx_word' id='word_1_881' title='bbox 2621 5151 2812 5222; x_wconf 89' lang='lat' dir='ltr'><strong>duplici</strong></span> <span class='ocrx_word' id='word_1_882' title='bbox 2844 5148 3015 5213; x_wconf 85' lang='lat' dir='ltr'><strong>corde,</strong></span> <span class='ocrx_word' id='word_1_883' title='bbox 3040 5154 3089 5201; x_wconf 89' lang='lat' dir='ltr'><strong>et</strong></span> <span class='ocrx_word' id='word_1_884' title='bbox 3130 5146 3282 5200; x_wconf 88' lang='lat' dir='ltr'><strong>labiis</strong></span> <span class='ocrx_word' id='word_1_885' title='bbox 3310 5143 3590 5204; x_wconf 85' lang='lat' dir='ltr'><strong>sceleratis,</strong></span> <span class='ocrx_word' id='word_1_886' title='bbox 3620 5147 3669 5191; x_wconf 87' lang='lat' dir='ltr'><strong>et</strong></span> <span class='ocrx_word' id='word_1_887' title='bbox 3700 5152 3813 5190; x_wconf 88' lang='lat' dir='ltr'><strong>ma-</strong></span> 
     </span>
    </p>
   </div>
   <div class='ocr_carea' id='block_1_112' title="bbox 2234 5231 3811 5316">
    <p class='ocr_par' dir='ltr' id='par_1_112' title="bbox 2234 5231 3811 5316">
     <span class='ocr_line' id='line_1_112' title="bbox 2234 5231 3811 5316; baseline -0.013 -16"><span class='ocrx_word' id='word_1_888' title='bbox 2234 5245 2383 5300; x_wconf 89' lang='lat' dir='ltr'><strong>nibus</strong></span> <span class='ocrx_word' id='word_1_889' title='bbox 2426 5238 2888 5316; x_wconf 79' lang='lat' dir='ltr'><strong>malefacientibus,</strong></span> <span class='ocrx_word' id='word_1_890' title='bbox 2921 5247 2969 5293; x_wconf 89' lang='lat' dir='ltr'><strong>et</strong></span> <span class='ocrx_word' id='word_1_891' title='bbox 2999 5236 3255 5309; x_wconf 89' lang='lat' dir='ltr'><strong>peccatori</strong></span> <span class='ocrx_word' id='word_1_892' title='bbox 3281 5231 3589 5306; x_wconf 86' lang='lat' dir='ltr'><strong>ingredienti</strong></span> <span class='ocrx_word' id='word_1_893' title='bbox 3620 5241 3811 5282; x_wconf 73' lang='lat' dir='ltr'><strong>terram</strong></span> 
     </span>
    </p>
   </div>
   <div class='ocr_carea' id='block_1_113' title="bbox 2232 5329 2986 5415">
    <p class='ocr_par' dir='ltr' id='par_1_113' title="bbox 2232 5329 2986 5415">
     <span class='ocr_line' id='line_1_113' title="bbox 2232 5329 2986 5415; baseline -0.015 -22"><span class='ocrx_word' id='word_1_894' title='bbox 2232 5336 2428 5393; x_wconf 85' lang='lat' dir='ltr'><strong>duabus</strong></span> <span class='ocrx_word' id='word_1_895' title='bbox 2452 5336 2545 5391; x_wconf 86' lang='lat' dir='ltr'><strong>viis</strong></span> <span class='ocrx_word' id='word_1_896' title='bbox 2575 5331 2761 5415; x_wconf 85' lang='lat' dir='ltr'><strong>(Eccli.</strong></span> <span class='ocrx_word' id='word_1_897' title='bbox 2788 5348 2845 5397; x_wconf 88' lang='grc' dir='ltr'>ιι,</span> <span class='ocrx_word' id='word_1_898' title='bbox 2877 5329 2986 5400; x_wconf 70' lang='grc'><strong>14).</strong></span> 
     </span>
    </p>
   </div>
   <div class='ocr_carea' id='block_1_114' title="bbox 2303 5432 3812 5514">
    <p class='ocr_par' dir='ltr' id='par_1_114' title="bbox 2303 5432 3812 5514">
     <span class='ocr_line' id='line_1_114' title="bbox 2303 5432 3812 5514; baseline -0.009 -13"><span class='ocrx_word' id='word_1_899' title='bbox 2303 5442 2391 5501; x_wconf 88' lang='grc'><strong>17.</strong></span> <span class='ocrx_word' id='word_1_900' title='bbox 2432 5445 2601 5514; x_wconf 90' lang='lat' dir='ltr'><strong>Quam</strong></span> <span class='ocrx_word' id='word_1_901' title='bbox 2632 5443 2702 5499; x_wconf 89' lang='lat' dir='ltr'><strong>sit</strong></span> <span class='ocrx_word' id='word_1_902' title='bbox 2730 5451 2908 5498; x_wconf 89' lang='lat' dir='ltr'><strong>autem</strong></span> <span class='ocrx_word' id='word_1_903' title='bbox 2936 5441 3154 5503; x_wconf 90' lang='lat' dir='ltr'><strong>malum,</strong></span> <span class='ocrx_word' id='word_1_904' title='bbox 3180 5452 3448 5511; x_wconf 88' lang='lat' dir='ltr'><strong>quamque</strong></span> <span class='ocrx_word' id='word_1_905' title='bbox 3476 5434 3703 5490; x_wconf 87' lang='lat' dir='ltr'><strong>sollicite</strong></span> <span class='ocrx_word' id='word_1_906' title='bbox 3727 5432 3812 5487; x_wconf 81' lang='lat' dir='ltr'><strong>l‘u-</strong></span> 
     </span>
    </p>
   </div>
   <div class='ocr_carea' id='block_1_115' title="bbox 2230 5524 3815 5613">
    <p class='ocr_par' dir='ltr' id='par_1_115' title="bbox 2230 5524 3815 5613">
     <span class='ocr_line' id='line_1_115' title="bbox 2230 5524 3815 5613; baseline -0.012 -17"><span class='ocrx_word' id='word_1_907' title='bbox 2230 5537 2503 5613; x_wconf 85' lang='lat' dir='ltr'><strong>giendum,</strong></span> <span class='ocrx_word' id='word_1_908' title='bbox 2532 5535 2578 5593; x_wconf 88' lang='lat' dir='ltr'><strong>si</strong></span> <span class='ocrx_word' id='word_1_909' title='bbox 2612 5535 2731 5607; x_wconf 91' lang='lat' dir='ltr'><strong>quis</strong></span> <span class='ocrx_word' id='word_1_910' title='bbox 2754 5534 2820 5589; x_wconf 89' lang='lat' dir='ltr'><strong>de</strong></span> <span class='ocrx_word' id='word_1_911' title='bbox 2848 5535 2952 5590; x_wconf 91' lang='lat' dir='ltr'><strong>hoc</strong></span> <span class='ocrx_word' id='word_1_912' title='bbox 2972 5530 3115 5604; x_wconf 89' lang='lat' dir='ltr'><strong>quod</strong></span> <span class='ocrx_word' id='word_1_913' title='bbox 3156 5530 3267 5585; x_wconf 91' lang='lat' dir='ltr'><strong>Deo</strong></span> <span class='ocrx_word' id='word_1_914' title='bbox 3300 5528 3506 5583; x_wconf 86' lang='lat' dir='ltr'><strong>voverit</strong></span> <span class='ocrx_word' id='word_1_915' title='bbox 3547 5535 3641 5580; x_wconf 90' lang='lat' dir='ltr'><strong>aut</strong></span> <span class='ocrx_word' id='word_1_916' title='bbox 3682 5524 3815 5579; x_wconf 73' lang='lat' dir='ltr'><strong>rcti~</strong></span> 
     </span>
    </p>
   </div>
   <div class='ocr_carea' id='block_1_116' title="bbox 2231 5616 3809 5696">
    <p class='ocr_par' dir='ltr' id='par_1_116' title="bbox 2231 5616 3809 5696">
     <span class='ocr_line' id='line_1_116' title="bbox 2231 5616 3809 5696; baseline -0.011 -11"><span class='ocrx_word' id='word_1_917' title='bbox 2231 5643 2361 5684; x_wconf 90' lang='lat' dir='ltr'><strong>nere</strong></span> <span class='ocrx_word' id='word_1_918' title='bbox 2403 5632 2497 5681; x_wconf 85' lang='lat' dir='ltr'><strong>aut</strong></span> <span class='ocrx_word' id='word_1_919' title='bbox 2526 5632 2771 5696; x_wconf 87' lang='lat' dir='ltr'><strong>repetere</strong></span> <span class='ocrx_word' id='word_1_920' title='bbox 2802 5620 3003 5696; x_wconf 90' lang='lat' dir='ltr'><strong>aliquid</strong></span> <span class='ocrx_word' id='word_1_921' title='bbox 3045 5616 3323 5678; x_wconf 78' lang='lat' dir='ltr'><strong>mortifera</strong></span> <span class='ocrx_word' id='word_1_922' title='bbox 3366 5616 3809 5689; x_wconf 58' lang='lat' dir='ltr'><strong>praevaricatione</strong></span> 
     </span>
    </p>
   </div>
   <div class='ocr_carea' id='block_1_117' title="bbox 2230 5710 3809 5793">
    <p class='ocr_par' dir='ltr' id='par_1_117' title="bbox 2230 5710 3809 5793">
     <span class='ocr_line' id='line_1_117' title="bbox 2230 5710 3809 5793; baseline -0.009 -16"><span class='ocrx_word' id='word_1_923' title='bbox 2230 5728 2522 5793; x_wconf 86' lang='lat' dir='ltr'><strong>pertentet,</strong></span> <span class='ocrx_word' id='word_1_924' title='bbox 2543 5719 2793 5791; x_wconf 80' lang='lat' dir='ltr'><strong>exemplo</strong></span> <span class='ocrx_word' id='word_1_925' title='bbox 2813 5729 2939 5774; x_wconf 89' lang='lat' dir='ltr'><strong>sunt</strong></span> <span class='ocrx_word' id='word_1_926' title='bbox 2960 5716 3196 5773; x_wconf 68' lang='lat' dir='ltr'><strong>Ananias</strong></span> <span class='ocrx_word' id='word_1_927' title='bbox 3226 5722 3282 5773; x_wconf 89' lang='lat' dir='ltr'><strong>et</strong></span> <span class='ocrx_word' id='word_1_928' title='bbox 3300 5714 3549 5786; x_wconf 86' lang='lat' dir='ltr'><strong>Saphira,</strong></span> <span class='ocrx_word' id='word_1_929' title='bbox 3579 5726 3716 5782; x_wconf 88' lang='lat' dir='ltr'><strong>quos</strong></span> <span class='ocrx_word' id='word_1_930' title='bbox 3741 5710 3809 5763; x_wconf 88' lang='lat' dir='ltr'><strong>de</strong></span> 
     </span>
    </p>
   </div>
   <div class='ocr_carea' id='block_1_118' title="bbox 2231 5805 3808 5885">
    <p class='ocr_par' dir='ltr' id='par_1_118' title="bbox 2231 5805 3808 5885">
     <span class='ocr_line' id='line_1_118' title="bbox 2231 5805 3808 5885; baseline -0.01 -15"><span class='ocrx_word' id='word_1_931' title='bbox 2231 5814 2406 5885; x_wconf 88' lang='lat' dir='ltr'><strong>pretio</strong></span> <span class='ocrx_word' id='word_1_932' title='bbox 2427 5812 2542 5883; x_wconf 84' lang='lat' dir='ltr'><strong>agri</strong></span> <span class='ocrx_word' id='word_1_933' title='bbox 2564 5812 2851 5881; x_wconf 87' lang='lat' dir='ltr'><strong>quamdam</strong></span> <span class='ocrx_word' id='word_1_934' title='bbox 2878 5816 3086 5882; x_wconf 84' lang='lat' dir='ltr'><strong>partem</strong></span> <span class='ocrx_word' id='word_1_935' title='bbox 3103 5806 3389 5866; x_wconf 72' lang='lat' dir='ltr'><strong>inﬁdeliter</strong></span> <span class='ocrx_word' id='word_1_936' title='bbox 3407 5805 3808 5868; x_wconf 81' lang='lat' dir='ltr'><strong>subtrahentes,</strong></span> 
     </span>
    </p>
   </div>
   <div class='ocr_carea' id='block_1_119' title="bbox 2301 5943 2904 6019">
    <p class='ocr_par' dir='ltr' id='par_1_119' title="bbox 2301 5943 2904 6019">
     <span class='ocr_line' id='line_1_119' title="bbox 2301 5943 2904 6019; baseline -0.002 -16"><span class='ocrx_word' id='word_1_937' title='bbox 2301 5948 2330 5988; x_wconf 71' lang='grc' dir='ltr'>δ</span> <span class='ocrx_word' id='word_1_938' title='bbox 2358 5946 2458 6005; x_wconf 70' lang='lat' dir='ltr'><strong>lis.</strong></span> <span class='ocrx_word' id='word_1_939' title='bbox 2480 5943 2668 6015; x_wconf 62' lang='lat' dir='ltr'><strong>cm,</strong></span> <span class='ocrx_word' id='word_1_940' title='bbox 2686 5949 2904 6019; x_wconf 78' lang='lat' dir='ltr'><strong>utrique.</strong></span> 
     </span>
    </p>
   </div>
   <div class='ocr_carea' id='block_1_120' title="bbox 4048 3682 4060 4214">
    <p class='ocr_par' dir='ltr' id='par_1_120' title="bbox 4049 3876 4055 4161">
     <span class='ocr_line' id='line_1_120' title="bbox 4054 3876 4055 3931; baseline 0 0"><span class='ocrx_word' id='word_1_941' title='bbox 4054 3876 4055 3931; x_wconf 62' lang='grc' dir='ltr'><strong>ι</strong></span> 
     </span>
     <span class='ocr_line' id='line_1_121' title="bbox 4052 3974 4053 4045; baseline 0 0"><span class='ocrx_word' id='word_1_942' title='bbox 4052 3974 4053 4045; x_wconf 50' lang='grc'><strong>1</strong></span> 
     </span>
     <span class='ocr_line' id='line_1_122' title="bbox 4049 4062 4051 4161; baseline 0 0"><span class='ocrx_word' id='word_1_943' title='bbox 4049 4062 4051 4161; x_wconf 48' lang='grc' dir='ltr'>ι</span> 
     </span>
    </p>
   </div>
  </div>
