4120 6460
243 403 371 463 809

1683 378 2011 444 EPISTOLA
2045 378 2089 436 l.

3434 359 3544 424 510

248 535 374 576 non
404 516 578 585 solum
606 529 707 587 vox
736 510 1050 587 apostolica,
1084 516 1336 580 tanquam
1375 505 1541 587 divini
1566 496 1702 574 juris
1729 516 1852 588 per-
1880 506 1928 579 Α
1956 501 2040 548 est
2081 499 2135 546 et
2178 487 2394 545 mentiri
2443 500 2549 539 non
2596 492 2809 555 potest;
2853 491 2909 541 et
2943 482 3085 540 bene
3114 485 3319 588 petenti
3344 482 3453 549 det,
3482 489 3541 588 et

246 623 509 677 vasores,
539 604 840 676 increpavit
870 601 965 673 (al.
997 602 1306 671 increpuit),
1336 598 1434 656 sed
1459 599 1621 652 etiam
1644 594 1848 650 severi-

250 710 349 757 tas
370 699 594 773 jnstitiae
621 695 854 752 caelestis
883 692 1100 749 occidit.
1148 692 1344 747 Beatus
1372 690 1604 759 denique
1635 686 1849 754 Petrus,

251 809 374 849 non
401 791 577 848 solum
625 788 826 843 fraudis
847 786 980 842 vitio
1008 793 1363 841 memoratum
1410 783 1674 837 Ananiam
1719 780 1855 835 dixit

255 886 565 944 obnoxium
584 923 598 948 ,
630 882 757 952 quin
803 880 965 935 etiam
993 894 1088 936 cor
1117 879 1232 949 ejus
1258 893 1289 931 a
1318 875 1515 931 Satana
1540 873 1856 951 pronuntia-

256 980 345 1034 vit
378 977 674 1048 impletum,
702 973 885 1028 dicens
916 990 928 1026 :
956 972 1186 1035 Anania,
1229 985 1320 1023 cur
1359 967 1584 1038 implevit
1626 965 1858 1021 Satanas

161 1134 183 1156 .
256 1088 360 1127 cor
390 1079 528 1123 tuum
565 1067 773 1133 mentiri
802 1074 850 1119 te
895 1062 1119 1136 Spiritui
1161 1070 1357 1126 sancto,
1391 1069 1447 1114 ut
1478 1058 1749 1133 fraudares
1798 1055 1861 1110 de

258 1161 436 1234 pretio
464 1159 618 1232 agri?
641 1155 833 1213 Nonne
853 1171 1068 1223 manens
1093 1153 1182 1208 tibi
1209 1151 1484 1217 manebat,
1520 1161 1569 1206 et
1598 1148 1863 1209 venunda-

267 1262 384 1308 tum
410 1253 466 1306 in
511 1262 598 1305 tua
635 1258 746 1303 erat
783 1246 1071 1323 potestate?
1103 1254 1129 1283 ι
1162 1243 1298 1309 Quid
1324 1246 1497 1314 utique
1525 1243 1693 1313 fecisti
1727 1242 1865 1295 hoc?

267 1340 402 1396 Non
427 1338 716 1395 hominibus
738 1339 982 1393 mentitus
1010 1353 1084 1401 es,
1117 1334 1209 1399 sed
1236 1333 1345 1388 Deo
1379 1334 1516 1405 (Act.
1545 1349 1597 1395 v,
1622 1331 1679 1398 5,
1705 1330 1782 1401 4).
1809 1331 1865 1391 Si

268 1435 398 1504 quis
428 1433 586 1503 igitur
618 1446 733 1486 rem
776 1429 1006 1491 Domino
1040 1426 1152 1497 jam
1179 1426 1431 1481 devotam
1461 1423 1664 1480 carnali
1685 1422 1868 1504 |vict_us

271 1525 533 1579 illecebra
555 1521 844 1595 crediderit
877 1519 1056 1575 denuo
1083 1516 1496 1587 reposcendam,
1545 1529 1651 1569 non
1678 1522 1761 1568 est
1789 1496 1869 1568 le-

272 1616 499 1683 gitimus
520 1614 596 1669 rei
623 1629 733 1668 sua:
762 1625 1065 1684 possessor,
1087 1609 1181 1665 sed
1206 1607 1369 1662 divini
1393 1605 1526 1677 juris
1556 1603 1872 1676 pronuntia—

274 1713 371 1759 tur
392 1706 625 1760 invasor.
677 1704 787 1759 Nec
823 1701 1093 1758 immerito
1127 1700 1471 1757 continentiae
1504 1699 1616 1770 jam
1662 1700 1872 1754 devota:

275 1797 517 1865 violator
539 1794 843 1853 immundus
869 1795 1037 1863 audit,
1069 1793 1214 1867 quod
1249 1810 1442 1853 avarus
1469 1795 1709 1865 pecunia:
1728 1793 1877 1851 frau-

275 1888 442 1944 dator
468 1888 688 1944 audivit.

357 1998 489 2054 Car.
520 2016 594 2054 lx.
657 1999 948 2072 Responsio
1011 1999 1080 2053 ad
1112 2000 1435 2069 interrogata
1478 2000 1542 2053 ab
1584 2000 1735 2061 initio
1773 2002 1879 2071 epi-

280 2091 455 2151 stolw.
524 2090 847 2159 Verecundia
901 2092 956 2146 in
1004 2098 1123 2147 actu
1178 2090 1446 2162 conjugali
1480 2091 1753 2151 servanda.
1804 2123 1878 2134 —

287 2182 384 2241 18.
427 2181 657 2240 Proinde
704 2192 897 2249 cuncta
950 2198 1071 2252 quae
1123 2183 1368 2253 superius
1408 2182 1679 2252 disputata
1730 2194 1876 2250 sunt,

286 2279 623 2339 conscientia
637 2280 788 2337 vobis
811 2281 1174 2339 testimonium
1197 2279 1514 2352 perhibente
1541 2282 1875 2351 perpendite.

287 2370 380 2437 Et,
408 2372 452 2427 si
472 2371 689 2441 quidem
717 2375 1105 2432 continentiam
1132 2377 1251 2447 pari
1271 2376 1493 2432 vovistis
1522 2391 1765 2445 assensu,
1792 2384 1881 2431 te-

291 2480 485 2521 norem
506 2476 699 2522 vestrte
728 2468 1031 2525 dilectionis
1050 2483 1173 2525 cum
1203 2469 1297 2525 Dei
1326 2470 1520 2529 timore
1541 2479 1754 2529 servate
1788 2489 1800 2523 :
1827 2478 1883 2525 et

295 2557 343 2611 si
373 2558 587 2627 quando
628 2561 804 2614 carnis
850 2561 1135 2617 inﬁrmitas
1171 2570 1409 2618 mentem
1446 2563 1646 2633 pulsat,
1675 2564 1884 2618 animus

293 2646 367 2702 ad
392 2648 649 2713 auxilium
665 2649 858 2707 divinae
878 2652 1518 2719 miserationisaocurrat,
1536 2652 1807 2710 neccedat
1827 2653 1887 2708 li-

294 2741 487 2808 bidini,
509 2743 610 2829 sed
624 2744 788 2803 Deum
805 2753 919 2799 tota
940 2746 1247 2803 humilitate
1277 2745 1450 2801 ﬁdelis
1470 2754 1683 2814 exoret,
1697 2757 1752 2800 et
1766 2761 1886 2801 car-

296 2833 409 2888 nali
429 2833 696 2891 desiderio
714 2834 967 2892 militanti
988 2835 1246 2891 adversus
1271 2836 1507 2890 animam
1528 2851 1637 2890 non
1657 2851 1887 2891 consen-

300 2925 426 2992 tiat,
450 2926 545 2981 sed
564 2936 846 2997 repugnet.
871 2927 925 2987 Si
939 2943 1068 2984 vero
1087 2928 1479 2984 continentiam
1501 2944 1638 2984 unus
1651 2936 1887 2984 vestrum

303 3017 423 3072 sine
450 3018 668 3078 alterius
695 3022 845 3076 vovit
868 3037 1114 3090 assensu,
1147 3023 1433 3079 temerarie
1458 3038 1521 3079 se
1548 3025 1760 3079 vovisse
1789 3039 1887 3080 eo-

304 3117 547 3175 gnoseat.
562 3117 618 3164 et
628 3110 864 3167 debitum
876 3110 997 3181 conj
1005 3113 1089 3181 ugi
1102 3121 1249 3169 casta
1262 3114 1572 3169 sinceritate
1586 3113 1885 3169 redhibeat.
1914 3129 1924 3139 '

379 3197 466 3254 19.
509 3201 912 3269 Verumtamen,
945 3213 1004 3260 ut
1042 3206 1222 3262 omnia
1252 3218 1431 3261 vestra
1480 3208 1707 3262 honeste
1739 3206 1889 3275 ﬁant,

305 3290 360 3345 in
386 3292 686 3351 redditione
712 3295 1012 3367 conjugalis
1050 3296 1235 3363 debiti,
1269 3298 1347 3353 sic
1375 3296 1744 3352 inﬁrmitatem
1770 3313 1892 3352 car-

308 3382 393 3441 nis
417 3398 542 3439 usus
563 3386 799 3456 excipiat
823 3388 1141 3458 conjugalis,
1172 3396 1232 3442 ut
1257 3404 1366 3443 non
1389 3404 1517 3444 caro
1542 3388 1750 3444 libidini
1779 3404 1895 3445 ser—

309 3477 441 3541 viat,
472 3477 567 3533 sed
592 3479 757 3534 animi
786 3480 957 3535 virtus
984 3480 1166 3550 adjuta
1206 3482 1461 3537 divinitus
1507 3483 1738 3538 carnalis
1765 3497 1899 3537 eon-

309 3569 659 3638 cupiscentiae
684 3568 833 3625 frena
863 3572 1169 3640 restringat.
1202 3572 1485 3642 Negotium
1509 3587 1742 3643 namque
1776 3571 1905 3627 sub-

312 3657 596 3711 stituendae
644 3658 811 3726 prolis
857 3658 931 3711 ita
978 3658 1142 3714 debet
1188 3676 1218 3713 a
1254 3662 1572 3729 coniugibus
1613 3662 1818 3731 peragi,
1844 3669 1906 3715 ut

314 3747 688 3804 subserviente
712 3746 1034 3815 verecundia
1065 3748 1193 3802 dum
1219 3765 1280 3803 se
1305 3750 1371 3803 ad
1400 3765 1537 3819 opus
1563 3749 1906 3805 fecunditatis

319 3840 533 3897 animus
580 3837 755 3894 ﬁdelis
802 3839 1046 3905 inclinat,
1096 3840 1415 3895 modestiam
1463 3842 1619 3895 simul
1649 3842 1909 3896 naturalis

318 3930 639 3996 honestatis,
670 3929 784 3985 Deo
805 3929 1112 3999 adjuvante,
1149 3928 1453 3987 custodiat:
1498 3933 1768 4002 praecipue
1811 3947 1910 3986 au-

321 4033 436 4081 tem
464 4024 863 4081 observandum
887 4032 970 4080 est
997 4022 1245 4079 ﬁdelibus
1268 4024 1586 4095 conjugibus
1627 4033 1685 4079 ut
1725 4025 1814 4079 illa
1836 4024 1913 4080 fu-

323 4118 473 4186 giant
494 4132 657 4187 opera
687 4132 806 4186 quae
827 4117 1005 4172 divina
1034 4118 1316 4185 severitas,
1363 4127 1420 4173 et
1465 4117 1704 4173 facienda
1729 4116 1915 4186 prohi-

325 4212 439 4275 bet,
473 4216 529 4264 et
556 4207 695 4264 facta
739 4209 1083 4265 condemnat.
1129 4206 1255 4264 Haec
1301 4209 1443 4263 enim
1486 4224 1587 4264 nec
1616 4209 1914 4278 apostolica

327 4304 571 4359 doctrina
617 4302 862 4358 fidelibus
893 4302 1165 4358 insinuare
1208 4303 1475 4367 cessavit,
1512 4312 1573 4356 ut
1620 4300 1687 4356 ad
1735 4310 1918 4356 custo-

329 4394 579 4451 diendam
626 4396 748 4453 vitae
793 4396 948 4449 bona:
995 4394 1232 4464 regulam
1283 4393 1579 4464 prudenter
1627 4393 1919 4449 instrueret

328 4486 724 4555 salubriterque
745 4493 994 4540 terreret.

405 4577 534 4634 CAP.
592 4595 646 4631 x.
696 4576 1025 4633 Continentia
1078 4595 1112 4630 a
1171 4576 1282 4632 Deo
1334 4578 1569 4631 omnibus
1625 4585 1702 4631 est
1771 4591 1921 4645 expe-

288 4714 298 4725 .
337 4670 513 4735 lauda.
567 4667 647 4723 De
695 4670 942 4737 regimine
994 4668 1240 4740 familia,
1293 4678 1344 4723 et
1396 4668 1702 4722 educatione
1740 4643 1921 4736 prolis.
1952 4643 2041 4740 ΒΞ

338 4759 539 4830 Regula
608 4760 866 4830 profectus
922 4767 972 4811 et
1040 4759 1368 4829 perfectionis
1429 4759 1487 4811 in
1542 4758 1804 4828 conjugio.
1856 4786 1928 4799 --

338 4851 427 4909 ω.
468 4851 716 4920 Magnum
748 4850 928 4919 itaque
959 4851 1160 4907 bonum
1211 4855 1293 4904 est
1340 4849 1620 4903 mulierem
1653 4863 1758 4902 non
1806 4857 1926 4900 tan-

339 4956 487 5014 gere,
518 4940 662 5011 quod
700 4939 863 4996 debet
905 4939 1082 4995 omnis
1127 4937 1301 4992 lidelis
1345 4936 1714 5006 principaliter
1743 4935 1931 4990 obser-

340 5049 472 5090 vare
516 5052 531 5089 :
576 5039 800 5103 propter
848 5030 1234 5087 fornicationes
1277 5036 1478 5090 tamen,
1508 5027 1771 5095 quisquis,
1815 5025 1930 5080 sive

342 5125 680 5196 conjugatus,
706 5125 819 5179 sive
838 5141 869 5178 a
887 5122 1138 5191 conjugio
1160 5122 1317 5185 liber,
1339 5120 1385 5173 si
1414 5119 1797 5175 continentiam
1820 5117 1931 5172 Deo

345 5235 457 5277 non
484 5218 651 5282 vovit,
696 5223 752 5270 et
797 5214 1033 5285 seipsum
1076 5214 1145 5267 ad
1191 5209 1517 5281 implendam
1545 5209 1933 5265 continentiam

345 5315 520 5369 cernit
542 5309 831 5366 invalidum
878 5307 898 5379 (
942 5306 1183 5375 quamvis
1221 5304 1313 5359 ubi
1348 5303 1509 5374 plena
1545 5300 1705 5356 fuerit
1756 5301 1933 5357 conti-

347 5404 513 5461 nendi
543 5403 811 5463 voluntas,
844 5407 900 5452 et
927 5399 996 5452 ab
1024 5398 1271 5451 oratione
1294 5403 1458 5464 atque
1499 5394 1656 5465 150
1682 5393 1937 5463 operibus

346 5499 506 5555 bonis
546 5512 655 5552 non
697 5492 965 5550 destiterit
1000 5504 1126 5545 vera
1148 5488 1329 5544 cordis
1376 5487 1675 5553 humilitas,
1706 5484 1795 5539 ille
1838 5484 1933 5554 qui

347 5592 485 5647 dixit
518 5609 530 5644 :
565 5589 751 5653 Petite,
786 5597 836 5642 et
870 5584 1080 5640 dabitur
1111 5581 1283 5646 vobis;
1309 5582 1542 5653 quaerite,
1566 5588 1615 5635 et
1634 5580 1933 5647 invenietis;

349 5687 574 5762 pulsate,
591 5693 640 5737 et
670 5681 929 5753 aperietur
955 5675 1095 5732 vobis
1117 5673 1335 5745 (Matth.
1363 5689 1457 5740 vn,
1478 5673 1566 5743 7);
1598 5671 1723 5742 quia
1737 5672 1937 5727 veritas

335 5833 338 5837 ‘
430 5836 451 5859 ἰ
476 5822 553 5877 ita
584 5836 683 5875 ms.
728 5816 896 5873 Corb.
942 5815 1011 5869 At
1052 5811 1178 5866 editi
1215 5809 1430 5874 Colon.,
1480 5808 1604 5864 Ant.
1657 5813 1712 5862 et
1752 5807 1938 5873 Basii.,

360 5894 457 5961 Qui
486 5903 659 5966 utique
687 5889 851 5969 fecisti
881 5887 998 5955 hoc,
1025 5900 1127 5943 non
1153 5899 1228 5949 es,
1257 5887 1364 5937 etc.

1952 583 2213 656 quaerenti
2241 579 2651 636 adinventiones
2680 591 2804 630 suas
2847 584 3134 649 praeparet,
3167 584 3222 630 et
3249 574 3386 629 bene
3411 573 3533 645 pul-

1953 676 2093 731 santi
2125 674 2237 744 ipse
2264 671 2492 743 aperiat,
2520 677 2581 724 ιιι
2609 667 2676 723 ad
2704 666 3003 738 penetralia
3034 666 3155 721 vitae
3194 664 3431 719 melioris
3459 663 3541 718 in-

1953 762 2457 835 troeat);tamen,si
2486 760 2607 831 quis
2635 757 2810 813 adhuc
2840 756 2957 828 plus
2984 763 3067 810 est
3093 755 3160 810 de
3190 770 3284 809 sua
3314 752 3545 808 inﬁrmi-

1957 864 2070 910 tate
2122 853 2383 909 sollicitus
2420 867 2581 922 quam
2621 850 2688 905 de
2734 848 2943 903 Domini
2974 848 3171 902 virtute
3218 862 3462 914 securus,
3500 846 3547 902 si

1958 946 2348 1004 continentiam
2381 960 2489 1000 non
2519 944 2667 998 vovit
2709 942 2906 1011 carnis,
2939 941 3217 997 contineat
3251 940 3318 995 ab
3347 939 3546 1010 iniqui-

1960 1045 2091 1103 tate,
2128 1045 2183 1092 et
2210 1037 2352 1091 sicut
2378 1035 2539 1090 decet
2588 1039 2770 1088 utatur
2797 1047 2965 1088 uxore
3016 1050 3029 1086 :
3074 1032 3336 1086 malitiam
3385 1038 3550 1099 atque

1963 1127 2245 1182 avaritiam
2276 1125 2465 1195 fugiat,
2497 1134 2553 1180 et
2581 1140 2689 1180 non
2719 1121 3549 1194 eondemnabitur(al.condem-

1963 1218 2170 1290 netur),
2197 1219 2244 1273 si
2269 1216 2489 1287 conjugi
2519 1216 2757 1273 debitum
2788 1216 2979 1277 reddat
3008 1233 3020 1267 :
3054 1230 3163 1270 non
3186 1214 3258 1277 sit
3284 1212 3547 1271 ebriosus,

1958 1324 2076 1367 non
2106 1310 2337 1373 invidus,
2370 1325 2480 1363 non
2510 1308 3026 1389 contentiosus,non
3059 1308 3231 1370 ticius,
3263 1319 3371 1359 non
3398 1302 3553 1358 mali-

1966 1416 2123 1473 gnus,
2156 1416 2265 1458 non
2295 1400 2578 1469 litigiosus,
2625 1414 2733 1455 non
2781 1399 3059 1469 superbus,
3092 1413 3200 1451 non
3226 1411 3414 1467 rapax,
3442 1410 3551 1453 non

1970 1508 2162 1549 avarus
2194 1511 2207 1546 :
2237 1501 2496 1562 quantum
2545 1490 2613 1547 ad
2658 1491 2832 1561 ipsum
2869 1490 3092 1554 attinet,
3127 1503 3315 1558 pacem
3354 1486 3556 1555 habere

1971 1600 2096 1641 cum
2143 1584 2393 1640 omnibus
2432 1591 2658 1653 quaerat,
2711 1581 3002 1652 perniciem
3032 1597 3138 1635 non
3182 1588 3382 1644 teneat,
3422 1577 3560 1635 nulli

1973 1676 2242 1742 detrahat,
2274 1691 2396 1731 cum
2418 1673 2607 1730 amicis
2626 1672 2786 1733 ﬁdem
2810 1678 3010 1737 teneat,
3033 1670 3263 1735 inimicis
3285 1683 3559 1739 nunquam

1973 1766 2210 1840 perﬁdus
2253 1776 2346 1822 aut
2392 1765 2641 1837 perjurus
2681 1765 2906 1830 existat;
2973 1763 3149 1818 aliena
3198 1778 3306 1817 non
3364 1760 3558 1837 rapiat.

1904 1879 1954 1943 Β
1975 1860 2214 1934 aequitati
2225 1858 2506 1931 pecuniam
2529 1874 2635 1913 non
2651 1864 2956 1928 praeponat;
2973 1855 3043 1911 sit
3062 1855 3116 1913 in
3129 1854 3357 1923 negotiis
3364 1851 3562 1923 justus,

1979 1952 2035 2007 in
2062 1950 2316 2022 operibus
2352 1950 2501 2020 pius,
2530 1948 2676 2003 mitis
2708 1947 2776 2002 ad
2809 1946 3135 2013 tolerandas,
3163 1945 3350 2011 tardus
3379 1943 3446 1998 ad
3478 1958 3565 1999 re-

1976 2042 2293 2105 tribuendas
2319 2040 2567 2111 injurias;
2597 2041 2649 2111 in
2676 2036 2784 2094 ﬁde
2803 2038 3029 2109 stabilis,
3064 2044 3276 2090 amator
3299 2033 3564 2091 castitatis

1980 2142 2036 2190 et
2055 2134 2221 2205 pacis.
2238 2130 2496 2187 Attendat
2519 2130 2814 2187 Salvatoris
2833 2129 3004 2185 nostri
3024 2128 3243 2192 dictum,
3261 2141 3370 2197 quo
3392 2125 3567 2190 nobis,

1981 2234 2038 2282 et
2065 2224 2192 2295 quid
2223 2224 2482 2299 faciamus
2502 2222 2765 2293 prmcipit,
2799 2228 2853 2276 et
2874 2218 3004 2290 quid
3032 2219 3360 2289 accipiamus
3388 2223 3573 2281 osten-

1982 2316 2091 2384 dit;
2123 2317 2198 2373 ait
2233 2317 2374 2371 enim
2402 2333 2414 2368 :
2446 2314 2726 2379 Dimittite,
2759 2322 2809 2368 et
2837 2313 3122 2368 dimittetur
3154 2310 3325 2376 vobis;
3357 2310 3496 2377 date,
3524 2316 3573 2364 et

1984 2406 2193 2464 dabitur
2216 2406 2355 2462 vobis
2387 2404 2538 2477 (Luc.
2572 2421 2641 2473 v1,
2673 2404 2782 2474 5'1).
2812 2402 2894 2459 Sit
2922 2416 3050 2471 ergo
3090 2409 3351 2472 quantum
3397 2406 3576 2468 potest

1984 2501 2040 2556 in
2070 2499 2430 2570 eleemosynis
2474 2498 2651 2564 largus
2680 2504 2736 2552 et
2761 2496 2967 2561 hilaris,
2999 2504 3055 2550 et
3097 2494 3165 2549 ad
3193 2491 3574 2548 dimittendum

1985 2590 2338 2662 peccantibus
2364 2589 2538 2645 facilis
2563 2604 2627 2645 ac
2677 2588 2889 2653 suavis;
2933 2601 3034 2642 nec
3075 2594 3255 2642 tamen
3306 2590 3457 2657 putet
3498 2582 3579 2637 ita

1986 2683 2340 2754 peccantibus
2362 2682 2574 2736 veniam
2603 2680 2962 2744 tribuendam,
2995 2688 3055 2733 ut
3101 2677 3437 2748 disciplinam
3465 2686 3578 2733 sua

1988 2774 2183 2829 domus
2211 2772 2486 2828 existimet
2514 2771 2907 2841 negligentiam,
2948 2768 3043 2823 sed
3069 2767 3265 2836 vigoris
3295 2768 3386 2837 (al.
3434 2765 3579 2834 rigo-

1990 2863 2090 2936 ris)
2123 2863 2364 2918 retinens
2392 2860 2793 2939 clementiupque
2820 2860 3153 2931 temperiem,
3178 2865 3356 2912 servet
3376 2856 3431 2912 in
3459 2869 3582 2912 cor-

1991 2953 2245 3027 reptione
2267 2952 2605 3018 modestiam,
2635 2962 2691 3006 et
2721 2953 2771 3005 in
2803 2950 3117 3006 remissione
3143 2963 3441 3005 censuram.
3475 2944 3578 3001 Ar-

1993 3057 2143 3119 guat,
2189 3054 2426 3111 moneat,
2474 3053 2695 3110 terreat,
2729 3045 2990 3113 increpet,
3040 3041 3371 3105 consoletur,
3424 3038 3578 3093 oble-

1998 3151 2140 3209 ctet;
2173 3156 2276 3196 nec
2302 3148 2509 3194 tantum
2540 3137 2767 3192 faciatin
2791 3135 3016 3191 subditis
3044 3132 3391 3209 peccantibus
3411 3144 3586 3199 quan-

2001 3245 2115 3292 tum
2162 3235 2396 3305 impetus
2446 3231 2640 3286 furoris
2684 3229 2929 3300 impellit,
2980 3227 3075 3282 sed
3105 3233 3366 3296 quantum
3395 3221 3588 3281 modus

2002 3325 2415 3385 consultationis
2462 3323 2740 3393 exposcit;
2769 3330 2824 3376 et
2862 3320 2907 3376 si
2945 3317 3310 3375 verberandus
3360 3323 3443 3370 est
3487 3328 3589 3385 pro

2003 3428 2231 3495 peccato
2282 3417 2531 3483 famulus,
2581 3431 2688 3473 non
2737 3411 3026 3470 ulciscendi
3067 3410 3230 3495 libido
3279 3408 3591 3481 prapraleat,

2004 3484 2100 3568 sed
2123 3510 2351 3581 aequitas
2371 3508 2674 3564 Christiana
2701 3507 2880 3581 potius
2910 3505 2983 3561 illi
3027 3484 3327 3559 clementer.
3349 3498 3596 3556 consulat

2006 3617 2168 3674 quem
2198 3600 2459 3670 ﬂagellat;
2493 3614 2556 3653 ac
2584 3599 2659 3652 sic
2688 3606 2743 3652 et
2771 3595 2989 3666 quando
3017 3594 3225 3664 justitia
3256 3589 3597 3663 persequitur

2010 3694 2247 3764 culpam,
2276 3706 2385 3745 non
2414 3689 2552 3743 desit
2580 3687 2967 3751 misericordia,
3013 3700 3131 3756 qum
3161 3682 3405 3738 modeste
3450 3679 3599 3736 novit

2010 3797 2233 3843 tenuare
2262 3785 2567 3839 vindictam.

2082 3876 2172 3930 2i.
2214 3875 2527 3931 Nutriantur
2574 3873 2689 3941 ﬁlii,
2738 3869 3033 3927 secundum
3102 3868 3345 3941 Apostoli
3393 3878 3602 3939 praeco-

2017 3978 2188 4040 ptum,
2218 3970 2275 4021 in
2308 3967 2584 4036 disciplina
2606 3974 2655 4019 et
2676 3965 2997 4035 correptione
3038 3961 3249 4017 Domini
3280 3959 3494 4030 (Ep/tes.
3524 3973 3604 4029 vt,

2016 4061 2094 4133 4),
2124 4076 2224 4129 nec
2252 4058 2633 4131 permittantur
2672 4056 2941 4126 impudice
2970 4065 3063 4121 aut
3099 4053 3372 4107 luxuriose
3401 4052 3603 4118 vivere.

2019 4169 2140 4211 cum
2171 4168 2283 4211 non
2302 4148 2660 4215 lascivire,sed
2683 4147 2917 4204 castitati
2944 4163 3007 4201 ac
3036 4143 3406 4216 temperantia:
3428 4140 3609 4212 proles

2021 4245 2220 4301 debeat
2250 4241 2554 4298 Christiana
2583 4240 2806 4296 servire.
2852 4238 3037 4308 Neque
3084 4237 3225 4292 enim
3256 4246 3309 4289 et
3358 4234 3425 4288 de
3454 4232 3609 4288 malis

2020 4333 2534 4408 operibus'ﬁliorum
2574 4349 2681 4389 non
2707 4333 2810 4388 erit
2852 4332 2904 4385 in
2943 4331 3032 4386 illa
3077 4329 3301 4387 terribili
3331 4328 3609 4383 examina-

2022 4428 2171 4483 tione
2197 4433 2477 4498 parentum
2512 4423 2830 4493 negligentia
2851 4420 3162 4492 judicanda,
3194 4436 3316 4475 cum
3346 4427 3402 4473 et
3429 4418 3484 4472 in
3506 4418 3614 4475 hoc

2023 4517 2223 4575 saeculo
2277 4524 2563 4587 propterea
2595 4513 2713 4570 lieli
2745 4513 2999 4569 sacerdos
3029 4510 3085 4583 (Ι
3116 4510 3243 4581 Reg.
3276 4524 3333 4577 ιι,
3360 4510 3414 4579 ’5)
3446 4523 3476 4562 a
3506 4506 3616 4563 Do-

2028 4609 2176 4664 mino
2206 4608 2525 4681 reprobatus
2554 4604 2712 4661 fuerit
2740 4614 2793 4659 et
2822 4604 3081 4674 abjectus,
3127 4618 3232 4657 non
3261 4601 3382 4671 quia
3412 4598 3531 4654 ﬁliis
3558 4598 3619 4656 in

2031 4697 2315 4769 iniquitate
2362 4695 2656 4754 consensit.
2704 4694 2796 4749 sed
2845 4694 2969 4773 quia
3012 4700 3298 4763 peccantes
3334 4696 3616 4744 mansueto

2033 4791 2284 4861 quamvis
2312 4805 2561 4845 sermone
2590 4788 2880 4855 monuerit,
2921 4788 3207 4858 prohibere
3253 4796 3431 4841 tamen
3462 4774 3617 4839 com-

2031 4881 2240 4954 petenti
2268 4881 2558 4936 severitate
2586 4881 2834 4935 cessavit.
2858 4878 3024 4948 Magis
3045 4887 3223 4934 autem
3252 4886 3502 4948 parentes
3526 4876 3621 4946 qui

2032 4989 2161 5029 vere
2208 4973 2439 5038 diligunt
2492 4970 2649 5039 ﬁlios,
2691 4972 2830 5027 bene
2871 4970 3145 5041 operando
3190 4971 3269 5026 eis
3314 4970 3617 5037 consulant,

2036 5077 2196 5131 quam
2230 5061 2444 5115 divitias
2464 5062 2791 5130 colligendo;
2814 5077 2883 5117 ne
2902 5063 3026 5119 dum
3057 5060 3180 5115 ﬁliis
3208 5061 3469 5116 tenaciter
3495 5060 3622 5116 sub-

2039 5151 2238 5205 stantia
2271 5151 2557 5219 colligitur,
2572 5154 2943 5223 opportunitas
2970 5152 3096 5207 boni
3119 5152 3299 5222 operis
3319 5152 3616 5209 omittatur.

2112 5240 2201 5295 22.
2245 5239 2360 5294 Pm:
2390 5242 2639 5297 omnibus
2673 5251 2856 5297 autem
2907 5241 3090 5297 fideles
3119 5241 3462 5297 meminerint
3492 5258 3623 5299 con-

2037 5332 2207 5405 jugati
2257 5348 2471 5404 semper
2514 5333 2848 5388 orationibus
2888 5339 3049 5401 atque
3093 5332 3448 5403 eleemosynis
3493 5333 3627 5388 insi-

2042 5423 2319 5489 stendum;
2354 5439 2453 5479 nec
2482 5425 2647 5479 velint
2670 5424 2870 5493 jugiter
2890 5424 2941 5477 in
2967 5420 3078 5491 ipsa
3108 5422 3285 5481 carnis
3312 5423 3626 5480 inﬁrmitate

2036 5515 2241 5587 jacere,
2281 5513 2375 5569 sed
2425 5511 2679 5568 festinent
2702 5511 2731 5550 ι)
2760 5511 2981 5581 gradum
3012 5511 3134 5567 vitm
3163 5514 3389 5589 potioris
3431 5530 3625 5569 ascen-

2046 5605 2190 5662 dere.
2226 5590 2292 5659 Ει
2322 5615 2378 5659 ιιι
2407 5604 2473 5659 ad
2506 5606 2758 5673 virtutem
2805 5603 3150 5673 continentiae
3194 5608 3473 5685 perveniat
3516 5608 3627 5660 ani-

2044 5714 2179 5762 mus,
2212 5699 2382 5767 magis
2427 5697 2701 5766 magisque
2725 5695 2954 5751 carnalis
2982 5698 3430 5769 concupiscentia:
3477 5714 3625 5752 com-

2119 5831 2146 5870 δ
2176 5831 2273 5887 Ms.
2306 5829 2509 5895 Victor,
2542 5828 2806 5901 gaudium.
