4120 6462
306 469 416 523 515

1708 453 2039 512 EPISTULA
2073 451 2138 510 ll.

3473 452 3582 509 δη

302 557 483 636 ratum
506 585 584 634 cst
606 592 641 631 a
666 571 1026 630 constitutione
1048 566 1222 621 mundi
1249 567 1461 638 (Matth.
1488 583 1613 635 xxv,
1644 567 1767 638 34);
1792 568 1886 622 sed
1912 599 1965 656 Α
1990 579 2111 636 qua:
2152 563 2338 620 mundi
2378 571 2504 620 sunt
2537 563 2628 619 illa
2664 561 2904 632 cogitare
2931 566 3257 635 permittitur
3292 582 3412 639 quas
3449 584 3573 626 cor-

303 673 516 728 dicetur
542 670 656 726 eis:
690 665 789 730 Ite,
821 662 1099 727 maledicti,
1128 663 1180 715 in
1200 662 1371 732 ignem
1395 668 1660 724 teternum,
1678 666 1767 731 qui
1787 675 1884 729 pa-

301 774 452 819 ratus
470 772 546 818 est
565 758 768 815 diabolo
791 767 840 812 et
861 756 1055 829 angelis
1076 754 1187 826 ejus
1213 751 1423 825 (Matth.
1447 768 1574 820 xxv,
1597 751 1707 821 ll).
1727 750 1885 806 Tales

300 858 489 928 igitur,
500 851 895 925 quantumlibet
915 847 1472 917 longmvi’moriantur,
1488 846 1683 901 acerbo
1696 845 1884 905 funere

298 949 709 1015 demerguntur,
740 952 795 998 et
821 941 1062 1012 quamvis
1097 948 1225 995 aetas
1253 954 1436 994 eorum
1466 946 1671 993 matura
1699 937 1886 993 videa-

296 1052 397 1098 tur
440 1041 497 1097 in
544 1054 796 1111 corpore,
848 1036 1000 1109 153
1042 1034 1317 1091 mortifera
1346 1042 1529 1089 tamen
1560 1032 1747 1089 mundi
1796 1031 1882 1088 di-

296 1133 468 1190 lectio
522 1133 821 1187 immatura:
872 1126 1068 1183 mentis
1122 1126 1473 1181 acerbitatem
1525 1131 1766 1182 retentat
1821 1123 1879 1180 in

294 1227 489 1284 corde.

372 1317 500 1376 CAP.
519 1333 590 1374 tv.
616 1316 787 1372 Bonus
803 1314 1145 1377 Christianus,
1168 1312 1262 1366 etsi
1265 1311 1613 1382 juvenis,’uon
1632 1311 1882 1381 mergitur

296 1413 486 1483 funere
512 1408 716 1463 acerbo.
744 1404 865 1460 Non
891 1405 994 1459 vita
1017 1403 1175 1474 longa
1201 1402 1430 1472 prodest,
1461 1400 1552 1456 sed
1581 1399 1877 1455 bona.—-—7.

293 1500 636 1558 Christianus
664 1508 842 1552 autem
869 1496 958 1565 qui
988 1496 1040 1549 in
1070 1495 1260 1549 timore
1293 1493 1388 1548 Dei
1410 1493 1622 1558 vixerit,
1647 1507 1886 1562 quacun-

292 1608 410 1665 que
448 1589 608 1647 fuerit
650 1586 932 1643 defunctus
959 1594 1119 1641 aetate
1141 1584 1406 1655 corporis,
1434 1599 1542 1639 non
1584 1584 1781 1639 acerbo
1804 1581 1887 1638 fu-

297 1685 435 1737 nere
459 1680 738 1748 mergitur,
766 1676 861 1733 sed
908 1675 1104 1746 placita
1134 1674 1247 1730 Deo
1288 1674 1548 1729 subnixus
1574 1673 1887 1729 maturitate

292 1771 641 1829 transfertur.
665 1769 914 1837 Legimus
942 1782 1173 1837 namque
1197 1767 1253 1821 in
1288 1767 1478 1821 eodem
1507 1765 1796 1837 Sapientia:
1823 1766 1889 1820 li-

294 1871 403 1926 bro
433 1886 447 1921 :
478 1868 611 1936 Quia
641 1874 871 1920 senectus
898 1861 1214 1917 honorabilis
1242 1871 1337 1927 est,
1368 1878 1471 1915 non
1499 1860 1764 1925 diuturna,
1796 1877 1888 1914 ne-

1989 656 2162 728 poralj
2190 657 2373 712 vincta
2403 665 2431 695 α
2458 656 2731 713 connubio
2758 655 3052 726 detinetur,
3103 658 3294 713 eodem
3323 662 3573 731 apostolo

1988 750 2228 807 dicente:
2250 747 2380 814 Quae
2401 761 2571 805 mitem
2589 760 2749 819 nupta
2770 760 2864 815 est,
2887 752 3080 823 cogitat
3099 768 3214 823 qua:
3233 762 3352 806 sunt
3370 753 3571 814 mundi.

1987 839 2240 912 quomodo
2278 839 2482 910 placeat
2518 840 2627 895 viro
2671 837 2728 910 (Ι
2767 838 2888 895 Cor.
2922 857 3014 907 vu,
3047 840 3163 912 54).
3192 841 3308 898 lllic
3336 852 3420 899 est
3443 858 3574 912 ergo

1988 930 2273 985 mundanae
2300 930 2641 1001 cogitationis
2661 931 2937 986 subeunda
2966 934 3282 997 necessitas,
3308 935 3400 989 ubi
3428 951 3576 990 mor-

1987 1022 2111 1077 talis
2152 1038 2281 1078 caro
2327 1023 2592 1080 morituro
2633 1024 2922 1079 carnaliter
2967 1026 3137 1081 nubit.
3174 1023 3239 1079 Et
3285 1026 3409 1095 quia
3453 1026 3576 1083 illos

1987 1113 2103 1184 ipsa
2149 1112 2326 1168 carnis
2362 1114 2655 1171 necessitas
2700 1114 3004 1171 durioribus
3056 1116 3287 1174 vinculis
3316 1126 3464 1173 tenet
3492 1118 3575 1173 in-

1986 1223 2178 1273 nexos,
2210 1214 2437 1278 propter
2462 1205 2568 1262 hoc
2589 1207 2656 1261 de
2683 1206 2787 1262 illis
2815 1206 3105 1277 Apostolus
3133 1207 3299 1264 dicit:
3333 1206 3575 1262 Tribulu-

1987 1300 2181 1354 tionem
2212 1306 2384 1352 autem
2422 1298 2593 1352 carnis
2638 1296 2891 1353 habebunt
2917 1299 3213 1370 hujusmodi
3244 1297 3429 1371 (lbid.,
3455 1298 3573 1370 28).

1986 1388 2180 1444 Mulier
2221 1403 2352 1459 ergo
2376 1389 2621 1459 innupta,
2652 1389 2706 1443 id
2735 1398 2818 1445 est
2841 1390 3025 1460 vidua,
3064 1395 3151 1446 cui
3177 1392 3488 1462 praecipitur
3515 1400 3579 1447 ut

1987 1479 2059 1534 sit
2078 1487 2284 1545 sancta,
2306 1486 2363 1535 et
2383 1493 2612 1548 corpore
2638 1487 2695 1534 et
2713 1479 2906 1550 spiritu
2920 1523 2936 1548 ,
2958 1482 3096 1536 sicut
3114 1496 3344 1551 corpore
3365 1482 3577 1542 desistit

1990 1572 2087 1642 (al.
2118 1572 2295 1643 desiit)
2336 1572 2533 1634 marito
2580 1571 2803 1639 servire,
2833 1572 2911 1628 sic
2937 1587 3047 1628 non
3084 1571 3246 1628 debet
3272 1554 3435 1629 corde
3456 1587 3574 1629 car-

1991 1662 2134 1718 nalia
2154 1663 2416 1732 cogitare.
2706 1730 2709 1735 _

2059 1755 2114 1810 9.
2145 1753 2344 1810 Sancta
2387 1743 2618 1824 quidem
2635 1762 2762 1809 sunt
2802 1752 3230 1810 Christianorum
3283 1755 3570 1826 coniugia:

1988 1844 2116 1915 quia
2146 1854 2202 1899 et
2228 1844 2528 1914 coniugalis
2556 1845 2626 1900 ibi
2661 1845 2882 1900 castitas
2911 1846 3215 1902 custoditur
3240 1846 3293 1901 in
3320 1862 3571 1917 corpore,

296 1977 400 2032 que
426 1975 633 2014 numero
659 1972 909 2010 annorum
929 1960 1223 2023 computata
1246 1967 1263 2005 :
1288 1952 1406 2005 cani
1425 1960 1545 2005 sunt
1574 1960 1743 2005 autem
1768 1968 1884 2005 sen-

1992 1944 2049 1990 et
2071 1935 2279 2005 puritas
2306 1932 2431 1990 ﬁdei
2460 1943 2706 1991 servatur
2724 1936 2777 1989 in
2807 1935 2991 1991 corde.
3022 1936 3178 2008 155.
3197 1935 3331 1991 Nam
3358 1945 3413 1992 et
3440 1952 3574 2007 apo-

298 2067 391 2105 sus
411 2049 654 2112 hominis,
675 2054 723 2101 et
751 2056 879 2101 tetas
904 2044 1205 2105 senectutis,
1237 2043 1341 2096 vita
1378 2040 1745 2105 immaculata;
1773 2057 1888 2112 qua

299 2140 497 2212 placita
524 2136 634 2191 Deo
664 2138 823 2207 facta,
854 2133 1041 2188 dilecta
1063 2142 1138 2186 est
1159 2132 1315 2201 (Sap.
1348 2146 1420 2197 tv,
1453 2128 1529 2195 8).
1562 2130 1806 2201 Denique
1832 2131 1889 2185 in

298 2225 753 2297 subsequentibus
817 2224 954 2278 bene
1009 2219 1278 2275 viventem
1331 2219 1618 2290 quemdam
1665 2218 1889 2290 Deoque

300 2319 563 2392 placitum
600 2317 671 2391 ob
720 2316 825 2369 hoc
864 2306 1076 2383 raptum
1125 2311 1376 2367 celeriter
1409 2309 1569 2375 dicit,
1597 2318 1654 2364 ut
1683 2312 1887 2366 nullam

300 2412 663 2473 mutationem
703 2406 966 2479 perferret
1011 2405 1230 2460 malitiae
1258 2402 1546 2468 saecularis,
1574 2416 1673 2456 nec
1710 2401 1890 2455 anima

302 2504 424 2573 ejus
453 2501 628 2570 aliqua
650 2498 792 2554 foret
818 2482 1034 2552 fictione
1056 2496 1151 2567 (al.
1176 2493 1510 2562 fatigatione)
1529 2492 1775 2561 decepta.
1800 2490 1891 2546 Sic

304 2608 437 2664 ergo
465 2593 657 2649 dicitur
681 2608 694 2643 :
732 2588 929 2659 Raptus
952 2598 1046 2653 est,
1078 2604 1143 2641 ne
1169 2585 1371 2640 malitia
1394 2593 1614 2639 mutaret
1642 2584 1781 2638 illius
1808 2585 1892 2637 in-

306 2686 585 2750 tellectum,
613 2690 703 2737 aut
724 2699 787 2736 ne
813 2681 956 2752 ﬁctio
986 2680 1239 2751 deciperet
1269 2679 1499 2732 animam
1526 2677 1696 2731 illius:
1728 2676 1892 2748 fasci-

307 2779 454 2834 natio
482 2784 651 2830 autem
690 2773 802 2844 (al.
828 2772 995 2840 enim)
1038 2772 1349 2841 nugacitatis
1392 2770 1631 2825 obscurat
1658 2769 1814 2835 bona,
1843 2776 1893 2823 et

306 2869 560 2927 instantia
590 2863 1015 2936 concupiscentia!
1044 2860 1336 2915 transvertit
1364 2859 1708 2914 sensum‘sine
1736 2857 1892 2911 mali-

312 2962 387 3016 tia
401 2977 418 3025 ;
431 2966 808 3014 consummatus
824 2963 993 3008 autem
1013 2954 1067 3006 in
1084 2950 1217 3006 brevi
1239 2951 1446 3021 replevit
1463 2960 1694 3019 tempora
1714 2953 1887 3019 longa.

313 3052 520 3108 Placita
540 3051 675 3105 enim
695 3059 805 3103 erat
830 3046 942 3101 Deo
960 3047 1136 3100 anima
1163 3045 1334 3100 illius:
1357 3054 1566 3115 propter
1586 3044 1682 3097 hoc
1708 3058 1895 3113 prope-

311 3143 445 3196 ravit
471 3141 534 3195 de
560 3139 729 3195 media
755 3138 1026 3210 iniquitate
1060 3134 1209 3190 illum
1244 3135 1456 3190 educere
1479 3133 1664 3208 (Ibid.,
1691 3132 1777 3197 li,
1804 3131 1891 3200 1'2,

310 3237 401 3301 15,
432 3235 546 3308 14).
581 3234 674 3291 llis
702 3248 896 3304 nempe
923 3231 1101 3287 verbis
1141 3235 1325 3284 sancta
1368 3225 1644 3297 Scriptura
1672 3238 1773 3279 nos
1793 3222 1893 3278 do-

1990 2026 2181 2082 stolica
2208 2025 2337 2082 dicit
2365 2027 2685 2081 auctoritas:
2715 2026 3035 2082 Honorabile
3053 2028 3360 2082 connubium
3388 2030 3442 2082 in
3465 2045 3577 2083 om—

1991 2116 2161 2183 nibus,
2192 2127 2242 2171 et
2278 2116 2455 2171 thorus
2480 2116 2842 2171 immaculatus
2872 2115 3213 2187 (Hebr.'xm,
3244 2117 3320 2190 4).
3346 2117 3463 2172 Non
3494 2125 3578 2172 est

1990 2222 2121 2278 ergo
2141 2207 2470 2264 connubium
2498 2223 2565 2263 ex
2592 2206 2898 2263 colluvione
2926 2208 3154 2278 peccati,
3183 2207 3276 2263 sed
3306 2223 3375 2263 ex
3415 2208 3572 2263 insti-

1991 2298 2203 2354 tutione
2226 2298 2352 2354 Dei:
2378 2306 2433 2353 et
2460 2299 2515 2352 in
2537 2313 2605 2379 ep
2630 2297 2774 2368 quod
2802 2297 2904 2352 sibi
2928 2297 3184 2368 conjuges
3205 2299 3435 2354 invicem
3466 2315 3577 2354 car-

1991 2391 2077 2446 nis
2098 2390 2339 2445 dehitum
2366 2387 2616 2456 reddunt,
2647 2390 2701 2444 in
2724 2397 2981 2458 quantum
3007 2389 3060 2444 id
3088 2389 3331 2445 modeste
3353 2390 3573 2458 faciunt,

1993 2478 2193 2534 Christi
2218 2487 2488 2549 przecepta
2528 2477 2861 2545 custodiunt,
2892 2479 3018 2548 quia
3050 2478 3355 2534 nullatenus
3382 2494 3413 2533 a
3441 2494 3576 2535 con-

1990 2569 2157 2640 iugali
2186 2569 2415 2624 caritate
2452 2576 2509 2624 et
2537 2570 2786 2624 caStitate
2814 2569 3112 2633 discedunt.
3135 2568 3462 2625 Exsecratur
3481 2586 3577 2625 au-

1993 2669 2105 2715 tem
2139 2660 2473 2715 adulterinos
2515 2660 2831 2715 concubitus
2877 2662 3096 2717 castitas
3141 2659 3458 2731 conjugalis,
3498 2668 3573 2726 et,

1993 2751 2296 2807 honestatis
2316 2766 2382 2806 ac
2402 2751 2738 2806 verecundize
2767 2759 2950 2819 tenax,
2991 2751 3059 2806 ab
3104 2767 3210 2806 una
3237 2766 3392 2817 unus,
3424 2759 3479 2807 et
3509 2751 3576 2806 ab

1993 2858 2104 2896 uno
2127 2856 2232 2895 una
2257 2841 2484 2912 expetit,
2509 2842 2655 2910 quod
2674 2850 2901 2911 uterque
2920 2857 2979 2898 se
2999 2842 3091 2896 uni
3111 2850 3317 2896 tantum
3340 2841 3578 2910 legitime

1994 2933 2195 2989 debere
2221 2934 2519 3004 cognoscit.
2541 2932 2654 2989 illic
2678 2933 2891 3002 quidem
2920 2936 3098 2989 carnis
3135 2933 3371 2989 debitum
3394 2932 3575 2988 reddi-

1996 3033 2085 3080 tur
2109 3025 2230 3080 viro
2261 3041 2276 3078 :
2317 3023 2611 3095 conjugatis
2663 3033 2843 3079 autem
2882 3024 3099 3081 castitas
3142 3024 3313 3094 magis
3351 3023 3576 3079 debetur

1994 3113 2214 3170 Christo
2241 3129 2402 3188 quam
2425 3116 2561 3180 viro,
2593 3115 2718 3184 quia
2740 3122 2796 3170 et
2823 3129 3020 3185 corpus
3048 3121 3177 3170 tunc
3202 3129 3330 3170 vere
3369 3122 3577 3169 castum

1996 3215 2100 3273 est,
2133 3207 2281 3278 quod
2305 3207 2664 3262 fornicatione
2689 3206 2894 3262 carnali
2919 3222 3027 3261 non
3053 3206 3332 3277 polluitur,
3361 3203 3576 3275 quando

445 3295 516 3382 in,
541 3326 647 3382 hoc
694 3295 890 3382 πουῖο
928 3320 1246 3378 Christianis
1286 3295 1533 3372 meum;
1574 3332 1682 3371 ιιοη
1725 3315 1890 3370 vitam
1920 3337 1967 3402 ρ
1999 3298 2259 3370 spiritalis
2286 3298 2567 3368 integritas
2592 3295 2793 3353 Christi
2823 3297 3015 3353 timore
3054 3313 3118 3353 ac
3146 3297 3434 3354 dilectione
3463 3310 3577 3351 ser-

308 3421 524 3490 longam
553 3417 829 3490 prodesse,
855 3415 951 3472 sed
978 3416 1175 3472 bonam
1201 3430 1216 3480 ;
1248 3420 1301 3468 et
1328 3412 1394 3466 ad
1432 3408 1885 3479 cognoscendum,

309 3520 571 3585 quantum
598 3508 853 3580 possibile
892 3513 1004 3575 est,
1043 3504 1325 3575 cujuslibet
1352 3500 1588 3558 defuncti
1617 3501 1889 3567 meritum,

308 3620 423 3660 non
444 3610 702 3671 quantum
729 3598 948 3666 dixerit,
975 3596 1069 3652 sed
1094 3596 1325 3666 qualiter
1350 3594 1578 3663 quisque
1599 3592 1795 3647 vixerit
1816 3593 1894 3646 in-

310 3693 588 3749 tuendum.
619 3691 770 3746 Sicut
797 3689 938 3745 enim
968 3688 1075 3741 vita
1103 3687 1262 3752 mala,
1292 3694 1494 3755 quanto
1533 3685 1701 3752 magis
1729 3682 1892 3737 fuerit

311 3781 681 3854 temporaliter
708 3779 1042 3850 prolongata,
1089 3767 1240 3831 tanto
1264 3776 1435 3844 magis
1459 3775 1891 3844 delinquentibus

309 3874 627 3946 multiplicat
654 3887 869 3944 pmnam
893 3889 905 3924 :
937 3870 1014 3926 sic
1040 3868 1152 3923 vita
1174 3869 1337 3934 bona,
1361 3868 1604 3937 quamvis
1631 3868 1721 3922 hic
1738 3866 1889 3922 brevi

308 3977 555 4038 tempore
595 3964 902 4030 terminata,
942 3974 1191 4031 magnam
1238 3960 1727 4030 sempiternamque
1755 3973 1888 4012 con-

309 4058 473 4129 quirit
497 4056 635 4112 bene
664 4053 963 4110 viventibus
1007 4052 1253 4122 gloriam.
1279 4050 1399 4105 Vita
1429 4050 1589 4120 igitur
1619 4049 1757 4102 mala
1788 4050 1890 4102 im-

310 4157 549 4204 maturos
595 4145 926 4214 acerbosque
975 4158 1133 4200 senes
1180 4142 1444 4209 demergit
1500 4140 1555 4195 in
1607 4149 1889 4206 tartarum,

309 4238 418 4294 vita
443 4253 575 4294 vero
624 4236 767 4293 bona
807 4234 1093 4290 defunctos
1122 4232 1349 4302 juvenes
1376 4238 1618 4285 maturos
1645 4228 1891 4301 perducit

311 4332 377 4389 ad
407 4344 647 4400 regnum.
1330 4396 1336 4407 ι

380 4422 506 4480 Car.
537 4440 592 4497 γε
648 4420 818 4477 Vidua
846 4418 992 4474 debet
1018 4434 1129 4472 esse
1155 4416 1382 4471 sollicita
1432 4424 1489 4468 ut
1536 4423 1721 4468 sancta
1748 4415 1816 4469 sit
1843 4423 1891 4468 et

311 4532 522 4598 cprpore
541 4523 591 4569 et
609 4514 812 4585 spiritu.
833 4511 1030 4568 Sancta
1048 4519 1166 4564 sunt
1187 4508 1599 4564 Christianorum
1622 4508 1885 4580 conjugia.

309 4597 382 4651 -ὲ-
407 4605 460 4661 8.
482 4605 598 4661 Νοη
628 4616 755 4670 ergo
802 4603 876 4658 sis
908 4602 1101 4666 tristis,
1134 4600 1277 4670 quod
1327 4608 1380 4654 te
1427 4599 1516 4653 ille
1556 4597 1892 4668 prmcesserit

1994 3406 2059 3446 va
2066 3399 2173 3445 tur.

2065 3480 2195 3537 CAP.
2226 3497 2300 3537 v1.
2331 3479 2563 3552 lnnupta
2589 3481 2643 3535 in
2665 3481 2839 3534 altiori
2854 3480 3019 3551 gradu
3041 3489 3117 3534 est
3143 3496 3297 3552 quam
3322 3489 3578 3551 nupta.—

1994 3576 2082 3631 10.
2138 3574 2391 3630 Attamen
2438 3589 2470 3629 a
2518 3574 2744 3629 muliere
2790 3582 2958 3643 nupta
3019 3572 3210 3628 mulier
3249 3572 3472 3643 innupta
3524 3580 3580 3627 et

1991 3671 2145 3738 virgo
2187 3684 2298 3723 non
2325 3681 2491 3737 parva
2529 3666 2725 3733 gradus
2745 3665 3004 3734 dignitate
3029 3664 3380 3731 discernitur,
3409 3676 3581 3732 quan-

1993 3760 2286 3829 doquidem
2314 3766 2479 3829 nupta
2509 3758 2924 3826 cogitationibus
2947 3759 3230 3813 mundanis
3252 3766 3464 3813 tenetur
3482 3759 3554 3813 ob

1993 3851 2199 3913 stricta,
2223 3849 2418 3903 mulier
2446 3854 2624 3902 autem
2647 3848 2869 3918 innupta
2901 3857 2955 3903 et
2984 3849 3134 3917 virgo
3163 3849 3466 3904 carnalibus
3496 3849 3581 3903 tri-

1992 3941 2360 3997 bulationibus
2407 3955 2514 3994 non
2543 3938 2841 4008 subjicitur,
2869 3939 2994 4008 quia
3036 3938 3267 3994 carnalis
3296 3939 3579 3993 matrimo-

1993 4033 2068 4088 nii
2112 4030 2326 4087 vinculo
2353 4045 2460 4085 non
2490 4037 2722 4084 tenetur.
2754 4026 2830 4083 lbi
2862 4028 2958 4100 (al.
2989 4029 3101 4097 ubi)
3131 4029 3329 4082 certior
3355 4037 3438 4083 est
3458 4042 3581 4084 coa-

1992 4125 2196 4197 poralis
2217 4121 2651 4202 atque_spiritalis
2667 4120 3008 4176 continentia:
3028 4119 3263 4185 libertas,
3288 4120 3412 4189 quia
3435 4118 3580 4174 nulla

1992 4223 2077 4272 est
2104 4231 2172 4271 ex
2200 4212 2470 4282 conjugali
2497 4211 2759 4267 servitute
2808 4211 3120 4267 necessitas.
3146 4208 3445 4279 Utrumque
3474 4209 3579 4279 igi-

1993 4320 2082 4363 tur
2110 4307 2205 4380 (al.
2238 4303 2404 4377 enim)
2428 4304 2625 4360 donum
2650 4304 2745 4360 Dei
2770 4312 2873 4370 est,
2896 4311 2953 4360 et
2978 4302 3275 4373 conjugalis
3301 4303 3578 4374 pudicitia,

1992 4409 2050 4458 et
2081 4400 2411 4458 continentia
2438 4397 2666 4453 vidualis
2699 4415 2711 4451 :
2750 4395 3107 4468 Unusquisque
3146 4395 3288 4450 enim
3314 4396 3581 4467 proprium

1992 4493 2146 4548 habet
2190 4492 2381 4546 donum
2420 4507 2451 4544 a
2491 4489 2728 4560 Deo,(al.
2773 4505 2839 4543 ea:
2867 4487 3003 4560 Deo)
3048 4485 3102 4559 (1
3130 4486 3251 4542 Cor.
3281 4486 3374 4553 vn,
3399 4487 3475 4559 7);
3525 4494 3581 4542 et

1993 4586 2125 4642 illud
2152 4586 2387 4655 quidem,
2420 4591 2678 4654 quantum
2707 4582 2760 4636 in
2791 4596 2850 4637 se
2871 4590 2974 4647 est,
3008 4579 3296 4645 laudabile,
3325 4579 3449 4647 quia
3477 4579 3579 4634 bo-

310 4697 497 4752 diehus
517 4668 720 4765 paucis,
752 4679 990 4747 scd'esto
1017 4668 1264 4754 sollicita,
1295 4698 1351 4744 et
1377 4691 1452 4744 sic
1472 4691 1615 4744 viam
1644 4689 1887 4744 mortalis
1918 4709 1973 4770 D
1993 4694 2155 4743 llum;
2190 4677 2293 4732 hoc
2315 4683 2497 4770 aut?!“
2531 4674 2867 4770 Ῑλυάθιξὶιίιξε,
2894 4671 3258 4770 quiamelius.
3296 4668 3579 4770 Fortius-ali

313 4787 470 4857 hujus
492 4786 615 4840 vita:
641 4798 858 4855 perage,
883 4792 942 4838 ut
987 4782 1056 4837 ad
1082 4790 1338 4837 aeternam
1367 4783 1531 4837 vitam
1555 4782 1738 4837 valeas
1765 4797 1889 4852 per-

240 4947 265 4961 .
313 4882 516 4936 venire.
565 4877 795 4933 Proinde
850 4875 1131 4946 apostolici
1170 4882 1223 4928 te
1263 4881 1477 4943 oportet
1524 4873 1892 4929 indesinenter

313 4971 617 5027 meminisse
643 4969 929 5035 sermonis,
953 4983 1061 5038 quo
1084 4968 1158 5022 ait
1182 4986 1193 5020 :
1225 4965 1415 5021 Mulier
1438 4968 1655 5036 innupta
1679 4977 1728 5021 et
1748 4968 1891 5037 virgo

312 5065 534 5123 sollicita
564 5073 639 5118 est
678 5079 790 5135 qua:
817 5070 935 5116 sunt
964 5060 1192 5124 Domini,
1223 5068 1279 5112 ut
1306 5058 1372 5113 sit
1395 5066 1575 5111 sancta
1603 5066 1653 5111 et
1679 5074 1894 5129 corpore

314 5166 362 5211 et
401 5156 583 5225 spiritu
612 5152 666 5224 (ι
688 5153 807 5207 Cor.
831 5168 923 5218 vn,
948 5150 1057 5222 54).
1085 5150 1364 5221 lnnuptam
1393 5148 1481 5203 hic
1497 5148 1711 5202 viduam
1741 5148 1891 5211 dicit,

316 5265 420 5305 non
450 5249 573 5317 quia
592 5247 813 5302 omnino
840 5261 945 5299 non
970 5243 1225 5313 nupserit,
1250 5241 1345 5296 sed
1370 5240 1496 5309 quia
1526 5239 1642 5293 viro
1673 5247 1890 5293 mortuo

315 5340 486 5397 soluta
513 5338 669 5394 fuerit
694 5336 907 5392 vinculo
936 5334 1180 5405 nuptiali.
1209 5333 1285 5387 De
1313 5346 1420 5401 qua
1449 5330 1555 5385 alio
1585 5329 1706 5384 loco
1730 5329 1886 5385 dicit:

318 5431 376 5486 Si
426 5439 595 5484 autem
647 5434 876 5482 mortuus
935 5426 1090 5496 fuerit
1141 5425 1218 5477 vir
1272 5423 1423 5494 ejus,
1492 5422 1662 5474 soluta
1722 5428 1800 5473 est
1856 5435 1890 5472 a

317 5527 423 5595 lege
465 5522 559 5576 viri
606 5518 782 5592 (Rom.
832 5533 934 5583 vn,
977 5515 1061 5586 2).
1102 5513 1253 5570 Hanc
1300 5528 1429 5583 ergo
1465 5520 1704 5567 sanctam
1739 5510 1891 5580 jubet

318 5633 433 5674 esse
454 5658 469 5682 ,
501 5624 556 5672 et
602 5626 831 5685 corpore
850 5651 864 5677 ,
923 5617 978 5665 et
1016 5609 1226 5679 spiritu.
1258 5605 1394 5673 Quid
1425 5614 1605 5661 autem
1635 5603 1781 5658 aliud
1810 5610 1895 5657 est

318 5723 544 5780 corpore
591 5714 645 5761 et
686 5703 878 5775 spiritu
904 5709 1142 5757 sanctam
1181 5712 1320 5761 esse,
1352 5696 1453 5750 nisi
1480 5695 1625 5765 quod
1652 5702 1893 5749 sanctum

317 5810 425 5875 est,
450 5809 508 5859 et
529 5801 583 5859 in
612 5812 797 5870 opere,
828 5804 884 5852 et
939 5796 994 5851 in
1033 5791 1363 5863 cogitatione
1389 5788 1650 5844 servare?
1678 5784 1891 5840 Etenim

392 5979 418 6008 ⁸
446 5966 573 6026 Mss.
603 5964 764 6021 Cori).
797 5972 849 6018 et
875 5960 1098 6024 Victam,
1116 5956 1319 6029 juncta.

1996 4782 2232 4837 namque
2278 4763 2860 4835 servitutegturpitudo
2907 4763 3138 4818 vincitur
3169 4760 3576 4825 fornicationis;

1995 4858 2194 4915 viduali
2235 4872 2364 4912 vero
2402 4857 2650 4910 libertate
2676 4854 2874 4910 crescit
2899 4853 3127 4923 dignitas
3154 4853 3435 4909 castitatis.
3468 4851 3580 4909 Illic

1997 4932 2133 5008 lides
2160 4949 2391 5007 consulit
2436 4947 2750 5012 inlirmitati,
2797 4961 2866 5002 ne
2893 4945 3050 5002 cadat
3075 4946 3129 5001 in
3154 4948 3337 5001 vitium
3363 4963 3378 5012 ;
3410 4944 3498 4999 hic
3520 4960 3579 4999 se

2001 5045 2172 5100 lidelis
2211 5044 2419 5098 animus
2456 5040 2522 5096 ad
2556 5040 2768 5115 virtutis
2801 5039 3046 5094 extendit
3088 5046 3448 5108 augmentum.
3501 5034 3578 5090 De

2002 5136 2301 5205 conjugatis
2340 5134 2484 5189 enim
2521 5133 2714 5189 dicitur
2745 5151 2758 5185 :
2809 5132 3031 5203 Propter
3068 5130 3435 5201 fornicationes
3481 5120 3581 5198 (al.'

1997 5225 2413 5302 fornicationem)
2464 5236 2633 5280 autem
2669 5227 3012 5297 unusquisque
3038 5239 3184 5275 suam
3222 5236 3433 5274 uxorem
3479 5220 3572 5273 ha-

1995 5323 2132 5386 beat,
2164 5329 2213 5373 et
2240 5335 2555 5391 unaquaeque
2576 5335 2722 5371 suum
2747 5318 2911 5371 virum
2939 5314 3124 5369 habeat
3154 5312 3206 5383 (Ι
3226 5311 3344 5367 Cor.
3367 5329 3459 5381 vn,
3494 5311 3572 5384 2).
3643 5306 3705 5367 7'“.

1993 5412 2071 5468 De
2098 5410 2260 5467 vidua
2290 5426 2421 5466 vero
2447 5410 2640 5466 dicitur
2664 5429 2676 5463 :
2711 5410 2919 5463 Beatior
2944 5415 3116 5460 autem
3156 5406 3253 5459 erit
3282 5405 3327 5459 si
3355 5406 3429 5459 sic
3459 5423 3575 5475 per-

1994 5507 2242 5561 manserit
2272 5503 2458 5577 (Ibid.,
2491 5503 2605 5575 40).
2635 5502 2801 5558 Beata
2830 5515 2959 5569 ergo
2995 5513 3113 5568 qua:
3159 5498 3398 5554 illicitum
3445 5512 3577 5554 con-

1998 5597 2255 5663 cubitum,
2287 5594 2631 5665 turpitudinis
2659 5592 2903 5654 horrore,
2935 5604 3046 5645 non
3067 5590 3309 5661 appetit;
3339 5589 3433 5645 sed
3454 5589 3579 5645 bea-

1997 5691 2103 5746 tior
2128 5705 2248 5761 qua:
2278 5689 2503 5753 licitum,
2525 5685 2733 5755 majore
2753 5684 2999 5755 puritatis
3021 5698 3226 5752 amore,
3255 5682 3573 5740 contemnit.

1994 5786 2161 5847 Beata
2187 5801 2308 5862 qua:
2334 5784 2547 5857 alligata
2579 5782 2694 5841 viro
2742 5782 2820 5839 sic
2847 5781 2997 5853 vivit,
3026 5791 3086 5839 ut
3123 5777 3225 5837 soli
3255 5777 3369 5833 viro
3396 5775 3574 5832 carnis
3654 5860 3668 5871 δ
