4120 6466
578 380 681 442 515

1608 373 1668 429 S.
1696 365 2060 427 FULGENTII
2083 362 2392 421 El’lSCOPI
2418 362 2793 421 RUSPENSIS

3806 366 3899 423 516

578 510 688 559 sua:
707 492 943 565 debitum
974 490 1192 553 reddat;
1223 490 1317 561 sed
1343 489 1554 545 beatior
1576 503 1696 563 quae
1724 485 1898 541 soluta
1926 484 2006 539 sic
2036 497 2161 553 per-
2192 485 2240 544 Δ
2267 480 2578 536 auferantur
2604 500 2616 535 :
2648 483 2784 537 sicut
2806 490 2889 537 est
2914 482 3186 553 copulatio
3214 481 3570 552 coniugum,
3597 486 3899 563 procreatio

578 592 762 641 manet
789 585 1031 652 innupta,
1056 598 1121 636 ne
1149 582 1362 636 debeat.

500 668 503 671 ⁴
650 672 779 731 Car.
825 690 916 729 vn.
953 672 1247 728 Consolatio
1290 672 1473 726 viduae.
1504 701 1574 713 -
1603 668 1688 722 Η.
1739 665 1972 729 Proinde
2008 665 2062 720 in
2094 681 2161 719 eo

550 772 555 775 '
580 765 726 838 quod
751 780 817 819 ex
838 763 1121 833 conjugata
1152 762 1288 816 facta
1320 778 1379 817 es
1402 760 1793 825 vidua,donum
1824 756 1918 812 Dei
1944 764 2158 811 auctum

584 855 681 910 tibi
712 854 880 923 magis
918 853 1181 917 existima,
1233 866 1340 905 non
1388 851 1662 905 ablatum:
1694 862 1871 918 neque
1918 846 2063 901 enim
2109 852 2164 897 te

582 947 837 1011 deseruit,
868 947 956 1015 qui
997 946 1089 1003 tibi
1133 942 1459 1013 sequendam
1489 943 1629 996 viam
1661 942 1784 995 vita:
1811 938 2048 994 melioris
2076 953 2165 995 os-

583 1037 774 1093 tendit.
799 1034 1062 1090 Gradibus
1104 1042 1156 1087 te
1197 1032 1365 1087 voluit
1393 1032 1650 1086 Dominus
1679 1030 1744 1085 ad
1775 1029 1997 1083 meliora
2026 1041 2163 1095 con-

585 1130 867 1192 accudere,
888 1116 953 1203 ut
980 1128 1224 1203 primitus
1267 1126 1361 1198 (al.
1391 1125 1558 1195 prius)
1592 1123 1873 1192 conjugata
1906 1137 2025 1177 cum
2057 1134 2164 1173 uno

586 1222 705 1277 viro
738 1220 965 1277 ﬁdeliter
994 1221 1201 1277 viveres
1224 1259 1239 1284 ,
1272 1234 1378 1288 quo
1424 1216 1764 1288 postmodum
1794 1216 1908 1270 sine
1937 1213 2167 1279 difﬁcul-

588 1322 703 1369 tate
750 1313 949 1383 absque
977 1306 1092 1367 viro
1124 1310 1279 1367 vidua
1320 1323 1683 1381 permaneres.
1729 1307 1809 1360 Ad
1863 1302 1965 1360 hoc
2007 1304 2169 1374 igitur

590 1404 821 1471 animum
852 1411 999 1457 tuum
1027 1400 1205 1454 divina
1232 1399 1401 1467 gratia
1427 1395 1696 1471 conjugali
1727 1394 1973 1450 castitate
2002 1392 2169 1446 nutri-

588 1496 686 1565 vit,
717 1502 774 1549 ut
810 1508 928 1564 qua:
965 1492 1233 1548 didiceras
1278 1490 1370 1544 illo
1413 1504 1518 1544 uno
1548 1487 1759 1542 vivente
1803 1485 2030 1539 alterum
2060 1500 2168 1539 non

587 1601 849 1657 quaerere,
879 1584 1115 1639 disceres
1140 1582 1205 1635 ab
1229 1580 1377 1636 omni
1405 1579 1522 1634 viro
1543 1578 1700 1633 vidua
1727 1575 2024 1631 continere.
2049 1572 2170 1628 Noli

588 1691 718 1747 ergo
741 1676 1009 1745 negligere
1030 1673 1253 1743 gratiam
1282 1686 1400 1741 quae
1422 1671 1475 1725 in
1499 1678 1551 1725 te
1566 1678 1685 1725 est:
1710 1675 1765 1723 et
1786 1674 1842 1721 tu
1866 1666 2005 1721 enim
2028 1664 2171 1721 nosti

587 1774 790 1837 quanto
818 1765 1007 1823 melius
1029 1764 1097 1818 sit
1105 1762 1304 1833 jugiter
1325 1777 1354 1816 a
1377 1758 1667 1819 concubitu
1687 1759 1985 1821 continere,
2008 1770 2169 1825 quam

587 1859 674 1915 vel
728 1874 825 1933 pro
861 1855 1127 1926 conjugali
1162 1853 1488 1915 necessitate
1526 1848 1906 1913 concumbere.
1948 1846 2170 1901 Maritus

589 1954 681 2023 qui
711 1953 804 2008 tibi
829 1952 983 2007 datus
1006 1951 1179 2006 fuerat
1206 1950 1273 2005 ad
1297 1958 1526 2019 tempus,
1547 1948 1789 2003 discessit
1812 1945 1867 1999 in
1888 1953 2131 2016 tempore
2152 1962 2164 1998 :

590 2045 747 2100 datus
787 2044 928 2100 enim
974 2043 1068 2097 tibi
1098 2042 1287 2105 fuerat,
1321 2056 1426 2095 non
1456 2037 1525 2093 ad
1552 2038 1739 2108 patriae
1758 2036 2169 2106 beatitudinem,

589 2135 686 2190 sed
712 2135 777 2188 ad
798 2134 1002 2195 itineris
1031 2132 1472 2188 consolationem.

665 2224 750 2279 12.
780 2223 895 2281 Alia
923 2224 1119 2297 quippe
1142 2230 1267 2276 sunt
1295 2220 1388 2275 Dei
1412 2220 1572 2284 dona,
1614 2234 1733 2293 quae
1772 2215 1917 2273 Deus
1961 2217 2035 2272 ita
2064 2216 2173 2274 suis

593 2314 818 2384 largitur
832 2312 1076 2370 ﬁdelibus
1100 2314 1151 2367 in
1175 2311 1422 2382 prmsenti
1449 2320 1714 2379 tempore,
1748 2318 1805 2371 ut
1831 2323 2018 2363 eorum
2048 2323 2175 2364 usus

595 2408 648 2464 iu
678 2408 776 2463 hac
802 2416 1008 2462 tantum
1039 2406 1146 2460 vita
1178 2404 1514 2469 necessarius
1543 2403 1823 2469 habeatur,
1847 2416 1956 2472 quo
1985 2400 2176 2456 futurae

596 2500 720 2559 vitae
732 2498 983 2559 meritum
1008 2504 1377 2569 comparetur;
1393 2495 1533 2551 sicut
1560 2501 1643 2549 est
1669 2494 1956 2549 credulitas
1974 2502 2177 2547 rectam

606 2591 760 2663 155
801 2589 956 2645 fidem
993 2597 1019 2626 ι
1060 2595 1276 2655 tenens,
1317 2593 1374 2640 et
1411 2584 1652 2655 operatio
1677 2583 1935 2653 justitiam
1966 2581 2175 2636 miseri-

602 2679 947 2750 cordiamque
975 2677 1284 2735 custodiens
1309 2694 1322 2731 :
1348 2683 1405 2730 ut
1428 2674 1556 2729 ﬁdes
1587 2682 1734 2729 recta
1760 2687 1871 2729 non
1897 2672 2179 2726 deseratur

600 2772 843 2831 caritatis
886 2769 1118 2836 auxilio,
1169 2782 1287 2839 quae
1332 2768 1385 2822 in
1434 2766 1750 2841 operatione
1787 2764 2175 2836 cognoscitur:

600 2871 824 2936 propter
859 2864 1005 2936 quod
1038 2861 1326 2934 Apostolus
1367 2874 1487 2915 eam
1516 2858 1674 2913 ﬁdem
1721 2856 1917 2928 probat
1944 2871 2059 2925 qua:
2084 2871 2178 2926 per

602 2953 926 3013 dilectionem
956 2963 1198 3024 operatur
1229 2948 1426 3023 (Galat.
1447 2962 1504 3019 v,
1528 2946 1605 3019 6).

673 3044 801 3103 CAP.
843 3061 952 3101 vtn.
991 3042 1152 3099 Fides
1193 3052 1243 3097 et
1283 3042 1517 3113 operatio
1545 3040 1840 3095 misericors
1867 3038 1923 3103 in
1954 3037 2049 3093 hac
2077 3037 2182 3097 vita

601 3139 892 3213 necessaria
915 3147 1052 3205 sunt,
1073 3139 1128 3192 in
1156 3137 1327 3207 patrio
1354 3150 1458 3189 non
1479 3141 1649 3187 erunt.
1677 3162 1751 3173 --
1779 3130 1866 3189 15.
1891 3129 2057 3186 [lecta
2080 3130 2182 3200 igi-

604 3239 694 3286 tur
730 3229 862 3299 ﬁdes
887 3238 943 3283 et
977 3227 1282 3297 misericors
1312 3224 1555 3295 operatio
1586 3232 1707 3293 post
1731 3223 1871 3278 hanc
1896 3221 2006 3276 vita
2030 3241 2060 3274 ιι
2088 3220 2183 3277 de-

606 3321 804 3384 sinent,
838 3333 960 3373 cum
990 3333 1087 3386 per
1114 3317 1353 3386 speciem
1404 3314 1693 3381 videbitur,
1721 3313 1866 3382 quod
1894 3328 2035 3367 nunc
2060 3327 2184 3368 cum

608 3408 846 3477 creditur
875 3423 982 3463 non
1023 3406 1268 3471 videtur;
1298 3420 1402 3460 nec
1451 3406 1591 3459 inter
1627 3404 1816 3461 beatos
1861 3404 1965 3461 erit
1992 3402 2185 3471 aliquis

607 3500 792 3565 miser,
812 3496 898 3553 cui
913 3495 1283 3567 misericordia
1308 3503 1661 3566 praerogetur.
1689 3493 1817 3569 limo
1845 3502 2024 3561 autem
2052 3495 2181 3559 duo,

607 3590 663 3648 id
708 3598 793 3655 est
837 3587 967 3657 fides
1016 3596 1071 3642 et
1123 3587 1387 3658 operatio,
1419 3586 1493 3641 ita
1542 3596 1665 3657 post
1693 3585 1853 3657 hujus
1882 3586 2004 3641 vitm
2026 3584 2185 3641 ﬁnem

607 3696 719 3741 non
760 3685 886 3747 sunt
916 3679 1240 3744 necessaria,
1262 3686 1322 3734 ut
1362 3676 1488 3733 ante
1534 3676 1697 3733 ﬁnem
1728 3693 1834 3733 non
1859 3678 1965 3732 sint
1990 3678 2185 3734 ullate-

607 3756 712 3835 nus
738 3772 1053 3844 deserenda.
1084 3772 1338 3842 Quisquis
1381 3771 1526 3827 enim
1555 3779 1682 3827 ante
1711 3768 1872 3827 ﬁnem
1891 3772 2014 3826 vitae
2045 3788 2184 3841 prae-

604 3866 776 3929 sentis
809 3881 841 3921 a
863 3865 966 3923 ﬁde
994 3854 1143 3927 recta
1188 3863 1304 3929 sive
1347 3863 1490 3923 bona
1512 3863 1828 3933 operatione
1856 3861 2182 3929 discesserit,

607 3958 815 4017 etiamsi
842 3958 893 4013 in
923 3956 1007 4012 his
1026 3964 1185 4015 antea
1205 3963 1421 4013 strenue
1447 3954 1833 4024 vigilanterque
1868 3955 2182 4021 cucurrerit,

606 4064 704 4124 pro
733 4066 800 4106 eo
827 4048 973 4121 quod
1001 4047 1069 4102 ab
1090 4047 1282 4103 itinere
1298 4054 1451 4103 recto
1474 4044 1701 4111 desiStit,
1730 4044 1912 4117 perdit
1935 4046 2183 4100 meritum

607 4143 774 4199 totius
795 4140 999 4197 itineris
1021 4139 1165 4211 quod
1187 4139 1441 4195 cucurrit.
1780 4152 1787 4159 '

680 4231 767 4299 14.
805 4229 939 4305 item
963 4239 1092 4315 gunt
1117 4230 1219 4285 alia
1239 4245 1359 4307 quite
1379 4230 1457 4285 sic
1482 4228 1790 4285 hominibus
1820 4229 1873 4283 in
1904 4229 2009 4286 hoc
2049 4237 2188 4285 tem-

608 4340 741 4399 pore
758 4326 931 4396 pietas
955 4323 1134 4379 divina
1156 4323 1396 4395 largitur,
1424 4331 1482 4377 ut
1510 4338 1617 4377 non
1652 4322 1824 4377 solum
1867 4318 1921 4377 in
1954 4322 2055 4378 hac
2080 4324 2187 4378 vita

609 4433 733 4481 cum
783 4416 1089 4475 hominibus
1116 4414 1350 4471 debeant
1377 4413 1404 4453 ιτ
1433 4430 1654 4472 manere
1693 4416 1972 4491 continua,
1999 4430 2186 4471 verum

610 4511 771 4573 etiam
801 4516 1049 4579 crescant
1076 4509 1130 4569 in
1158 4508 1512 4567 retributione
1538 4508 1714 4567 divina
1747 4526 1759 4561 ε
1788 4510 1929 4563 sicut
1953 4518 2035 4567 est
2061 4525 2188 4581 pec-

2265 572 2518 639 ﬁliorum,
2547 574 2872 628 abundantia
2925 574 3251 641 divitiarum,
3282 574 3685 632 incolumitas
3716 591 3896 649 corpo-

2264 680 2407 728 rum,
2432 674 2485 719 et
2513 664 2558 721 si
2585 656 2703 735 quae
2726 677 2849 720 sunt
2876 667 3067 733 similia
3094 684 3108 731 ;
3141 683 3258 739 qua:
3288 682 3407 739 per
3438 682 3509 723 se
3545 682 3659 724 nec
3687 669 3901 727 miseros

2267 753 2516 810 homines
2562 762 2785 829 possunt
2837 755 3035 825 facere,
3065 773 3163 813 nec
3210 756 3449 813 beatos.
3488 754 3637 813 Ideo
3692 759 3808 814 hate
3856 772 3901 815 et

2266 844 2424 900 bonis
2462 854 2518 901 et
2563 844 2718 901 malis
2772 862 2803 902 a
2860 845 3090 902 Domino
3118 846 3343 915 dantur,
3387 855 3453 903 et
3506 858 3898 919 nonnunqbatn

2266 937 2423 992 bonis
2448 937 2712 1007 malisque
2734 937 2987 994 divinitus
3018 938 3369 995 auferuntur.

2344 1031 2429 1087 16.
2472 1030 2668 1086 Beatus
2697 1031 2795 1086 fuit
2839 1031 2940 1087 Job
2983 1038 3104 1087 etim
3134 1033 3189 1088 in
3208 1034 3431 1090 divitiis
3472 1033 3638 1104 iuste
3664 1037 3901 1103 viveret;

2271 1118 2368 1176 sed
2415 1110 2625 1176 beatior
2652 1138 2772 1177 cum
2828 1124 2882 1176 in
2922 1131 3241 1193 paupertate
3289 1123 3525 1194 justior
3580 1128 3897 1181 exstitisset.

2271 1212 2469 1267 Beatus
2498 1211 2596 1266 fuit
2623 1228 2748 1267 cum
2770 1213 2955 1269 decem
2986 1214 3435 1270 circumdaretur
3468 1215 3629 1287 ﬁliis,
3654 1218 3751 1272 sed
3781 1218 3897 1273 bea-

2272 1306 2382 1363 tior
2402 1321 2525 1360 cum
2558 1321 2658 1360 una
2684 1313 3003 1361 cunctorum
3025 1307 3183 1363 simul
3213 1309 3472 1364 orbitate
3504 1325 3827 1379 percussus,
3853 1313 3898 1367 in

2273 1397 2368 1452 Dei
2391 1394 2679 1453 dilectione
2700 1399 2995 1469 permansit
3014 1399 3323 1457 immobilis.
3351 1399 3584 1457 Beatus
3616 1403 3781 1457 etiam
3811 1389 3896 1460 fuit

2274 1489 2328 1543 in
2369 1491 2611 1559 corporis
2656 1492 2936 1559 sospitate,
2959 1491 3055 1546 sed
3096 1493 3306 1548 beatior
3349 1502 3450 1548 est
3485 1493 3675 1549 factus
3712 1495 3766 1549 in
3790 1498 3895 1550 vul-

2274 1595 2427 1634 nere.
2477 1580 2693 1635 Beatior
2739 1581 2903 1636 etiam
2960 1580 3013 1636 in
3060 1598 3255 1639 acervo
3301 1585 3693 1656 squaloribus
3748 1588 3897 1660 pleno

2275 1685 2435 1739 quam
2485 1671 2536 1724 in
2592 1671 2793 1743 palatio
2822 1673 3179 1729 marmoribus
3206 1673 3521 1731 adornata.

2351 1762 2437 1816 17.
2479 1763 2708 1818 Attende
2731 1765 2893 1819 etiam
2923 1765 3079 1835 duos,
3108 1783 3273 1822 unum
3322 1767 3388 1823 in
3438 1768 3662 1825 divitiis
3691 1779 3746 1826 et
3771 1773 3873 1827 sani

2201 1871 2250 1933 Β
2280 1861 2391 1908 tate
2421 1854 2697 1922 miserum,
2728 1844 2955 1910 alterum
2980 1855 3033 1910 in
3055 1864 3293 1926 egestate
3316 1866 3381 1914 et
3404 1860 3655 1915 vulnere
3678 1862 3886 1916 multum

2274 1945 2512 2000 beatum.
2547 1944 2703 1999 Dives
2729 1945 2818 2000 ille
2846 1946 2937 2015 qui
2968 1947 3275 2003 induebatur
3295 1965 3558 2021 purpura
3579 1960 3632 2004 et
3658 1950 3821 2022 bysso,
3842 1961 3886 2007 et

2274 2035 2581 2106 epulabatur
2628 2033 2854 2105 quotidie
2909 2035 3177 2106 splendide
3225 2037 3388 2112 (Luc.
3448 2056 3571 2107 ιη,
3601 2039 3882 2113 i9),quam

2276 2125 2452 2180 inanis
2482 2124 2579 2179 fuit
2628 2125 2682 2179 in
2714 2125 2818 2181 illis
2864 2128 3067 2201 epulis,
3098 2144 3259 2199 quam
3290 2145 3523 2201 pauper
3565 2133 3623 2185 in
3661 2131 3882 2187 multitu-

2275 2216 2402 2271 dine
2416 2215 2743 2281 divitiarum,
2762 2232 2920 2287 quam
2934 2200 3105 2275 nudus
3121 2220 3174 2274 in
3195 2200 3631 2294 pulchritudine
3649 2223 3879 2292 vestium,

2277 2323 2438 2380 quam
2461 2306 2704 2365 inﬁrmus
2751 2310 2803 2364 in
2844 2312 3076 2368 sanitate
3104 2313 3374 2382 corporis,
3402 2329 3581 2384 quam
3628 2314 3880 2369 famelicus

2279 2399 2335 2452 in
2364 2398 2644 2453 saturitate
2673 2399 2896 2465 ventris,
2921 2416 3085 2472 quam
3134 2403 3298 2458 miser
3358 2403 3419 2458 in
3468 2404 3710 2472 gaudiis,
3738 2419 3876 2473 quam

2279 2489 2552 2544 desolatus
2602 2488 2743 2545 inter
2782 2492 3078 2547 amicorum
3107 2494 3407 2564 colloquia,
3449 2510 3626 2565 quam
3657 2496 3875 2567 dejectus

2279 2581 2422 2635 inter
2436 2582 2689 2653 obsequia
2713 2584 3049 2639 servulorum
3074 2585 3087 2638 !
3113 2586 3345 2643 Attende
3371 2604 3608 2659 quoque
3634 2586 3870 2643 Lazarum

2280 2680 2335 2757 in
2366 2682 2683 2747 paupertate
2712 2677 2952 2746 divitem,
2987 2682 3038 2735 in
3090 2682 3304 2738 miseria
3337 2682 3601 2752 beatum,
3640 2687 3694 2740 in
3723 2682 3872 2740 infeli-

2283 2767 2447 2822 citate
2504 2767 2736 2837 felicem,
2793 2771 2845 2825 in
2894 2771 3205 2828 vulneribus
3259 2790 3485 2842 sanum,
3519 2784 3577 2832 et
3623 2777 3862 2848 quidemc

2283 2862 2401 2914 sine
2419 2860 2601 2928 domo,
2626 2861 2721 2918 sed
2748 2878 2853 2917 non
2884 2864 3001 2921 sine
3028 2864 3284 2936 domino;
3313 2869 3441 2924 sine
3467 2879 3643 2935 veste,
3670 2871 3756 2924 sed
3780 2883 3866 2922 non

2284 2950 2400 3005 sine
2426 2949 2562 3017 ﬁde;
2592 2952 2710 3008 sine
2745 2956 2901 3029 156
2922 2955 3061 3011 bona
3108 2957 3423 3015 valetudine
3473 2944 3747 3032 corporis,
3783 2956 3862 3013 sed

2284 3059 2394 3099 non
2430 3044 2549 3101 sine
2570 3044 2788 3129 ‘robore
2824 3046 3095 3114 caritatis;
3118 3048 3233 3103 sine
3262 3049 3413 3129 cibo,
3472 3049 3574 3107 sed
3621 3067 3725 3107 non
3766 3049 3861 3104 sine

2283 3131 2501 3190 Christo
2527 3152 2541 3201 ;
2570 3113 2795 3193 Eanibus
2819 3138 3143 3209 expositum,
3174 3140 3267 3196 sed
3288 3122 3509 3197 socium
3538 3141 3853 3211 angelorum.

2208 3245 2255 3311 ρ
2285 3222 2375 3291 qui
2402 3238 2508 3277 non
2536 3225 2837 3295 accipiebat
2857 3226 2924 3281 de
2954 3227 3106 3283 micis
3141 3244 3261 3298 qua:
3290 3220 3571 3288 cadebant
3610 3234 3677 3287 de
3704 3242 3857 3284 mensa

2287 3311 2490 3379 divitis,
2521 3314 2615 3368 sed
2644 3315 2919 3369 cmlestem
2953 3316 3049 3388 (al.
3080 3318 3409 3394 caelestium)
3434 3335 3636 3393 panem
3667 3318 3854 3375 visreri-

2286 3402 2387 3457 bus
2410 3403 2656 3458 ructabat
2687 3405 2932 3461 internis.

2286 3528 2300 3558 ι
2360 3492 2487 3547 CAP.
2522 3510 2575 3548 χ.
2620 3493 2766 3549 Βοηα
2800 3498 3126 3567 temporalia,
3153 3507 3204 3553 et
3240 3499 3395 3568 bene,
3428 3511 3482 3557 et
3524 3502 3661 3557 male
3690 3498 3850 3553 habm-

2289 3591 2390 3650 tur,
2413 3586 2672 3656 pariteret
2699 3595 3113 3643 contemnuntur.
3147 3614 3218 3633 -ι-
3247 3589 3332 3645 18.
3378 3582 3515 3649 Haec
3549 3601 3672 3648 sunt
3722 3590 3849 3659 igitur

2288 3688 2408 3744 qua:
2484 3692 2868 3748 nonnunquam
2940 3680 3082 3739 bene
3146 3683 3439 3751 habentur,
3501 3696 3847 3753 nonnunquam

2289 3771 2479 3835 male;
2537 3788 2921 3845 nonnunquam
2961 3775 3099 3833 bene
3143 3787 3592 3847 contemnuntur,
3637 3789 3845 3847 nonnun-

2289 3877 2450 3931 quam
2492 3863 2650 3920 male.
2681 3863 2828 3919 Bene
2869 3866 3068 3937 quippe
3115 3865 3406 3936 habentur,
3440 3880 3571 3926 cum"
3611 3871 3661 3925 in
3691 3877 3843 3922 eorum

2290 3969 2390 4008 usu
2434 3954 2596 4010 timor
2624 3944 2737 4010 'Dei
2789 3967 3071 4024 servatur;
3101 3958 3239 4014 bene
3287 3968 3475 4016 autem
3527 3968 3843 4017 contemnun-

2291 4053 2401 4110 tur,
2427 4062 2547 4100 cum
2579 4047 2632 4100 in
2673 4061 2861 4101 eorum
2910 4056 3224 4120 contemptu
3252 4064 3283 4104 a
3314 4065 3532 4107 summo
3556 4050 3665 4105 Deo
3684 4045 3842 4117 gloria.

2288 4149 2399 4191 non
2430 4136 2496 4190 ab
2526 4135 2853 4201 hominibus,
2888 4139 3163 4208 qumritur.

2363 4225 2449 4280 l9.
2492 4225 2649 4282 Tales
2675 4236 2798 4282 sunt
2826 4229 2986 4283 etiam
3010 4231 3213 4301 nuptlzc
3236 4272 3251 4296 ,
3284 4246 3406 4302 quae
3428 4239 3484 4289 et
3513 4232 3649 4288 bene
3677 4221 3840 4294 suscipi

2289 4329 2533 4392 possunt,
2564 4327 2619 4373 et
2642 4319 2780 4375 bene
2808 4322 3099 4376 contemni.
3153 4321 3323 4389 Quam
3380 4325 3523 4381 bene
3571 4320 3834 4391 nuptiarum

2292 4426 2426 4481 opus
2461 4412 2511 4466 in
2540 4412 2789 4467 castitate
2832 4413 3102 4484 conjugali
3127 4413 3373 4471 Susanna
3415 4415 3675 4473 servavit!
3703 4422 3835 4481 quam

2290 4502 2479 4556 melius
2511 4501 2564 4556 in
2590 4502 2921 4559 continentia
2943 4504 3141 4560 viduali
3159 4502 3343 4562 Judith
3371 4518 3535 4579 atque
3564 4506 3704 4560 Anna
3730 4512 3835 4555 con-

608 4609 851 4661 catorum
871 4601 1173 4672 mundatio,
1194 4602 1438 4658 veritatis
1462 4602 1685 4671 agnitio,
1717 4601 1810 4657 Dei
1850 4603 2185 4675 proximique
2212 4626 2269 4689 Ι)
2290 4594 2546 4664 tempsit!
2577 4609 2738 4663 quam
2769 4597 2974 4665 optime
3001 4597 3053 4651 in
3096 4597 3405 4668 integritate
3435 4596 3674 4668 virginali
3702 4589 3835 4646 Maria

609 4691 846 4749 dilectio.
876 4692 1001 4763 Haec
1045 4692 1189 4749 enim
1232 4692 1275 4749 si
1301 4694 1420 4762 quis
1448 4692 1501 4747 in
1533 4692 1635 4748 hoc
1662 4701 1906 4764 tempore
1932 4710 2186 4765 perseve-

608 4790 793 4851 ranter
819 4783 874 4839 in
901 4798 959 4841 se
980 4782 1308 4847 custodierit,
1340 4790 1395 4847 et
1413 4783 1593 4841 divino
1614 4799 1835 4840 munere
1859 4786 2187 4856 proﬁciendo

609 4888 808 4945 augere
831 4875 1098 4931 curaverit
1125 4874 1392 4940 inchoata,
1425 4875 1478 4953 in
1506 4874 1685 4931 futuro
1724 4875 1943 4932 habebit
1986 4886 2188 4937 aeterna

609 4979 793 5023 secum
842 4963 1175 5036 perfectione
1228 4980 1500 5025 mansura.
1552 4965 1701 5021 Tunc
1748 4968 1893 5025 enim
1949 4971 2187 5039 perfecta

584 5055 887 5112 ‘mundatio
926 5055 1216 5126 perfectam
1257 5056 1618 5125 cognitionem
1658 5058 1902 5113 veritatis
1933 5060 2183 5132 accipiet,

609 5154 666 5203 et
684 5146 918 5216 perfecta
945 5146 1178 5215 cognitio
1209 5146 1342 5203 nihil
1391 5147 1445 5205 in
1486 5147 1640 5205 nobis
1665 5148 1915 5219 perfectae
1944 5153 2186 5208 caritatis

612 5238 708 5308 (al.
739 5238 969 5309 caritati)
1001 5239 1190 5294 deesse
1217 5238 1510 5306 permittet.

678 5327 806 5385 CAP.
844 5345 920 5386 ιιι.
959 5329 1146 5404 Aliqua
1184 5332 1529 5399 temporaliter
1569 5341 1617 5387 et
1646 5334 1837 5390 dantur
1863 5346 1912 5390 et
1937 5339 2189 5410 auferun-

613 5428 696 5476 tur
722 5436 755 5474 a
779 5419 909 5476 Deo.
934 5417 1235 5493 Exemplum
1275 5421 1391 5476 Job.
1426 5421 1579 5478 Dives
1610 5434 1657 5479 et
1688 5423 1937 5487 Lazarus,
1959 5428 2040 5481 hic
2069 5427 2190 5482 bea-

614 5523 718 5583 tus,
738 5513 827 5568 ille
851 5513 1022 5569 miser.
1055 5543 1126 5554 —
1154 5510 1240 5577 £5.
1283 5513 1397 5570 Alia
1422 5531 1553 5585 vero
1594 5523 1719 5587 sunt
1747 5530 1866 5586 qua:
1906 5518 1985 5572 sic
2020 5535 2047 5572 a
2078 5517 2190 5575 Deo

611 5602 980 5681 temporaliter
1029 5598 1295 5663 donantur
1324 5606 1417 5679 (al.
1449 5606 1687 5681 dantur),
1722 5616 1778 5689 ut
1819 5611 2189 5687 temporaliter

684 5817 710 5847 ι
745 5807 823 5864 Ita
845 5824 972 5865 mss.
997 5808 1157 5863 Corb.
1188 5810 1243 5861 et
1257 5802 1385 5865 Ant.
1408 5807 1596 5866 Colon.
1626 5826 1778 5877 vero,
1805 5820 1996 5869 rectam
2017 5815 2197 5874 vitam.

614 5878 800 5950 Basil.,
828 5890 1020 5937 rectam
1040 5880 1191 5933 uiam.

2294 4689 2518 4744 nescivit
2542 4689 2555 4742 Ξ

2365 4779 2453 4834 20.
2494 4780 2608 4837 Non
2639 4788 2720 4836 est
2749 4781 2910 4850 igitur
2936 4781 3076 4837 inter
3092 4782 3358 4853 praecipua
3391 4784 3485 4840 Dei
3514 4783 3648 4839 dona
3675 4774 3831 4842 conju-

2293 4871 2437 4940 gium
2479 4871 2870 4941 aestimandum,
2900 4872 3025 4929 licet
3073 4888 3179 4928 non
3228 4884 3456 4945 negetur
3508 4873 3692 4929 donum
3736 4875 3829 4919 esse

2292 4963 2528 5019 divinum
2553 4983 2567 5031 ;
2599 4980 2698 5021 nec
2718 4974 2796 5021 est
2816 4964 3098 5021 dicendum
3126 4965 3472 5023 beatitudinis
3490 4978 3689 5027 munus,
3716 4949 3832 5028 quod

2294 5071 2415 5112 cum
2437 5056 2581 5110 bono
2608 5057 2779 5127 possit
2805 5058 3081 5127 proposito
3121 5059 3314 5122 teneri,
3349 5068 3524 5129 potest
3549 5057 3697 5113 etiam
3724 5062 3825 5120 pro-

2295 5149 2475 5221 posito
2502 5148 2725 5203 meliore
2750 5149 3044 5204 contemni.
3070 5148 3203 5204 Nam
3225 5150 3271 5205 si
3300 5150 3405 5206 hoc
3437 5152 3573 5204 inter
3597 5140 3826 5217 pratcilma

2296 5238 2395 5295 Dei
2419 5238 2557 5294 dona
2578 5239 2828 5293 mstimari
2855 5248 3147 5309 oporteret,
3170 5257 3278 5297 non
3304 5257 3399 5297 ore
3427 5235 3699 5297 Salvatoris
3723 5241 3824 5284 uos-

2296 5332 2368 5386 tri
2397 5330 2760 5397 laudarentur,
2790 5331 2876 5401 qui
2919 5346 2973 5385 se
3012 5332 3153 5403 ipsos
3181 5342 3529 5390 castraverunt
3554 5334 3741 5404 propter
3761 5335 3826 5374 re-

2297 5442 2454 5503 gnum
2474 5424 2713 5479 caelorum
2728 5421 2939 5497 (Matth.
2965 5441 3071 5491 xxx,
3093 5425 3201 5497 12);
3218 5443 3316 5483 nec
3327 5446 3423 5500 pro
3439 5442 3495 5484 se
3508 5432 3715 5501 patrem,
3729 5427 3822 5503 nta—

2297 5526 2429 5574 trem
2450 5558 2465 5582 ,
2496 5515 2688 5571 fratres
2708 5556 2722 5582 ,
2755 5530 2970 5571 sorores
2991 5558 3007 5585 ,
3037 5532 3261 5573 uxorem
3280 5559 3294 5585 ,
3328 5518 3481 5584 ﬁlios,
3508 5526 3669 5584 agros.
3695 5502 3823 5561 τειίιν

2293 5615 2388 5687 qui
2425 5610 2674 5669 Salvator
2703 5611 2818 5683 ipse
2845 5626 2966 5666 cum
2995 5610 3245 5682 centupla
3267 5607 3619 5669 retributionis
3643 5609 3691 5658 et
3719 5595 3818 5651 vita!

2375 5816 2406 5859 δ
2443 5818 2518 5874 lta
2543 5835 2673 5875 mss.
2702 5817 2863 5873 Corb.
2894 5826 2949 5872 et
2976 5817 3114 5875 Vict.
3146 5817 3307 5876 Basil.
3338 5833 3485 5886 vero,
3509 5810 3722 5870 maneant

2369 5900 2392 5928 ε
2432 5890 2531 5946 Ms.
2560 5889 2749 5955 Corb.,
2772 5888 3042 5959 Equidem.
