4124 6458
304 418 409 472 517

1748 410 2076 471 Εριετοω
2111 411 2177 471 ll.

3468 390 3589 470 sis

301 536 514 583 aeternae
541 526 891 601 promissione
906 524 1120 594 iuberet
1144 565 1157 589 ,
1190 524 1370 579 dicens
1402 543 1413 577 :
1449 524 1632 579 Omnis
1651 523 1740 598 qui
1766 524 1887 579 reli-
1915 529 1969 595 Α
1990 537 2118 581 cens
2151 539 2165 576 :
2211 520 2305 580 Sic
2340 524 2478 585 enim
2516 532 2567 578 et
2604 523 2888 597 aliquando
2928 523 3169 597 mulieres
3213 535 3429 596 sanctis,
3458 544 3574 599 qui:

300 623 469 695 querit
495 622 717 685 domum,
744 620 817 673 vel
838 621 1049 692 fratres,
1073 629 1161 671 aut
1180 635 1407 686 sorores,
1433 628 1521 672 aut
1546 628 1763 683 patrem,
1792 625 1883 681 aut

304 722 545 779 matrem,
569 721 657 766 aut
682 727 914 771 uxorem,
943 720 1031 764 aut
1052 710 1212 780 ﬁlios,
1238 718 1325 763 aut
1375 726 1528 781 agros
1556 704 1766 781 plopter
1796 725 1889 763 no-

302 822 423 861 men
465 821 652 869 meum,
701 802 990 873 centuplum
1045 802 1280 872 accipiet,
1333 810 1381 854 et
1435 802 1589 854 vitam
1645 810 1891 865 wternant

305 892 811 971 possidebit(.llatth.
837 908 945 956 xxx,
969 891 1081 961 29).
1108 890 1220 947 lloc
1233 900 1412 947 autem
1433 890 1889 954 diceustristus,

305 1004 416 1044 non
470 986 756 1041 divortium
814 983 927 1038 ﬁeri
968 983 1152 1052 iussit,
1213 983 1307 1038 sed
1354 981 1502 1051 iusta
1550 981 1889 1042 discretione,

302 1080 549 1152 quamvis
574 1079 665 1135 Dei
694 1091 941 1141 munera,
975 1085 1151 1129 tamen
1183 1073 1506 1143 temporalia
1536 1072 1773 1135 aeternis,
1799 1086 1894 1139 ca-

302 1171 441 1227 duca
470 1169 927 1243 permanantibus,
966 1182 1130 1238 parva
1172 1166 1399 1237 magnis,
1427 1181 1458 1221 a
1507 1165 1621 1222 suis
1649 1164 1896 1221 ﬁdelibus

303 1260 675 1334 postponenda
698 1259 1032 1315 monstravit.
1061 1257 1178 1312 Non
1205 1257 1426 1331 damnat
1450 1257 1617 1323 bona,
1647 1254 1747 1312 sed
1773 1255 1893 1326 plus

304 1355 488 1410 laudat
545 1353 806 1418 meliora;
841 1351 929 1406 illa
969 1366 1077 1405 non
1109 1348 1243 1415 odit,
1273 1348 1366 1404 sed
1397 1349 1499 1403 ista
1559 1347 1679 1423 plus
1702 1347 1893 1416 diligit.

305 1448 522 1504 Illorum
545 1446 686 1499 enim
707 1444 821 1499 sive
842 1443 1079 1513 adeptio,
1102 1442 1215 1497 sive
1243 1442 1481 1508 amissio,
1509 1456 1615 1499 non
1639 1449 1721 1501 eSt
1748 1439 1901 1517 retri-

306 1538 462 1594 butio
491 1536 635 1602 ﬁdei,
669 1535 761 1590 sed
792 1534 1062 1606 probatio.

380 1629 510 1703 Cap.
553 1646 624 1685 Χι.
666 1627 829 1682 Fides
859 1642 963 1681 non
993 1624 1377 1697 temporalibus,
1408 1624 1499 1679 sed
1524 1624 1733 1695 internis
1755 1622 1899 1677 debet

306 1740 419 1782 esse
447 1725 663 1779 intenta.
707 1719 874 1775 Vidua
900 1736 964 1774 ne
984 1719 1050 1773 sit
1070 1716 1469 1789 cogitationibus
1491 1716 1773 1772 mundanis
1800 1717 1899 1771 im-

306 1815 503 1872 plicita.
538 1810 765 1867 Ornatus
785 1818 836 1864 et
855 1809 1058 1864 habitus
1088 1807 1375 1867 viduarum.
1402 1838 1474 1849 —
1491 1804 1581 1861 2i.
1613 1804 1774 1867 Fides
1802 1820 1899 1860 au-

311 1914 423 1962 tem
445 1910 626 1959 nostra
657 1916 765 1957 non
794 1898 1195 1971 temporalibus,
1223 1897 1318 1952 sed
1345 1896 1561 1952 aeternis
1590 1911 1712 1952 esse
1742 1894 1903 1950 debet

307 1996 533 2056 intenta.
568 1993 796 2064 Propter
822 1993 967 2063 quod
994 1991 1101 2047 Vas
1123 1990 1426 2056 electionis,
1452 1986 1518 2061 ad
1561 1987 1899 2061 tolerantiam

308 2104 410 2143 nos
439 2085 717 2158 praesentis
746 2081 1109 2139 tribulationis
1137 2081 1453 2151 exhortans,
1476 2079 1721 2159 praecipit
1766 2087 1826 2132 ut
1868 2093 1902 2132 a

310 2177 769 2249 contemplatione
787 2173 1161 2244 temporalium
1193 2187 1376 2227 rerum
1405 2170 1585 2227 cordis
1615 2169 1785 2226 nostri
1816 2184 1904 2241 pe-

311 2273 459 2329 nitus
488 2280 790 2333 avertamus
819 2266 1087 2328 obtutum,
1121 2264 1305 2319 dicens
1360 2281 1372 2317 :
1427 2259 1495 2316 Id
1522 2264 1659 2317 enim
1682 2260 1819 2334 quod
1847 2263 1902 2317 in

309 2361 550 2436 prasenti
575 2368 650 2414 est
679 2367 1092 2413 momentaneum
1119 2365 1167 2409 et
1207 2353 1312 2409 leve
1335 2350 1683 2406 tribulationis
1709 2359 1902 2406 nostra:

308 2470 468 2524 supra
513 2450 721 2506 modum
764 2450 818 2505 in
876 2448 1188 2501 sublimitate
1234 2455 1488 2500 aeternum
1543 2441 1636 2513 (al.
1669 2444 1901 2513 (eterna)

311 2546 494 2623 gloria:
522 2541 720 2615 pondus
757 2549 998 2610 operatur
1026 2538 1079 2592 in
1110 2535 1277 2619 nobis,
1302 2553 1407 2591 non
1436 2531 1902 2603 contemplantibus

310 2621 463 2692 nobis
484 2651 596 2705 qua:
625 2633 857 2685 videntur
879 2672 893 2697 ,
928 2628 1018 2684 sed
1050 2645 1164 2701 qua:
1194 2645 1297 2682 non
1327 2627 1583 2680 videntur.
1611 2621 1740 2688 Qua
1767 2624 1904 2677 enim

312 2726 551 2779 videntur
593 2721 893 2791 temporalia
929 2720 1086 2783 sunt,
1112 2735 1225 2786 qua:
1270 2726 1440 2771 autem
1489 2732 1595 2769 non
1642 2713 1903 2778 uidentur,

314 2825 513 2873 (εἰει-για
540 2824 660 2870 sunt
692 2810 778 2885 (Il
809 2810 930 2865 Cor.
974 2827 1045 2872 ιν,
1081 2809 1165 2875 17,
1201 2808 1311 2877 18).

388 2905 479 2960 22.
522 2904 747 2959 Ambula
779 2903 961 2971 igitur,
976 2902 1111 2956 sicut
1132 2900 1391 2969 scriptum
1423 2906 1528 2959 est.
1553 2896 1616 2951 de
1639 2897 1825 2950 virtute
1849 2894 1905 2949 in

282 3042 289 3047 .
313 2997 551 3053 virtutem
568 2994 741 3066 (Psal.
760 2988 1064 3059 Lxxxm,8),
1082 2989 1364 3045 etanimus
1377 2994 1498 3042 tuus
1519 2986 1585 3041 ab
1609 2985 1908 3059 intentione

314 3084 693 3156 temporalium
737 3082 804 3137 ad
836 3080 1354 3151 contemplationem
1400 3083 1640 3133 transeat
1668 3085 1906 3130 aeterno-

315 3190 456 3239 rum,
481 3175 858 3244 transiensque
870 3188 899 3226 a
914 3172 1113 3227 virtute
1125 3167 1425 3239 coniugalis
1440 3165 1710 3238 pudicitia:
1726 3163 1792 3220 ad
1808 3180 1909 3235 po-

315 3270 509 3323 tiorem
537 3268 792 3321 virtutem
813 3263 1162 3320 continentiae
1174 3260 1423 3327 vidualis,
1442 3274 1548 3313 non
1566 3258 1775 3312 minore
1786 3270 1911 3311 con-

317 3357 545 3413 tinentia
574 3356 751 3412 cordis
780 3353 999 3423 praedita
1028 3351 1196 3407 debes
1218 3364 1335 3405 esse
1357 3364 1520 3419 quam
1550 3346 1826 3417 corporis,
1856 3352 1913 3400 et

320 3460 446 3522 post
481 3450 687 3505 obitum
736 3445 1051 3516 temporalis
1093 3444 1272 3498 mariti
1312 3457 1503 3498 omnes
1532 3441 1585 3495 in
1617 3438 1780 3495 corde
1821 3446 1915 3494 tuo

320 3541 562 3611 reliquiae
580 3539 777 3595 debent
806 3536 1091 3593 mundanae
1119 3534 1460 3605 cogitationis
1488 3530 1773 3600 exstingui.

390 3633 479 3688 23.
521 3632 627 3689 Cur
673 3633 817 3687 enim
873 3628 1030 3685 vidua
1102 3626 1406 3683 Christiana
1460 3632 1614 3694 gerat
1667 3623 1907 3677 animum

322 3722 538 3778 vinculo
593 3719 907 3790 cujusquam
937 3717 1218 3773 mundana:
1260 3714 1604 3784 cogitationis
1631 3714 1910 3779 innexum,

323 3828 464 3883 qum,
487 3820 701 3867 mortuo
733 3826 871 3879 νει-ο,
890 3807 1147 3863 mundum
1168 3806 1329 3863 debet
1348 3807 1620 3861 aestimare
1642 3820 1914 3861 commor-

276 3954 281 3958 .
322 3904 519 3958 tuum?
541 3902 715 3957 Causa
744 3900 904 3968 igitur
924 3898 1208 3952 mundanae
1229 3897 1574 3965 cogitationis
1594 3894 1911 3960 desistente,

323 3992 487 4050 debet
507 3996 618 4066 ipsa
642 4007 854 4064 quoque
869 3990 1122 4060 cogitatio
1138 3990 1408 4045 mundana
1430 4004 1675 4055 cessare;
1702 3996 1757 4044 et
1781 3990 1922 4061 sicut

325 4096 486 4143 antea
517 4087 871 4156 corporaliter
898 4083 1051 4156 157
1079 4082 1361 4137 ornabaris
1388 4082 1525 4146 viro,
1556 4082 1649 4151 qui
1675 4080 1914 4137 delecta-

322 4187 477 4235 retur
497 4178 678 4248 specie
704 4174 967 4246 corporis,
1026 4177 1100 4231 ita
1131 4192 1270 4232 nuuc
1310 4174 1625 4246 spiritaliter
1675 4170 1921 4230 ornanda

326 4283 388 4325 es
415 4267 651 4334 Christo,
698 4267 790 4338 qui
830 4266 1004 4322 solam
1048 4268 1103 4322 in
1144 4267 1431 4339 tC‘QULIBI'iI
1458 4262 1921 4337 pulchritudinem

334 4360 551 4415 mentis.

395 4451 485 4506 2i.
520 4450 749 4506 Attende
772 4448 900 4522 quid
937 4450 1127 4505 beatus
1169 4447 1366 4505 Petrus
1410 4451 1575 4505 etiam
1608 4444 1911 4518 coniugatis

331 4545 642 4601 mulieribus
669 4546 905 4612 mandet,
934 4545 1126 4615 quibus
1150 4545 1435 4600 exterioris
1454 4545 1671 4601 habitus
1692 4542 1918 4597 interdi-

332 4640 408 4696 cit
437 4648 704 4703 ornatum,
737 4638 852 4692 haec
878 4638 1104 4707 loquens
1135 4656 1148 4690 :
1184 4636 1435 4692 Mulieres
1457 4634 1677 4692 subdita!
1712 4638 1819 4692 sint
1843 4639 1922 4693 vi-

332 4733 409 4788 ris
439 4733 563 4794 suis,
594 4741 648 4784 ut
675 4731 818 4801 siqui
837 4745 938 4784 nou
965 4728 1180 4782 credunt
1220 4727 1369 4783 verbo
1406 4727 1541 4797 Dei,
1573 4744 1665 4800 per
1700 4745 1923 4785 uasorum

339 4840 547 4880 suarum
576 4823 1031 4885 conversationem,
1056 4822 1168 4875 sine
1208 4820 1358 4875 verbo
1400 4820 1772 4892 lucriﬁcentur,
1798 4839 1923 4878 con-

340 4917 627 4973 siderantes
652 4924 871 4971 vestram
913 4915 967 4969 in
1012 4912 1193 4969 timore
1221 4923 1417 4967 castam
1443 4917 1882 4972 conversationem
1906 4935 1925 4981 ;

343 5026 443 5084 qua
471 5010 597 5065 insit
628 5025 730 5063 non
762 5017 786 5045 ι
816 5007 1133 5063 extrinsecus
1156 5006 1462 5079 capillorum
1494 5007 1778 5077 implicutio
1799 5050 1815 5077 ,
1837 5017 1928 5063 aut

345 5105 459 5158 auri
488 5102 887 5172 circumpositio,
920 5108 1008 5154 aut
1035 5100 1090 5154 in
1118 5097 1293 5152 habitu
1332 5099 1747 5155 vestimentorum
1768 5119 1929 5157 orna-

348 5208 447 5263 tus,
480 5198 568 5252 sed
595 5196 683 5251 ille
715 5195 1041 5250 absconditus
1073 5193 1244 5249 cordis
1292 5192 1441 5247 homo
1476 5192 1531 5245 in
1560 5190 1929 5262 incorruptibi-

348 5289 492 5344 litate
511 5288 663 5360 quieti
683 5294 733 5341 et
756 5286 972 5341 modesti
1002 5286 1236 5356 spiritus,
1251 5285 1429 5355 quiest
1456 5292 1577 5336 ante
1598 5276 1761 5337 Deum
1784 5282 1931 5336 locu-

348 5382 456 5454 ples
494 5378 547 5453 (ι
575 5378 715 5435 Petr.
750 5394 825 5446 ιιι,
861 5380 911 5439 1,
948 5377 1002 5441 2,
1032 5376 1085 5439 '5,
1121 5373 1201 5454 4),
1235 5374 1348 5430 Hoc
1378 5382 1709 5445 prasceptum
1747 5373 1935 5430 beatus

1192 5444 1201 5459 1

351 5472 626 5544 apostolus
654 5477 957 5526 sanctarum
986 5454 1267 5521 mulierum
1289 5464 1523 5520 limavit
1549 5454 1823 5533 exemplo,
1848 5460 1932 5517 di-

423 5640 446 5667 ι
472 5627 562 5684 Sic
582 5627 772 5687 Colon.
798 5634 853 5681 et
866 5624 1053 5689 Basii.;
1076 5638 1176 5679 ms.
1196 5623 1359 5678 Corh.
1378 5638 1510 5680 vero
1531 5624 1697 5679 habet
1720 5638 1822 5694 qua
1843 5624 1933 5691 sit,

350 5717 476 5762 non,
508 5709 614 5754 etc.
659 5698 917 5767 Antuerp.
948 5710 1098 5759 vero,
1148 5711 1361 5767 quorum
1412 5711 1519 5767 non
1562 5696 1657 5767 sit,
1703 5692 1758 5748 et
1780 5692 1936 5765 juxta

353 5760 597 5827 Graecum
625 5760 879 5838 Apostoli'
896 5772 1118 5838 malum,
1144 5760 1209 5819 ὡν
1234 5764 1364 5838 {ego
1392 5769 1478 5819 οὐκ
1500 5766 1526 5820 ὁ
1544 5760 1746 5838 ἔξωθεν.

424 5842 452 5882 δ
474 5840 550 5896 lta
574 5833 702 5896 mss.
717 5838 851 5894 Vict.
872 5848 930 5893 et
953 5834 1140 5903 Basil.;
1163 5843 1217 5890 at
1232 5833 1424 5891 Colon.
1447 5842 1503 5891 et
1525 5835 1672 5899 Ant.,
1692 5850 1794 5890 nou
1817 5840 1938 5889 sunt

356 5912 633 5971 monilibus
659 5908 940 5965 contende.

1991 612 2274 684 sperabant
2303 615 2356 673 in
2390 610 2578 681 Deum,
2609 615 2868 671 ornabant
2902 633 2978 682 se,
3020 615 3262 689 subjecta:
3304 619 3427 681 viris
3464 621 3573 683 suis

1992 705 2181 777 (Ibid.,
2217 706 2295 781 5).

2065 798 2194 855 Cu.
2226 816 2317 856 sn.
2345 801 2557 873 Sancta:
2580 803 2817 859 mulieres
2867 819 2971 859 non
3005 804 3302 871 monilibus.
3346 807 3436 877 sed
3460 826 3575 863 mo~

1995 892 2138 965 ribus
2170 895 2273 949 sint
2305 904 2521 953 ornatae.
2561 894 2799 967 O/licium
2825 894 2993 953 viduae
3040 896 3305 953 udluzrere
3358 895 3485 965 Deo,
3527 908 3576 954 et

1994 986 2193 1041 instare
2212 988 2547 1049 orationibus.
2580 1018 2648 1029 —
2676 988 2766 1049 25.
2800 989 2857 1045 Si
2884 1002 3015 1059 ergo
3047 999 3244 1065 sancta:
3284 992 3534 1046 mulieres
3560 1032 3575 1057 ,

1997 1075 2160 1137 etiam
2189 1075 2521 1149 coniugatus,
2564 1094 2672 1134 non
2710 1086 2836 1137 sunt
2864 1079 3155 1136 manilibus
3191 1083 3580 1139 commendan-

1996 1167 2079 1223 da:
2118 1167 2166 1237 δ,
2204 1168 2301 1223 sed
2338 1170 2601 1234 moribus,
2644 1178 2699 1225 et
2734 1171 2903 1240 magis
2935 1170 3237 1231 humilitate
3272 1172 3582 1227 debentor—

1998 1256 2117 1313 nari
2145 1272 2305 1328 quam
2333 1266 2503 1324 veste,
2554 1260 2727 1328 qualis
2768 1260 2928 1317 debet
2948 1275 3069 1316 esse
3091 1260 3264 1317 viduas
3287 1261 3502 1318 habitus
3528 1269 3583 1317 et

2000 1350 2260 1413 incessus,
2300 1366 2420 1425 quas
2458 1367 2566 1407 non
2602 1351 2809 1408 homini
2847 1355 2965 1409 viro
3007 1353 3158 1424 cupit
3198 1354 3433 1426 placere,
3483 1353 3582 1409 sed

1999 1440 2251 1497 Christo?
2284 1456 2403 1512 qua:
2451 1443 2775 1499 necessitate
2814 1444 3111 1514 corporalis
3158 1444 3404 1503 absoluta
3448 1459 3582 1500 con-

1999 1533 2167 1597 nubii,
2206 1533 2469 1604 spiritalia
2521 1541 2728 1588 tantum
2776 1532 2940 1589 debet
2978 1542 3297 1590 ornamenta
3345 1534 3585 1590 sectari?

2000 1614 2229 1678 Habitus
2256 1637 2384 1691 ergo
2416 1631 2535 1678 tuus
2557 1625 2678 1678 talis
2700 1624 2788 1689 sit,
2818 1625 2910 1695 qui
2931 1640 3038 1679 non
3069 1624 3137 1679 ad
3176 1624 3448 1681 lasciviam
3490 1640 3587 1679 ex-

2001 1713 2149 1779 citet,
2176 1713 2268 1768 sed
2298 1708 2365 1769 ad
2385 1714 2775 1783 continentiam
2804 1724 3102 1786 provocet;
3132 1714 3223 1786 qui
3252 1730 3360 1785 non
3402 1715 3587 1773 illiciat

2002 1800 2070 1858 ad
2111 1804 2403 1871 libidinem,
2447 1803 2906 1876 sedicomprimat
2942 1806 3012 1862 ad
3052 1807 3336 1875 timorem;
3362 1808 3453 1878 qui
3477 1822 3586 1862 non

1932 1924 1978 1985 Β
2006 1896 2267 1952 accendat
2281 1888 2985 1981 carniscmicupiscentiam,
3011 1897 3104 1953 sed
3132 1900 3440 1969 exstinguat
3460 1916 3474 1965 ;
3492 1899 3586 1970 qui

2008 2004 2115 2042 non
2138 1986 2346 2043 illicitet
2361 1999 2380 2025 ο
2396 1984 2464 2043 ad
2484 1987 2849 2054 concubitum,
2864 1988 2957 2043 sed
2968 1990 3242 2045 excitetad
3255 1982 3583 2061 profectum;

2005 2094 2073 2134 ex
2100 2095 2209 2151 quo
2228 2079 2407 2134 cordis
2429 2079 2797 2149 compunctio,
2834 2095 2942 2134 non
2981 2083 3159 2135 carnis
3195 2078 3358 2135 libido
3396 2095 3590 2135 nasca-

2004 2178 2122 2238 tur;
2150 2170 2293 2231 unde
2314 2154 2451 2224 Filio
2473 2168 2570 2225 Dei
2595 2170 2828 2241 placeas,
2850 2168 2994 2224 unde
3024 2178 3076 2249 te
3105 2186 3230 2241 vere
3251 2179 3455 2227 castam
3485 2170 3587 2225 ob-

2004 2262 2145 2318 tutui
2169 2261 2265 2334 (al.
2291 2260 2505 2331 obtutu)
2534 2261 2720 2333 sponsi
2756 2261 2988 2316 omlestis
3012 2260 3286 2319 ostendas.
3318 2259 3413 2317 ille
3440 2260 3585 2318 enim

2004 2369 2238 2425 sponsus
2265 2367 2483 2408 carnem
2498 2361 2645 2406 tuam
2668 2359 2999 2423 maceratam
3016 2351 3128 2406 vult
3149 2351 3350 2418 videre,
3377 2367 3483 2407 non
3507 2349 3589 2406 ni-

2006 2444 2211 2514 tidam;
2244 2446 2437 2500 animae
2456 2442 2730 2500 connubio
2753 2445 2940 2511 utitur,
2987 2458 3088 2500 nec
3118 2443 3318 2512 carnis,
3342 2443 3438 2499 sed
3466 2442 3597 2498 ani--

2004 2552 2107 2611 ma:
2134 2535 2531 2608 pulchritudine
2560 2534 2879 2591 delectatur.
2920 2533 3186 2609 Quocirca
3227 2534 3590 2607 castigatione

2006 2628 2249 2699 corporis
2273 2628 2490 2700 aequire
2518 2625 2970 2699 pulchritudinem
2994 2627 3172 2683 cordis
3199 2645 3212 2681 :
3245 2628 3438 2684 vilibus
3462 2642 3589 2703 caro

2007 2727 2219 2787 tegatur
2245 2719 2613 2790 operimentis,
2655 2727 2711 2775 et
2749 2717 2999 2791 pretiosis
3035 2719 3216 2773 anima
3245 2719 3484 2785 vestibus
3508 2717 3593 2773 in-

2008 2810 2230 2876 duatur;
2255 2826 2354 2865 nec
2381 2825 2591 2880 quaeras
2625 2818 2683 2865 ut
2724 2812 2939 2881 placeas
2967 2812 3137 2866 oculis
3158 2811 3462 2876 hominum,
3493 2810 3590 2867 sed

2008 2911 2070 2958 ut
2106 2901 2304 2958 Christi
2326 2918 2431 2956 non
2458 2901 2698 2957 oﬂ'endas
2724 2911 3021 2973 aspectum.
3051 2902 3146 2957 Ille
3176 2904 3229 2957 in
3257 2911 3309 2958 te
3337 2898 3482 2977 quod
3508 2900 3593 2959 di-

2011 2990 2128 3059 ligit
2174 2990 2377 3058 videat,
2427 2990 2571 3060 quod
2621 2990 2769 3045 dedit
2818 2991 3084 3057 inveniat,
3138 3007 3245 3061 quo
3291 2990 3592 3045 delectatur

2012 3089 2285 3150 agnoscat.
2314 3080 2612 3151 Concupibit
2638 3081 2781 3135 enim
2802 3097 2897 3135 rex
2922 3082 3139 3151 speciem
3165 3092 3333 3145 tuam;
3358 3080 3455 3136 sed
3483 3098 3595 3149 om-

2012 3172 2093 3225 nis
2133 3170 2302 3242 gloria
2324 3171 2452 3241 ﬁlia:
2475 3170 2607 3241 regis
2638 3172 2947 3225 intrinsecus
2985 3170 3157 3243 (Psal.
3203 3169 3456 3237 xuv,i2,
3477 3168 3590 3242 14).

2085 3261 2175 3318 26.
2207 3262 2439 3335 Transiit
2468 3271 2680 3334 tempus
2708 3263 3084 3335 amplectendi,
3101 3246 3252 3320 nunc
3285 3272 3497 3335 tempus
3511 3273 3599 3321 est

2018 3353 2179 3424 longe
2206 3353 2321 3408 lieri
2347 3354 2413 3407 ab
2433 3355 2707 3424 amplexu.
2750 3353 3071 3410 Adbmreant
3107 3355 3235 3411 viris
3264 3370 3382 3425 quae
3410 3356 3598 3427 coniu-

2018 3447 2125 3516 gali
2152 3446 2367 3501 vinculo
2412 3452 2665 3501 tenentur
2718 3445 2955 3502 astricta:
2999 3464 3011 3500 :
3046 3445 3141 3501 tibi
3190 3442 3475 3507 dicendum
3517 3456 3601 3503 est

2019 3556 2139 3595 cum
2160 3539 2424 3611 propheta
2453 3557 2465 3592 :
2502 3535 2629 3593 Mihi
2658 3549 2827 3594 autem
2857 3539 3121 3595 adhwrere
3149 3538 3258 3594 Deo
3280 3540 3467 3595 bonum
3492 3552 3597 3607 est;

2019 3649 2209 3704 ponere
2234 3633 2290 3686 in
2319 3629 2430 3686 Deo
2458 3648 2598 3701 spem
2626 3649 2792 3686 meam
2822 3630 2996 3703 (Psal.
3029 3648 3194 3699 Lxxu,
3226 3630 3339 3703 28).
3374 3630 3526 3705 Unde
3547 3642 3602 3689 et

2020 3722 2310 3794 Apostolus
2339 3721 2415 3776 ait
2438 3741 2451 3775 :
2486 3719 2614 3786 Quae
2650 3732 2819 3776 autem
2846 3739 2960 3777 uere
2986 3722 3141 3777 vidua
3166 3733 3242 3777 est
3268 3733 3316 3777 et
3347 3725 3602 3794 desolata,

2021 3815 2246 3886 speravit
2275 3809 2301 3850 τι
2330 3814 2385 3866 in
2417 3811 2658 3878 Domino,
2681 3823 2730 3866 et
2757 3814 2919 3867 instat
2946 3810 3382 3869 obsecrationibus
3402 3824 3450 3868 et
3478 3832 3601 3869 ora-

2022 3903 2246 3961 tionibus
2272 3914 2417 3958 nocte
2443 3913 2492 3958 et
2518 3904 2602 3958 die
2631 3902 2684 3975 (I
2708 3904 2839 3959 Tim.
2864 3922 2916 3971 v,
2944 3903 3017 3974 5).
3044 3901 3229 3981 Oratio
3251 3920 3379 3974 ergo
3410 3906 3505 3961 tibi
3533 3906 3604 3963 sit

2022 3997 2077 4053 in
2127 3995 2489 4068 postulatione
2539 3997 2758 4063 crebra,
2791 3997 2846 4051 in
2894 4005 3079 4052 sancta
3110 4012 3242 4051 vero
3278 3998 3605 4073 cogitatione

2023 4098 2187 4161 atque
2214 4088 2529 4161 operatione
2557 4088 2829 4143 continua.
2861 4085 2950 4143 Sic
2977 4087 3119 4142 enim
3150 4089 3352 4161 poteris
3382 4089 3606 4161 implere

2022 4180 2167 4252 quod
2191 4179 2477 4252 Apostolus
2501 4177 2654 4249 iubet
2683 4176 2737 4249 (Ι
2766 4175 2945 4232 Thess.
2973 4176 3159 4249 v.16),
3193 4184 3251 4233 ut
3295 4178 3411 4233 sine
3439 4179 3607 4236 inter-

2023 4274 2280 4341 missione
2332 4288 2566 4329 oremus.
2600 4268 2784 4325 Oratio
2824 4283 3055 4341 namque
3097 4276 3183 4326 est
3224 4269 3276 4325 in
3306 4279 3604 4342 conspectu

2025 4365 2122 4435 Dei
2150 4380 2313 4420 omne
2341 4379 2477 4433 opus
2506 4362 2729 4428 bonum,
2754 4375 2862 4431 quo
2885 4357 3184 4419 delectatur
3203 4359 3334 4416 nihil
3366 4361 3607 4431 indigens

2025 4438 2186 4513 Deus.
2221 4454 2289 4509 Et
2313 4462 2372 4509 ut
2398 4469 2753 4525 agnoscamus
2781 4450 2921 4508 bona
2951 4468 3114 4524 opera
3145 4453 3322 4537 locum
3346 4455 3606 4512 orationis
3668 4454 3673 4457 ’

2028 4548 2167 4625 apud
2185 4548 2349 4609 Deum
2370 4548 2594 4613 habere,
2611 4547 2889 4616 Scriptura
2906 4560 3003 4600 nos
3016 4551 3201 4600 sancta
3222 4546 3299 4601 sic
3320 4546 3603 4602 admonet:

2027 4636 2292 4695 Absconde
2311 4640 2682 4711 eleemosynam
2710 4640 2765 4693 in
2797 4637 2949 4692 corde
2974 4638 3237 4710 pauperis,
3269 4648 3318 4693 et
3340 4640 3454 4713 ipsa
3482 4655 3610 4695 exo-

2030 4732 2167 4788 rabit
2192 4748 2284 4803 pro
2314 4737 2362 4783 te
2392 4728 2579 4802 (Eccli.
2613 4744 2669 4795 ιι,
2702 4725 2811 4799 i5).

2109 4822 2266 4895 158
2292 4819 2420 4875 CAP.
2454 4835 2563 4874 xm.
2598 4816 2833 4884 Qualiter
2858 4819 2913 4875 in
2960 4819 3072 4876 cibo
3097 4828 3145 4875 et
3174 4822 3416 4877 conviviis
3442 4838 3498 4877 se
3525 4836 3611 4894 ge-

2030 4922 2116 4969 rat
2136 4913 2309 4968 vidua.
2332 4944 2404 4956 —
2450 4909 2539 4965 27.
2569 4908 2714 4966 Cave
2741 4925 2809 4966 ne
2832 4912 3010 4966 carnis
3037 4926 3220 4966 curam
3250 4912 3302 4967 in
3332 4911 3613 4968 desideriis

2036 5002 2216 5069 facias,
2250 5017 2317 5057 ne
2345 5014 2558 5072 semper
2598 5000 2736 5071 gula;
2786 4999 2931 5069 quod
2958 5001 3132 5071 poscit
3160 5000 3435 5069 indulgeas
3466 5017 3481 5054 :
3522 5014 3613 5056 re-

2037 5093 2269 5149 fectione
2289 5100 2378 5146 tua
2407 5106 2515 5146 non
2549 5089 2793 5161 voluptas
2817 5090 3114 5160 expleatur,
3144 5088 3239 5144 sed
3283 5097 3614 5147 sustentetur

2041 5184 2339 5241 inﬁrmitas.
2371 5178 2531 5237 Tales
2559 5194 2736 5237 autem
2765 5180 2998 5237 convivii
3026 5179 3190 5235 debes
3219 5180 3417 5235 habere
3446 5183 3614 5251 parti-

2039 5279 2209 5348 cipes,
2236 5290 2355 5347 quae
2401 5291 2507 5331 non
2556 5274 2735 5332 carnis
2766 5275 2942 5329 solent
2986 5273 3203 5329 delicias
3254 5272 3491 5341 laudare,
3520 5277 3615 5333 sed

2041 5370 2236 5435 cordis,
2286 5384 2405 5440 qum
2453 5368 2762 5439 angelorum
2804 5382 2997 5438 panem
3052 5365 3319 5423 interioris
3383 5367 3618 5428 hominis

2042 5462 2296 5519 aviditate
2315 5462 2651 5535 perquirunt,
2665 5475 2780 5532 quae
2799 5468 2922 5531 p05t
2942 5472 3197 5530 sponsum
3214 5466 3363 5515 tuum
3378 5459 3430 5516 in
3449 5460 3617 5520 odore

2116 5634 2140 5663 ο
2172 5622 2333 5680 liasil.
2362 5624 2567 5678 illiciat.
2594 5618 2719 5678 Mss.
2737 5618 2900 5678 ὕοι-1).
2924 5630 2981 5679 et
2999 5620 3222 5688 Victam,
3247 5623 3468 5678 illieitet.

2112 5693 2139 5732 ά
2165 5694 2243 5749 ita
2287 5695 2414 5765 editi
2453 5708 2640 5765 o_mnes
2680 5690 3103 5765 iuxtatGraacum
3133 5694 3377 5765 Apostoli
3409 5702 3612 5765 gestum

2040 5768 2268 5892 rituum
2311 5764 2437 5822 Mss.
2469 5754 2763 5817 Thuanfet
2801 5761 2962 5831 Vict,
2993 5754 3211 5836 sperat}
3268 5781 3369 5822 ms.
3407 5754 3610 5829 ὕοι-1)..

2041 5852 2192 5907 spera
2270 5874 2289 5892 .
