4124 6514
534 456 640 513 519

1566 446 1623 498 S.
1667 441 2034 499 FULGENTII
2074 438 2381 497 EPISCUPI
2420 434 2797 493 RUSPENSIS

3734 438 3868 493 520

534 581 932 644 unguentorum
959 572 1079 643 ejus
1100 576 1344 636 currunt,
1373 581 1494 637 qua:
1541 564 1807 620 suavitate
1832 562 2003 618 Deum
2030 575 2129 631 gu—
2151 563 2208 624 Δ
2236 560 2406 615 tione.
2439 556 2608 626 Igitur
2635 556 2783 626 quod
2814 557 2993 613 omnis
3019 554 3383 613 lsraclitarum
3409 559 3641 630 populus
3664 558 3872 618 facere

534 668 650 723 slus
678 666 951 721 interioris
973 662 1300 737 percipiunt,
1325 674 1444 731 quae
1475 671 1609 727 puro
1638 653 1835 710 affectu
1862 653 2128 718 esuriunt,

534 759 833 829 sitiuntque
856 756 1153 828 justitiam;
1183 770 1303 825 qua:
1347 757 1640 823 operantur
1666 746 1868 809 cibum,
1904 760 2010 801 non
2039 745 2134 815 qui

534 853 697 925 perit,
722 850 818 909 sed
841 852 932 922 qui
961 855 1245 921 permanet
1268 846 1321 901 in
1342 844 1509 899 vitam
1537 848 1814 896 :eternam.
1846 837 1981 893 Cum
2011 836 2136 891 tali-

534 943 636 1000 bus
691 951 747 998 et
792 928 1063 1013 colloquia
1114 940 1209 995 tibi
1247 934 1616 1001 conserenda,
1660 940 1716 989 et
1741 930 2134 1003 frequentanda

536 1036 819 1103 convivia;
852 1044 912 1091 ut
950 1050 1073 1091 cum
1112 1049 1207 1090 eas
1235 1031 1373 1089 cibis
1411 1026 1784 1100 corporalibus
1827 1024 2036 1096 pascis,
2067 1024 2137 1080 ad

536 1129 791 1186 meritum
840 1128 935 1183 tibi
980 1134 1183 1182 sanctae
1222 1121 1557 1193 operationis
1602 1119 1867 1184 accedat;
1906 1126 1963 1173 et
2010 1133 2136 1173 cum

536 1236 725 1276 earum
768 1218 950 1274 verbis
998 1214 1333 1287 spiritalibus
1380 1212 1652 1284 pasceris,
1708 1209 1983 1282 profectus
2038 1208 2138 1264 tibi

536 1320 737 1368 sancta:
786 1308 1212 1366 conversationis
1262 1313 1574 1368 accrescat,
1629 1318 1730 1359 nec
1777 1302 1912 1356 velis
1941 1300 2137 1355 talibus

539 1419 682 1459 nunc
711 1416 951 1457 mensam
978 1409 1124 1455 tuam
1146 1399 1361 1469 replere
1382 1396 1609 1464 deliciis,
1632 1394 1882 1465 qualibus
1908 1408 2027 1448 eam
2058 1407 2141 1447 re-

538 1497 763 1569 plebas,
792 1493 1038 1564 quando
1086 1492 1291 1548 carnali
1337 1489 1610 1546 connubio
1653 1487 1946 1544 serviebas.
1999 1486 2141 1541 Audi

539 1588 851 1658 Magistrum
878 1587 1139 1657 gentium,
1164 1584 1294 1655 quid
1321 1584 1389 1639 dc
1417 1583 1575 1638 vidua
1603 1583 1778 1637 dicat:
1811 1579 1941 1645 ρυω
1960 1581 2016 1634 in
2044 1580 2138 1634 de-

539 1681 673 1738 liciis
701 1690 797 1747 est,
822 1681 1013 1750 inquit,
1038 1681 1209 1735 vivens
1238 1687 1441 1733 mortua
1471 1686 1547 1731 est
1575 1675 1631 1746 (Ι
1661 1675 1795 1730 Tim.
1831 1692 1882 1740 v,
1915 1674 1992 1743 6).

610 1774 742 1831 Car.
773 1792 885 1831 XIV.
916 1774 1177 1845 Exempla
1205 1772 1475 1828 viduarum
1495 1771 1677 1825 Iudith
1705 1778 1755 1824 et
1784 1767 2137 1824 Annua—28.

539 1867 718 1924 Habes
745 1874 802 1923 et
824 1867 877 1922 in
901 1866 1083 1922 Veteri
1107 1875 1164 1919 et
1198 1865 1250 1918 in
1274 1864 1424 1919 Novo
1454 1862 1805 1918 Testamento
1828 1871 2140 1915 sanctarum

2236 664 2347 707 non
2388 649 2583 735 potuit,
2628 656 2816 703 sancta
2854 648 3016 704 vidua
3064 650 3331 705 castitatis
3360 652 3561 708 virtute
3594 651 3867 722 perfecit.

2235 740 2590 797 Obtruncavit
2619 757 2726 796 una
2754 741 2948 796 mulier
2975 742 3109 797 tanti
3157 743 3387 811 agminis
3416 743 3626 811 ducem,
3672 754 3730 802 et
3755 746 3867 803 in-

2236 844 2510 906 speratam
2540 834 2637 890 Dei
2666 836 2868 906 populo
2890 835 3121 895 reddidit
3148 838 3474 894 libertatem.

2311 927 2442 984 Car.
2503 943 2591 982 xv.
2660 925 2862 982 Laudes
2908 930 3093 983 Annae.
3157 927 3491 1001 Comparatio
3548 931 3740 987 Iudith
3807 947 3871 991 et

2239 1020 2425 1076 Amne.
2449 1018 2625 1074 -50,
2668 1018 2963 1074 Videamus
2985 1027 3042 1075 et
3063 1020 3118 1074 in
3149 1019 3301 1075 Novo
3332 1019 3682 1078 Testamento
3711 1040 3867 1094 qua-

2237 1111 2369 1168 liter
2396 1110 2553 1167 nobis
2599 1119 2799 1166 sancta:
2829 1110 2996 1165 Anna:
3035 1113 3381 1167 conversatio
3417 1113 3868 1173 demonstretur.

2241 1202 2321 1258 De
2346 1218 2453 1273 qua
2492 1210 2718 1258 sanctus
2748 1201 2923 1259 Lucas
2951 1204 3029 1259 sic
3069 1203 3275 1259 refert:
3306 1202 3376 1259 Et
3400 1215 3512 1260 erat
3536 1209 3690 1262 Anna
3721 1228 3871 1281 pro-

2241 1292 2471 1364 phetissa
2496 1294 2613 1363 ﬁlia
2638 1292 2879 1347 Phanuel
2906 1294 2969 1349 de
3009 1294 3147 1349 tribu
3174 1298 3336 1361 Aser;
3368 1306 3418 1351 et
3438 1300 3549 1353 htec
3576 1304 3869 1371 processe-

2240 1394 2329 1440 rat
2350 1384 2609 1439 iit-diebus
2638 1386 2839 1454 multis,
2867 1395 2918 1440 et
2942 1388 3144 1441 vixerat
3165 1404 3280 1442 cum
3300 1391 3410 1444 viro
3432 1408 3525 1445 suo
3553 1395 3707 1447 annis
3732 1412 3870 1464 sep-

2244 1479 2721 1551 temavirginitate
2761 1495 2877 1533 sua.
2908 1477 2979 1532 Et
3004 1478 3115 1534 hinc
3156 1480 3311 1534 vidua
3358 1498 3517 1553 usque
3560 1485 3631 1537 ad
3680 1503 3866 1542 annos

2243 1570 2548 1641 octuaginta
2575 1579 2817 1641 quatuor,
2850 1585 2964 1641 qua:
2996 1586 3102 1625 non
3132 1570 3427 1625 discedebat
3450 1574 3513 1627 de
3533 1576 3743 1647 templo,
3760 1579 3865 1648 je-

2235 1659 2405 1730 juuiis
2430 1669 2482 1713 et
2508 1657 2956 1714 obsecrationibus
2977 1661 3210 1715 serviens
3240 1671 3389 1716 nocte
3419 1672 3470 1716 et
3499 1663 3585 1717 die
3615 1665 3767 1735 (Luc.
3793 1684 3860 1736 tt,

2243 1749 2361 1821 ⁸57).
2387 1749 2510 1806 Istae
2537 1750 2658 1805 dua:
2685 1749 2877 1817 viduas,
2910 1749 3038 1806 licet
3077 1758 3325 1822 tempore
3372 1751 3571 1809 fuerint
3606 1755 3859 1826 diverso,

2245 1843 2407 1898 unius
2434 1851 2617 1897 tamen
2646 1841 2775 1897 fidei
2802 1842 3111 1897 servierunt
3165 1842 3337 1897 amba:
3376 1845 3669 1916 mysterio;
3722 1849 3862 1916 quia

540 1959 821 2016 viduarum
846 1959 1042 2029 quibus
1061 1955 1342 2012 aediliceris
1364 1955 1632 2027 exempla.
1661 1954 1718 2009 ln
1742 1954 1927 2009 Veteri
1952 1953 2145 2008 Testa-

2253 1931 2549 1999 Christum,
2595 1946 2759 2001 quem
2786 1933 2941 1986 Anna
2982 1932 3237 2001 cognovit
3266 1933 3320 1987 in
3348 1948 3512 1988 carne
3533 1934 3741 2003 natum,
3771 1939 3863 2009 ip-

541 2062 749 2121 mento,
781 2051 1002 2117 Iudith;
1036 2052 1191 2105 Anna
1219 2048 1594 2106 consideretur
1616 2047 1670 2103 in
1702 2045 1884 2101 Novo:
1917 2060 2147 2115 quarum

541 2146 621 2214 si,
652 2145 884 2201 Domino
931 2143 1254 2212 adjuvante,
1306 2139 1569 2195 imitatrix
1624 2136 1811 2204 fueris,
1842 2145 1897 2192 et
1922 2136 2148 2192 delicias

544 2235 742 2301 carnis,
775 2243 831 2291 et
854 2233 1169 2305 jactantiam
1193 2232 1506 2287 saecularem
1533 2238 1562 2268 ι
1582 2244 1712 2285 vera
1740 2228 1919 2285 cordis
1938 2229 2151 2285 humili-

544 2337 657 2385 tate
678 2328 935 2396 calcabis,
966 2335 1027 2382 ut
1049 2326 1189 2381 illius
1211 2327 1265 2380 in
1296 2332 1349 2380 te
1377 2324 1562 2395 sponsi
1591 2339 1809 2395 semper
1834 2326 1983 2380 vivat
2012 2322 2146 2379 all'e-

528 2428 685 2499 _ctus,
707 2418 801 2489 qui
829 2432 1046 2488 semper
1065 2425 1149 2472 est
1175 2416 1357 2471 vivus:
1390 2415 1552 2479 sicut,
1578 2415 1771 2470 eodem
1799 2423 2145 2484 resurgente,

546 2512 699 2568 vocis
726 2510 982 2579 angelica:
1011 2510 1359 2564 attestatione
1396 2508 1657 2572 ﬁrmatur,
1681 2522 1803 2562 cum
1834 2507 2151 2563 mulieribus

547 2603 781 2659 dicitur:
826 2597 966 2666 Quid
997 2600 1232 2668 emeritis
1275 2600 1524 2654 viventem
1560 2614 1676 2653 cum
1720 2599 1937 2653 mortuis
1984 2596 2146 2669 (Luc.

550 2708 700 2761 xxrv,
731 2688 820 2762 5)?
850 2690 927 2745 De
954 2704 1064 2760 quo
1092 2690 1258 2744 etiam
1294 2688 1594 2759 apostolica
1641 2689 1718 2743 sic
1747 2688 2041 2743 auctoritas
2070 2693 2151 2745 lo-

550 2785 759 2854 quitur:
798 2782 954 2838 Vivus
975 2791 1050 2837 est
1080 2782 1217 2837 enim
1245 2798 1412 2837 sermo
1435 2780 1553 2846 Dei,
1579 2790 1629 2835 et
1652 2782 1837 2852 efficax.
1859 2780 2048 2853 (Hebr.
2075 2798 2149 2848 tv,

552 2873 668 2945 12).
694 2872 859 2929 Vivus
887 2880 973 2928 est
1015 2888 1145 2943 ergo
1177 2872 1266 2926 ille
1317 2871 1407 2942 qui
1447 2879 1530 2926 est
1557 2870 1789 2927 Verbum
1823 2870 1997 2927 Patris
2029 2889 2043 2937 ;
2096 2880 2154 2927 et

554 2963 676 3019 ideo
704 2964 819 3034 ipse
847 2975 930 3019 est
958 2960 1193 3018 ﬁdelium
1216 2960 1516 3017 vita.llunc
1544 2971 1743 3016 sancta:
1771 2962 1944 3017 vidua:
1968 2961 2152 3019 cordis

553 3058 884 3114 contritione
912 3065 967 3112 et
988 3056 1235 3127 corporis
1260 3055 1612 3123 castigatione
1641 3054 1991 3124 quaesierunt,
2025 3055 2153 3110 huic

555 3149 738 3207 cordis
756 3158 812 3205 et
841 3149 1089 3221 corporis
1118 3150 1278 3219 plena
1306 3147 1641 3203 continentia
1664 3146 2010 3202 devotissime
2037 3162 2153 3202 ser—

554 3243 789 3298 vieruut.

2252 2044 2374 2084 sum
2393 2026 2580 2083 Judith
2608 2035 2835 2083 noverat
2878 2027 3229 2083 nasciturum.
3261 2026 3431 2094 Quam
3462 2044 3591 2085 vero
3621 2032 3861 2088 multum

2254 2120 2397 2176 Deus
2442 2120 2498 2175 in
2545 2128 2776 2191 utraque
2820 2119 2980 2175 vidua
3032 2119 3419 2183 continentiam
3461 2122 3562 2178 sibi
3590 2124 3857 2193 placitam

2252 2214 2676 2271 demonstravit!
2708 2213 2844 2269 Nam
2874 2222 2930 2269 et
2956 2212 3146 2269 Iudith
3175 2215 3530 2286 spiritalibus,
3563 2220 3732 2274 armis
3760 2235 3861 2276 ac-

2253 2309 2461 2375 cincta,
2507 2316 2671 2380 caput
2719 2308 2905 2364 lascivi
2936 2307 3206 2378 praedonis
3252 2308 3506 2371 abscidit;
3539 2310 3695 2367 Anna
3724 2328 3861 2368 vero

2255 2403 2434 2474 ipsum
2476 2412 2642 2473 caput
2675 2401 2932 2459 Ecclesia:
2969 2402 3176 2475 Spiritu
3201 2412 3391 2461 sancto
3410 2406 3618 2476 repleta
3647 2422 3857 2477 εοειο-

2253 2495 2352 2550 vit.
2384 2494 2552 2550 Datus
2572 2502 2657 2551 est
2682 2492 2865 2550 Iudith
2894 2494 3205 2552 Holofernis
3246 2496 3537 2564 interitus;
3568 2497 3740 2553 Anna:
3764 2516 3857 2554 re-

2256 2589 2464 2644 velatus
2491 2596 2577 2644 est
2603 2586 2901 2645 Salvatoris
2927 2587 3211 2643 adventus.
3232 2586 3316 2642 llli
3347 2587 3490 2643 Deus
3519 2589 3724 2645 dedita
3750 2606 3857 2662 po-

2255 2684 2385 2757 pulo
2432 2682 2699 2755 repellere
2747 2682 3155 2754 pestilentiam;
3210 2681 3336 2736 huic
3390 2682 3576 2737 tribuit
3633 2684 3851 2739 humani

2255 2778 2470 2849 generis
2498 2791 2795 2847 agnoscere
2820 2776 3163 2832 medicinam.
3188 2773 3257 2830 Et
3284 2776 3412 2845 quia
3441 2778 3852 2834 sanctimoniam

2255 2871 2573 2941 virginalem
2595 2868 2831 2925 vidualis
2857 2869 3193 2926 continentia
3222 2869 3396 2940 gradu
3436 2869 3694 2936 inferiore
3723 2874 3856 2929 sub-

2255 2964 2520 3036 sequitur,
2554 2964 2757 3019 idcirco
2786 2974 3069 3034 postquam
3099 2962 3168 3018 de
3194 2962 3405 3033 virgine
3435 2970 3596 3020 natus
3636 2974 3721 3022 est
3766 2966 3856 3021 Fi-

2256 3058 2360 3113 lius
2376 3056 2493 3123 Dei,
2507 3056 2738 3111 vidualis
2753 3056 2949 3125 lingua:
2975 3056 3225 3125 dignatus
3246 3065 3330 3112 est
3351 3055 3532 3113 ofﬁcio
3551 3060 3857 3128 prtedicari.

2256 3149 2367 3205 Nec
2417 3158 2601 3204 tamen
2642 3148 2710 3203 de
2751 3148 2845 3203 illo
2886 3147 3068 3203 locuta
3099 3157 3183 3203 est
3210 3147 3371 3203 vidua
3414 3148 3619 3205 deliciis
3647 3150 3857 3219 dedita,

2257 3254 2379 3310 qua:
2428 3240 2597 3294 vivens
2644 3250 2850 3294 mortua
2896 3249 2994 3305 est,
3036 3238 3132 3294 sed
3178 3254 3297 3308 qua:
3342 3256 3445 3296 non
3473 3241 3764 3297 discedebat
3795 3246 3862 3300 de

625 3331 716 3387 29.
747 3332 824 3387 De
845 3330 1028 3387 Iudith
1056 3301 1199 3387 enim
1231 3330 1491 3401 scriptum
1520 3337 1635 3385 est:
1666 3328 1735 3384 Et
1761 3340 1872 3385 erat
1890 3328 2075 3385 Iudith
2098 3333 2152 3386 in
2177 3339 2224 3403 ο
2260 3301 2471 3405 templo,
2513 3333 2733 3404 jejuniis
2781 3342 2830 3387 et
2877 3301 3321 3388 obsecrationibus
3362 3335 3589 3388 serviens
3621 3346 3773 3390 nocte
3795 3354 3858 3390 ac

555 3424 707 3480 domo
736 3440 830 3477 sua
858 3423 1013 3477 vidua
1044 3423 1195 3477 annis
1236 3422 1396 3477 tribus
1436 3431 1485 3476 et
1522 3420 1782 3476 mensibus
1820 3431 2071 3494 quatuor;
2103 3432 2154 3477 et

555 3516 677 3590 fecit
716 3514 814 3570 sibi
856 3513 1243 3569 tabernaculum
1271 3531 1425 3585 super
1464 3514 1715 3567 solarium
1740 3513 1922 3567 domus
1950 3511 2080 3580 suis",
2103 3522 2156 3568 et

553 3608 799 3678 imposuit
817 3622 971 3675 super
991 3604 1188 3659 lumbos
1211 3622 1333 3659 suos
1362 3605 1604 3667 cilicium,
1621 3610 1669 3656 et
1690 3613 1838 3657 erant
1863 3619 2018 3675 super
2037 3621 2155 3657 eam

553 3700 853 3754 vestimenta
878 3696 1139 3751 viduitatis
1168 3712 1297 3757 suos,
1321 3704 1370 3749 et
1394 3694 1670 3766 jejunabat
1695 3693 1882 3748 Iudith
1913 3695 2154 3748 omnibus

555 3792 735 3847 diebus
762 3790 1028 3846 viduitatis
1057 3805 1165 3844 sua:
1224 3789 1427 3861 (Iudith
1455 3804 1566 3852 vm,
1594 3787 1650 3856 4,
1683 3785 1760 3858 5).
1788 3787 1891 3852 Ac,
1937 3804 2005 3843 ne
2032 3788 2155 3857 quis

554 3883 704 3939 illam
731 3890 973 3939 sanctam
1006 3881 1220 3936 viduam
1244 3897 1351 3935 non
1381 3879 1672 3935 devotione
1702 3879 1899 3946 cordis,
1933 3879 2028 3933 sed
2060 3895 2151 3934 ue-

553 3977 806 4032 eessitate
825 3973 1158 4046 paupertatis
1177 3973 1447 4028 existimet
1462 3970 1763 4041 jejunasse,
1784 3971 1909 4025 audi
1932 3970 2062 4041 quid
2086 3969 2154 4026 de

553 4083 618 4123 ea
649 4069 701 4122 in
723 4065 1178 4138 subsequentibus
1196 4064 1421 4120 dicitur:
1457 4062 1525 4117 Et
1551 4074 1663 4118 erat
1682 4061 1869 4118 Iudith
1890 4061 2025 4117 bona
2056 4063 2148 4133 (al.

554 4159 793 4232 pulchra)
825 4168 1064 4229 aspectu,
1122 4167 1172 4212 et
1202 4160 1431 4228 formosa
1475 4158 1610 4229 facie
1636 4156 1805 4223 valde,
1838 4166 1889 4210 et
1925 4155 2155 4227 prudens

553 4252 727 4317 corde,
754 4259 803 4304 et
836 4250 972 4304 bona
1003 4249 1263 4303 intellectu
1286 4247 1337 4313 δ,
1367 4257 1417 4302 et
1446 4256 1559 4301 erat
1581 4247 1801 4301 honesta
1828 4246 1994 4302 valde.
2017 4243 2154 4309 Quia

553 4343 832 4414 reliquerat
873 4343 921 4396 ei
968 4339 1243 4395 Manasses
1286 4342 1364 4394 vi:
1403 4340 1546 4410 ejus,
1578 4339 1720 4410 ﬁlius
1767 4339 2015 4406 Achitob,
2055 4339 2155 4411 ﬁlii

555 4433 793 4501 Melchis,
818 4435 915 4505 ﬁlii
937 4433 1151 4497 Heliab,
1183 4431 1281 4502 ﬁlii
1317 4429 1602 4496 Nathahel,
1625 4430 1723 4501 ﬁlii
1753 4429 2028 4497 Surisoda,
2054 4430 2153 4499 ﬁlii

556 4526 792 4594 Simeon,
814 4526 915 4597 ﬁlii
943 4524 1134 4593 Israel,
1166 4539 1347 4577 aurum
1370 4533 1419 4577 et
1449 4531 1740 4594 argentum,
1772 4513 1948 4578 servos
1976 4533 2025 4577 et
2052 4540 2152 4578 an-

554 4621 725 4685 cillas,
759 4636 808 4675 et
861 4635 1049 4693 pecora
1092 4625 1143 4671 et
1172 4617 1369 4688 prtvduz
1402 4614 1592 4689 (Ibid.,
1623 4615 1676 4682 7,
1708 4615 1788 4688 8).
1824 4615 1963 4672 Ecce
1992 4614 2152 4671 vidua

2257 3424 2365 3479 die.

2329 3515 2460 3572 CAP.
2492 3532 2602 3571 xvt.
2646 3515 2849 3571 Laudes
2895 3514 3105 3583 Probar,
3147 3532 3262 3582 qua:
3305 3515 3418 3571 erat
3463 3533 3614 3572 soror
3667 3517 3853 3574 Golian

2259 3608 2429 3664 Galla:
2466 3608 2733 3664 nobilitas.
2776 3607 3208 3663 Distribuendum
3232 3609 3542 3680 pauperibus
3567 3610 3707 3681 quod
3731 3610 3853 3665 sub-

2258 3704 2486 3758 trahitur
2514 3700 2876 3774 apparatibus.
2900 3732 2971 3742 —
2994 3702 3085 3756 31.
3126 3700 3204 3756 De
3229 3700 3424 3771 quibus
3445 3700 3668 3771 jejuniis
3692 3711 3749 3758 et
3767 3702 3854 3757 ob-

2256 3793 2660 3850 secrationibus
2690 3809 2800 3849 non
2832 3801 2911 3849 est
2938 3809 3083 3849 nunc
3131 3793 3294 3847 latius
3346 3792 3646 3849 disserendi
3684 3794 3852 3850 locus.

2257 3886 2604 3957 Disponimus
2627 3886 2771 3941 enim
2804 3886 2874 3960 (si
2896 3884 3156 3941 Dominus
3198 3884 3451 3951 voluerit,
3485 3894 3541 3940 et
3570 3886 3615 3941 si
3651 3886 3852 3942 vixeri-

2259 3980 2402 4048 mus)
2447 3979 2517 4035 ad
2560 3993 2806 4035 sororem
2857 3986 3004 4032 tuam
3052 3985 3296 4032 sanctam
3346 3975 3545 4038 Christi
3594 3977 3854 4048 virginem

2258 4068 2512 4136 Probum,
2544 4085 2707 4140 quam
2737 4070 2998 4125 Dominus
3028 4070 3135 4125 hoc
3155 4078 3401 4138 tempore
3439 4070 3770 4141 praecipuum
3800 4072 3852 4126 in

2258 4164 2393 4219 urbe
2430 4163 2602 4218 Roma
2647 4162 2776 4218 dare
2805 4162 3057 4231 dignatus
3085 4170 3169 4218 est
3200 4161 3519 4232 virginitatis
3547 4172 3605 4218 et
3630 4162 3853 4219 humili-

2258 4257 2386 4312 tatis
2415 4254 2716 4326 exemplar,
2745 4255 2812 4310 de
2832 4254 3044 4324 jejunio
3082 4262 3139 4310 et
3185 4255 3435 4310 oratione
3478 4253 3682 4335 aliquid
3720 4256 3855 4313 scri-

2190 4394 2195 4399 .
2257 4347 2409 4412 bere,
2436 4348 2578 4403 sicut
2608 4346 2663 4401 in
2692 4345 2925 4416 epistola
2953 4360 3117 4415 quam
3166 4345 3234 4400 ad
3281 4359 3401 4401 eam
3446 4361 3622 4416 nuper
3675 4346 3848 4402 dedie

2258 4452 2379 4493 mea
2402 4436 2722 4508 pollicitatio
2752 4438 3085 4505 continetur,
3100 4436 3254 4506 cujus
3267 4437 3360 4491 tibi
3380 4438 3649 4507 przecipue
3667 4448 3854 4495 sancta

2258 4528 2600 4583 c'onVersatio
2626 4537 2709 4583 est
2754 4528 2806 4582 in
2852 4528 3103 4584 omnibus
3147 4528 3442 4583 imitanda:
3476 4543 3596 4599 quae
3632 4545 3757 4585 cum
3785 4532 3854 4586 sit

2259 4618 2373 4674 avis
2402 4618 2684 4689 atavisque
2716 4628 2840 4673 nata
2872 4618 3207 4686 consulibus,
3252 4627 3307 4673 et
3353 4617 3561 4675 deliciis
3586 4620 3853 4689 regalibus

555 4714 813 4786 praeclara
840 4712 1127 4776 natalibus,
1159 4707 1500 4765 facultatibus
1528 4707 1696 4788 dives,
1728 4716 1889 4763 :etate
1914 4706 2151 4777 juvenis,
2180 4730 2234 4791 ι)
2259 4711 2514 4776 enutrita,
2546 4717 2697 4765 tanta
2727 4711 2803 4765 illi
2827 4718 2911 4767 est
2936 4711 3209 4766 humilitas
3234 4710 3379 4766 dono
3405 4713 3591 4781 gratia:
3622 4712 3855 4770 caelestis

555 4807 737 4878 specie
759 4803 1041 4870 mirabilis,
1064 4802 1277 4857 divitias
1303 4802 1646 4873 contempsit,
1672 4800 1893 4856 delicias
1923 4799 2146 4869 respuit,

557 4898 737 4955 carnis
761 4897 1026 4961 incentiva
1053 4894 1298 4959 calcavit,
1332 4903 1387 4948 et
1427 4893 1610 4949 induta
1660 4893 1860 4948 virtute
1907 4907 1975 4947 ex
2016 4891 2149 4956 alto,

557 5005 668 5048 non
713 4989 958 5061 qumsivit
982 4986 1219 5044 secundo
1246 4986 1494 5042 famulari
1525 4986 1817 5042 connubio.
1852 4983 2149 5054 Propterea

557 5081 873 5139 testimonio
908 5088 1017 5135 tam
1059 5078 1304 5152 pnoclari
1345 5079 1527 5150 operis
1565 5078 1843 5149 apparuit,
1883 5085 2150 5147 quantum

560 5175 672 5230 Deo
716 5172 910 5230 dilecta
952 5173 1023 5227 sit
1056 5171 1390 5229 continentia
1438 5169 1687 5225 vidualis.
1734 5168 1977 5238 Denique
2022 5185 2148 5224 cum

559 5264 877 5322 Holofernes
892 5266 1174 5321 innumero
1185 5262 1489 5319 Bethuliam
1506 5260 1805 5318 obsedisset
1819 5260 2084 5329 exercitu,
2096 5270 2153 5316 et

559 5360 735 5417 omnis
779 5360 1139 5416 lsraelitarum
1189 5359 1361 5415 virtus
1390 5357 1701 5430 perturbata
1740 5357 2148 5428 languesceret,

559 5451 833 5521 egreditur
857 5452 1079 5508 castitas
1107 5459 1478 5522 oppugnatura
1504 5448 1805 5515 lasciviam,
1834 5455 1889 5504 et
1917 5447 1984 5502 ad
2013 5449 2152 5502 inte-

559 5544 719 5600 ritum
749 5544 1012 5616 superbiae
1049 5544 1325 5599 humilitas
1357 5543 1515 5614 159
1541 5547 1726 5596 sancta
1755 5539 2022 5609 procedit.
2055 5538 2151 5596 ille

561 5637 831 5711 pugnabat
856 5637 1039 5702 armis,
1068 5637 1169 5693 ista
1187 5634 1434 5706 jejuniis;
1466 5633 1559 5690 ille
1583 5632 1866 5700 ebrietate,
1898 5631 1998 5689 ista
2021 5647 2149 5689 ora-

630 5789 654 5816 ιι
686 5775 788 5835 Ms.
814 5776 1000 5848 Corb.,
1017 5777 1331 5848 iactantiam
1350 5775 1698 5848 saecularium.

630 5848 657 5890 δ
683 5849 762 5906 Ita
793 5865 891 5904 ms.
923 5839 1087 5903 Corb.
1110 5856 1164 5902 et
1193 5847 1340 5911 Ant.,
1363 5848 1418 5902 in
1448 5845 1727 5902 intellectu.
1749 5840 2018 5900 Colon.et
2040 5839 2146 5898 Ba-

563 5921 672 5989 3il.,
706 5920 837 5977 bona
867 5919 1147 5975 intellectae.
2106 5928 2111 5935 ι

633 6004 655 6033 ε
686 5991 787 6049 Ms.
815 5990 977 6059 Vicl.,
1005 5990 1165 6044 edidi.

2263 4802 2460 4871 infusa,
2483 4813 2542 4858 ut
2571 4818 2758 4859 amore
2777 4803 3147 4874 subjectionis,
3172 4812 3227 4859 et
3256 4819 3359 4859 usu
3375 4803 3666 4871 serviendi,
3688 4804 3856 4861 domi-

2262 4910 2387 4949 nam
2414 4911 2472 4951 se
2516 4895 2804 4966 aliquando
2850 4896 3012 4952 fuisse
3052 4895 3164 4965 jam
3210 4896 3439 4965 nesciat,
3492 4912 3616 4952 cum
3664 4913 3857 4955 omnes

2263 4983 2517 5043 dominos
2568 4986 2595 5024 ά
2634 4989 2856 5055 habere,
2897 4988 3257 5043 delectatione
3305 4996 3504 5044 sancta:
3555 4990 3853 5057 servitutis,

2262 5076 2495 5134 allectat.
2528 5080 2641 5137 Scit
2668 5083 2815 5137 enim
2841 5097 2872 5136 a
2902 5080 3151 5153 Domino,
3182 5081 3266 5136 cui
3320 5082 3678 5152 virginitatem
3707 5086 3857 5141 vovit

2261 5181 2317 5229 et
2347 5172 2532 5229 cordis
2555 5183 2611 5230 et
2639 5175 2905 5247 corporis,
2938 5187 3037 5243 pro
3071 5172 3396 5229 liberatione
3424 5184 3611 5231 nostra
3637 5175 3855 5231 humili-

2259 5272 2430 5320 tatem
2458 5264 2645 5322 formae
2674 5266 2885 5323 servilis
2929 5273 3207 5336 acceptam
3237 5285 3249 5320 :
3284 5277 3339 5322 et
3367 5267 3438 5322 ob
3467 5267 3572 5323 hoc
3613 5267 3854 5325 delecta-

2258 5363 2349 5412 tur
2371 5373 2573 5429 sponso
2593 5359 2645 5413 in
2662 5357 2822 5427 hujus
2850 5357 3128 5413 servitutis
3158 5358 3461 5414 humilitate
3494 5366 3518 5394 ε
3545 5358 3859 5430 placere,ut

2258 5451 2537 5507 consortio
2559 5452 2797 5523 quinque
2820 5452 3123 5523 sapientum
3145 5451 3409 5523 virginum
3439 5451 3717 5522 deputata,
3733 5469 3855 5509 cum
3882 5444 3893 5535 ξ

2260 5556 2464 5612 sponso
2509 5544 2678 5615 possit
2725 5544 2778 5599 in
2816 5550 3019 5601 {eterna
3062 5543 3303 5600 claritate
3345 5556 3594 5611 regnare.
3626 5543 3859 5601 Delicias

2262 5651 2392 5694 vero
2418 5641 2663 5710 corporis
2688 5649 2891 5711 quanta
2919 5639 3120 5694 virtute
3167 5637 3581 5708 contempserit,
3621 5646 3678 5692 et
3718 5654 3858 5710 quo-

2332 5772 2359 5810 ἀ
2390 5774 2517 5832 Mss.
2549 5772 2713 5832 Corb.
2743 5782 2799 5830 et
2827 5774 2989 5840 Vict.,
3016 5771 3277 5833 dominas.

2264 5846 2486 5973 beans.
2518 5845 2705 5914 Corb.,
2747 5847 2901 5919 hujus
2931 5844 3189 5901 sentitutis
3226 5842 3536 5900 humilitate.
3587 5840 3729 5900 Editi
3763 5842 3859 5901 ha-

2419 5934 2496 5975 ut.
