4120 6536
253 499 356 554 521

1690 495 2014 556 EPISTOLA
2039 498 2100 558 ll.

3425 506 3534 561 328

253 609 422 665 modo
447 624 599 662 suam
615 609 807 663 famem
833 606 1088 662 satiandis
1116 605 1278 661 faciat
1299 603 1575 661 deservire
1597 609 1846 678 pauperi-
1874 616 1922 674 Α
1949 628 2198 668 sermone
2239 613 2459 668 dicens:
2494 610 2671 668 Nolite
2705 613 3054 668 thesaurizare
3094 614 3233 670 vobis
3265 615 3532 671 thesauros

251 700 377 766 bus,
404 715 506 754 nec
527 698 597 753 ob
617 699 760 753 aliud
787 699 899 768 ipsa
927 697 1121 751 vilibus
1149 706 1359 765 tegatur
1380 697 1727 762 indumentis,
1745 699 1847 756 nisi

253 803 391 849 utet
419 793 736 848 humilitatis
783 790 1116 862 propositum
1163 791 1403 862 impleat,
1457 800 1512 846 et
1558 796 1848 852 vestiendis

251 885 582 955 pauperibus
604 883 787 952 jugem
817 899 999 939 curam
1044 889 1243 938 sancta:
1292 883 1508 952 pietatis
1547 884 1844 956 impendat,

257 978 419 1050 160
466 977 675 1046 plenius
713 976 827 1046 ipsa
857 974 1084 1029 videndo
1113 975 1414 1042 cognoscis,
1457 991 1618 1044 quam
1648 986 1708 1032 ut
1735 977 1787 1032 id
1814 993 1846 1033 a

251 1088 344 1127 me
379 1070 511 1125 velis
537 1069 740 1135 audire,
771 1067 916 1138 quod
945 1068 1122 1122 minus
1146 1083 1367 1138 possum
1388 1069 1726 1126 sermonibus
1743 1085 1847 1126 ex-

252 1163 479 1234 plicare.

327 1255 415 1309 52.
457 1254 604 1309 Hanc
631 1267 759 1322 ergo
786 1254 882 1307 tibi
908 1262 1163 1322 tanquam
1197 1254 1470 1324 speculum
1500 1269 1666 1324 pone,
1695 1263 1752 1309 et
1778 1269 1846 1311 ex

252 1350 423 1420 ipsius
449 1348 902 1414 consideratione,
933 1348 1063 1418 quid
1109 1348 1204 1402 tibi
1244 1347 1357 1416 jam
1408 1349 1552 1414 insit,
1599 1349 1686 1404 vel
1715 1348 1849 1419 quid

251 1441 434 1496 adhuc
482 1440 652 1502 desit,
688 1449 999 1495 sanctorum
1048 1440 1351 1494 studiorum
1389 1456 1722 1512 operumque
1750 1457 1849 1497 co-

250 1548 482 1602 gnosce;
509 1540 563 1586 et
585 1533 708 1586 licet
730 1532 820 1585 illa
843 1531 1060 1599 egregio
1089 1533 1363 1601 praecellat
1380 1533 1700 1600 virginitatis
1724 1550 1847 1588 mu-

252 1640 406 1687 nere,
435 1625 682 1679 comitem
724 1633 777 1678 te
807 1623 967 1678 debet
995 1623 1046 1678 in
1078 1625 1288 1679 eteteris
1315 1625 1516 1679 habere
1537 1625 1848 1682 virtutibus.

252 1715 412 1770 Disce
443 1716 601 1783 igitur
631 1723 687 1768 tu
713 1730 928 1784 quoque
957 1715 1088 1768 nihil
1114 1715 1207 1768 tibi
1229 1715 1297 1768 de
1325 1714 1607 1769 nobilitate
1635 1715 1852 1782 generis

251 1809 550 1878 assignare.
585 1806 652 1861 Et
673 1807 797 1863 licet
826 1825 947 1872 avo,
982 1817 1151 1877 patre,
1181 1825 1394 1872 socero,
1427 1809 1622 1864 marito
1650 1824 1851 1864 consu-

251 1904 396 1957 libus
423 1901 625 1971 pridem
679 1901 843 1955 fueris
873 1903 1014 1956 inter
1039 1901 1319 1956 seeculares
1350 1901 1587 1966 illustris,
1621 1917 1766 1956 nunc
1792 1901 1850 1956 in

250 2009 322 2049 eo
346 2001 397 2046 te
419 1993 676 2046 illustrem
698 1990 810 2045 fieri
828 2006 1113 2060 cognosce,
1142 1992 1194 2046 in
1217 2007 1324 2061 quo
1347 1992 1442 2046 tibi
1464 1992 1634 2046 virtus
1659 1992 1840 2046 bumi-
1877 1996 1924 2056 Β

251 2084 420 2138 litatis
442 2085 720 2140 accrescit.
739 2083 894 2140 Disce
919 2100 949 2138 a
977 2083 1206 2139 Domino
1236 2085 1361 2154 quia
1383 2085 1529 2139 mitis
1550 2093 1605 2140 et
1625 2085 1846 2140 humilis

254 2176 439 2238 corde,
457 2184 511 2229 et
533 2176 772 2230 invenies
794 2176 1032 2246 requiem
1055 2177 1248 2231 anima:
1269 2186 1373 2232 tua:
1397 2177 1614 2249 (Matth.
1635 2195 1708 2241 χι,
1725 2177 1840 2249 29).

252 2267 601 2322 Nobilitatem
635 2268 834 2335 carnis,
862 2282 982 2336 qua:
1022 2269 1286 2338 superbia:
1309 2268 1480 2324 fomes
1509 2277 1614 2334 est,
1645 2271 1839 2340 abjice,

251 2364 309 2412 et
337 2357 667 2412 nobilitatem
691 2358 909 2427 spiritus
931 2357 1166 2427 perfecta
1192 2358 1370 2414 cordis
1394 2359 1697 2415 humilitate
1725 2376 1844 2415 sec-

251 2457 393 2504 tare.
423 2449 768 2504 Orationibus
814 2465 1034 2518 operam
1063 2450 1157 2517 da,
1179 2449 1399 2519 jejuniis
1428 2451 1588 2517 insta,
1613 2461 1668 2506 et
1687 2450 1844 2520 quid-

251 2540 384 2610 quid
415 2541 518 2595 tuis
546 2541 890 2609 apparatibus
915 2541 1207 2604 subtrahis,
1239 2542 1595 2597 esurientibus
1633 2543 1842 2608 tribue;

251 2640 311 2687 et
335 2631 588 2702 quidquid
612 2631 704 2685 tibi
726 2631 950 2699 diducis,
966 2632 1151 2700 egenis
1171 2632 1414 2701 expende
1439 2649 1454 2697 ;
1483 2632 1845 2688 voluntarium

251 2723 515 2791 jejunium
561 2731 710 2777 tuum
754 2723 987 2778 esuriem
1016 2723 1259 2777 sublevet
1297 2722 1676 2791 jejunantium,
1702 2733 1760 2778 ut
1789 2725 1846 2779 in

155 2873 162 2878 _
254 2812 432 2868 fructu
460 2813 841 2868 misericordia:
871 2821 1087 2868 tuorum
1118 2813 1288 2884 possit
1311 2814 1639 2882 jejuniorum
1660 2815 1848 2870 fecun-

253 2903 395 2959 ditas
423 2919 698 2976 apparere.
733 2902 911 2958 Prosit
952 2903 1116 2958 etiam
1164 2903 1260 2957 tibi
1307 2903 1480 2957 vilitas
1510 2903 1760 2969 vestium,
1790 2912 1850 2958 et

256 3013 552 3068 pauperum
578 3014 674 3067 per
697 3006 749 3052 te
778 2997 989 3052 nuditas
1016 2997 1278 3052 vestiatur
1305 3015 1318 3050 :
1359 3005 1487 3053 tunc
1515 2998 1656 3053 enim
1701 2997 1850 3052 utili-

256 3096 343 3142 ter
372 3088 538 3153 fugies
567 3089 786 3143 noxium
816 3089 1068 3158 pretiosae
1102 3089 1266 3145 vestis
1295 3099 1562 3153 ornatum,
1595 3089 1641 3144 si
1672 3088 1850 3144 nudos

257 3180 483 3244 vestias;
516 3187 574 3235 ut
600 3195 726 3235 vere
755 3187 1063 3235 consortem
1094 3187 1147 3235 te
1172 3196 1472 3250 pauperum
1493 3180 1712 3245 Christi,
1739 3195 1848 3235 non

259 3271 519 3327 inanitate
547 3273 856 3336 verborum,
891 3287 989 3326 nec
1018 3271 1378 3326 ostentatione
1400 3269 1595 3336 fallaci,
1623 3270 1717 3326 sed
1741 3280 1850 3326 tes-

259 3362 484 3420 timonio
514 3373 710 3419 sancta:
739 3364 1068 3434 operationis
1097 3364 1346 3419 edoceas.

329 3453 456 3508 Car.
479 3472 602 3509 xvu.
623 3454 894 3527 Fugienda
904 3456 1163 3526 jactantia
1186 3457 1240 3508 in
1256 3453 1488 3525 operibus
1502 3455 1744 3508 bonis.—
1757 3453 1846 3508 55.

261 3547 370 3602 Nec
399 3556 450 3602 te
477 3548 581 3602 illis
609 3564 744 3616 quos
772 3549 947 3618 pascis
974 3557 1067 3602 aut
1094 3549 1259 3604 vestis
1283 3549 1616 3618 superiorem
1640 3547 1850 3614 credas,

261 3647 376 3705 aut,
407 3654 506 3707 pro
532 3653 598 3692 eo
626 3637 772 3706 quod
814 3646 873 3692 tu
904 3639 1094 3692 tribuis
1121 3647 1177 3693 et
1220 3639 1292 3692 illi
1321 3641 1612 3709 accipiunt,
1658 3639 1852 3693 merita

263 3738 354 3782 tua
383 3729 580 3782 Christi
608 3731 932 3798 pauperibus
975 3739 1293 3799 anteponas,
1340 3740 1595 3800 tanquam
1640 3740 1695 3785 tu
1731 3732 1853 3786 ideo

265 3819 446 3890 potior
467 3819 557 3878 sis.
591 3818 735 3887 quod
786 3819 937 3888 plura
985 3822 1392 3889 contempseris.
1443 3821 1665 3874 Frustra
1708 3822 1852 3875 enim

266 3911 568 3967 contemnis
598 3911 882 3966 facultates
912 3919 1051 3977 tuas,
1081 3912 1124 3966 si
1155 3913 1344 3965 noxias
1368 3912 1642 3980 iactantia:
1667 3919 1854 3965 teneas

268 4003 320 4057 in
349 4003 512 4058 corde
537 4002 782 4056 divitias:
815 4019 920 4058 non
942 4003 1085 4057 enim
1117 4003 1190 4056 illi
1217 4002 1317 4057 soli
1349 4008 1578 4072 peccant
1606 4001 1718 4070 qui,
1755 4017 1853 4070 pro

267 4091 464 4148 divitiis
492 4111 626 4164 quas
655 4094 875 4160 habent,
908 4095 1142 4164 aliquam
1172 4103 1386 4163 gestant
1436 4095 1490 4148 in
1545 4093 1708 4148 corde
1731 4093 1852 4161 jac--

270 4187 520 4252 tantiam;
543 4186 649 4241 imo
666 4187 880 4255 gravius
891 4186 1204 4256 delinquunt
1225 4188 1318 4256 qui
1337 4188 1519 4242 volunt
1538 4186 1854 4256 jactantiam

269 4278 444 4334 cordis
492 4278 558 4334 de
608 4279 802 4334 divitiis
850 4280 1053 4335 habere
1105 4282 1458 4350 contemptis,
1517 4288 1608 4334 aut
1659 4281 1750 4349 qui
1795 4296 1854 4334 se

273 4376 556 4438 propterea
607 4369 790 4423 volunt
836 4371 1157 4440 pauperibus
1203 4385 1542 4442 prmponere,
1592 4386 1658 4425 eo
1708 4370 1854 4440 quod

262 4449 420 4529 plura
446 4459 728 4514 videantur
750 4462 1072 4530 pauperibus
1100 4475 1341 4530 erogare.
1364 4460 1480 4515 Non
1510 4468 1688 4514 autem
1712 4459 1854 4516 idem

270 4551 402 4605 ordo
432 4559 513 4606 est
541 4552 680 4621 apud
703 4549 994 4621 Deum,qui
1013 4569 1118 4607 non
1141 4553 1498 4622 quantitatem
1529 4560 1853 4621 contempue

272 4640 554 4704 facultatis,
585 4642 677 4696 sed
707 4642 1021 4710 qualitatem
1059 4643 1354 4698 voluntatis
1384 4643 1635 4697 attendit.
1668 4641 1854 4698 Plures

269 4731 479 4787 divitias
515 4719 837 4804 pauperibus
885 4751 982 4804 pro

272 4823 544 4890 Zachmus,
593 4843 691 4895 pro
729 4841 836 4895 quo
863 4826 1121 4880 vilissima
1150 4827 1452 4895 piscatoria:
1489 4827 1621 4880 artis
1651 4827 1852 4882 instru-

271 4904 452 4970 menta
485 4915 670 4973 Petrus
692 4919 907 4986 reliquit
933 4918 1236 4987 apostolus;
1269 4927 1322 4973 et
1351 4927 1532 4972 tamen
1560 4934 1590 4971 a
1616 4918 1852 4984 Christo,

272 5021 379 5059 non
406 5004 658 5061 Zachmus
684 5007 830 5063 dives
859 5009 1082 5078 pauperi
1107 5005 1284 5072 Petro,
1311 5007 1407 5062 sed
1442 5025 1645 5078 pauper
1667 5007 1857 5064 Petrus

271 5096 424 5151 diviti
454 5098 676 5155 Zachmo
705 5103 1065 5170 prteponitur,
1099 5110 1155 5155 ut
1196 5101 1446 5156 divitibus
1472 5101 1673 5156 Christi
1711 5101 1856 5156 nulla

270 5186 337 5239 de
363 5190 684 5257 contemptis
712 5190 915 5245 divitiis
939 5192 1194 5261 jactantia
1220 5202 1551 5247 nasceretur.

340 5276 468 5331 Car.
517 5294 665 5334 xvm.
710 5279 832 5334 Non
879 5282 1329 5336 thesaurizandum
1380 5285 1436 5336 in
1463 5293 1623 5347 terra,
1669 5286 1760 5338 sed
1806 5287 1862 5338 in

271 5369 413 5422 arto.
439 5401 509 5411 —
528 5369 614 5422 δι.
658 5370 808 5425 Absit
837 5383 1016 5428 autem
1068 5384 1127 5430 ut
1173 5375 1374 5446 aliquid
1404 5375 1500 5430 tibi
1531 5376 1860 5432 thesaurizes

274 5462 512 5521 interra,
557 5461 608 5514 in
639 5477 743 5531 qua
771 5478 877 5515 non
907 5478 964 5517 es
1013 5465 1190 5519 carnis
1222 5466 1358 5520 lilios
1399 5468 1684 5531 relictura;
1731 5482 1856 5521 cum

273 5549 436 5602 etiam
468 5550 541 5604 illi
565 5552 655 5620 qui
703 5567 770 5606 ex
797 5567 959 5606 carne
991 5553 1126 5607 lilios
1163 5554 1364 5610 habent
1409 5573 1516 5612 non
1563 5557 1678 5611 sine
1726 5570 1854 5625 pec-

274 5648 394 5694 cato
426 5642 786 5698 thesaurizare
814 5645 911 5699 sibi
941 5643 1274 5700 delectentur
1305 5647 1356 5700 in
1380 5648 1594 5702 steculo.
1620 5647 1855 5703 Cunctos

275 5732 420 5788 enim
451 5731 634 5792 ﬁdeles
669 5753 776 5792 uno
810 5735 1060 5792 Salvator
1082 5747 1267 5793 noster
1292 5738 1543 5808 dignatur
1568 5741 1862 5796 admonere

278 5914 482 6042 “notha
513 5932 612 5974 ms.
639 5913 823 5982 Corb.,
854 5913 1044 5974 Colon.
1077 5919 1132 5970 et
1159 5910 1284 5968 Ant.
1321 5911 1486 5971 Basil.
1517 5929 1670 5983 vero,
1700 5931 1853 5990 reps-

1949 704 2003 756 in
2028 714 2184 768 terra,
2216 703 2299 758 ubi
2338 721 2510 776 wrugo
2557 714 2607 758 et
2655 705 2793 758 tinea
2838 705 3170 772 exterminat,
3199 714 3247 758 et
3275 705 3358 758 ubi
3390 708 3531 776 {ures

1949 794 2201 863 effodiunt
2217 805 2267 848 et
2281 797 2544 866 furantur.
2572 795 2940 851 Thesaurizate
2957 807 3127 850 autem
3149 795 3287 851 vobis
3305 798 3358 851 in
3381 797 3530 859 calo,

1948 885 2033 940 ubi
2063 903 2222 959 neque
2250 903 2422 958 aerugo
2464 905 2625 959 neque
2663 891 2801 942 tinea
2842 890 3173 954 exterminat,
3202 898 3252 941 et
3275 889 3362 942 ubi
3393 892 3533 959 fures

1951 995 2054 1032 non
2081 979 2334 1048 e/fodiunt
2363 996 2454 1034 nec
2483 982 2725 1052 {urantur
2753 979 2966 1052 (Matth.
2998 997 3070 1046 v1,
3108 979 3194 1044 l9,
3241 978 3353 1049 20).
3399 979 3534 1032 Mul-

1951 1078 2065 1124 tum
2092 1070 2382 1126 metuenda
2406 1079 2488 1127 est
2516 1072 2606 1126 illa
2635 1072 2928 1142 increpatio
2959 1071 3192 1138 Domini,
3216 1086 3374 1140 quam
3400 1071 3534 1125 stul-

1951 1169 2039 1218 tus
2065 1161 2214 1216 dives
2241 1161 2386 1217 illico
2414 1164 2706 1218 moriturus
2739 1164 2978 1219 audivit:
3012 1163 3200 1230 Stulte,
3252 1164 3348 1216 hac
3388 1170 3535 1215 nocte

1951 1251 2180 1306 animam
2210 1262 2350 1306 tuam
2383 1263 2619 1324 repetunt
2649 1264 2674 1290 ιι
2701 1271 2734 1308 a
2757 1264 2842 1308 te:
2865 1271 2978 1326 quae
3003 1265 3172 1309 autem
3213 1255 3412 1324 parasti
3445 1270 3534 1306 cu-

1955 1343 2035 1406 ius
2061 1353 2211 1397 erunt
2236 1342 2385 1413 (Luc.
2421 1341 2513 1410 xii,
2547 1344 2678 1415 20)?
2706 1345 2904 1401 Omnes
2951 1361 3082 1416 ergo
3129 1346 3343 1401 divitias
3378 1346 3529 1416 16],

1952 1444 2072 1489 tuas
2100 1435 2168 1489 ad
2193 1432 2466 1493 Christum
2515 1431 2806 1507 praemitte;
2835 1439 2891 1494 in
2918 1438 3056 1495 caelo
3095 1438 3188 1494 tibi
3220 1437 3532 1494 thesaurum

1952 1529 2205 1593 reconde,
2236 1545 2394 1600 quem
2424 1531 2657 1600 perdere
2683 1547 2794 1588 non
2838 1531 3038 1602 possis,
3076 1538 3132 1587 et
3173 1531 3229 1586 in
3271 1540 3534 1587 :eternum

1953 1623 2136 1679 valeas
2163 1625 2460 1694 possidere.

2024 1757 2154 1812 Car.
2187 1773 2300 1812 xix.
2343 1757 2388 1811 F
2391 1758 2616 1830 ugienda
2635 1759 2751 1814 laus
2778 1758 3063 1825 hominum,
3103 1767 3160 1812 ut
3187 1756 3326 1813 Deus
3351 1747 3532 1811 laude-

1953 1859 2037 1904 tur
2065 1853 2119 1906 in
2144 1851 2312 1907 nobis.
2336 1882 2403 1894 —
2426 1852 2514 1907 '55.
2556 1852 2617 1908 In
2645 1853 2893 1910 omnibus
2933 1862 3113 1908 autem
3151 1853 3404 1924 operibus
3431 1853 3532 1908 ho-

1955 1943 2057 2009 nis,
2107 1958 2237 1999 cave
2289 1960 2358 1998 ne
2412 1943 2583 2000 laudis
2630 1944 2877 1999 humana:
2924 1945 3194 2000 desiderio
3237 1944 3530 2000 ventileris.

1951 2033 2180 2090 Laudari
2209 2036 2405 2106 quippe
2426 2035 2454 2074 δ
2485 2035 2538 2090 in
2573 2036 2729 2092 bonis
2771 2036 3024 2105 operibus
3053 2036 3235 2102 debes,
3267 2035 3362 2092 sed
3385 2035 3438 2090 in
3467 2050 3534 2090 eo

1949 2128 2096 2198 quod
2121 2129 2380 2198 operaris,
2414 2129 2692 2184 hominum
2735 2129 2921 2185 laudes
2947 2137 3263 2198 exspectare
3307 2144 3414 2183 non
3440 2128 3535 2182 de-

1951 2221 2065 2276 bes.
2093 2220 2300 2275 Laudet
2321 2229 2373 2276 te
2398 2219 2617 2288 quidem
2631 2220 2866 2275 humana
2889 2219 3089 2289 lingua,
3115 2218 3212 2274 sed
3241 2228 3296 2274 tu
3324 2218 3538 2273 laudem

1950 2331 1980 2368 a
2009 2315 2126 2370 solo
2152 2314 2262 2369 Deo
2291 2313 2555 2369 desidera.
2585 2313 2760 2382 Atque
2787 2313 2860 2367 ita
2885 2312 2976 2366 tiet
2998 2320 3077 2378 ut,
3092 2312 3219 2366 dum
3241 2319 3299 2365 tu
3323 2311 3538 2366 laudem

1950 2405 2018 2460 ab
2046 2405 2354 2460 hominibus
2379 2420 2484 2458 non
2515 2403 2812 2474 quaesieris,
2846 2401 2985 2456 Deus
3014 2402 3258 2456 laudetur
3284 2402 3337 2456 in
3360 2402 3540 2472 operi-

1949 2499 2050 2554 bus
2079 2499 2202 2552 tuis.
2236 2497 2507 2552 Memento
2530 2495 2759 2566 qualiter
2782 2494 2937 2550 nobis
2954 2493 3212 2549 Dominus
3253 2493 3540 2549 interdicat

1957 2608 2024 2647 ne
2049 2593 2312 2660 justitiam
2343 2600 2580 2647 nostram
2631 2588 2802 2644 laudis
2847 2588 3093 2642 humana:
3135 2586 3391 2642 faciamus
3437 2586 3540 2641 ob-

1949 2691 2122 2749 tentu,
2155 2683 2342 2738 dicens
2369 2701 2381 2736 :
2409 2683 2672 2736 Attendite
2707 2697 2771 2736 ne
2809 2681 3014 2752 faciatis
3029 2679 3292 2761 justitiam
3316 2684 3537 2732 vestram

1951 2794 2128 2832 coram
2159 2774 2469 2839 hominibus,
2501 2784 2557 2827 ut
2585 2773 2859 2828 videamini
2902 2772 2964 2824 ab
3003 2773 3110 2835 eis;
3142 2769 3368 2840 alioquin
3399 2785 3541 2822 mer-

1951 2871 2127 2925 cedem
2149 2886 2253 2923 non
2275 2867 2527 2921 habebitis
2556 2867 2695 2936 apud
2724 2864 2939 2918 Patrem
2968 2873 3186 2917 vestrum
3212 2863 3297 2932 qui
3316 2863 3371 2915 in
3401 2861 3541 2915 caelis

1952 2969 2030 3015 est
2062 2959 2277 3032 (Matth.
2307 2976 2380 3021 γι,
2415 2958 2490 3029 l).
2518 2957 2896 3012 Verumtamen
2929 2957 3043 3026 ipse
3071 2969 3254 3010 rursus
3286 2954 3397 3008 ait:
3433 2951 3540 3006 Lu-

1953 3061 2066 3105 ceat
2096 3052 2184 3104 lux
2207 3059 2376 3104 vestra
2421 3064 2598 3102 coram
2645 3047 2954 3109 hominibus,
3003 3055 3061 3099 ut
3100 3045 3328 3099 videntes
3374 3051 3544 3098 uestra

1955 3142 2089 3197 bona
2119 3159 2296 3212 opera,
2344 3141 2641 3212 gloriﬁcent
2663 3139 2875 3193 Patrem
2891 3147 3109 3193 vestrum
3132 3139 3218 3208 qui
3236 3138 3291 3190 in
3307 3137 3444 3191 caelis
3467 3143 3542 3190 est

1956 3234 2172 3306 (Matth.
2203 3251 2257 3298 v,
2292 3233 2401 3303 16).
2434 3232 2567 3288 Cum
2597 3247 2724 3303 ergo
2753 3232 2884 3289 dicit
2913 3243 2970 3287 ut
2999 3231 3340 3287 attendamus
3369 3244 3437 3284 ne
3460 3227 3543 3282 fa-

1959 3325 2162 3378 ciamus
2185 3323 2449 3392 justitiam
2474 3331 2711 3378 nostram
2735 3338 2915 3378 coram
2940 3320 3264 3385 hominibus,
3289 3328 3347 3374 ut
3371 3318 3546 3374 videa~

1961 3429 2080 3467 mur
2100 3413 2167 3467 ab
2183 3413 2284 3480 eis,
2307 3422 2361 3467 et
2383 3413 2577 3468 iterum
2593 3411 2747 3482 jubet
2772 3423 2826 3466 ut
2852 3411 2944 3466 lux
2965 3420 3149 3466 nostra
3173 3411 3348 3466 luceat
3362 3425 3546 3464 coram

1957 3503 2292 3567 hominibus,
2327 3483 2565 3574 nunquid
2603 3505 2875 3559 contraria
2917 3503 3208 3573 praecepit?
3237 3501 3419 3566 Absit;
3451 3500 3547 3556 sed

1957 3594 2035 3649 sic
2048 3593 2204 3661 jubet
2231 3608 2395 3663 opera
2423 3593 2565 3649 bona
2591 3591 2726 3659 ﬁeri,
2746 3601 2803 3648 ul
2819 3609 2927 3648 non
2952 3609 3052 3649 nos
3072 3595 3236 3664 ipsos,
3260 3593 3357 3648 sed
3376 3593 3546 3647 Deum

1955 3686 2182 3740 velimus
2215 3686 2269 3740 in
2307 3695 2490 3742 nostra
2532 3687 2849 3756 Operatione
2891 3686 3118 3742 laudari.
3150 3685 3284 3740 Nam
3315 3693 3370 3741 et
3397 3686 3545 3755 Apo-

1957 3777 2127 3830 stolus
2149 3777 2202 3831 in
2231 3778 2342 3832 suis
2370 3777 2622 3846 operibus
2641 3779 2865 3845 gloriam
2888 3778 3176 3832 humanam
3206 3779 3429 3845 vitabat,
3453 3777 3548 3833 sed

1958 3864 2193 3920 divinam
2248 3865 2472 3933 gloriam
2527 3867 2818 3934 quaerebat.
2879 3865 3106 3937 Propter
3159 3868 3304 3937 quod
3360 3867 3542 3932 dicit,

1959 3952 2528 4009 Thessalonicensibus
2555 3956 2796 4010 scribens
2826 3974 2838 4008 :
2879 3955 3055 4027 Neque
3093 3960 3226 4010 enim
3269 3957 3546 4028 aliquando

1960 4041 2148 4111 fuimus
2177 4042 2230 4094 in
2260 4059 2496 4096 sermone
2548 4043 2886 4113 adulationis,
2917 4047 3048 4099 sicut
3075 4048 3248 4109 scitis;
3285 4063 3443 4116 neque
3490 4049 3546 4100 in

1959 4129 2226 4183 occasione
2265 4131 2516 4195 avaritiae,
2550 4131 2690 4186 Deus
2720 4136 2859 4188 testis
2903 4144 3016 4198 est;
3045 4151 3138 4188 nec
3165 4144 3448 4206 quierentes
3478 4135 3544 4188 ab

1959 4219 2248 4275 [nominibus
2289 4221 2531 4292 gloriam,
2583 4239 2746 4291 neque
2778 4242 2810 4277 a
2849 4225 3008 4290 vobis,
3039 4242 3200 4296 neque
3246 4225 3310 4279 ab
3339 4226 3460 4280 aliis
3488 4223 3544 4296 (1

1963 4311 2141 4368 Thess.
2176 4329 2232 4378 ιι,
2265 4311 2342 4383 5).
2374 4313 2442 4368 Et
2482 4323 2662 4369 tamen
2691 4317 2851 4383 idem,
2897 4319 2949 4372 in
2979 4334 3089 4374 sua:
3118 4320 3546 4380 conversationis

1959 4405 2162 4469 auditu,
2194 4404 2362 4461 Deum
2386 4406 2454 4460 ab
2477 4403 2732 4462 Ecclesiis
2759 4409 3133 4477 glorilicatum,
3165 4428 3286 4466 cum
3309 4413 3544 4468 exsulta-

1959 4497 2105 4551 tione
2152 4498 2230 4552 sic
2281 4506 2583 4553 memorat:
2617 4498 2780 4554 Eram
2827 4502 3110 4573 aliquando
3157 4504 3360 4574 ignotus
3410 4506 3545 4576 facie

1958 4586 2209 4642 Ecclesiis
2231 4587 2450 4653 Judtete,
2482 4605 2595 4660 qua:
2621 4598 2773 4643 erant
2800 4592 2852 4644 in
2883 4589 3118 4658 Christo;
3151 4603 3347 4647 tantum
3374 4605 3545 4648 autem

1958 4679 2190 4732 auditum
2209 4678 2618 4749 habebant,'quia
2629 4681 3120 4752 quipersequebatur
3133 4702 3225 4739 nos
3243 4686 3543 4757 aliquando,

1883 4747 1936 4807 D
1959 4787 2094 4824 nunc
2131 4771 2450 4842 euangelizat
2472 4735 2654 4840 'ﬁ'dem'
2673 4735 2826 4843 qtlam

1959 4872 2008 4918 et
2036 4866 2091 4918 in
2119 4880 2200 4919 me
2227 4863 2592 4944 gloriﬁcaliant
2619 4862 2786 4918 Deum
2813 4864 2956 4935 (Gal.
2989 4884 3024 4931 ι,
3049 4866 3138 4931 22,
3165 4867 3276 4934 25).
3314 4867 3545 4923 Proinde

1963 4969 2152 5008 manus
2171 4953 2386 5023 quidem
2401 4954 2469 5008 ab
2491 4969 2656 5024 opere
2678 4956 2822 5011 bono
2849 4973 2956 5012 non
2987 4957 3217 5020 desinat,
3236 4974 3335 5013 nec
3365 4967 3544 5012 tamen

1965 5046 2173 5100 animus
2201 5046 2274 5099 ita
2297 5052 2569 5115 operetur,
2602 5056 2661 5102 ut
2688 5064 2898 5105 merces
2919 5051 3045 5104 boni
3075 5052 3272 5120 operis,
3298 5053 3545 5105 humana:

1964 5137 2138 5190 laudis
2161 5137 2732 5194 intentionecassetur.
2757 5140 3048 5212 Apostolus
3076 5143 3239 5207 enim,
3271 5143 3410 5197 sicut
3430 5143 3545 5212 ipse

1964 5234 2210 5291 testatur,
2242 5227 2355 5295 vult
2379 5236 2436 5282 ut
2463 5229 2630 5284 simus
2655 5233 2845 5286 sinceri
2872 5241 2920 5286 et
2949 5234 3061 5287 sine
3100 5234 3298 5303 o/fensa
3332 5234 3387 5287 in
3409 5234 3544 5288 diem

1964 5314 2174 5381 Christi,
2217 5318 2396 5387 repleti
2433 5322 2604 5392 fructu
2628 5323 2867 5392 jnstitiae,
2906 5340 2998 5394 per
3041 5324 3220 5377 Jesum
3265 5322 3544 5391 Christum,

1961 5413 2013 5464 in
2036 5412 2256 5483 gloriam
2277 5421 2326 5466 et
2347 5412 2552 5468 laudem
2573 5413 2671 5468 Dei
2696 5415 2918 5487 (Philip.
2944 5433 2982 5481 ι,
3013 5415 3100 5481 10,
3133 5415 3243 5487 Η).

2029 5549 2157 5604 CAP.
2191 5566 2279 5605 xx.
2326 5548 2524 5606 Bonum
2552 5569 2680 5622 opus
2710 5570 2814 5606 non
2841 5553 3015 5606 virtuti
3044 5553 3288 5625 propriae,
3313 5553 3404 5607 sed
3425 5571 3548 5626 gra-

1961 5643 2046 5697 tia:
2067 5640 2575 5698 Deiattribuendum.
2602 5673 2671 5685 —
2693 5643 2780 5698 36.
2821 5643 2878 5698 In
2910 5643 3091 5700 studio
3119 5659 3248 5713 ergo
3279 5646 3546 5702 bonorum

1965 5748 2190 5806 cperunt
2217 5741 2275 5788 et
2303 5733 2478 5790 laudis
2507 5736 2752 5790 humanm
2804 5742 3136 5806 contemptu,
3181 5752 3312 5792 cave
3357 5751 3423 5790 ne
3453 5735 3550 5790 bo-

2035 5909 2064 5952 b
2093 5908 2195 5966 Ms.
2225 5907 2414 5974 Corb.,
2444 5906 2678 5963 Laudari
2706 5908 2926 5979 quidem.
2961 5892 3131 5978 Editi;
3155 5913 3360 5985 quippe.
