4124 6482
542 350 651 420 323

545 585 714 642 gnare
734 566 953 635 virtuti;
973 567 1083 622 imo
1106 563 1332 619 ﬁrmiter
1348 571 1471 618 tene
1487 557 1688 616 nullam
1713 557 1805 613 tibi
1825 554 2138 610 facultatem

545 666 725 722 inesse
748 675 908 734 posse
934 660 1093 717 bona;
1121 656 1414 715 voluntatis
1437 662 1529 710 aut
1556 652 1757 723 operis,
1806 650 1907 705 nisi
1935 648 1989 704 id
2013 659 2139 717 gra-

548 757 690 814 tuito
735 766 958 811 munere
1004 751 1196 808 divina:
1242 746 1602 804 miserationis
1647 742 1940 814 acceperis.
1990 736 2142 798 Scito

549 866 680 922 ergo
729 850 897 906 Deum
929 849 982 904 in
1013 854 1067 903 te
1096 844 1309 916 operari
1356 850 1411 898 et
1436 841 1575 897 velle
1624 848 1679 896 et
1722 836 2004 910 perlicere,
2036 848 2138 905 pro

549 946 694 1003 bona
744 941 1043 996 voluntate.
1101 934 1336 992 Proinde
1389 947 1511 989 cum
1566 932 1761 987 timore
1806 935 1862 983 et
1904 934 2143 981 tremore

550 1043 700 1091 tuam
729 1034 957 1090 salutem
987 1030 1215 1104 operare
1247 1028 1468 1101 (Philip.
1502 1040 1558 1091 ιι,
1592 1023 1679 1088 12,
1711 1021 1821 1093 15).
1850 1019 2144 1076 Humiliare

517 1139 521 1142 ’
551 1128 607 1186 in
653 1139 947 1200 conspectu
975 1125 1219 1191 Domini,
1271 1130 1329 1179 ut
1375 1122 1579 1177 exaltet
1616 1126 1671 1174 te
1700 1117 1754 1187 (1
1783 1116 1932 1171 Petr.
1963 1130 2026 1180 v,
2057 1111 2139 1182 6).

553 1217 636 1275 Ab
677 1214 771 1274 illo
813 1232 973 1290 posce
1025 1218 1181 1273 home
1226 1213 1521 1270 voluntatis
1567 1207 1867 1271 exordium,
1914 1205 1983 1259 ab
2026 1204 2145 1273 ipso

550 1308 767 1380 postula
806 1309 963 1364 bonae
990 1304 1324 1378 operationis
1352 1302 1623 1367 effectum,
1655 1299 1721 1354 ab
1750 1299 1866 1370 ipso
1894 1310 2145 1368 perseve-

551 1401 740 1458 rantiae
780 1400 980 1456 donum
1029 1406 1183 1470 pete;
1237 1411 1337 1452 nec
1384 1391 1676 1464 aliquando
1721 1396 1776 1445 te
1802 1392 1959 1459 putes
2005 1385 2147 1441 illius

552 1491 821 1561 adiutorio
852 1490 1144 1546 desistente
1172 1487 1371 1557 aliquid
1398 1498 1562 1557 posse
1601 1481 1732 1538 boni
1759 1481 1897 1536 velle
1924 1494 2020 1534 seu
2063 1478 2148 1533 Γισ-

551 1598 697 1640 cere.
750 1582 905 1638 Illum
934 1597 1064 1652 roga
1094 1589 1154 1637 ut
1200 1587 1411 1635 avertat
1434 1577 1621 1633 oculos
1649 1584 1802 1637 tuos,
1835 1587 1902 1627 ne
1927 1570 2150 1628 videant

549 1675 842 1732 vanitatem
866 1674 1038 1748 (Psal.
1063 1689 1245 1739 cxvm,
1269 1670 1358 1743 57)
1380 1688 1393 1737 ;
1420 1672 1591 1741 ipsum
1611 1666 1825 1740 postnla
1844 1674 1904 1720 ut
1924 1664 2151 1721 demon-

452 1836 457 1841 η
550 1776 687 1823 stret
711 1768 805 1823 tibi
824 1768 965 1823 viam
989 1768 1041 1823 in
1059 1781 1164 1837 qua
1190 1764 1461 1830 ambules;
1485 1763 1660 1833 ipsum
1680 1760 1907 1815 obsecra
1928 1763 1985 1817 ut
2000 1769 2152 1824 gres-

1572 343 1634 408 S.
1670 336 2034 405 FULGENTII
2073 326 2375 397 EPlSCOPl
2413 331 2785 394 RUSPENSIS

543 491 676 534 num
706 473 851 548 quod
880 473 1032 539 facis,
1061 486 1171 528 non
1200 468 1387 540 gratim
1408 466 1505 523 Dei
1522 508 1539 537 ,
1579 465 1675 521 sed
1706 472 1808 519 tuae
1836 461 1972 517 velis
2001 456 2136 513 assi-
2165 460 2214 518 Α

3728 323 3841 385 δελ

2802 446 3139 504 EPISTOLA
3172 443 3262 503 III.

2863 582 2929 620 AD
2967 576 3195 620 PROBAII.

2572 678 2650 734 De
2684 678 2991 752 Virginitate
3016 686 3168 749 atque
3197 675 3529 731 Humilitate.

2321 771 2473 847 163
2489 769 2673 827 CAPUT
2699 786 2916 825 rerum.
2937 768 3334 843 Congratulatio
3359 767 3422 822 de
3443 765 3698 840 spiritalis
3721 767 3838 821 vita:

2241 869 2499 924 instituto.
2547 865 2782 922 Servitus
2830 862 3027 919 Christi
3074 863 3238 929 bona,
3269 864 3429 917 noxia
3458 860 3673 915 libertas
3716 876 3837 926 pec-

2243 960 2445 1014 cati.—
2460 958 2510 1013 i.
2527 957 2768 1029 Spiritali
2789 955 3060 1012 desiderio
3074 964 3235 1025 atque
3257 955 3501 1009 instituto
3523 962 3638 1016 tuo,
3653 961 3844 1006 sancta

2244 1038 2444 1107 famula
2459 1051 2555 1107 Dei
2572 1049 2768 1112 Proba,
2787 1057 3047 1121 quantum
3065 1048 3409 1117 congratnrer
3426 1056 3588 1116 atque
3602 1060 3844 1115 congau-

2247 1140 2429 1208 deam,
2452 1140 2647 1196 vellem
2677 1147 3053 1219 competenter
3080 1139 3259 1195 verbis
3281 1138 3584 1210 exprimere
3603 1180 3619 1204 ,
3651 1136 3698 1191 si
3722 1136 3841 1207 pari

2246 1230 2410 1289 modo
2423 1231 2807 1302 cogitationem
2821 1229 3024 1287 locutio
3038 1239 3224 1302 posset
3238 1244 3476 1301 mquare.
3493 1228 3680 1300 Neque
3695 1227 3845 1283 enim

2247 1322 2401 1394 parvi
2424 1318 2687 1393 propositi
2714 1321 2877 1377 debet
2917 1321 3175 1377 indicium
3199 1320 3483 1385 aestimari,
3516 1318 3684 1390 quod,
3717 1334 3844 1374 cum

2250 1408 2305 1467 te
2331 1419 2563 1476 constet,
2596 1408 2688 1465 illo
2734 1412 2790 1465 in
2819 1419 2872 1466 te
2895 1418 3156 1481 operante
3181 1427 3210 1465 a
3246 1428 3354 1483 quo
3382 1420 3464 1467 est
3490 1428 3643 1467 omne
3666 1411 3850 1465 datum

2250 1502 2499 1576 optimum
2539 1513 2589 1560 et
2619 1522 2768 1561 omne
2807 1505 3001 1560 donum
3045 1506 3326 1577 perfectum
3349 1502 3487 1575 (Jac.
3520 1519 3571 1565 ι,
3600 1501 3713 1570 17),
3737 1500 3850 1571 Spi-

2250 1597 2496 1653 ritalibus
2520 1597 2811 1653 virtutibus
2853 1596 3163 1669 praeditam,
3192 1594 3469 1649 arbitraris
3502 1601 3553 1647 te
3587 1602 3852 1661 tanquam

2252 1696 2563 1758 expertem,
2610 1687 2678 1743 de
2703 1687 2991 1743 virtutibus
3040 1682 3452 1741 admonendam.
3504 1683 3618 1739 lioc
3666 1685 3852 1755 itaque

2253 1776 2511 1847 studium,
2540 1794 2650 1849 quo
2681 1794 2797 1844 me,
2826 1786 3015 1833 sancto
3041 1775 3208 1833 fratre
3236 1785 3444 1844 nostro,
3476 1775 3615 1831 Tuto
3642 1776 3857 1832 scilicet

550 1878 643 1919 sus
666 1874 786 1918 tuos
807 1861 1000 1932 dirigat
1033 1858 1326 1917 secundum
1348 1857 1573 1912 verbum
1598 1868 1756 1911 suum
1777 1895 1792 1921 ,
1825 1860 1880 1907 et
1905 1865 2012 1907 non
2043 1846 2147 1903 do-

2252 1865 2350 1922 Dei
2379 1883 2558 1934 servo,
2588 1868 2803 1940 scriptis
2829 1867 3199 1939 frequentibus
3229 1868 3529 1935 insistente,
3562 1870 3858 1923 vehemen-

549 1958 788 2015 minetur
808 1957 961 2031 162
983 1954 1078 2010 tibi
1101 1954 1276 2010 omnis
1297 1951 1580 2022 iniquitas;
1605 1948 1755 2002 illum
1775 1960 1871 2001 ora
1901 1951 1961 1998 ut
1981 1956 2144 2013 opera

551 2068 809 2117 manuum
831 2059 1049 2107 tuarum
1074 2049 1270 2118 dirigat
1298 2062 1459 2119 super
1498 2053 1571 2099 te.
1605 2042 1841 2098 Viriliter
1870 2052 2000 2108 ergo
2028 2053 2146 2109 age,

552 2151 603 2199 et
623 2145 941 2215 coufortetur
960 2159 1050 2198 cor
1073 2151 1213 2197 tuum
1236 2139 1407 2211 (Psal.
1428 2154 1579 2205 xxvr,
1604 2133 1762 2206 14).!
1766 2141 1883 2191 acta
1903 2133 1957 2186 in
1980 2129 2148 2185 Deum

554 2237 918 2309 cogitationem
957 2244 1119 2300 tuam,
1159 2243 1211 2288 et
1240 2235 1346 2304 ipse
1376 2241 1425 2286 te
1446 2231 1669 2287 enutriet
1696 2226 1869 2299 (Psal.
1897 2240 2003 2293 uv,
2028 2222 2145 2294 ’25).

625 2328 755 2385 CAP.
787 2343 899 2383 xxx.
941 2324 1057 2382 Nec
1081 2323 1420 2396 diﬁdendum
1438 2322 1503 2376 de
1532 2320 1633 2375 Dei
1661 2319 1877 2383 auxilio.
1903 2314 2147 2371 Delecta-

554 2422 628 2479 tio
671 2421 727 2475 in
772 2418 1062 2489 Scripturis
1104 2416 1299 2472 sanctis
1341 2409 1842 2487 quaerenda.—57.
1884 2406 1995 2462 Nec
2022 2405 2150 2476 quia

555 2510 688 2578 dixi,
719 2511 848 2567 nihil
878 2519 932 2565 te
959 2508 1158 2565 debere
1200 2505 1433 2578 proprite
1480 2503 1756 2571 assignare
1784 2498 1991 2563 virtuti,
2023 2495 2149 2552 ideo

555 2605 656 2662 tibi
681 2613 766 2661 est
802 2603 871 2660 de
916 2602 1098 2659 divina
1148 2600 1350 2654 virtute
1378 2612 1443 2653 ac
1469 2597 1671 2667 pietate
1700 2595 1753 2648 in
1785 2592 1967 2662 aliquo
2004 2587 2148 2644 ditii-

555 2698 808 2756 deudum.
838 2695 1041 2763 Fidelis
1070 2705 1147 2751 est
1169 2694 1315 2750 enim
1344 2690 1483 2748 Deus
1505 2692 1557 2746 in
1586 2688 1753 2751 verbis
1781 2688 1920 2751 suis,
1959 2693 2009 2741 et
2031 2700 2152 2741 san-

553 2798 668 2846 otus
693 2789 749 2844 in
769 2785 1003 2845 omnibus
1033 2783 1274 2857 operibus
1300 2784 1410 2839 suis
1458 2781 1635 2857 (Psal.
1682 2798 1859 2847 cxuv,
1890 2779 2017 2853 i5);
2050 2792 2151 2835 nec

554 2881 653 2938 tibi
700 2880 958 2937 auxilium
1005 2876 1295 2947 denegabit
1319 2888 1340 2911 δ
1372 2875 1428 2930 in
1472 2874 1577 2930 hoc
1625 2872 1845 2937 saeculo,
1877 2886 1980 2928 nec
2008 2884 2147 2942 prte-

553 2972 722 3028 minm
770 2969 1052 3035 subtrahet
1104 2969 1158 3024 in
1205 2965 1409 3029 futuro.
1460 2965 1564 3033 Qui
1612 2964 1708 3020 tibi
1758 2959 2152 3021 demonstravit

552 3071 762 3120 rectam
801 3062 969 3127 viam,
1007 3067 1065 3123 et
1113 3059 1228 3129 ipse
1257 3058 1356 3115 tibi
1401 3065 1486 3113 est
1512 3056 1776 3117 deductor
1803 3054 1872 3110 ad
1894 3054 2145 3126 patriam.

552 3152 723 3224 Spera
750 3168 872 3225 ergo
910 3152 966 3206 iu
992 3149 1235 3213 Domino,
1258 3156 1327 3202 et.
1339 3149 1423 3225 [ac
1446 3146 1728 3200 bonitatem
1758 3142 1933 3217 (Psal.
1963 3159 2147 3208 xxxvr,

2256 1965 2339 2013 ter
2367 1956 2590 2029 instigas
2613 1967 2674 2015 ut
2695 1960 2791 2015 tibi
2812 1960 3097 2016 exhibeam
3125 1976 3432 2017 sermonem
3453 1961 3520 2015 de
3541 1961 3858 2030 virginitate

2253 2056 2416 2120 atque
2444 2048 2748 2105 humilitate
2788 2048 2987 2122 aliquid
3009 2052 3397 2116 continentem,
3428 2051 3483 2107 in
3506 2052 3637 2119 Deo,
3663 2053 3717 2107 in
3743 2068 3857 2124 quo

2251 2139 2518 2196 laudanda
2549 2150 2634 2197 est
2660 2142 2836 2197 anima
2862 2151 2974 2212 tua,
3003 2144 3231 2200 multum
3257 2145 3439 2212 laudo,
3471 2145 3567 2200 sed
3587 2155 3859 2219 quantum

2252 2233 2475 2288 laudare
2516 2235 2689 2290 debeo
2715 2275 2730 2302 ,
2759 2235 2981 2291 laudare
3010 2253 3115 2292 non
3146 2239 3339 2306 valeo;
3391 2246 3447 2293 et
3472 2247 3732 2310 quantum
3763 2221 3859 2296 mi:

2250 2321 2378 2378 huic
2407 2321 2678 2379 desiderio
2706 2324 2866 2394 digne
2896 2326 3165 2381 laudando
3196 2327 3459 2398 imparem
3483 2345 3669 2396 cerno,
3696 2338 3857 2387 tanto

2251 2410 2422 2480 magis
2446 2412 2498 2466 in
2523 2422 2575 2467 te
2602 2411 2789 2479 Deum,
2818 2429 2913 2469 seu
2942 2415 3073 2470 dura
3104 2417 3423 2488 negatione,
3462 2418 3577 2473 sive
3598 2419 3857 2477 diuturna

2252 2499 2513 2557 dilatione
2537 2500 2809 2559 offendere
2833 2504 3019 2560 timeo.
3053 2505 3260 2577 Quippe
3272 2506 3516 2566 Christus
3538 2509 3854 2581 oﬂ‘enditur,

2251 2591 2297 2647 si
2327 2593 2546 2662 quando
2574 2593 2753 2650 debita
2784 2597 3017 2652 servitus
3047 2599 3303 2655 membris
3334 2600 3501 2672 ipsius
3522 2602 3851 2673 denegatur;

2251 2700 2373 2740 cum
2398 2701 2505 2740 non
2524 2686 2594 2741 ob
2615 2686 2759 2741 aliud
2787 2689 2902 2760 ipse
2928 2691 3157 2746 voluerit
3180 2693 3322 2747 male
3349 2687 3619 2765 quondam
3653 2698 3857 2755 liberos

2252 2794 2284 2834 a
2308 2779 2519 2850 peccati
2559 2781 2781 2837 servitio
2808 2783 3040 2839 liberare
3066 2826 3082 2853 ,
3106 2784 3207 2839 nisi
3250 2790 3309 2839 ut
3338 2802 3436 2840 nos
3463 2786 3688 2843 doceret
3716 2789 3858 2843 invi-

2252 2886 2370 2927 cem
2406 2871 2423 2909 ί
2451 2872 2621 2929 libera
2650 2875 2877 2931 caritate
2902 2876 3108 2931 servire
3139 2893 3152 2930 :
3176 2893 3315 2949 quos
3342 2879 3483 2932 enim
3510 2895 3859 2950 compressos

2253 2964 2459 3022 invenit
2481 2965 2612 3035 jugo
2643 2968 2854 3024 servilis
2884 2984 2947 3024 ac
2971 2969 3217 3039 pessimir
3241 2969 3523 3037 libertatis,
3550 2974 3862 3031 sublevavit

2252 3056 2398 3114 dono
2426 3058 2665 3115 liberalis
2694 3068 2857 3131 atque
2878 3061 3098 3133 optimae
3124 3063 3418 3119 servitutis.
3443 3062 3589 3120 Illius
3617 3066 3862 3137 denique

2255 3149 2351 3221 (al.
2379 3152 2623 3226 inquam)
2673 3155 2851 3210 noxia:
2899 3154 3207 3225 libertatis,
3250 3157 3302 3212 in
3353 3174 3457 3228 qua
3504 3160 3666 3229 magis
3718 3160 3865 3215 libet

551 3243 646 3316 3);
672 3259 776 3300 nec
805 3252 858 3299 ιθ
907 3250 1069 3319 Pines.
1111 3254 1272 3311 90553
1322 3238 1575 3303 deﬁcere.
1608 3238 1655 3294 Si
1686 3246 1738 3303 ιε
1769 3236 1859 3291 ille
1893 3235 2148 3306 άίῧῐιλῑυδ
2172 3236 2221 3300 C
2252 3254 2484 3315 peccato
2525 3246 2734 3303 servire
2763 3263 2925 3317 quam
2954 3244 3090 3315 Deo,
3121 3250 3423 3319 apostolico
3449 3252 3605 3306 nobis
3631 3252 3860 3309 intima-

553 3336 716 3391 fuerit
744 3333 1036 3391 custodire.
1061 3330 1333 3403 Scriptum
1367 3336 1450 3401 est
1468 3328 1652 3384 enim:
1687 3325 1815 3393 Quis
1844 3328 2071 3399 speravit
2092 3329 2149 3384 in

555 3425 780 3481 Domino
805 3435 855 3481 et
883 3425 1131 3496 confusus
1153 3429 1231 3478 est
1250 3422 1276 3476 2
1304 3430 1392 3477 aut
1411 3421 1525 3493 quis
1546 3420 1833 3488 permansit
1852 3417 1909 3475 in
1933 3419 2152 3474 litanda-

556 3520 621 3579 tie
648 3519 761 3591 ejus
794 3528 846 3573 et
872 3516 1142 3577 derelictus
1168 3514 1289 3571 est?
1315 3522 1407 3585 aut
1436 3516 1548 3586 quis
1576 3513 1852 3579 invocavit,
1882 3520 1930 3567 et
1969 3510 2149 3582 despe-

551 3610 633 3665 xit
659 3608 808 3665 illum
850 3605 1040 3680 (Eccli.
1069 3624 1126 3675 ιι,
1159 3605 1250 3672 il,
1283 3603 1411 3674 12)?
1440 3603 1518 3659 Ne
1553 3604 1717 3675 igitur
1744 3602 1961 3659 amittas
1981 3602 2151 3658 conii-

553 3700 793 3771 dentiam
819 3709 985 3769 tuam,
1026 3713 1150 3769 quae
1176 3710 1426 3766 magnam
1462 3695 1629 3750 habet
1654 3692 2150 3761 remunerationem

554 3795 745 3870 (Hebr.
798 3813 855 3862 x,
896 3794 1010 3867 55).
1061 3793 1194 3851 Esto
1243 3792 1453 3847 stabilis
1504 3798 1561 3847 et
1611 3787 1919 3851 immobilis,
1970 3787 2150 3842 sciens

553 3889 704 3962 quod
733 3890 885 3945 labor
908 3895 1031 3944 tuus
1056 3902 1168 3943 non
1190 3885 1296 3940 erit
1320 3882 1495 3941 inanis
1542 3881 1597 3937 in
1643 3879 1903 3946 Domino;
1932 3879 2151 3949 potiora

552 3999 769 4054 semper
795 3991 1012 4053 appete,
1046 3988 1101 4037 et
1128 3979 1369 4037 animum
1397 3983 1548 4033 tuum
1585 3972 1655 4029 ad
1682 3973 2014 4029 incrementa
2044 3970 2151 4029 vir-

555 4076 686 4133 tutis
719 4075 972 4133 extende.
1004 4072 1289 4143 Nunquam
1316 4083 1496 4128 cesses
1521 4082 1554 4124 a
1577 4065 1775 4123 divinis
1813 4064 2067 4136 eloquiis,
2094 4070 2152 4118 et

555 4176 728 4226 totam
754 4166 1169 4223 delectationem
1194 4162 1369 4220 cordis
1396 4161 1475 4217 tui
1500 4158 1793 4230 Scripturis
1819 4157 2021 4213 sanctis
2065 4156 2149 4210 in-

556 4258 736 4327 dulge.
780 4257 898 4317 Non
929 4256 1163 4313 tenearis
1191 4253 1420 4313 nexibus
1458 4250 1743 4309 mundana:
1769 4247 2151 4306 delectationis

558 4350 658 4418 (al.
707 4347 1037 4415 dilectionis)
1069 4345 1120 4410 ιι,
1169 4352 1225 4401 et
1271 4343 1340 4401 de
1390 4341 1609 4402 diabolo
1649 4355 1911 4412 prospere
1954 4339 2147 4395 trimu-

557 4440 768 4512 phebis.

629 4530 721 4588 58.
761 4530 828 4586 Et
876 4539 934 4586 ut
968 4537 1168 4585 sancte
1195 4528 1489 4599 Scriptura:
1527 4525 1839 4582 testimonio
1867 4533 2030 4596 atque
2051 4525 2149 4579 ad-

2256 3347 2365 3420 tam
2408 3346 2654 3395 tenemus
2726 3354 2977 3396 sermone
3024 3340 3267 3395 laetitiam
3320 3343 3341 3415 (
3363 3345 3498 3414 forte
3539 3344 3857 3417 notitiam);

2253 3433 2383 3489 dicit
2410 3449 2645 3503 namque
2679 3452 2691 3488 :
2724 3433 2848 3488 Cum
2876 3436 3016 3490 enim
3062 3437 3196 3490 servi
3226 3438 3406 3490 essetis
3434 3438 3632 3508 peccati
3657 3479 3673 3505 ,
3705 3437 3863 3493 liberi

2255 3527 2426 3598 fuistis
2447 3527 2689 3600 justitiaz.
2722 3526 2791 3582 Et
2830 3527 3091 3596 adjiciens
3120 3529 3195 3583 ait
3226 3547 3239 3583 :
3286 3528 3447 3593 Quem
3472 3548 3596 3602 ergo
3631 3534 3862 3604 fructum

2254 3616 2506 3673 habuistis
2532 3626 2651 3672 tunc
2696 3620 2750 3673 in
2807 3617 2988 3690 quibus
3018 3636 3155 3673 nunc
3180 3618 3522 3674 erubescitis?
3552 3619 3696 3677 Nam
3734 3624 3862 3695 ﬁnis

2254 3707 2462 3762 illorum
2481 3726 2621 3763 mors
2645 3716 2723 3763 est
2748 3708 2928 3779 (Rom.
2953 3726 3028 3774 vr,
3053 3708 3140 3775 20,
3171 3709 3285 3781 ‘21).
3315 3709 3461 3764 Illam
3492 3726 3711 3783 quoque
3737 3729 3861 3769 ser-

2252 3798 2502 3864 vitntcm,
2533 3813 2693 3867 quam
2724 3799 2940 3853 liberati
2970 3800 3307 3869 accepimus,
3342 3810 3400 3854 ut
3426 3800 3712 3857 liberatori
3742 3804 3858 3860 Deo

2252 3885 2572 3949 liberaliter.
2606 3889 2965 3956 serviremus,
3015 3890 3069 3943 in
3115 3889 3567 3961 subsequentibus
3614 3892 3859 3962 ejusdem

2252 3974 2515 4032 doctrinae
2545 3979 2887 4033 sermonibus
2915 3979 3221 4034 invenimus
3247 4023 3261 4047 ,
3305 3997 3427 4036 cum
3473 3982 3602 4037 dicit
3632 4002 3643 4035 :
3700 3982 3860 4039 Nunc

2254 4079 2426 4123 autem
2446 4068 2653 4124 liberati
2682 4089 2714 4124 α
2745 4082 2975 4139 peccato,
3015 4073 3148 4126 servi
3179 4083 3347 4127 autem
3377 4076 3503 4146 facti
3531 4074 3665 4142 Deo,
3696 4076 3860 4131 habe-

2254 4162 2321 4216 tis
2352 4164 2575 4235 [metum
2611 4172 2833 4217 vestrum
2861 4164 2917 4217 in
2946 4164 3415 4234 sanctiﬁcationem
3447 4176 3472 4213 8
3500 4208 3513 4227 ,
3545 4167 3705 4237 ﬁnem
3732 4186 3857 4225 vero

2253 4253 2409 4307 vitam
2431 4261 2681 4308 azternam
2705 4250 2867 4326 (Ibid.
2895 4292 2909 4316 ,
2935 4249 3050 4323 22.)
3082 4250 3218 4308 Ecce
3249 4270 3356 4324 quo
3386 4254 3533 4310 ducit
3561 4272 3625 4311 ac
3651 4258 3856 4328 perdu-

2252 4343 2328 4398 cit
2349 4343 2461 4399 hzec
2482 4351 2668 4398 sancta
2698 4343 2953 4409 servitus,
2980 4341 3031 4396 in
3052 4357 3157 4411 qua
3181 4359 3323 4397 vene
3345 4343 3610 4399 libertatis
3631 4354 3713 4400 est
3734 4362 3879 4400 Iun--

2254 4448 2391 4486 nus:
2426 4430 2492 4486 ad
2525 4430 2689 4484 vitam
2718 4430 2927 4486 scilicet
2953 4438 3233 4499 aeternam,
3263 4432 3317 4486 in
3343 4447 3448 4503 qua
3479 4450 3697 4504 semper
3719 4435 3860 4491 vivi-

2253 4532 2371 4589 tur,
2416 4537 2742 4592 semperque
2772 4532 3045 4592 regnatur,
3072 4523 3124 4577 in
3150 4538 3254 4592 qua
3278 4540 3437 4580 nemo
3465 4534 3645 4581 tamen
3675 4527 3859 4583 homi-

560 4626 861 4683 monitione
889 4639 1129 4695 praesens
1158 4622 1253 4678 tibi
1300 4620 1619 4677 terminatur
1647 4618 1898 4689 epistola,
1943 4617 2153 4673 cunctis
2179 4638 2233 4701 Β
2257 4630 2387 4669 num
2419 4615 2591 4677 vivet,
2620 4613 2722 4667 nisi
2750 4614 2842 4683 qui
2865 4611 3220 4668 mortificatur
3247 4614 3373 4669 huic
3398 4615 3633 4682 mundo;
3658 4616 3712 4670 in
3742 4633 3856 4688 qua

560 4734 682 4790 qum
727 4717 978 4789 superius
1007 4715 1149 4771 dicta
1171 4722 1297 4770 sunt
1324 4712 1429 4769 hoc
1454 4727 1670 4783 quoque
1715 4709 2050 4766 subuectant.
2085 4710 2153 4765 In

558 4810 953 4868 mansuetudine
981 4825 1140 4879 opera
1164 4818 1252 4862 tua
1272 4806 1478 4878 perﬁce,
1509 4814 1560 4859 et
1598 4821 1752 4879 super
1783 4804 2013 4858 omnium
2039 4802 2156 4874 glo-

557 4904 694 4958 riam
739 4902 995 4973 diligeris.
1014 4874 1237 4964 'Quanto
1265 4874 1432 4967 magis
1461 4874 1666 4967 magn/iv
1689 4911 1743 4949 es
1774 4904 1824 4958 ο,
1858 4894 2077 4948 humilia
2105 4902 2156 4948 te

554 4997 611 5052 in
636 4993 891 5059 omnibus,
921 5002 968 5047 et
992 5009 1166 5049 coram
1195 4990 1307 5045 Deo
1332 4990 1560 5045 invenies
1587 4988 1813 5059 gratiam
1853 4985 2041 5058 (Eccli.
2075 5003 2150 5054 ut,

557 5089 644 5152 i9,
677 5086 792 5155 20).
838 5086 1096 5142 Dominus
1128 5092 1181 5139 te
1210 5084 1265 5138 in
1297 5081 1381 5137 via
1411 5080 1628 5137 virtutis
1655 5095 1766 5135 suae
1794 5076 1819 5117 ἀ
1849 5077 2063 5147 dirigat,
2096 5087 2154 5134 et

555 5181 626 5237 ad
656 5180 805 5248 regni
829 5177 1064 5235 ctelestis
1091 5174 1356 5248 promissa
1391 5172 1668 5245 perducat,
1693 5171 1910 5239 domina
1929 5171 2155 5228 illustris

558 5271 685 5327 lilia.
718 5269 891 5327 Amen
917 5279 962 5324 θ.
2138 5256 2142 5265 ’

631 5482 656 5511 ι
678 5471 778 5529 Ms.
824 5470 1011 5537 Corb.,
1053 5467 1245 5526 Colon.
1277 5475 1333 5523 et
1355 5466 1506 5534 Ant.,
1536 5464 1774 5536 denegat.
1802 5460 1966 5520 Basil.
1996 5479 2149 5538 vero,

556 5542 847 5599 deneaabit.

629 5563 895 5673 2egi‘tl‘iiiis.
925 5613 1121 5671 Corb.;
1152 5617 1207 5663 at
1229 5606 1378 5670 editi,
1413 5607 1658 5661 humano:
1683 5600 2057 5661 delectationis.

632 5698 655 5727 ε
686 5686 811 5743 Mss.
839 5686 1002 5743 Corb.
1022 5691 1077 5738 et
1100 5681 1262 5740 Vict.
1292 5676 1497 5742 Quanto
1516 5680 1682 5749 magis
1702 5694 1896 5751 magna
1912 5695 1989 5733 es.
2012 5677 2155 5737 Editi

556 5773 667 5818 non
698 5760 899 5814 habent
921 5756 1058 5809 hanc
1087 5766 1269 5806 vocem
1294 5751 1481 5817 magis.

626 5828 651 5869 ἀ
684 5829 783 5885 Ms.
815 5826 1003 5891 Corb.,
1029 5825 1086 5889 in
1115 5823 1200 5891 via
1219 5821 1438 5891 justitite
1472 5836 1597 5877 sua'.

632 5911 655 5941 α
685 5899 876 5972 ιηιιιε.
908 5888 1069 5954 Corb.
1104 5888 1316 5952 addilur
1349 5888 1547 5958 Amen;
1580 5893 1733 5949 abest
1761 5892 1828 5948 ab
1857 5888 2036 5949 editis.

2260 4719 2420 4759 nemo
2450 4703 2699 4773 regnabit
2725 4746 2739 4770 ,
2772 4702 2871 4757 nisi
2902 4702 2996 4771 qui
3027 4704 3248 4757 humilis
3273 4706 3687 4773 perseveratoin
3715 4705 3857 4763 Deo.

2256 4796 2349 4852 Illa
2383 4810 2622 4883 namque
2643 4780 2922 4851 vita‘huic
2962 4793 3364 4850 mortificationi
3386 4797 3772 4866 promittitur,
3798 4806 3861 4854 et

2256 4890 2347 4946 illa
2374 4889 2638 4947 celsitudo
2678 4889 2805 4945 huic
2841 4888 3129 4944 humilitati
3162 4897 3455 4943 servatur:
3489 4890 3589 4960 ipsi
3630 4890 3855 4945 humili-

2259 4987 2376 5054 tati,
2408 5002 2571 5057 quam
2615 4985 2823 5041 scilicet
2845 4981 3137 5037 efﬁcaciter
3163 4981 3521 5051 alacriterque
3550 4984 3778 5037 sectaris
3801 4980 3853 5052 ιι,

2261 5086 2317 5135 et
2365 5080 2419 5134 in
2448 5095 2554 5149 qua
2598 5085 2843 5134 sanctam
2887 5075 3271 5143 virginitatem,
3323 5074 3479 5147 164
3516 5074 3627 5132 Deo
3669 5085 3861 5133 custo-

2259 5171 2462 5236 diente,
2498 5170 2758 5235 custodis,
2780 5182 2868 5223 me
2896 5179 3116 5236 quoque
3144 5163 3338 5222 devote
3366 5165 3705 5237 libenterque
3733 5183 3856 5222 ser-

2257 5265 2373 5320 vire
2393 5263 2692 5336 compellis.

2338 5461 2356 5501 '
2381 5462 2641 5531 Basil.,ut
2662 5476 2753 5515 nos
2776 5459 2979 5515 doceret
3000 5458 3146 5515 nobis
3168 5460 3402 5514 inuicem.
3432 5458 3528 5515 Ms.
3554 5460 3716 5515 Corb.
3743 5476 3856 5516 non

2257 5533 2419 5590 habet
2439 5531 2609 5587 nobis.
2627 5531 2816 5585 Colon.
2839 5539 2893 5583 et
2912 5532 3060 5599 Ant.,
3078 5539 3130 5586 ut
3154 5548 3246 5586 nos
3268 5531 3471 5585 doceret
3492 5548 3587 5585 nos
3608 5532 3851 5587 invicem.

2332 5617 2355 5654 ε
2380 5605 2507 5659 Mss.
2539 5602 2701 5658 Corb.
2737 5610 2793 5658 et
2824 5601 3025 5657 Victor.
3047 5645 3061 5666 ,
3093 5603 3145 5655 in
3174 5602 3663 5672 sunrliﬁmlionem,
3689 5600 3849 5671 juxta

2256 5686 2463 5734 textum
2491 5675 2736 5732 (imum
2756 5678 2825 5733 εἰς
2841 5675 3115 5747 ἁγιασμόν.
3147 5672 3311 5747 Editi,
3338 5674 3853 5747 instituti/iamiam.

2330 5748 2357 5787 ιι
2387 5747 2547 5812 Editi,
2602 5742 2893 5817 eﬂicaciter'
2922 5742 3159 5798 sectaris.
3212 5742 3313 5798 Ms.
3361 5742 3854 5816 Corb.,enicaciter

2254 5820 2600 5891 alacritcrque
2640 5818 2878 5872 sectaris.
