  <div class='ocr_page' id='page_1' title='image "/cluster/home/n/w/nwhite01/storage/ocr_20150623/65/hvd.32044015469315/170.png"; bbox 0 0 4120 6482; ppageno 0'>
   <div class='ocr_carea' id='block_1_1' title="bbox 321 352 441 425">
    <p class='ocr_par' dir='ltr' id='par_1_1' title="bbox 321 352 441 425">
     <span class='ocr_line' id='line_1_1' title="bbox 321 352 441 425; baseline 0.008 -1"><span class='ocrx_word' id='word_1_1' title='bbox 321 352 441 425; x_wconf 68' lang='lat'><strong>$25</strong></span> 
     </span>
    </p>
   </div>
   <div class='ocr_carea' id='block_1_2' title="bbox 1746 340 2208 417">
    <p class='ocr_par' dir='ltr' id='par_1_2' title="bbox 1746 340 2208 417">
     <span class='ocr_line' id='line_1_2' title="bbox 1746 340 2208 417; baseline 0.002 -2"><span class='ocrx_word' id='word_1_2' title='bbox 1746 348 2082 417; x_wconf 76' lang='lat' dir='ltr'><strong>EPISTOLA</strong></span> <span class='ocrx_word' id='word_1_3' title='bbox 2114 340 2208 416; x_wconf 84' lang='grc' dir='ltr'><strong>ιιι.</strong></span> 
     </span>
    </p>
   </div>
   <div class='ocr_carea' id='block_1_3' title="bbox 403 467 3626 547">
    <p class='ocr_par' dir='ltr' id='par_1_3' title="bbox 403 467 3626 547">
     <span class='ocr_line' id='line_1_3' title="bbox 403 467 3626 547; baseline -0.003 -7"><span class='ocrx_word' id='word_1_4' title='bbox 403 480 536 540; x_wconf 68' lang='grc' dir='ltr'><strong>συ.</strong></span> <span class='ocrx_word' id='word_1_5' title='bbox 584 495 644 539; x_wconf 92' lang='grc' dir='ltr'><strong>ιι.</strong></span> <span class='ocrx_word' id='word_1_6' title='bbox 688 477 898 537; x_wconf 78' lang='lat' dir='ltr'><strong>Smirc</strong></span> <span class='ocrx_word' id='word_1_7' title='bbox 957 475 1176 537; x_wconf 76' lang='lat' dir='ltr'><strong>invicem</strong></span> <span class='ocrx_word' id='word_1_8' title='bbox 1224 477 1411 533; x_wconf 87' lang='lat' dir='ltr'><strong>debent</strong></span> <span class='ocrx_word' id='word_1_9' title='bbox 1452 474 1681 531; x_wconf 87' lang='lat' dir='ltr'><strong>membra</strong></span> <span class='ocrx_word' id='word_1_10' title='bbox 1728 474 1926 531; x_wconf 77' lang='lat' dir='ltr'><strong>Christi</strong></span> <span class='ocrx_word' id='word_1_11' title='bbox 1953 476 2003 538; x_wconf 79' lang='grc' dir='ltr'>Α</span> <span class='ocrx_word' id='word_1_12' title='bbox 2032 483 2147 543; x_wconf 89' lang='lat' dir='ltr'><strong>est;</strong></span> <span class='ocrx_word' id='word_1_13' title='bbox 2176 473 2268 545; x_wconf 85' lang='lat' dir='ltr'><strong>qui</strong></span> <span class='ocrx_word' id='word_1_14' title='bbox 2297 472 2434 530; x_wconf 88' lang='lat' dir='ltr'><strong>sicut</strong></span> <span class='ocrx_word' id='word_1_15' title='bbox 2453 467 2718 530; x_wconf 84' lang='lat' dir='ltr'><strong>bonorum</strong></span> <span class='ocrx_word' id='word_1_16' title='bbox 2741 481 3049 531; x_wconf 91' lang='lat' dir='ltr'><strong>nostrorum</strong></span> <span class='ocrx_word' id='word_1_17' title='bbox 3070 489 3179 531; x_wconf 90' lang='lat' dir='ltr'><strong>non</strong></span> <span class='ocrx_word' id='word_1_18' title='bbox 3201 481 3344 544; x_wconf 79' lang='lat' dir='ltr'><strong>eget,</strong></span> <span class='ocrx_word' id='word_1_19' title='bbox 3366 473 3445 531; x_wconf 92' lang='lat' dir='ltr'><strong>sic</strong></span> <span class='ocrx_word' id='word_1_20' title='bbox 3468 475 3626 547; x_wconf 74' lang='lat'><strong>165</strong></span> 
     </span>
    </p>
   </div>
   <div class='ocr_carea' id='block_1_4' title="bbox 320 564 1928 645">
    <p class='ocr_par' dir='ltr' id='par_1_4' title="bbox 320 564 1928 645">
     <span class='ocr_line' id='line_1_4' title="bbox 320 564 1928 645; baseline -0.006 -14"><span class='ocrx_word' id='word_1_21' title='bbox 320 593 425 645; x_wconf 83' lang='lat' dir='ltr'><strong>per</strong></span> <span class='ocrx_word' id='word_1_22' title='bbox 472 575 765 630; x_wconf 73' lang='lat' dir='ltr'><strong>caritatem.</strong></span> <span class='ocrx_word' id='word_1_23' title='bbox 789 604 864 617; x_wconf 91' lang='lat'><strong>—</strong></span> <span class='ocrx_word' id='word_1_24' title='bbox 885 570 941 627; x_wconf 72' lang='grc'><strong>2.</strong></span> <span class='ocrx_word' id='word_1_25' title='bbox 972 570 1041 625; x_wconf 88' lang='lat' dir='ltr'><strong>Et</strong></span> <span class='ocrx_word' id='word_1_26' title='bbox 1061 583 1163 639; x_wconf 89' lang='lat' dir='ltr'><strong>ego</strong></span> <span class='ocrx_word' id='word_1_27' title='bbox 1189 569 1405 641; x_wconf 87' lang='lat' dir='ltr'><strong>quidem</strong></span> <span class='ocrx_word' id='word_1_28' title='bbox 1432 608 1447 633; x_wconf 91' lang='lat'><strong>,</strong></span> <span class='ocrx_word' id='word_1_29' title='bbox 1479 575 1668 624; x_wconf 90' lang='lat' dir='ltr'><strong>sancta</strong></span> <span class='ocrx_word' id='word_1_30' title='bbox 1701 564 1808 621; x_wconf 90' lang='lat' dir='ltr'><strong>ﬁlia</strong></span> <span class='ocrx_word' id='word_1_31' title='bbox 1826 609 1842 636; x_wconf 95' lang='lat'><strong>,</strong></span> <span class='ocrx_word' id='word_1_32' title='bbox 1871 568 1928 622; x_wconf 90' lang='lat' dir='ltr'><strong>in</strong></span> 
     </span>
    </p>
   </div>
   <div class='ocr_carea' id='block_1_5' title="bbox 319 659 1970 741">
    <p class='ocr_par' dir='ltr' id='par_1_5' title="bbox 319 659 1970 741">
     <span class='ocr_line' id='line_1_5' title="bbox 319 659 1970 741; baseline -0.007 -15"><span class='ocrx_word' id='word_1_33' title='bbox 319 678 595 741; x_wconf 86' lang='lat' dir='ltr'><strong>quantum</strong></span> <span class='ocrx_word' id='word_1_34' title='bbox 640 683 728 723; x_wconf 90' lang='lat' dir='ltr'><strong>me</strong></span> <span class='ocrx_word' id='word_1_35' title='bbox 754 666 951 723; x_wconf 88' lang='lat' dir='ltr'><strong>caritas</strong></span> <span class='ocrx_word' id='word_1_36' title='bbox 981 665 1104 731; x_wconf 88' lang='lat' dir='ltr'><strong>Dei,</strong></span> <span class='ocrx_word' id='word_1_37' title='bbox 1140 679 1262 737; x_wconf 79' lang='lat' dir='ltr'><strong>quae</strong></span> <span class='ocrx_word' id='word_1_38' title='bbox 1290 663 1483 733; x_wconf 67' lang='lat' dir='ltr'><strong>diffusa</strong></span> <span class='ocrx_word' id='word_1_39' title='bbox 1509 672 1583 717; x_wconf 86' lang='lat' dir='ltr'><strong>est</strong></span> <span class='ocrx_word' id='word_1_40' title='bbox 1604 663 1658 715; x_wconf 89' lang='lat' dir='ltr'><strong>in</strong></span> <span class='ocrx_word' id='word_1_41' title='bbox 1685 659 1926 714; x_wconf 77' lang='lat' dir='ltr'><strong>cordibus</strong></span> <span class='ocrx_word' id='word_1_42' title='bbox 1963 670 1970 676; x_wconf 87' lang='lat'>&#39;</span> 
     </span>
    </p>
   </div>
   <div class='ocr_carea' id='block_1_6' title="bbox 319 753 1923 834">
    <p class='ocr_par' dir='ltr' id='par_1_6' title="bbox 319 753 1923 834">
     <span class='ocr_line' id='line_1_6' title="bbox 319 753 1923 834; baseline -0.006 -16"><span class='ocrx_word' id='word_1_43' title='bbox 319 765 527 820; x_wconf 82' lang='lat' dir='ltr'><strong>uostris</strong></span> <span class='ocrx_word' id='word_1_44' title='bbox 542 779 632 834; x_wconf 87' lang='lat' dir='ltr'><strong>per</strong></span> <span class='ocrx_word' id='word_1_45' title='bbox 649 761 903 833; x_wconf 79' lang='lat' dir='ltr'><strong>Spiritum</strong></span> <span class='ocrx_word' id='word_1_46' title='bbox 918 768 1173 824; x_wconf 86' lang='lat' dir='ltr'><strong>sanctum,</strong></span> <span class='ocrx_word' id='word_1_47' title='bbox 1195 759 1281 831; x_wconf 85' lang='lat' dir='ltr'><strong>qui</strong></span> <span class='ocrx_word' id='word_1_48' title='bbox 1302 757 1453 813; x_wconf 85' lang='lat' dir='ltr'><strong>datus</strong></span> <span class='ocrx_word' id='word_1_49' title='bbox 1476 765 1550 811; x_wconf 88' lang='lat' dir='ltr'><strong>est</strong></span> <span class='ocrx_word' id='word_1_50' title='bbox 1568 754 1715 809; x_wconf 86' lang='lat' dir='ltr'><strong>nobis</strong></span> <span class='ocrx_word' id='word_1_51' title='bbox 1743 753 1923 829; x_wconf 86' lang='lat' dir='ltr'><strong>(Rom.</strong></span> 
     </span>
    </p>
   </div>
   <div class='ocr_carea' id='block_1_7' title="bbox 322 846 1929 923">
    <p class='ocr_par' dir='ltr' id='par_1_7' title="bbox 322 846 1929 923">
     <span class='ocr_line' id='line_1_7' title="bbox 322 846 1929 923; baseline -0.006 -14"><span class='ocrx_word' id='word_1_52' title='bbox 322 870 384 922; x_wconf 86' lang='lat' dir='ltr'><strong>v,</strong></span> <span class='ocrx_word' id='word_1_53' title='bbox 446 850 521 923; x_wconf 83' lang='lat'><strong>5),</strong></span> <span class='ocrx_word' id='word_1_54' title='bbox 572 860 683 907; x_wconf 88' lang='lat' dir='ltr'><strong>tam</strong></span> <span class='ocrx_word' id='word_1_55' title='bbox 725 850 1121 907; x_wconf 83' lang='lat' dir='ltr'><strong>delectabiliter</strong></span> <span class='ocrx_word' id='word_1_56' title='bbox 1169 864 1330 919; x_wconf 88' lang='lat' dir='ltr'><strong>quam</strong></span> <span class='ocrx_word' id='word_1_57' title='bbox 1382 846 1677 903; x_wconf 85' lang='lat' dir='ltr'><strong>liberaliter</strong></span> <span class='ocrx_word' id='word_1_58' title='bbox 1722 846 1929 901; x_wconf 81' lang='lat' dir='ltr'><strong>servire</strong></span> 
     </span>
    </p>
   </div>
   <div class='ocr_carea' id='block_1_8' title="bbox 315 938 1928 1013">
    <p class='ocr_par' dir='ltr' id='par_1_8' title="bbox 315 938 1928 1013">
     <span class='ocr_line' id='line_1_8' title="bbox 315 938 1928 1013; baseline -0.005 -12"><span class='ocrx_word' id='word_1_59' title='bbox 315 945 534 1001; x_wconf 86' lang='lat' dir='ltr'><strong>Christi</strong></span> <span class='ocrx_word' id='word_1_60' title='bbox 576 945 833 1001; x_wconf 87' lang='lat' dir='ltr'><strong>membris</strong></span> <span class='ocrx_word' id='word_1_61' title='bbox 852 943 1071 1013; x_wconf 81' lang='lat' dir='ltr'><strong>instigat</strong></span> <span class='ocrx_word' id='word_1_62' title='bbox 1091 985 1107 1011; x_wconf 94' lang='lat'><strong>,</strong></span> <span class='ocrx_word' id='word_1_63' title='bbox 1139 942 1264 998; x_wconf 89' lang='lat' dir='ltr'><strong>volo</strong></span> <span class='ocrx_word' id='word_1_64' title='bbox 1293 941 1438 1013; x_wconf 91' lang='lat' dir='ltr'><strong>quod</strong></span> <span class='ocrx_word' id='word_1_65' title='bbox 1470 938 1749 1011; x_wconf 81' lang='lat' dir='ltr'><strong>injunxisti</strong></span> <span class='ocrx_word' id='word_1_66' title='bbox 1775 953 1928 994; x_wconf 93' lang='lat' dir='ltr'><strong>com-</strong></span> 
     </span>
    </p>
   </div>
   <div class='ocr_carea' id='block_1_9' title="bbox 314 1022 1924 1110">
    <p class='ocr_par' dir='ltr' id='par_1_9' title="bbox 314 1022 1924 1110">
     <span class='ocr_line' id='line_1_9' title="bbox 314 1022 1924 1110; baseline -0.007 -15"><span class='ocrx_word' id='word_1_67' title='bbox 314 1046 582 1110; x_wconf 80' lang='lat' dir='ltr'><strong>petenter</strong></span> <span class='ocrx_word' id='word_1_68' title='bbox 611 1038 868 1109; x_wconf 89' lang='lat' dir='ltr'><strong>implere;</strong></span> <span class='ocrx_word' id='word_1_69' title='bbox 895 1035 1071 1092; x_wconf 90' lang='lat' dir='ltr'><strong>sciens</strong></span> <span class='ocrx_word' id='word_1_70' title='bbox 1112 1034 1263 1090; x_wconf 89' lang='lat' dir='ltr'><strong>illum</strong></span> <span class='ocrx_word' id='word_1_71' title='bbox 1290 1047 1418 1088; x_wconf 83' lang='lat' dir='ltr'><strong>vere</strong></span> <span class='ocrx_word' id='word_1_72' title='bbox 1445 1030 1663 1088; x_wconf 88' lang='lat' dir='ltr'><strong>Christo</strong></span> <span class='ocrx_word' id='word_1_73' title='bbox 1695 1022 1924 1097; x_wconf 81' lang='lat' dir='ltr'><strong>servire,</strong></span> 
     </span>
    </p>
   </div>
   <div class='ocr_carea' id='block_1_10' title="bbox 315 1123 1929 1202">
    <p class='ocr_par' dir='ltr' id='par_1_10' title="bbox 315 1123 1929 1202">
     <span class='ocr_line' id='line_1_10' title="bbox 315 1123 1929 1202; baseline -0.006 -15"><span class='ocrx_word' id='word_1_74' title='bbox 315 1131 423 1200; x_wconf 89' lang='lat' dir='ltr'><strong>qui</strong></span> <span class='ocrx_word' id='word_1_75' title='bbox 445 1144 544 1202; x_wconf 88' lang='lat' dir='ltr'><strong>per</strong></span> <span class='ocrx_word' id='word_1_76' title='bbox 571 1130 719 1186; x_wconf 88' lang='lat' dir='ltr'><strong>illam</strong></span> <span class='ocrx_word' id='word_1_77' title='bbox 747 1129 1030 1185; x_wconf 86' lang='lat' dir='ltr'><strong>caritatem</strong></span> <span class='ocrx_word' id='word_1_78' title='bbox 1054 1166 1071 1193; x_wconf 90' lang='lat'><strong>,</strong></span> <span class='ocrx_word' id='word_1_79' title='bbox 1098 1125 1300 1183; x_wconf 86' lang='lat' dir='ltr'><strong>Christi</strong></span> <span class='ocrx_word' id='word_1_80' title='bbox 1321 1125 1578 1181; x_wconf 86' lang='lat' dir='ltr'><strong>membris</strong></span> <span class='ocrx_word' id='word_1_81' title='bbox 1603 1123 1797 1189; x_wconf 87' lang='lat' dir='ltr'><strong>servit,</strong></span> <span class='ocrx_word' id='word_1_82' title='bbox 1828 1138 1929 1193; x_wconf 89' lang='lat' dir='ltr'><strong>per</strong></span> 
     </span>
    </p>
   </div>
   <div class='ocr_carea' id='block_1_11' title="bbox 314 1216 1928 1292">
    <p class='ocr_par' dir='ltr' id='par_1_11' title="bbox 314 1216 1928 1292">
     <span class='ocr_line' id='line_1_11' title="bbox 314 1216 1928 1292; baseline -0.005 -14"><span class='ocrx_word' id='word_1_83' title='bbox 314 1238 514 1292; x_wconf 86' lang='lat' dir='ltr'><strong>quam,</strong></span> <span class='ocrx_word' id='word_1_84' title='bbox 547 1232 606 1278; x_wconf 91' lang='lat' dir='ltr'><strong>ut</strong></span> <span class='ocrx_word' id='word_1_85' title='bbox 646 1220 891 1292; x_wconf 79' lang='lat' dir='ltr'><strong>ejusdem</strong></span> <span class='ocrx_word' id='word_1_86' title='bbox 944 1218 1139 1275; x_wconf 86' lang='lat' dir='ltr'><strong>Christi</strong></span> <span class='ocrx_word' id='word_1_87' title='bbox 1185 1219 1488 1275; x_wconf 88' lang='lat' dir='ltr'><strong>membrum</strong></span> <span class='ocrx_word' id='word_1_88' title='bbox 1541 1216 1733 1283; x_wconf 88' lang='lat' dir='ltr'><strong>ﬁeret,</strong></span> <span class='ocrx_word' id='word_1_89' title='bbox 1776 1216 1928 1286; x_wconf 88' lang='lat' dir='ltr'><strong>prior</strong></span> 
     </span>
    </p>
   </div>
   <div class='ocr_carea' id='block_1_12' title="bbox 316 1308 1927 1387">
    <p class='ocr_par' dir='ltr' id='par_1_12' title="bbox 316 1308 1927 1387">
     <span class='ocr_line' id='line_1_12' title="bbox 316 1308 1927 1387; baseline -0.006 -16"><span class='ocrx_word' id='word_1_90' title='bbox 316 1333 429 1387; x_wconf 80' lang='lat' dir='ltr'><strong>pro</strong></span> <span class='ocrx_word' id='word_1_91' title='bbox 453 1332 521 1371; x_wconf 91' lang='lat' dir='ltr'><strong>eo</strong></span> <span class='ocrx_word' id='word_1_92' title='bbox 560 1314 807 1370; x_wconf 88' lang='lat' dir='ltr'><strong>Christus</strong></span> <span class='ocrx_word' id='word_1_93' title='bbox 844 1313 963 1385; x_wconf 89' lang='lat' dir='ltr'><strong>ipse</strong></span> <span class='ocrx_word' id='word_1_94' title='bbox 988 1311 1232 1369; x_wconf 85' lang='lat' dir='ltr'><strong>servivit.</strong></span> <span class='ocrx_word' id='word_1_95' title='bbox 1266 1309 1496 1381; x_wconf 84' lang='lat' dir='ltr'><strong>Propter</strong></span> <span class='ocrx_word' id='word_1_96' title='bbox 1524 1308 1671 1378; x_wconf 93' lang='lat' dir='ltr'><strong>quod</strong></span> <span class='ocrx_word' id='word_1_97' title='bbox 1694 1308 1927 1379; x_wconf 87' lang='lat' dir='ltr'><strong>Aposto-</strong></span> 
     </span>
    </p>
   </div>
   <div class='ocr_carea' id='block_1_13' title="bbox 319 1400 1926 1475">
    <p class='ocr_par' dir='ltr' id='par_1_13' title="bbox 319 1400 1926 1475">
     <span class='ocr_line' id='line_1_13' title="bbox 319 1400 1926 1475; baseline -0.005 -13"><span class='ocrx_word' id='word_1_98' title='bbox 319 1406 431 1472; x_wconf 89' lang='lat' dir='ltr'><strong>lus,</strong></span> <span class='ocrx_word' id='word_1_99' title='bbox 460 1414 518 1462; x_wconf 93' lang='lat' dir='ltr'><strong>ut</strong></span> <span class='ocrx_word' id='word_1_100' title='bbox 543 1406 611 1461; x_wconf 90' lang='lat' dir='ltr'><strong>ad</strong></span> <span class='ocrx_word' id='word_1_101' title='bbox 640 1406 943 1461; x_wconf 85' lang='lat' dir='ltr'><strong>libertatem</strong></span> <span class='ocrx_word' id='word_1_102' title='bbox 973 1402 1356 1475; x_wconf 83' lang='lat' dir='ltr'><strong>perveniamus</strong></span> <span class='ocrx_word' id='word_1_103' title='bbox 1380 1410 1661 1464; x_wconf 81' lang='lat' dir='ltr'><strong>aeternam,</strong></span> <span class='ocrx_word' id='word_1_104' title='bbox 1691 1400 1926 1455; x_wconf 88' lang='lat' dir='ltr'><strong>servitu-</strong></span> 
     </span>
    </p>
   </div>
   <div class='ocr_carea' id='block_1_14' title="bbox 319 1493 1926 1564">
    <p class='ocr_par' dir='ltr' id='par_1_14' title="bbox 319 1493 1926 1564">
     <span class='ocr_line' id='line_1_14' title="bbox 319 1493 1926 1564; baseline -0.002 -12"><span class='ocrx_word' id='word_1_105' title='bbox 319 1506 438 1554; x_wconf 89' lang='lat' dir='ltr'><strong>tem</strong></span> <span class='ocrx_word' id='word_1_106' title='bbox 466 1499 695 1554; x_wconf 89' lang='lat' dir='ltr'><strong>liberam</strong></span> <span class='ocrx_word' id='word_1_107' title='bbox 726 1497 956 1553; x_wconf 87' lang='lat' dir='ltr'><strong>invicem</strong></span> <span class='ocrx_word' id='word_1_108' title='bbox 998 1494 1199 1552; x_wconf 85' lang='lat' dir='ltr'><strong>Christi</strong></span> <span class='ocrx_word' id='word_1_109' title='bbox 1230 1495 1487 1551; x_wconf 87' lang='lat' dir='ltr'><strong>membris</strong></span> <span class='ocrx_word' id='word_1_110' title='bbox 1515 1495 1745 1564; x_wconf 85' lang='lat' dir='ltr'><strong>imperat</strong></span> <span class='ocrx_word' id='word_1_111' title='bbox 1772 1493 1926 1549; x_wconf 80' lang='lat' dir='ltr'><strong>exhi-</strong></span> 
     </span>
    </p>
   </div>
   <div class='ocr_carea' id='block_1_15' title="bbox 316 1586 1925 1656">
    <p class='ocr_par' dir='ltr' id='par_1_15' title="bbox 316 1586 1925 1656">
     <span class='ocr_line' id='line_1_15' title="bbox 316 1586 1925 1656; baseline -0.004 -11"><span class='ocrx_word' id='word_1_112' title='bbox 316 1589 580 1656; x_wconf 84' lang='lat' dir='ltr'><strong>bendam,</strong></span> <span class='ocrx_word' id='word_1_113' title='bbox 603 1589 788 1645; x_wconf 90' lang='lat' dir='ltr'><strong>dicens</strong></span> <span class='ocrx_word' id='word_1_114' title='bbox 819 1606 833 1643; x_wconf 87' lang='lat'><strong>:</strong></span> <span class='ocrx_word' id='word_1_115' title='bbox 874 1587 977 1643; x_wconf 83' lang='lat' dir='ltr'><strong>Vos</strong></span> <span class='ocrx_word' id='word_1_116' title='bbox 1005 1587 1142 1642; x_wconf 85' lang='lat' dir='ltr'><strong>enim</strong></span> <span class='ocrx_word' id='word_1_117' title='bbox 1165 1588 1220 1641; x_wconf 88' lang='lat' dir='ltr'><strong>in</strong></span> <span class='ocrx_word' id='word_1_118' title='bbox 1251 1586 1543 1642; x_wconf 89' lang='lat' dir='ltr'><strong>libertatem</strong></span> <span class='ocrx_word' id='word_1_119' title='bbox 1563 1587 1731 1641; x_wconf 81' lang='lat' dir='ltr'><strong>uocati</strong></span> <span class='ocrx_word' id='word_1_120' title='bbox 1760 1587 1884 1640; x_wconf 86' lang='lat' dir='ltr'><strong>estis</strong></span> <span class='ocrx_word' id='word_1_121' title='bbox 1907 1625 1925 1652; x_wconf 92' lang='lat'><strong>,</strong></span> 
     </span>
    </p>
   </div>
   <div class='ocr_carea' id='block_1_16' title="bbox 322 1678 1925 1754">
    <p class='ocr_par' dir='ltr' id='par_1_16' title="bbox 322 1678 1925 1754">
     <span class='ocr_line' id='line_1_16' title="bbox 322 1678 1925 1754; baseline -0.003 -17"><span class='ocrx_word' id='word_1_122' title='bbox 322 1684 519 1754; x_wconf 74' lang='lat' dir='ltr'><strong>fratres</strong></span> <span class='ocrx_word' id='word_1_123' title='bbox 545 1698 565 1736; x_wconf 88' lang='lat'><strong><em>:</em></strong></span> <span class='ocrx_word' id='word_1_124' title='bbox 611 1681 812 1737; x_wconf 75' lang='lat' dir='ltr'><strong>lautum</strong></span> <span class='ocrx_word' id='word_1_125' title='bbox 833 1721 849 1748; x_wconf 93' lang='lat'><strong>,</strong></span> <span class='ocrx_word' id='word_1_126' title='bbox 893 1696 957 1735; x_wconf 88' lang='lat' dir='ltr'><strong>ne</strong></span> <span class='ocrx_word' id='word_1_127' title='bbox 987 1678 1278 1734; x_wconf 88' lang='lat' dir='ltr'><strong>libertatem</strong></span> <span class='ocrx_word' id='word_1_128' title='bbox 1309 1679 1364 1733; x_wconf 91' lang='lat' dir='ltr'><strong>in</strong></span> <span class='ocrx_word' id='word_1_129' title='bbox 1391 1678 1720 1733; x_wconf 79' lang='lat' dir='ltr'><strong>occasionem</strong></span> <span class='ocrx_word' id='word_1_130' title='bbox 1744 1678 1925 1737; x_wconf 87' lang='lat' dir='ltr'><strong>carnis</strong></span> 
     </span>
    </p>
   </div>
   <div class='ocr_carea' id='block_1_17' title="bbox 317 1768 1923 1845">
    <p class='ocr_par' dir='ltr' id='par_1_17' title="bbox 317 1768 1923 1845">
     <span class='ocr_line' id='line_1_17' title="bbox 317 1768 1923 1845; baseline -0.004 -14"><span class='ocrx_word' id='word_1_131' title='bbox 317 1773 493 1841; x_wconf 67' lang='lat' dir='ltr'><strong>detis,</strong></span> <span class='ocrx_word' id='word_1_132' title='bbox 524 1773 615 1831; x_wconf 86' lang='lat' dir='ltr'><strong>sed</strong></span> <span class='ocrx_word' id='word_1_133' title='bbox 638 1791 730 1845; x_wconf 69' lang='lat' dir='ltr'><strong>per</strong></span> <span class='ocrx_word' id='word_1_134' title='bbox 759 1773 1030 1829; x_wconf 81' lang='lat' dir='ltr'><strong>caritatem</strong></span> <span class='ocrx_word' id='word_1_135' title='bbox 1068 1771 1488 1827; x_wconf 86' lang='lat' dir='ltr'><strong>serviteinvicem</strong></span> <span class='ocrx_word' id='word_1_136' title='bbox 1521 1768 1666 1843; x_wconf 84' lang='lat' dir='ltr'><strong>(Gal.</strong></span> <span class='ocrx_word' id='word_1_137' title='bbox 1722 1787 1773 1836; x_wconf 91' lang='lat' dir='ltr'><strong>v,</strong></span> <span class='ocrx_word' id='word_1_138' title='bbox 1811 1769 1923 1841; x_wconf 78' lang='grc'><strong>15).</strong></span> 
     </span>
    </p>
   </div>
   <div class='ocr_carea' id='block_1_18' title="bbox 2033 567 3625 640">
    <p class='ocr_par' dir='ltr' id='par_1_18' title="bbox 2033 567 3625 640">
     <span class='ocr_line' id='line_1_18' title="bbox 2033 567 3625 640; baseline 0 -15"><span class='ocrx_word' id='word_1_139' title='bbox 2033 569 2500 640; x_wconf 88' lang='lat' dir='ltr'><strong>semperabundat</strong></span> <span class='ocrx_word' id='word_1_140' title='bbox 2520 577 2579 625; x_wconf 91' lang='lat' dir='ltr'><strong>ut</strong></span> <span class='ocrx_word' id='word_1_141' title='bbox 2593 569 2781 635; x_wconf 90' lang='lat' dir='ltr'><strong>donet,</strong></span> <span class='ocrx_word' id='word_1_142' title='bbox 2806 586 2906 626; x_wconf 89' lang='lat' dir='ltr'><strong>nec</strong></span> <span class='ocrx_word' id='word_1_143' title='bbox 2919 569 3172 626; x_wconf 89' lang='lat' dir='ltr'><strong>donando</strong></span> <span class='ocrx_word' id='word_1_144' title='bbox 3193 567 3251 623; x_wconf 87' lang='lat' dir='ltr'><strong>fit</strong></span> <span class='ocrx_word' id='word_1_145' title='bbox 3271 569 3507 638; x_wconf 88' lang='lat' dir='ltr'><strong>indigus,</strong></span> <span class='ocrx_word' id='word_1_146' title='bbox 3531 569 3625 640; x_wconf 88' lang='lat' dir='ltr'><strong>qui</strong></span> 
     </span>
    </p>
   </div>
   <div class='ocr_carea' id='block_1_19' title="bbox 2033 660 3628 733">
    <p class='ocr_par' dir='ltr' id='par_1_19' title="bbox 2033 660 3628 733">
     <span class='ocr_line' id='line_1_19' title="bbox 2033 660 3628 733; baseline 0.001 -18"><span class='ocrx_word' id='word_1_147' title='bbox 2033 660 2140 716; x_wconf 88' lang='lat' dir='ltr'><strong>hoc</strong></span> <span class='ocrx_word' id='word_1_148' title='bbox 2152 660 2437 732; x_wconf 89' lang='lat' dir='ltr'><strong>donatquo</strong></span> <span class='ocrx_word' id='word_1_149' title='bbox 2449 677 2662 733; x_wconf 88' lang='lat' dir='ltr'><strong>semper</strong></span> <span class='ocrx_word' id='word_1_150' title='bbox 2682 661 2968 733; x_wconf 91' lang='lat' dir='ltr'><strong>estplenus</strong></span> <span class='ocrx_word' id='word_1_151' title='bbox 2985 679 2999 727; x_wconf 91' lang='lat'><strong>;</strong></span> <span class='ocrx_word' id='word_1_152' title='bbox 3019 676 3119 716; x_wconf 91' lang='lat' dir='ltr'><strong>nec</strong></span> <span class='ocrx_word' id='word_1_153' title='bbox 3134 660 3368 729; x_wconf 88' lang='lat' dir='ltr'><strong>estquod</strong></span> <span class='ocrx_word' id='word_1_154' title='bbox 3383 660 3457 715; x_wconf 91' lang='lat' dir='ltr'><strong>illi</strong></span> <span class='ocrx_word' id='word_1_155' title='bbox 3475 677 3503 716; x_wconf 88' lang='lat' dir='ltr'><strong>a</strong></span> <span class='ocrx_word' id='word_1_156' title='bbox 3534 677 3628 717; x_wconf 90' lang='lat' dir='ltr'><strong>no-</strong></span> 
     </span>
    </p>
   </div>
   <div class='ocr_carea' id='block_1_20' title="bbox 2034 753 3628 828">
    <p class='ocr_par' dir='ltr' id='par_1_20' title="bbox 2034 753 3628 828">
     <span class='ocr_line' id='line_1_20' title="bbox 2034 753 3628 828; baseline -0.001 -19"><span class='ocrx_word' id='word_1_157' title='bbox 2034 754 2115 809; x_wconf 89' lang='lat' dir='ltr'><strong>bis</strong></span> <span class='ocrx_word' id='word_1_158' title='bbox 2141 753 2399 811; x_wconf 85' lang='lat' dir='ltr'><strong>oﬁ‘eratur</strong></span> <span class='ocrx_word' id='word_1_159' title='bbox 2430 754 2523 828; x_wconf 90' lang='lat' dir='ltr'><strong>(al.</strong></span> <span class='ocrx_word' id='word_1_160' title='bbox 2557 755 2832 827; x_wconf 83' lang='lat' dir='ltr'><strong>all‘eratur)</strong></span> <span class='ocrx_word' id='word_1_161' title='bbox 2856 754 3218 825; x_wconf 69' lang='lat' dir='ltr'><strong>cogitationis,</strong></span> <span class='ocrx_word' id='word_1_162' title='bbox 3251 753 3516 809; x_wconf 82' lang='lat' dir='ltr'><strong>sermonis</strong></span> <span class='ocrx_word' id='word_1_163' title='bbox 3533 761 3628 809; x_wconf 89' lang='lat' dir='ltr'><strong>aut</strong></span> 
     </span>
    </p>
   </div>
   <div class='ocr_carea' id='block_1_21' title="bbox 2032 846 3624 920">
    <p class='ocr_par' dir='ltr' id='par_1_21' title="bbox 2032 846 3624 920">
     <span class='ocr_line' id='line_1_21' title="bbox 2032 846 3624 920; baseline -0.002 -15"><span class='ocrx_word' id='word_1_164' title='bbox 2032 848 2215 919; x_wconf 87' lang='lat' dir='ltr'><strong>operis</strong></span> <span class='ocrx_word' id='word_1_165' title='bbox 2239 848 2498 919; x_wconf 89' lang='lat' dir='ltr'><strong>placitum</strong></span> <span class='ocrx_word' id='word_1_166' title='bbox 2523 865 2737 915; x_wconf 89' lang='lat' dir='ltr'><strong>munus,</strong></span> <span class='ocrx_word' id='word_1_167' title='bbox 2768 848 2912 920; x_wconf 88' lang='lat' dir='ltr'><strong>quod</strong></span> <span class='ocrx_word' id='word_1_168' title='bbox 2934 849 3049 920; x_wconf 90' lang='lat' dir='ltr'><strong>ipse</strong></span> <span class='ocrx_word' id='word_1_169' title='bbox 3077 865 3182 904; x_wconf 91' lang='lat' dir='ltr'><strong>non</strong></span> <span class='ocrx_word' id='word_1_170' title='bbox 3207 847 3368 903; x_wconf 89' lang='lat' dir='ltr'><strong>fuerit</strong></span> <span class='ocrx_word' id='word_1_171' title='bbox 3392 846 3624 916; x_wconf 86' lang='lat' dir='ltr'><strong>gratuita</strong></span> 
     </span>
    </p>
   </div>
   <div class='ocr_carea' id='block_1_22' title="bbox 2033 939 3628 1010">
    <p class='ocr_par' dir='ltr' id='par_1_22' title="bbox 2033 939 3628 1010">
     <span class='ocr_line' id='line_1_22' title="bbox 2033 939 3628 1010; baseline -0.004 -15"><span class='ocrx_word' id='word_1_172' title='bbox 2033 940 2366 1010; x_wconf 90' lang='lat' dir='ltr'><strong>benignitate</strong></span> <span class='ocrx_word' id='word_1_173' title='bbox 2387 940 2630 1010; x_wconf 89' lang='lat' dir='ltr'><strong>largitus.</strong></span> <span class='ocrx_word' id='word_1_174' title='bbox 2650 940 2856 996; x_wconf 86' lang='lat' dir='ltr'><strong>Idcirco</strong></span> <span class='ocrx_word' id='word_1_175' title='bbox 2870 948 3051 995; x_wconf 88' lang='lat' dir='ltr'><strong>autem</strong></span> <span class='ocrx_word' id='word_1_176' title='bbox 3070 939 3301 1009; x_wconf 90' lang='lat' dir='ltr'><strong>gratuita</strong></span> <span class='ocrx_word' id='word_1_177' title='bbox 3311 952 3527 1007; x_wconf 87' lang='lat' dir='ltr'><strong>semper</strong></span> <span class='ocrx_word' id='word_1_178' title='bbox 3543 942 3628 989; x_wconf 88' lang='lat' dir='ltr'><strong>est</strong></span> 
     </span>
    </p>
   </div>
   <div class='ocr_carea' id='block_1_23' title="bbox 2034 1019 3652 1109">
    <p class='ocr_par' dir='ltr' id='par_1_23' title="bbox 2034 1019 3652 1109">
     <span class='ocr_line' id='line_1_23' title="bbox 2034 1019 3652 1109; baseline -0.002 -23"><span class='ocrx_word' id='word_1_179' title='bbox 2034 1031 2129 1087; x_wconf 89' lang='lat' dir='ltr'><strong>Dei</strong></span> <span class='ocrx_word' id='word_1_180' title='bbox 2144 1039 2332 1089; x_wconf 88' lang='lat' dir='ltr'><strong>sancta</strong></span> <span class='ocrx_word' id='word_1_181' title='bbox 2353 1033 2590 1102; x_wconf 83' lang='lat' dir='ltr'><strong>largitio,</strong></span> <span class='ocrx_word' id='word_1_182' title='bbox 2611 1035 2737 1105; x_wconf 87' lang='lat' dir='ltr'><strong>quia</strong></span> <span class='ocrx_word' id='word_1_183' title='bbox 2759 1034 3115 1089; x_wconf 89' lang='lat' dir='ltr'><strong>humanorum</strong></span> <span class='ocrx_word' id='word_1_184' title='bbox 3138 1031 3455 1085; x_wconf 88' lang='lat' dir='ltr'><strong>meritorum</strong></span> <span class='ocrx_word' id='word_1_185' title='bbox 3480 1019 3652 1109; x_wconf 83' lang='lat' dir='ltr'><strong>nulla</strong></span> 
     </span>
    </p>
   </div>
   <div class='ocr_carea' id='block_1_24' title="bbox 2033 1116 3649 1198">
    <p class='ocr_par' dir='ltr' id='par_1_24' title="bbox 2033 1116 3649 1198">
     <span class='ocr_line' id='line_1_24' title="bbox 2033 1116 3649 1198; baseline -0.004 -17"><span class='ocrx_word' id='word_1_186' title='bbox 2033 1141 2269 1197; x_wconf 89' lang='lat' dir='ltr'><strong>unquam</strong></span> <span class='ocrx_word' id='word_1_187' title='bbox 2298 1128 2556 1198; x_wconf 63' lang='lat' dir='ltr'><strong>praecedit</strong></span> <span class='ocrx_word' id='word_1_188' title='bbox 2574 1128 2786 1183; x_wconf 77' lang='lat' dir='ltr'><strong>exactio</strong></span> <span class='ocrx_word' id='word_1_189' title='bbox 2818 1146 2830 1181; x_wconf 83' lang='lat'><strong>:</strong></span> <span class='ocrx_word' id='word_1_190' title='bbox 2863 1127 2989 1197; x_wconf 89' lang='lat' dir='ltr'><strong>quia</strong></span> <span class='ocrx_word' id='word_1_191' title='bbox 3019 1126 3120 1181; x_wconf 87' lang='lat' dir='ltr'><strong>etsi</strong></span> <span class='ocrx_word' id='word_1_192' title='bbox 3145 1123 3289 1197; x_wconf 91' lang='lat' dir='ltr'><strong>quod</strong></span> <span class='ocrx_word' id='word_1_193' title='bbox 3318 1132 3401 1179; x_wconf 91' lang='lat' dir='ltr'><strong>est</strong></span> <span class='ocrx_word' id='word_1_194' title='bbox 3422 1116 3649 1178; x_wconf 86' lang='lat' dir='ltr'><strong>bonum</strong></span> 
     </span>
    </p>
   </div>
   <div class='ocr_carea' id='block_1_25' title="bbox 2032 1216 3626 1289">
    <p class='ocr_par' dir='ltr' id='par_1_25' title="bbox 2032 1216 3626 1289">
     <span class='ocr_line' id='line_1_25' title="bbox 2032 1216 3626 1289; baseline -0.004 -17"><span class='ocrx_word' id='word_1_195' title='bbox 2032 1218 2319 1289; x_wconf 85' lang='lat' dir='ltr'><strong>cujuslibet</strong></span> <span class='ocrx_word' id='word_1_196' title='bbox 2339 1218 2571 1273; x_wconf 86' lang='lat' dir='ltr'><strong>hominis</strong></span> <span class='ocrx_word' id='word_1_197' title='bbox 2604 1220 2874 1287; x_wconf 87' lang='lat' dir='ltr'><strong>meritum,</strong></span> <span class='ocrx_word' id='word_1_198' title='bbox 2899 1218 2966 1273; x_wconf 91' lang='lat' dir='ltr'><strong>ab</strong></span> <span class='ocrx_word' id='word_1_199' title='bbox 2993 1217 3111 1288; x_wconf 89' lang='lat' dir='ltr'><strong>ipso</strong></span> <span class='ocrx_word' id='word_1_200' title='bbox 3132 1224 3216 1272; x_wconf 88' lang='lat' dir='ltr'><strong>est</strong></span> <span class='ocrx_word' id='word_1_201' title='bbox 3242 1216 3426 1284; x_wconf 86' lang='lat' dir='ltr'><strong>utique</strong></span> <span class='ocrx_word' id='word_1_202' title='bbox 3455 1230 3486 1267; x_wconf 90' lang='lat' dir='ltr'><strong>a</strong></span> <span class='ocrx_word' id='word_1_203' title='bbox 3515 1228 3626 1283; x_wconf 88' lang='lat' dir='ltr'><strong>quo</strong></span> 
     </span>
    </p>
   </div>
   <div class='ocr_carea' id='block_1_26' title="bbox 2032 1307 3626 1381">
    <p class='ocr_par' dir='ltr' id='par_1_26' title="bbox 2032 1307 3626 1381">
     <span class='ocr_line' id='line_1_26' title="bbox 2032 1307 3626 1381; baseline -0.004 -16"><span class='ocrx_word' id='word_1_204' title='bbox 2032 1317 2116 1369; x_wconf 89' lang='lat' dir='ltr'><strong>est</strong></span> <span class='ocrx_word' id='word_1_205' title='bbox 2144 1327 2295 1366; x_wconf 87' lang='lat' dir='ltr'><strong>omne</strong></span> <span class='ocrx_word' id='word_1_206' title='bbox 2331 1311 2512 1365; x_wconf 85' lang='lat' dir='ltr'><strong>datum</strong></span> <span class='ocrx_word' id='word_1_207' title='bbox 2547 1312 2798 1381; x_wconf 87' lang='lat' dir='ltr'><strong>optimunt</strong></span> <span class='ocrx_word' id='word_1_208' title='bbox 2838 1319 2887 1365; x_wconf 91' lang='lat' dir='ltr'><strong>et</strong></span> <span class='ocrx_word' id='word_1_209' title='bbox 2942 1326 3094 1365; x_wconf 89' lang='lat' dir='ltr'><strong>omne</strong></span> <span class='ocrx_word' id='word_1_210' title='bbox 3121 1308 3314 1364; x_wconf 86' lang='lat' dir='ltr'><strong>donum</strong></span> <span class='ocrx_word' id='word_1_211' title='bbox 3337 1307 3626 1379; x_wconf 77' lang='lat' dir='ltr'><strong>perfectum</strong></span> 
     </span>
    </p>
   </div>
   <div class='ocr_carea' id='block_1_27' title="bbox 2035 1394 3624 1473">
    <p class='ocr_par' dir='ltr' id='par_1_27' title="bbox 2035 1394 3624 1473">
     <span class='ocr_line' id='line_1_27' title="bbox 2035 1394 3624 1473; baseline -0.001 -20"><span class='ocrx_word' id='word_1_212' title='bbox 2035 1400 2173 1473; x_wconf 83' lang='lat' dir='ltr'><strong>(Jac.</strong></span> <span class='ocrx_word' id='word_1_213' title='bbox 2206 1417 2243 1466; x_wconf 92' lang='grc' dir='ltr'><strong>ι,</strong></span> <span class='ocrx_word' id='word_1_214' title='bbox 2284 1401 2376 1470; x_wconf 82' lang='lat' dir='ltr'><strong>l7)</strong></span> <span class='ocrx_word' id='word_1_215' title='bbox 2410 1419 2422 1454; x_wconf 94' lang='lat'>:</span> <span class='ocrx_word' id='word_1_216' title='bbox 2455 1400 2599 1472; x_wconf 90' lang='lat' dir='ltr'><strong>quod</strong></span> <span class='ocrx_word' id='word_1_217' title='bbox 2621 1417 2722 1457; x_wconf 90' lang='lat' dir='ltr'><strong>nec</strong></span> <span class='ocrx_word' id='word_1_218' title='bbox 2761 1401 2962 1457; x_wconf 87' lang='lat' dir='ltr'><strong>habere</strong></span> <span class='ocrx_word' id='word_1_219' title='bbox 2991 1408 3171 1472; x_wconf 86' lang='lat' dir='ltr'><strong>potest</strong></span> <span class='ocrx_word' id='word_1_220' title='bbox 3199 1398 3393 1466; x_wconf 91' lang='lat' dir='ltr'><strong>homo,</strong></span> <span class='ocrx_word' id='word_1_221' title='bbox 3425 1397 3527 1452; x_wconf 86' lang='lat' dir='ltr'><strong>nisi</strong></span> <span class='ocrx_word' id='word_1_222' title='bbox 3556 1394 3624 1452; x_wconf 88' lang='lat' dir='ltr'><strong>ab</strong></span> 
     </span>
    </p>
   </div>
   <div class='ocr_carea' id='block_1_28' title="bbox 2032 1488 3624 1564">
    <p class='ocr_par' dir='ltr' id='par_1_28' title="bbox 2032 1488 3624 1564">
     <span class='ocr_line' id='line_1_28' title="bbox 2032 1488 3624 1564; baseline -0.003 -16"><span class='ocrx_word' id='word_1_223' title='bbox 2032 1494 2150 1564; x_wconf 89' lang='lat' dir='ltr'><strong>ipso</strong></span> <span class='ocrx_word' id='word_1_224' title='bbox 2190 1491 2353 1549; x_wconf 87' lang='lat' dir='ltr'><strong>fuerit</strong></span> <span class='ocrx_word' id='word_1_225' title='bbox 2405 1493 2608 1559; x_wconf 90' lang='lat' dir='ltr'><strong>datum,</strong></span> <span class='ocrx_word' id='word_1_226' title='bbox 2668 1509 2768 1549; x_wconf 92' lang='lat' dir='ltr'><strong>nec</strong></span> <span class='ocrx_word' id='word_1_227' title='bbox 2810 1500 3226 1563; x_wconf 81' lang='lat' dir='ltr'><strong>perseveranter</strong></span> <span class='ocrx_word' id='word_1_228' title='bbox 3258 1490 3483 1555; x_wconf 89' lang='lat' dir='ltr'><strong>habere,</strong></span> <span class='ocrx_word' id='word_1_229' title='bbox 3519 1488 3624 1545; x_wconf 89' lang='lat' dir='ltr'><strong>nisi</strong></span> 
     </span>
    </p>
   </div>
   <div class='ocr_carea' id='block_1_29' title="bbox 2032 1582 3625 1657">
    <p class='ocr_par' dir='ltr' id='par_1_29' title="bbox 2032 1582 3625 1657">
     <span class='ocr_line' id='line_1_29' title="bbox 2032 1582 3625 1657; baseline -0.003 -16"><span class='ocrx_word' id='word_1_230' title='bbox 2032 1585 2196 1642; x_wconf 90' lang='lat' dir='ltr'><strong>fuerit</strong></span> <span class='ocrx_word' id='word_1_231' title='bbox 2222 1586 2339 1657; x_wconf 82' lang='lat' dir='ltr'><strong>ipso</strong></span> <span class='ocrx_word' id='word_1_232' title='bbox 2389 1586 2612 1641; x_wconf 88' lang='lat' dir='ltr'><strong>custode</strong></span> <span class='ocrx_word' id='word_1_233' title='bbox 2641 1593 2935 1641; x_wconf 84' lang='lat' dir='ltr'><strong>servatum.</strong></span> <span class='ocrx_word' id='word_1_234' title='bbox 2984 1583 3065 1638; x_wconf 86' lang='lat' dir='ltr'><strong>Ab</strong></span> <span class='ocrx_word' id='word_1_235' title='bbox 3104 1582 3222 1654; x_wconf 91' lang='lat' dir='ltr'><strong>ipso</strong></span> <span class='ocrx_word' id='word_1_236' title='bbox 3266 1582 3429 1651; x_wconf 79' lang='lat' dir='ltr'><strong>igitur</strong></span> <span class='ocrx_word' id='word_1_237' title='bbox 3457 1595 3625 1651; x_wconf 88' lang='lat' dir='ltr'><strong>posco</strong></span> 
     </span>
    </p>
   </div>
   <div class='ocr_carea' id='block_1_30' title="bbox 2031 1671 3627 1748">
    <p class='ocr_par' dir='ltr' id='par_1_30' title="bbox 2031 1671 3627 1748">
     <span class='ocr_line' id='line_1_30' title="bbox 2031 1671 3627 1748; baseline -0.004 -14"><span class='ocrx_word' id='word_1_238' title='bbox 2031 1680 2182 1736; x_wconf 87' lang='lat' dir='ltr'><strong>reddi</strong></span> <span class='ocrx_word' id='word_1_239' title='bbox 2226 1678 2381 1748; x_wconf 87' lang='lat' dir='ltr'><strong>hujus</strong></span> <span class='ocrx_word' id='word_1_240' title='bbox 2406 1679 2573 1734; x_wconf 88' lang='lat' dir='ltr'><strong>debiti</strong></span> <span class='ocrx_word' id='word_1_241' title='bbox 2598 1679 2939 1744; x_wconf 84' lang='lat' dir='ltr'><strong>facultatem,</strong></span> <span class='ocrx_word' id='word_1_242' title='bbox 2969 1693 3000 1733; x_wconf 88' lang='lat' dir='ltr'><strong>a</strong></span> <span class='ocrx_word' id='word_1_243' title='bbox 3021 1692 3129 1746; x_wconf 83' lang='lat' dir='ltr'><strong>quo</strong></span> <span class='ocrx_word' id='word_1_244' title='bbox 3160 1673 3416 1731; x_wconf 84' lang='lat' dir='ltr'><strong>reddendi</strong></span> <span class='ocrx_word' id='word_1_245' title='bbox 3440 1671 3627 1745; x_wconf 88' lang='lat' dir='ltr'><strong>accepi</strong></span> 
     </span>
    </p>
   </div>
   <div class='ocr_carea' id='block_1_31' title="bbox 2030 1767 3627 1843">
    <p class='ocr_par' dir='ltr' id='par_1_31' title="bbox 2030 1767 3627 1843">
     <span class='ocr_line' id='line_1_31' title="bbox 2030 1767 3627 1843; baseline -0.004 -15"><span class='ocrx_word' id='word_1_246' title='bbox 2030 1773 2386 1829; x_wconf 86' lang='lat' dir='ltr'><strong>voluntatem.</strong></span> <span class='ocrx_word' id='word_1_247' title='bbox 2440 1772 2625 1843; x_wconf 87' lang='lat' dir='ltr'><strong>Neque</strong></span> <span class='ocrx_word' id='word_1_248' title='bbox 2674 1772 2819 1827; x_wconf 90' lang='lat' dir='ltr'><strong>enim</strong></span> <span class='ocrx_word' id='word_1_249' title='bbox 2868 1770 2956 1825; x_wconf 89' lang='lat' dir='ltr'><strong>vel</strong></span> <span class='ocrx_word' id='word_1_250' title='bbox 3010 1768 3236 1825; x_wconf 89' lang='lat' dir='ltr'><strong>reddere</strong></span> <span class='ocrx_word' id='word_1_251' title='bbox 3289 1767 3627 1838; x_wconf 82' lang='lat' dir='ltr'><strong>aliquatenus</strong></span> 
     </span>
    </p>
   </div>
   <div class='ocr_carea' id='block_1_32' title="bbox 395 1854 3625 1957">
    <p class='ocr_par' dir='ltr' id='par_1_32' title="bbox 395 1854 3625 1957">
     <span class='ocr_line' id='line_1_32' title="bbox 395 1854 3625 1957; baseline -0.009 -14"><span class='ocrx_word' id='word_1_252' title='bbox 395 1886 452 1943; x_wconf 73' lang='grc' dir='ltr'><strong>ὅ.</strong></span> <span class='ocrx_word' id='word_1_253' title='bbox 482 1887 697 1955; x_wconf 86' lang='lat' dir='ltr'><strong>Quanto</strong></span> <span class='ocrx_word' id='word_1_254' title='bbox 726 1886 895 1956; x_wconf 87' lang='lat' dir='ltr'><strong>magis</strong></span> <span class='ocrx_word' id='word_1_255' title='bbox 919 1887 1080 1957; x_wconf 89' lang='lat' dir='ltr'><strong>igitur</strong></span> <span class='ocrx_word' id='word_1_256' title='bbox 1105 1886 1335 1942; x_wconf 84' lang='lat' dir='ltr'><strong>reddere</strong></span> <span class='ocrx_word' id='word_1_257' title='bbox 1356 1886 1504 1956; x_wconf 88' lang='lat' dir='ltr'><strong>quod</strong></span> <span class='ocrx_word' id='word_1_258' title='bbox 1548 1887 1720 1955; x_wconf 80' lang='lat' dir='ltr'><strong>exigis</strong></span> <span class='ocrx_word' id='word_1_259' title='bbox 1767 1887 1926 1956; x_wconf 74' lang='lat' dir='ltr'><strong>hujus</strong></span> <span class='ocrx_word' id='word_1_260' title='bbox 1956 1863 2006 1925; x_wconf 83' lang='lat' dir='ltr'><strong>B</strong></span> <span class='ocrx_word' id='word_1_261' title='bbox 2032 1867 2246 1931; x_wconf 84' lang='lat' dir='ltr'><strong>vellem,</strong></span> <span class='ocrx_word' id='word_1_262' title='bbox 2300 1865 2401 1921; x_wconf 87' lang='lat' dir='ltr'><strong>nisi</strong></span> <span class='ocrx_word' id='word_1_263' title='bbox 2443 1865 2752 1921; x_wconf 87' lang='lat' dir='ltr'><strong>misericors</strong></span> <span class='ocrx_word' id='word_1_264' title='bbox 2799 1864 2916 1957; x_wconf 88' lang='lat' dir='ltr'><strong>ipse</strong></span> <span class='ocrx_word' id='word_1_265' title='bbox 2957 1863 3187 1957; x_wconf 75' lang='lat' dir='ltr'><strong>donaret</strong></span> <span class='ocrx_word' id='word_1_266' title='bbox 3215 1871 3275 1957; x_wconf 85' lang='lat' dir='ltr'><strong>ut</strong></span> <span class='ocrx_word' id='word_1_267' title='bbox 3299 1861 3514 1917; x_wconf 87' lang='lat' dir='ltr'><strong>vellem.</strong></span> <span class='ocrx_word' id='word_1_268' title='bbox 3567 1854 3625 1957; x_wconf 62' lang='lat' dir='ltr'><strong>Si</strong></span> 
     </span>
    </p>
   </div>
   <div class='ocr_carea' id='block_1_33' title="bbox 318 1978 1923 2051">
    <p class='ocr_par' dir='ltr' id='par_1_33' title="bbox 318 1978 1923 2051">
     <span class='ocr_line' id='line_1_33' title="bbox 318 1978 1923 2051; baseline 0 -14"><span class='ocrx_word' id='word_1_269' title='bbox 318 1979 604 2037; x_wconf 78' lang='lat' dir='ltr'><strong>servitutis</strong></span> <span class='ocrx_word' id='word_1_270' title='bbox 649 1987 922 2050; x_wconf 62' lang='lat' dir='ltr'><strong>praecepto</strong></span> <span class='ocrx_word' id='word_1_271' title='bbox 948 1978 1270 2051; x_wconf 89' lang='lat' dir='ltr'><strong>compellor,</strong></span> <span class='ocrx_word' id='word_1_272' title='bbox 1320 1986 1472 2033; x_wconf 89' lang='lat' dir='ltr'><strong>tanto</strong></span> <span class='ocrx_word' id='word_1_273' title='bbox 1517 1978 1689 2048; x_wconf 87' lang='lat' dir='ltr'><strong>magis</strong></span> <span class='ocrx_word' id='word_1_274' title='bbox 1727 1978 1923 2037; x_wconf 89' lang='lat' dir='ltr'><strong>virium</strong></span> 
     </span>
    </p>
   </div>
   <div class='ocr_carea' id='block_1_34' title="bbox 320 2070 1926 2128">
    <p class='ocr_par' dir='ltr' id='par_1_34' title="bbox 320 2070 1926 2128">
     <span class='ocr_line' id='line_1_34' title="bbox 320 2070 1926 2128; baseline 0 0"><span class='ocrx_word' id='word_1_275' title='bbox 320 2086 574 2128; x_wconf 88' lang='lat' dir='ltr'><strong>mearum</strong></span> <span class='ocrx_word' id='word_1_276' title='bbox 621 2071 1059 2128; x_wconf 85' lang='lat' dir='ltr'><strong>consideratione</strong></span> <span class='ocrx_word' id='word_1_277' title='bbox 1107 2072 1410 2128; x_wconf 87' lang='lat' dir='ltr'><strong>deterreor.</strong></span> <span class='ocrx_word' id='word_1_278' title='bbox 1462 2070 1561 2127; x_wconf 88' lang='lat' dir='ltr'><strong>Est</strong></span> <span class='ocrx_word' id='word_1_279' title='bbox 1613 2072 1758 2127; x_wconf 89' lang='lat' dir='ltr'><strong>enim</strong></span> <span class='ocrx_word' id='word_1_280' title='bbox 1800 2072 1926 2128; x_wconf 89' lang='lat' dir='ltr'><strong>talis</strong></span> 
     </span>
    </p>
   </div>
   <div class='ocr_carea' id='block_1_35' title="bbox 320 2163 1925 2235">
    <p class='ocr_par' dir='ltr' id='par_1_35' title="bbox 320 2163 1925 2235">
     <span class='ocr_line' id='line_1_35' title="bbox 320 2163 1925 2235; baseline -0.001 -14"><span class='ocrx_word' id='word_1_281' title='bbox 320 2165 610 2234; x_wconf 86' lang='lat' dir='ltr'><strong>utriusque</strong></span> <span class='ocrx_word' id='word_1_282' title='bbox 636 2164 855 2219; x_wconf 87' lang='lat' dir='ltr'><strong>virtutis</strong></span> <span class='ocrx_word' id='word_1_283' title='bbox 882 2164 1098 2235; x_wconf 88' lang='lat' dir='ltr'><strong>copula,</strong></span> <span class='ocrx_word' id='word_1_284' title='bbox 1122 2164 1191 2220; x_wconf 90' lang='lat' dir='ltr'><strong>de</strong></span> <span class='ocrx_word' id='word_1_285' title='bbox 1205 2178 1312 2235; x_wconf 89' lang='lat' dir='ltr'><strong>qua</strong></span> <span class='ocrx_word' id='word_1_286' title='bbox 1339 2164 1472 2219; x_wconf 87' lang='lat' dir='ltr'><strong>mihi</strong></span> <span class='ocrx_word' id='word_1_287' title='bbox 1494 2173 1581 2220; x_wconf 89' lang='lat' dir='ltr'><strong>est</strong></span> <span class='ocrx_word' id='word_1_288' title='bbox 1602 2163 1804 2235; x_wconf 88' lang='lat' dir='ltr'><strong>aliquid</strong></span> <span class='ocrx_word' id='word_1_289' title='bbox 1820 2205 1837 2231; x_wconf 88' lang='lat'><strong>,</strong></span> <span class='ocrx_word' id='word_1_290' title='bbox 1867 2164 1925 2220; x_wconf 89' lang='lat' dir='ltr'><strong>in</strong></span> 
     </span>
    </p>
   </div>
   <div class='ocr_carea' id='block_1_36' title="bbox 320 2243 1926 2327">
    <p class='ocr_par' dir='ltr' id='par_1_36' title="bbox 320 2243 1926 2327">
     <span class='ocr_line' id='line_1_36' title="bbox 320 2243 1926 2327; baseline -0.001 -15"><span class='ocrx_word' id='word_1_291' title='bbox 320 2243 587 2326; x_wconf 70' lang='lat' dir='ltr'><strong>quantum</strong></span> <span class='ocrx_word' id='word_1_292' title='bbox 608 2256 751 2312; x_wconf 90' lang='lat' dir='ltr'><strong>Deus</strong></span> <span class='ocrx_word' id='word_1_293' title='bbox 770 2256 1071 2323; x_wconf 85' lang='lat' dir='ltr'><strong>donaverit,</strong></span> <span class='ocrx_word' id='word_1_294' title='bbox 1085 2254 1492 2327; x_wconf 89' lang='lat' dir='ltr'><strong>disputandum,</strong></span> <span class='ocrx_word' id='word_1_295' title='bbox 1514 2262 1575 2310; x_wconf 88' lang='lat' dir='ltr'><strong>ut</strong></span> <span class='ocrx_word' id='word_1_296' title='bbox 1593 2257 1648 2310; x_wconf 90' lang='lat' dir='ltr'><strong>in</strong></span> <span class='ocrx_word' id='word_1_297' title='bbox 1668 2254 1926 2325; x_wconf 78' lang='lat' dir='ltr'><strong>praesenti</strong></span> 
     </span>
    </p>
   </div>
   <div class='ocr_carea' id='block_1_37' title="bbox 319 2345 1921 2419">
    <p class='ocr_par' dir='ltr' id='par_1_37' title="bbox 319 2345 1921 2419">
     <span class='ocr_line' id='line_1_37' title="bbox 319 2345 1921 2419; baseline -0.001 -16"><span class='ocrx_word' id='word_1_298' title='bbox 319 2348 436 2403; x_wconf 84' lang='lat' dir='ltr'><strong>vita</strong></span> <span class='ocrx_word' id='word_1_299' title='bbox 466 2348 582 2419; x_wconf 87' lang='lat' dir='ltr'><strong>ipsa</strong></span> <span class='ocrx_word' id='word_1_300' title='bbox 610 2348 684 2404; x_wconf 89' lang='lat' dir='ltr'><strong>sit</strong></span> <span class='ocrx_word' id='word_1_301' title='bbox 726 2348 968 2403; x_wconf 90' lang='lat' dir='ltr'><strong>omnium</strong></span> <span class='ocrx_word' id='word_1_302' title='bbox 994 2345 1256 2419; x_wconf 82' lang='lat' dir='ltr'><strong>perfectio</strong></span> <span class='ocrx_word' id='word_1_303' title='bbox 1278 2347 1604 2416; x_wconf 86' lang='lat' dir='ltr'><strong>culmenque</strong></span> <span class='ocrx_word' id='word_1_304' title='bbox 1625 2347 1921 2403; x_wconf 85' lang='lat' dir='ltr'><strong>virtutum:</strong></span> 
     </span>
    </p>
   </div>
   <div class='ocr_carea' id='block_1_38' title="bbox 318 2438 1925 2511">
    <p class='ocr_par' dir='ltr' id='par_1_38' title="bbox 318 2438 1925 2511">
     <span class='ocr_line' id='line_1_38' title="bbox 318 2438 1925 2511; baseline 0.001 -17"><span class='ocrx_word' id='word_1_305' title='bbox 318 2440 450 2509; x_wconf 87' lang='lat' dir='ltr'><strong>quia</strong></span> <span class='ocrx_word' id='word_1_306' title='bbox 474 2454 574 2495; x_wconf 88' lang='lat' dir='ltr'><strong>nec</strong></span> <span class='ocrx_word' id='word_1_307' title='bbox 599 2439 652 2494; x_wconf 92' lang='lat' dir='ltr'><strong>in</strong></span> <span class='ocrx_word' id='word_1_308' title='bbox 674 2454 906 2511; x_wconf 86' lang='lat' dir='ltr'><strong>corpore</strong></span> <span class='ocrx_word' id='word_1_309' title='bbox 926 2448 1010 2495; x_wconf 88' lang='lat' dir='ltr'><strong>est</strong></span> <span class='ocrx_word' id='word_1_310' title='bbox 1026 2438 1226 2509; x_wconf 89' lang='lat' dir='ltr'><strong>aliquid</strong></span> <span class='ocrx_word' id='word_1_311' title='bbox 1255 2438 1565 2507; x_wconf 85' lang='lat' dir='ltr'><strong>integritate</strong></span> <span class='ocrx_word' id='word_1_312' title='bbox 1586 2438 1800 2504; x_wconf 89' lang='lat' dir='ltr'><strong>melius,</strong></span> <span class='ocrx_word' id='word_1_313' title='bbox 1821 2453 1925 2511; x_wconf 87' lang='lat' dir='ltr'><strong>nec</strong></span> 
     </span>
    </p>
   </div>
   <div class='ocr_carea' id='block_1_39' title="bbox 321 2509 1924 2600">
    <p class='ocr_par' dir='ltr' id='par_1_39' title="bbox 321 2509 1924 2600">
     <span class='ocr_line' id='line_1_39' title="bbox 321 2509 1924 2600; baseline 0.001 -16"><span class='ocrx_word' id='word_1_314' title='bbox 321 2528 379 2584; x_wconf 89' lang='lat' dir='ltr'><strong>in</strong></span> <span class='ocrx_word' id='word_1_315' title='bbox 409 2530 587 2584; x_wconf 84' lang='lat' dir='ltr'><strong>anima</strong></span> <span class='ocrx_word' id='word_1_316' title='bbox 613 2538 699 2587; x_wconf 89' lang='lat' dir='ltr'><strong>est</strong></span> <span class='ocrx_word' id='word_1_317' title='bbox 725 2509 929 2600; x_wconf 85' lang='lat' dir='ltr'><strong>aliquid</strong></span> <span class='ocrx_word' id='word_1_318' title='bbox 967 2528 1113 2586; x_wconf 90' lang='lat' dir='ltr'><strong>ﬁdeli</strong></span> <span class='ocrx_word' id='word_1_319' title='bbox 1142 2530 1448 2585; x_wconf 73' lang='lat' dir='ltr'><strong>humilitate</strong></span> <span class='ocrx_word' id='word_1_320' title='bbox 1492 2531 1798 2587; x_wconf 86' lang='lat' dir='ltr'><strong>sublimius.</strong></span> <span class='ocrx_word' id='word_1_321' title='bbox 1827 2509 1924 2586; x_wconf 71' lang='lat' dir='ltr'><strong>Esi</strong></span> 
     </span>
    </p>
   </div>
   <div class='ocr_carea' id='block_1_40' title="bbox 318 2610 1923 2693">
    <p class='ocr_par' dir='ltr' id='par_1_40' title="bbox 318 2610 1923 2693">
     <span class='ocr_line' id='line_1_40' title="bbox 318 2610 1923 2693; baseline 0.002 -17"><span class='ocrx_word' id='word_1_322' title='bbox 318 2620 456 2676; x_wconf 86' lang='lat' dir='ltr'><strong>mihi</strong></span> <span class='ocrx_word' id='word_1_323' title='bbox 496 2610 677 2676; x_wconf 72' lang='lat' dir='ltr'><strong>tamen</strong></span> <span class='ocrx_word' id='word_1_324' title='bbox 719 2620 1048 2678; x_wconf 87' lang='lat' dir='ltr'><strong>conﬁdentia</strong></span> <span class='ocrx_word' id='word_1_325' title='bbox 1075 2621 1272 2677; x_wconf 72' lang='lat' dir='ltr'><strong>divinm</strong></span> <span class='ocrx_word' id='word_1_326' title='bbox 1311 2622 1717 2693; x_wconf 88' lang='lat' dir='ltr'><strong>opitulationis,</strong></span> <span class='ocrx_word' id='word_1_327' title='bbox 1751 2621 1808 2677; x_wconf 89' lang='lat' dir='ltr'><strong>in</strong></span> <span class='ocrx_word' id='word_1_328' title='bbox 1853 2637 1923 2679; x_wconf 80' lang='lat' dir='ltr'><strong>eo</strong></span> 
     </span>
    </p>
   </div>
   <div class='ocr_carea' id='block_1_41' title="bbox 308 2710 1923 2781">
    <p class='ocr_par' dir='ltr' id='par_1_41' title="bbox 308 2710 1923 2781">
     <span class='ocr_line' id='line_1_41' title="bbox 308 2710 1923 2781; baseline 0.002 -16"><span class='ocrx_word' id='word_1_329' title='bbox 308 2710 475 2781; x_wconf 79' lang='lat' dir='ltr'><strong>quod</strong></span> <span class='ocrx_word' id='word_1_330' title='bbox 512 2711 740 2781; x_wconf 90' lang='lat' dir='ltr'><strong>adjuvor</strong></span> <span class='ocrx_word' id='word_1_331' title='bbox 764 2713 1344 2779; x_wconf 10' lang='lat' dir='ltr'><strong>orationibusrvestris.</strong></span> <span class='ocrx_word' id='word_1_332' title='bbox 1372 2711 1453 2769; x_wconf 69' lang='grc' dir='ltr'><strong>οι»</strong></span> <span class='ocrx_word' id='word_1_333' title='bbox 1482 2714 1587 2769; x_wconf 91' lang='lat' dir='ltr'><strong>hoc</strong></span> <span class='ocrx_word' id='word_1_334' title='bbox 1607 2714 1751 2769; x_wconf 92' lang='lat' dir='ltr'><strong>enim</strong></span> <span class='ocrx_word' id='word_1_335' title='bbox 1779 2712 1923 2769; x_wconf 90' lang='lat' dir='ltr'><strong>Deus</strong></span> 
     </span>
    </p>
   </div>
   <div class='ocr_carea' id='block_1_42' title="bbox 320 2803 1923 2878">
    <p class='ocr_par' dir='ltr' id='par_1_42' title="bbox 320 2803 1923 2878">
     <span class='ocr_line' id='line_1_42' title="bbox 320 2803 1923 2878; baseline 0.001 -16"><span class='ocrx_word' id='word_1_336' title='bbox 320 2806 498 2862; x_wconf 83' lang='lat' dir='ltr'><strong>sancti</strong></span> <span class='ocrx_word' id='word_1_337' title='bbox 537 2805 790 2864; x_wconf 84' lang='lat' dir='ltr'><strong>desiderii</strong></span> <span class='ocrx_word' id='word_1_338' title='bbox 819 2804 1090 2863; x_wconf 79' lang='lat' dir='ltr'><strong>fervorem</strong></span> <span class='ocrx_word' id='word_1_339' title='bbox 1120 2804 1245 2861; x_wconf 88' lang='lat' dir='ltr'><strong>ﬁliis</strong></span> <span class='ocrx_word' id='word_1_340' title='bbox 1267 2803 1587 2878; x_wconf 87' lang='lat' dir='ltr'><strong>ﬁliabusque</strong></span> <span class='ocrx_word' id='word_1_341' title='bbox 1614 2808 1727 2863; x_wconf 89' lang='lat' dir='ltr'><strong>suis</strong></span> <span class='ocrx_word' id='word_1_342' title='bbox 1755 2808 1923 2877; x_wconf 88' lang='lat' dir='ltr'><strong>inspi-</strong></span> 
     </span>
    </p>
   </div>
   <div class='ocr_carea' id='block_1_43' title="bbox 322 2896 1922 2968">
    <p class='ocr_par' dir='ltr' id='par_1_43' title="bbox 322 2896 1922 2968">
     <span class='ocr_line' id='line_1_43' title="bbox 322 2896 1922 2968; baseline -0.001 -14"><span class='ocrx_word' id='word_1_343' title='bbox 322 2904 440 2964; x_wconf 87' lang='lat' dir='ltr'><strong>rat,</strong></span> <span class='ocrx_word' id='word_1_344' title='bbox 470 2905 531 2951; x_wconf 90' lang='lat' dir='ltr'><strong>ut</strong></span> <span class='ocrx_word' id='word_1_345' title='bbox 556 2912 678 2953; x_wconf 91' lang='lat' dir='ltr'><strong>cum</strong></span> <span class='ocrx_word' id='word_1_346' title='bbox 708 2912 739 2952; x_wconf 88' lang='lat' dir='ltr'><strong>a</strong></span> <span class='ocrx_word' id='word_1_347' title='bbox 767 2898 1048 2954; x_wconf 79' lang='lat' dir='ltr'><strong>conservis</strong></span> <span class='ocrx_word' id='word_1_348' title='bbox 1078 2898 1190 2953; x_wconf 88' lang='lat' dir='ltr'><strong>suis</strong></span> <span class='ocrx_word' id='word_1_349' title='bbox 1221 2897 1464 2968; x_wconf 87' lang='lat' dir='ltr'><strong>spiritale</strong></span> <span class='ocrx_word' id='word_1_350' title='bbox 1502 2896 1741 2952; x_wconf 86' lang='lat' dir='ltr'><strong>debitum</strong></span> <span class='ocrx_word' id='word_1_351' title='bbox 1770 2898 1922 2967; x_wconf 79' lang='lat' dir='ltr'><strong>ﬂagi-</strong></span> 
     </span>
    </p>
   </div>
   <div class='ocr_carea' id='block_1_44' title="bbox 319 2987 1919 3062">
    <p class='ocr_par' dir='ltr' id='par_1_44' title="bbox 319 2987 1919 3062">
     <span class='ocr_line' id='line_1_44' title="bbox 319 2987 1919 3062; baseline 0.001 -18"><span class='ocrx_word' id='word_1_352' title='bbox 319 2996 467 3056; x_wconf 86' lang='lat' dir='ltr'><strong>tant,</strong></span> <span class='ocrx_word' id='word_1_353' title='bbox 499 2990 603 3061; x_wconf 90' lang='lat' dir='ltr'><strong>ipsi</strong></span> <span class='ocrx_word' id='word_1_354' title='bbox 630 3003 848 3061; x_wconf 88' lang='lat' dir='ltr'><strong>quoque</strong></span> <span class='ocrx_word' id='word_1_355' title='bbox 876 3004 977 3062; x_wconf 90' lang='lat' dir='ltr'><strong>pro</strong></span> <span class='ocrx_word' id='word_1_356' title='bbox 1005 2989 1085 3046; x_wconf 89' lang='lat' dir='ltr'><strong>eis</strong></span> <span class='ocrx_word' id='word_1_357' title='bbox 1111 3004 1272 3045; x_wconf 87' lang='lat' dir='ltr'><strong>orare</strong></span> <span class='ocrx_word' id='word_1_358' title='bbox 1292 2987 1579 3045; x_wconf 86' lang='lat' dir='ltr'><strong>Dominum</strong></span> <span class='ocrx_word' id='word_1_359' title='bbox 1608 3005 1715 3045; x_wconf 91' lang='lat' dir='ltr'><strong>non</strong></span> <span class='ocrx_word' id='word_1_360' title='bbox 1736 2990 1919 3059; x_wconf 88' lang='lat' dir='ltr'><strong>quies-</strong></span> 
     </span>
    </p>
   </div>
   <div class='ocr_carea' id='block_1_45' title="bbox 321 3082 1919 3155">
    <p class='ocr_par' dir='ltr' id='par_1_45' title="bbox 321 3082 1919 3155">
     <span class='ocr_line' id='line_1_45' title="bbox 321 3082 1919 3155; baseline 0 -16"><span class='ocrx_word' id='word_1_361' title='bbox 321 3091 484 3149; x_wconf 89' lang='lat' dir='ltr'><strong>cant,</strong></span> <span class='ocrx_word' id='word_1_362' title='bbox 528 3091 691 3155; x_wconf 87' lang='lat' dir='ltr'><strong>atque</strong></span> <span class='ocrx_word' id='word_1_363' title='bbox 720 3083 795 3139; x_wconf 85' lang='lat' dir='ltr'><strong>ita</strong></span> <span class='ocrx_word' id='word_1_364' title='bbox 822 3092 1024 3139; x_wconf 68' lang='lat' dir='ltr'><strong>mutum</strong></span> <span class='ocrx_word' id='word_1_365' title='bbox 1053 3084 1297 3140; x_wconf 87' lang='lat' dir='ltr'><strong>caritatis</strong></span> <span class='ocrx_word' id='word_1_366' title='bbox 1325 3082 1506 3139; x_wconf 82' lang='lat' dir='ltr'><strong>ofﬁcio</strong></span> <span class='ocrx_word' id='word_1_367' title='bbox 1551 3082 1632 3138; x_wconf 88' lang='lat' dir='ltr'><strong>sic</strong></span> <span class='ocrx_word' id='word_1_368' title='bbox 1675 3082 1919 3139; x_wconf 87' lang='lat' dir='ltr'><strong>debitum</strong></span> 
     </span>
    </p>
   </div>
   <div class='ocr_carea' id='block_1_46' title="bbox 317 3176 1891 3251">
    <p class='ocr_par' dir='ltr' id='par_1_46' title="bbox 317 3176 1891 3251">
     <span class='ocr_line' id='line_1_46' title="bbox 317 3176 1891 3251; baseline -0.001 -15"><span class='ocrx_word' id='word_1_369' title='bbox 317 3180 463 3251; x_wconf 88' lang='lat' dir='ltr'><strong>quod</strong></span> <span class='ocrx_word' id='word_1_370' title='bbox 501 3181 603 3236; x_wconf 89' lang='lat' dir='ltr'><strong>sibi</strong></span> <span class='ocrx_word' id='word_1_371' title='bbox 630 3180 859 3237; x_wconf 87' lang='lat' dir='ltr'><strong>debetur</strong></span> <span class='ocrx_word' id='word_1_372' title='bbox 886 3181 1145 3250; x_wconf 74' lang='lat' dir='ltr'><strong>exigant,</strong></span> <span class='ocrx_word' id='word_1_373' title='bbox 1175 3186 1235 3234; x_wconf 92' lang='lat' dir='ltr'><strong>ut</strong></span> <span class='ocrx_word' id='word_1_374' title='bbox 1266 3178 1601 3234; x_wconf 86' lang='lat' dir='ltr'><strong>debitoribus</strong></span> <span class='ocrx_word' id='word_1_375' title='bbox 1627 3176 1773 3247; x_wconf 88' lang='lat' dir='ltr'><strong>quod</strong></span> <span class='ocrx_word' id='word_1_376' title='bbox 1801 3178 1891 3234; x_wconf 78' lang='lat' dir='ltr'><strong>exi</strong></span> 
     </span>
    </p>
   </div>
   <div class='ocr_carea' id='block_1_47' title="bbox 317 3272 718 3342">
    <p class='ocr_par' dir='ltr' id='par_1_47' title="bbox 317 3272 718 3342">
     <span class='ocr_line' id='line_1_47' title="bbox 317 3272 718 3342; baseline -0.005 -14"><span class='ocrx_word' id='word_1_377' title='bbox 317 3280 448 3342; x_wconf 88' lang='lat' dir='ltr'><strong>gunt</strong></span> <span class='ocrx_word' id='word_1_378' title='bbox 470 3272 718 3329; x_wconf 87' lang='lat' dir='ltr'><strong>reddant.</strong></span> 
     </span>
    </p>
   </div>
   <div class='ocr_carea' id='block_1_48' title="bbox 387 3362 1915 3434">
    <p class='ocr_par' dir='ltr' id='par_1_48' title="bbox 387 3362 1915 3434">
     <span class='ocr_line' id='line_1_48' title="bbox 387 3362 1915 3434; baseline 0.002 -17"><span class='ocrx_word' id='word_1_379' title='bbox 387 3363 441 3419; x_wconf 71' lang='grc'><strong>4.</strong></span> <span class='ocrx_word' id='word_1_380' title='bbox 466 3364 636 3421; x_wconf 87' lang='lat' dir='ltr'><strong>Nemo</strong></span> <span class='ocrx_word' id='word_1_381' title='bbox 664 3371 750 3420; x_wconf 90' lang='lat' dir='ltr'><strong>est</strong></span> <span class='ocrx_word' id='word_1_382' title='bbox 787 3364 932 3422; x_wconf 90' lang='lat' dir='ltr'><strong>enim</strong></span> <span class='ocrx_word' id='word_1_383' title='bbox 979 3362 1217 3421; x_wconf 90' lang='lat' dir='ltr'><strong>ﬁdelium</strong></span> <span class='ocrx_word' id='word_1_384' title='bbox 1243 3364 1338 3434; x_wconf 89' lang='lat' dir='ltr'><strong>qui</strong></span> <span class='ocrx_word' id='word_1_385' title='bbox 1381 3363 1460 3419; x_wconf 87' lang='lat' dir='ltr'><strong>sic</strong></span> <span class='ocrx_word' id='word_1_386' title='bbox 1488 3362 1592 3419; x_wconf 90' lang='lat' dir='ltr'><strong>sibi</strong></span> <span class='ocrx_word' id='word_1_387' title='bbox 1628 3363 1915 3420; x_wconf 84' lang='lat' dir='ltr'><strong>caritatem</strong></span> 
     </span>
    </p>
   </div>
   <div class='ocr_carea' id='block_1_49' title="bbox 315 3454 1915 3527">
    <p class='ocr_par' dir='ltr' id='par_1_49' title="bbox 315 3454 1915 3527">
     <span class='ocr_line' id='line_1_49' title="bbox 315 3454 1915 3527; baseline 0.001 -16"><span class='ocrx_word' id='word_1_388' title='bbox 315 3454 522 3525; x_wconf 75' lang='lat' dir='ltr'><strong>flagitet</strong></span> <span class='ocrx_word' id='word_1_389' title='bbox 548 3455 724 3521; x_wconf 85' lang='lat' dir='ltr'><strong>reddi,</strong></span> <span class='ocrx_word' id='word_1_390' title='bbox 753 3462 813 3511; x_wconf 93' lang='lat' dir='ltr'><strong>ut</strong></span> <span class='ocrx_word' id='word_1_391' title='bbox 860 3456 975 3527; x_wconf 90' lang='lat' dir='ltr'><strong>ipse</strong></span> <span class='ocrx_word' id='word_1_392' title='bbox 1013 3472 1123 3512; x_wconf 91' lang='lat' dir='ltr'><strong>non</strong></span> <span class='ocrx_word' id='word_1_393' title='bbox 1146 3454 1294 3511; x_wconf 88' lang='lat' dir='ltr'><strong>illam</strong></span> <span class='ocrx_word' id='word_1_394' title='bbox 1325 3470 1424 3512; x_wconf 91' lang='lat' dir='ltr'><strong>suo</strong></span> <span class='ocrx_word' id='word_1_395' title='bbox 1462 3456 1661 3512; x_wconf 90' lang='lat' dir='ltr'><strong>debeat</strong></span> <span class='ocrx_word' id='word_1_396' title='bbox 1686 3456 1915 3512; x_wconf 87' lang='lat' dir='ltr'><strong>reddere</strong></span> 
     </span>
    </p>
   </div>
   <div class='ocr_carea' id='block_1_50' title="bbox 316 3546 1914 3618">
    <p class='ocr_par' dir='ltr' id='par_1_50' title="bbox 316 3546 1914 3618">
     <span class='ocr_line' id='line_1_50' title="bbox 316 3546 1914 3618; baseline -0.001 -13"><span class='ocrx_word' id='word_1_397' title='bbox 316 3546 567 3605; x_wconf 86' lang='lat' dir='ltr'><strong>debitori.</strong></span> <span class='ocrx_word' id='word_1_398' title='bbox 581 3547 712 3617; x_wconf 62' lang='lat' dir='ltr'><strong>Quae</strong></span> <span class='ocrx_word' id='word_1_399' title='bbox 728 3549 854 3605; x_wconf 89' lang='lat' dir='ltr'><strong>licet</strong></span> <span class='ocrx_word' id='word_1_400' title='bbox 875 3550 930 3604; x_wconf 90' lang='lat' dir='ltr'><strong>in</strong></span> <span class='ocrx_word' id='word_1_401' title='bbox 941 3549 1167 3605; x_wconf 87' lang='lat' dir='ltr'><strong>diversis</strong></span> <span class='ocrx_word' id='word_1_402' title='bbox 1183 3548 1592 3618; x_wconf 90' lang='lat' dir='ltr'><strong>donationibus,</strong></span> <span class='ocrx_word' id='word_1_403' title='bbox 1615 3549 1914 3606; x_wconf 86' lang='lat' dir='ltr'><strong>secundum</strong></span> 
     </span>
    </p>
   </div>
   <div class='ocr_carea' id='block_1_51' title="bbox 319 3641 1913 3713">
    <p class='ocr_par' dir='ltr' id='par_1_51' title="bbox 319 3641 1913 3713">
     <span class='ocr_line' id='line_1_51' title="bbox 319 3641 1913 3713; baseline 0.003 -19"><span class='ocrx_word' id='word_1_404' title='bbox 319 3641 547 3713; x_wconf 85' lang='lat' dir='ltr'><strong>gratiam</strong></span> <span class='ocrx_word' id='word_1_405' title='bbox 587 3657 707 3711; x_wconf 77' lang='lat' dir='ltr'><strong>qua:</strong></span> <span class='ocrx_word' id='word_1_406' title='bbox 753 3641 877 3696; x_wconf 83' lang='lat' dir='ltr'><strong>data</strong></span> <span class='ocrx_word' id='word_1_407' title='bbox 930 3649 1015 3697; x_wconf 88' lang='lat' dir='ltr'><strong>est</strong></span> <span class='ocrx_word' id='word_1_408' title='bbox 1052 3642 1208 3697; x_wconf 85' lang='lat' dir='ltr'><strong>nobis</strong></span> <span class='ocrx_word' id='word_1_409' title='bbox 1232 3684 1247 3709; x_wconf 90' lang='lat'><strong>,</strong></span> <span class='ocrx_word' id='word_1_410' title='bbox 1283 3641 1658 3698; x_wconf 80' lang='lat' dir='ltr'><strong>diﬁ‘erentibus</strong></span> <span class='ocrx_word' id='word_1_411' title='bbox 1696 3643 1913 3699; x_wconf 82' lang='lat' dir='ltr'><strong>diverso</strong></span> 
     </span>
    </p>
   </div>
   <div class='ocr_carea' id='block_1_52' title="bbox 316 3730 1912 3801">
    <p class='ocr_par' dir='ltr' id='par_1_52' title="bbox 316 3730 1912 3801">
     <span class='ocr_line' id='line_1_52' title="bbox 316 3730 1912 3801; baseline -0.001 -11"><span class='ocrx_word' id='word_1_412' title='bbox 316 3730 465 3790; x_wconf 83' lang='lat' dir='ltr'><strong>reddi</strong></span> <span class='ocrx_word' id='word_1_413' title='bbox 512 3732 760 3787; x_wconf 88' lang='lat' dir='ltr'><strong>videatur</strong></span> <span class='ocrx_word' id='word_1_414' title='bbox 804 3730 1033 3799; x_wconf 83' lang='lat' dir='ltr'><strong>eﬁ&#39;ectu,</strong></span> <span class='ocrx_word' id='word_1_415' title='bbox 1080 3732 1132 3786; x_wconf 92' lang='lat' dir='ltr'><strong>in</strong></span> <span class='ocrx_word' id='word_1_416' title='bbox 1184 3732 1455 3801; x_wconf 88' lang='lat' dir='ltr'><strong>adjutorio</strong></span> <span class='ocrx_word' id='word_1_417' title='bbox 1501 3739 1685 3788; x_wconf 90' lang='lat' dir='ltr'><strong>tamen</strong></span> <span class='ocrx_word' id='word_1_418' title='bbox 1713 3742 1912 3788; x_wconf 75' lang='lat' dir='ltr'><strong>mutuae</strong></span> 
     </span>
    </p>
   </div>
   <div class='ocr_carea' id='block_1_53' title="bbox 318 3824 1913 3894">
    <p class='ocr_par' dir='ltr' id='par_1_53' title="bbox 318 3824 1913 3894">
     <span class='ocr_line' id='line_1_53' title="bbox 318 3824 1913 3894; baseline -0.003 -12"><span class='ocrx_word' id='word_1_419' title='bbox 318 3826 579 3883; x_wconf 89' lang='lat' dir='ltr'><strong>orationis</strong></span> <span class='ocrx_word' id='word_1_420' title='bbox 605 3841 795 3881; x_wconf 87' lang='lat' dir='ltr'><strong>omnes</strong></span> <span class='ocrx_word' id='word_1_421' title='bbox 823 3824 953 3880; x_wconf 83' lang='lat' dir='ltr'><strong>facit</strong></span> <span class='ocrx_word' id='word_1_422' title='bbox 982 3825 1140 3879; x_wconf 81' lang='lat' dir='ltr'><strong>unius</strong></span> <span class='ocrx_word' id='word_1_423' title='bbox 1169 3824 1334 3879; x_wconf 89' lang='lat' dir='ltr'><strong>debiti</strong></span> <span class='ocrx_word' id='word_1_424' title='bbox 1376 3826 1697 3894; x_wconf 87' lang='lat' dir='ltr'><strong>participes,</strong></span> <span class='ocrx_word' id='word_1_425' title='bbox 1728 3825 1913 3894; x_wconf 87' lang='lat' dir='ltr'><strong>inqua</strong></span> 
     </span>
    </p>
   </div>
   <div class='ocr_carea' id='block_1_54' title="bbox 315 3908 1912 3990">
    <p class='ocr_par' dir='ltr' id='par_1_54' title="bbox 315 3908 1912 3990">
     <span class='ocr_line' id='line_1_54' title="bbox 315 3908 1912 3990; baseline -0.002 -15"><span class='ocrx_word' id='word_1_426' title='bbox 315 3917 443 3976; x_wconf 75' lang='lat' dir='ltr'><strong>facit</strong></span> <span class='ocrx_word' id='word_1_427' title='bbox 469 3919 712 3990; x_wconf 89' lang='lat' dir='ltr'><strong>singulos</strong></span> <span class='ocrx_word' id='word_1_428' title='bbox 760 3917 1010 3974; x_wconf 89' lang='lat' dir='ltr'><strong>omnibus</strong></span> <span class='ocrx_word' id='word_1_429' title='bbox 1050 3908 1347 3972; x_wconf 86' lang='lat' dir='ltr'><strong>debitores.</strong></span> <span class='ocrx_word' id='word_1_430' title='bbox 1389 3916 1525 3972; x_wconf 84' lang='lat' dir='ltr'><strong>Vide</strong></span> <span class='ocrx_word' id='word_1_431' title='bbox 1553 3918 1785 3986; x_wconf 88' lang='lat' dir='ltr'><strong>qualiter</strong></span> <span class='ocrx_word' id='word_1_432' title='bbox 1820 3917 1912 3973; x_wconf 90' lang='lat' dir='ltr'><strong>ille</strong></span> 
     </span>
    </p>
   </div>
   <div class='ocr_carea' id='block_1_55' title="bbox 319 4006 1912 4083">
    <p class='ocr_par' dir='ltr' id='par_1_55' title="bbox 319 4006 1912 4083">
     <span class='ocr_line' id='line_1_55' title="bbox 319 4006 1912 4083; baseline -0.002 -15"><span class='ocrx_word' id='word_1_433' title='bbox 319 4012 407 4083; x_wconf 91' lang='lat' dir='ltr'><strong>qui</strong></span> <span class='ocrx_word' id='word_1_434' title='bbox 434 4028 494 4068; x_wconf 94' lang='lat' dir='ltr'><strong>se</strong></span> <span class='ocrx_word' id='word_1_435' title='bbox 515 4011 820 4067; x_wconf 79' lang='lat' dir='ltr'><strong>debitorem</strong></span> <span class='ocrx_word' id='word_1_436' title='bbox 844 4007 1180 4080; x_wconf 88' lang='lat' dir='ltr'><strong>sapientibus</strong></span> <span class='ocrx_word' id='word_1_437' title='bbox 1207 4015 1264 4065; x_wconf 90' lang='lat' dir='ltr'><strong>et</strong></span> <span class='ocrx_word' id='word_1_438' title='bbox 1293 4008 1668 4078; x_wconf 89' lang='lat' dir='ltr'><strong>insipientibus</strong></span> <span class='ocrx_word' id='word_1_439' title='bbox 1689 4006 1912 4078; x_wconf 88' lang='lat' dir='ltr'><strong>proﬁte-</strong></span> 
     </span>
    </p>
   </div>
   <div class='ocr_carea' id='block_1_56' title="bbox 315 4098 1906 4172">
    <p class='ocr_par' dir='ltr' id='par_1_56' title="bbox 315 4098 1906 4172">
     <span class='ocr_line' id='line_1_56' title="bbox 315 4098 1906 4172; baseline -0.003 -14"><span class='ocrx_word' id='word_1_440' title='bbox 315 4111 420 4172; x_wconf 90' lang='lat' dir='ltr'><strong>tur,</strong></span> <span class='ocrx_word' id='word_1_441' title='bbox 449 4102 689 4159; x_wconf 87' lang='lat' dir='ltr'><strong>debitum</strong></span> <span class='ocrx_word' id='word_1_442' title='bbox 711 4101 972 4157; x_wconf 85' lang='lat' dir='ltr'><strong>orationis</strong></span> <span class='ocrx_word' id='word_1_443' title='bbox 1000 4107 1057 4156; x_wconf 90' lang='lat' dir='ltr'><strong>et</strong></span> <span class='ocrx_word' id='word_1_444' title='bbox 1083 4100 1292 4156; x_wconf 90' lang='lat' dir='ltr'><strong>cunctis</strong></span> <span class='ocrx_word' id='word_1_445' title='bbox 1321 4098 1531 4166; x_wconf 90' lang='lat' dir='ltr'><strong>reddat,</strong></span> <span class='ocrx_word' id='word_1_446' title='bbox 1564 4100 1713 4154; x_wconf 86' lang='lat' dir='ltr'><strong>etab</strong></span> <span class='ocrx_word' id='word_1_447' title='bbox 1734 4100 1906 4155; x_wconf 90' lang='lat' dir='ltr'><strong>omni-</strong></span> 
     </span>
    </p>
   </div>
   <div class='ocr_carea' id='block_1_57' title="bbox 316 4191 1911 4265">
    <p class='ocr_par' dir='ltr' id='par_1_57' title="bbox 316 4191 1911 4265">
     <span class='ocr_line' id='line_1_57' title="bbox 316 4191 1911 4265; baseline -0.003 -13"><span class='ocrx_word' id='word_1_448' title='bbox 316 4197 411 4252; x_wconf 89' lang='lat' dir='ltr'><strong>bus</strong></span> <span class='ocrx_word' id='word_1_449' title='bbox 438 4196 637 4265; x_wconf 80' lang='lat' dir='ltr'><strong>exigat.</strong></span> <span class='ocrx_word' id='word_1_450' title='bbox 669 4193 927 4250; x_wconf 84' lang='lat' dir='ltr'><strong>Romanis</strong></span> <span class='ocrx_word' id='word_1_451' title='bbox 947 4193 1044 4261; x_wconf 89' lang='lat' dir='ltr'><strong>ait,</strong></span> <span class='ocrx_word' id='word_1_452' title='bbox 1077 4191 1308 4248; x_wconf 87' lang='lat' dir='ltr'><strong>reddens</strong></span> <span class='ocrx_word' id='word_1_453' title='bbox 1329 4192 1435 4248; x_wconf 88' lang='lat' dir='ltr'><strong>hoc</strong></span> <span class='ocrx_word' id='word_1_454' title='bbox 1455 4191 1698 4247; x_wconf 89' lang='lat' dir='ltr'><strong>debitum</strong></span> <span class='ocrx_word' id='word_1_455' title='bbox 1724 4209 1738 4244; x_wconf 90' lang='lat'><strong>:</strong></span> <span class='ocrx_word' id='word_1_456' title='bbox 1784 4191 1911 4247; x_wconf 89' lang='lat' dir='ltr'><strong>Tes-</strong></span> 
     </span>
    </p>
   </div>
   <div class='ocr_carea' id='block_1_58' title="bbox 317 4287 1909 4359">
    <p class='ocr_par' dir='ltr' id='par_1_58' title="bbox 317 4287 1909 4359">
     <span class='ocr_line' id='line_1_58' title="bbox 317 4287 1909 4359; baseline -0.002 -15"><span class='ocrx_word' id='word_1_457' title='bbox 317 4292 375 4344; x_wconf 92' lang='lat' dir='ltr'><strong>tis</strong></span> <span class='ocrx_word' id='word_1_458' title='bbox 418 4295 557 4343; x_wconf 78' lang='lat' dir='ltr'><strong>enim</strong></span> <span class='ocrx_word' id='word_1_459' title='bbox 593 4288 721 4343; x_wconf 77' lang='lat' dir='ltr'><strong>mihi</strong></span> <span class='ocrx_word' id='word_1_460' title='bbox 748 4298 825 4344; x_wconf 87' lang='lat' dir='ltr'><strong>est</strong></span> <span class='ocrx_word' id='word_1_461' title='bbox 867 4287 1032 4355; x_wconf 84' lang='lat' dir='ltr'><strong>Deus,</strong></span> <span class='ocrx_word' id='word_1_462' title='bbox 1058 4288 1139 4342; x_wconf 88' lang='lat' dir='ltr'><strong>cui</strong></span> <span class='ocrx_word' id='word_1_463' title='bbox 1168 4288 1333 4342; x_wconf 80' lang='lat' dir='ltr'><strong>seruio</strong></span> <span class='ocrx_word' id='word_1_464' title='bbox 1360 4288 1415 4341; x_wconf 88' lang='lat' dir='ltr'><strong>in</strong></span> <span class='ocrx_word' id='word_1_465' title='bbox 1458 4287 1647 4359; x_wconf 75' lang='lat' dir='ltr'><strong>spiritu</strong></span> <span class='ocrx_word' id='word_1_466' title='bbox 1673 4305 1818 4351; x_wconf 88' lang='lat' dir='ltr'><strong>meo,</strong></span> <span class='ocrx_word' id='word_1_467' title='bbox 1852 4288 1909 4341; x_wconf 87' lang='lat' dir='ltr'><strong>in</strong></span> 
     </span>
    </p>
   </div>
   <div class='ocr_carea' id='block_1_59' title="bbox 316 4377 1909 4453">
    <p class='ocr_par' dir='ltr' id='par_1_59' title="bbox 316 4377 1909 4453">
     <span class='ocr_line' id='line_1_59' title="bbox 316 4377 1909 4453; baseline 0 -19"><span class='ocrx_word' id='word_1_468' title='bbox 316 4377 595 4453; x_wconf 77' lang='lat' dir='ltr'><strong>Evangelia</strong></span> <span class='ocrx_word' id='word_1_469' title='bbox 608 4378 735 4434; x_wconf 81' lang='lat' dir='ltr'><strong>Filii</strong></span> <span class='ocrx_word' id='word_1_470' title='bbox 756 4379 887 4450; x_wconf 85' lang='lat' dir='ltr'><strong>ejus,</strong></span> <span class='ocrx_word' id='word_1_471' title='bbox 914 4378 1051 4451; x_wconf 88' lang='lat' dir='ltr'><strong>quod</strong></span> <span class='ocrx_word' id='word_1_472' title='bbox 1070 4381 1183 4433; x_wconf 85' lang='lat' dir='ltr'><strong>sine</strong></span> <span class='ocrx_word' id='word_1_473' title='bbox 1202 4379 1588 4433; x_wconf 85' lang='lat' dir='ltr'><strong>intermissione</strong></span> <span class='ocrx_word' id='word_1_474' title='bbox 1606 4381 1909 4434; x_wconf 85' lang='lat' dir='ltr'><strong>memoriam</strong></span> 
     </span>
    </p>
   </div>
   <div class='ocr_carea' id='block_1_60' title="bbox 314 4469 1905 4544">
    <p class='ocr_par' dir='ltr' id='par_1_60' title="bbox 314 4469 1905 4544">
     <span class='ocr_line' id='line_1_60' title="bbox 314 4469 1905 4544; baseline -0.001 -17"><span class='ocrx_word' id='word_1_475' title='bbox 314 4471 463 4527; x_wconf 74' lang='lat' dir='ltr'><strong>vestri</strong></span> <span class='ocrx_word' id='word_1_476' title='bbox 503 4474 640 4544; x_wconf 81' lang='lat' dir='ltr'><strong>facio</strong></span> <span class='ocrx_word' id='word_1_477' title='bbox 669 4488 872 4542; x_wconf 86' lang='lat' dir='ltr'><strong>semper</strong></span> <span class='ocrx_word' id='word_1_478' title='bbox 917 4472 972 4525; x_wconf 91' lang='lat' dir='ltr'><strong>in</strong></span> <span class='ocrx_word' id='word_1_479' title='bbox 1021 4471 1348 4526; x_wconf 84' lang='lat' dir='ltr'><strong>orationibus</strong></span> <span class='ocrx_word' id='word_1_480' title='bbox 1375 4472 1501 4525; x_wconf 86' lang='lat' dir='ltr'><strong>meis</strong></span> <span class='ocrx_word' id='word_1_481' title='bbox 1526 4469 1706 4543; x_wconf 83' lang='lat' dir='ltr'><strong>(Rom.</strong></span> <span class='ocrx_word' id='word_1_482' title='bbox 1738 4489 1795 4539; x_wconf 87' lang='grc' dir='ltr'><strong>ι,</strong></span> <span class='ocrx_word' id='word_1_483' title='bbox 1826 4470 1905 4542; x_wconf 89' lang='grc'><strong>9).</strong></span> 
     </span>
    </p>
   </div>
   <div class='ocr_carea' id='block_1_61' title="bbox 317 4559 1906 4631">
    <p class='ocr_par' dir='ltr' id='par_1_61' title="bbox 317 4559 1906 4631">
     <span class='ocr_line' id='line_1_61' title="bbox 317 4559 1906 4631; baseline 0.001 -14"><span class='ocrx_word' id='word_1_484' title='bbox 317 4559 419 4617; x_wconf 85' lang='lat' dir='ltr'><strong>Sed</strong></span> <span class='ocrx_word' id='word_1_485' title='bbox 448 4561 608 4630; x_wconf 89' lang='lat' dir='ltr'><strong>hujus</strong></span> <span class='ocrx_word' id='word_1_486' title='bbox 654 4562 862 4626; x_wconf 88' lang='lat' dir='ltr'><strong>debiti,</strong></span> <span class='ocrx_word' id='word_1_487' title='bbox 913 4561 1066 4631; x_wconf 90' lang='lat' dir='ltr'><strong>cujus</strong></span> <span class='ocrx_word' id='word_1_488' title='bbox 1095 4569 1179 4617; x_wconf 91' lang='lat' dir='ltr'><strong>est</strong></span> <span class='ocrx_word' id='word_1_489' title='bbox 1207 4562 1435 4618; x_wconf 90' lang='lat' dir='ltr'><strong>devotus</strong></span> <span class='ocrx_word' id='word_1_490' title='bbox 1481 4564 1753 4630; x_wconf 89' lang='lat' dir='ltr'><strong>redditor,</strong></span> <span class='ocrx_word' id='word_1_491' title='bbox 1784 4564 1906 4619; x_wconf 87' lang='lat' dir='ltr'><strong>vide</strong></span> 
     </span>
    </p>
   </div>
   <div class='ocr_carea' id='block_1_62' title="bbox 313 4654 1904 4724">
    <p class='ocr_par' dir='ltr' id='par_1_62' title="bbox 313 4654 1904 4724">
     <span class='ocr_line' id='line_1_62' title="bbox 313 4654 1904 4724; baseline 0.003 -15"><span class='ocrx_word' id='word_1_492' title='bbox 313 4668 468 4724; x_wconf 86' lang='lat' dir='ltr'><strong>quam</strong></span> <span class='ocrx_word' id='word_1_493' title='bbox 495 4656 566 4711; x_wconf 89' lang='lat' dir='ltr'><strong>sit</strong></span> <span class='ocrx_word' id='word_1_494' title='bbox 589 4670 782 4708; x_wconf 88' lang='lat' dir='ltr'><strong>avarus</strong></span> <span class='ocrx_word' id='word_1_495' title='bbox 805 4663 1048 4710; x_wconf 76' lang='lat' dir='ltr'><strong>exactor.</strong></span> <span class='ocrx_word' id='word_1_496' title='bbox 1081 4654 1273 4710; x_wconf 90' lang='lat' dir='ltr'><strong>Iisdem</strong></span> <span class='ocrx_word' id='word_1_497' title='bbox 1297 4656 1482 4713; x_wconf 91' lang='lat' dir='ltr'><strong>denuo</strong></span> <span class='ocrx_word' id='word_1_498' title='bbox 1505 4658 1581 4711; x_wconf 90' lang='lat' dir='ltr'><strong>ait</strong></span> <span class='ocrx_word' id='word_1_499' title='bbox 1615 4676 1628 4710; x_wconf 91' lang='lat'><strong>:</strong></span> <span class='ocrx_word' id='word_1_500' title='bbox 1676 4657 1904 4713; x_wconf 80' lang='lat' dir='ltr'><strong>Obsecro</strong></span> 
     </span>
    </p>
   </div>
   <div class='ocr_carea' id='block_1_63' title="bbox 313 4743 1905 4817">
    <p class='ocr_par' dir='ltr' id='par_1_63' title="bbox 313 4743 1905 4817">
     <span class='ocr_line' id='line_1_63' title="bbox 313 4743 1905 4817; baseline 0.003 -18"><span class='ocrx_word' id='word_1_501' title='bbox 313 4746 466 4817; x_wconf 84' lang='lat' dir='ltr'><strong>igitur</strong></span> <span class='ocrx_word' id='word_1_502' title='bbox 495 4762 604 4814; x_wconf 84' lang='lat' dir='ltr'><strong>vos,</strong></span> <span class='ocrx_word' id='word_1_503' title='bbox 627 4747 838 4817; x_wconf 77' lang='lat' dir='ltr'><strong>fratres,</strong></span> <span class='ocrx_word' id='word_1_504' title='bbox 865 4762 956 4815; x_wconf 88' lang='lat' dir='ltr'><strong>per</strong></span> <span class='ocrx_word' id='word_1_505' title='bbox 980 4743 1263 4799; x_wconf 87' lang='lat' dir='ltr'><strong>Dominum</strong></span> <span class='ocrx_word' id='word_1_506' title='bbox 1285 4756 1520 4801; x_wconf 86' lang='lat' dir='ltr'><strong>nostrum</strong></span> <span class='ocrx_word' id='word_1_507' title='bbox 1547 4746 1730 4803; x_wconf 76' lang='lat' dir='ltr'><strong>Iesum</strong></span> <span class='ocrx_word' id='word_1_508' title='bbox 1755 4748 1905 4804; x_wconf 79' lang='lat' dir='ltr'><strong>Chri-</strong></span> 
     </span>
    </p>
   </div>
   <div class='ocr_carea' id='block_1_64' title="bbox 316 4836 1903 4910">
    <p class='ocr_par' dir='ltr' id='par_1_64' title="bbox 316 4836 1903 4910">
     <span class='ocr_line' id='line_1_64' title="bbox 316 4836 1903 4910; baseline 0.003 -19"><span class='ocrx_word' id='word_1_509' title='bbox 316 4847 463 4903; x_wconf 87' lang='lat' dir='ltr'><strong>stum,</strong></span> <span class='ocrx_word' id='word_1_510' title='bbox 490 4847 537 4891; x_wconf 88' lang='lat' dir='ltr'><strong>et</strong></span> <span class='ocrx_word' id='word_1_511' title='bbox 558 4855 650 4908; x_wconf 89' lang='lat' dir='ltr'><strong>per</strong></span> <span class='ocrx_word' id='word_1_512' title='bbox 671 4838 943 4891; x_wconf 83' lang='lat' dir='ltr'><strong>caritatem</strong></span> <span class='ocrx_word' id='word_1_513' title='bbox 968 4836 1218 4907; x_wconf 83' lang='lat' dir='ltr'><strong>Spiritus,</strong></span> <span class='ocrx_word' id='word_1_514' title='bbox 1243 4847 1300 4890; x_wconf 86' lang='lat' dir='ltr'><strong>ut</strong></span> <span class='ocrx_word' id='word_1_515' title='bbox 1321 4839 1576 4910; x_wconf 79' lang='lat' dir='ltr'><strong>adjuvetis</strong></span> <span class='ocrx_word' id='word_1_516' title='bbox 1600 4857 1678 4895; x_wconf 89' lang='lat' dir='ltr'><strong>me</strong></span> <span class='ocrx_word' id='word_1_517' title='bbox 1698 4843 1753 4895; x_wconf 89' lang='lat' dir='ltr'><strong>in</strong></span> <span class='ocrx_word' id='word_1_518' title='bbox 1778 4856 1903 4896; x_wconf 85' lang='lat' dir='ltr'><strong>ora-</strong></span> 
     </span>
    </p>
   </div>
   <div class='ocr_carea' id='block_1_65' title="bbox 318 4926 1787 5003">
    <p class='ocr_par' dir='ltr' id='par_1_65' title="bbox 318 4926 1787 5003">
     <span class='ocr_line' id='line_1_65' title="bbox 318 4926 1787 5003; baseline 0.001 -18"><span class='ocrx_word' id='word_1_519' title='bbox 318 4930 530 4985; x_wconf 83' lang='lat' dir='ltr'><strong>tionibus</strong></span> <span class='ocrx_word' id='word_1_520' title='bbox 553 4948 645 5002; x_wconf 88' lang='lat' dir='ltr'><strong>pro</strong></span> <span class='ocrx_word' id='word_1_521' title='bbox 669 4948 751 4985; x_wconf 90' lang='lat' dir='ltr'><strong>me</strong></span> <span class='ocrx_word' id='word_1_522' title='bbox 771 4930 840 4985; x_wconf 91' lang='lat' dir='ltr'><strong>ad</strong></span> <span class='ocrx_word' id='word_1_523' title='bbox 861 4929 1145 4984; x_wconf 87' lang='lat' dir='ltr'><strong>Dominum</strong></span> <span class='ocrx_word' id='word_1_524' title='bbox 1176 4928 1353 4999; x_wconf 86' lang='lat' dir='ltr'><strong>(Rom.</strong></span> <span class='ocrx_word' id='word_1_525' title='bbox 1386 4948 1475 4996; x_wconf 78' lang='lat' dir='ltr'><strong>xv,</strong></span> <span class='ocrx_word' id='word_1_526' title='bbox 1499 4932 1614 5003; x_wconf 79' lang='lat'><strong>50).</strong></span> <span class='ocrx_word' id='word_1_527' title='bbox 1784 4926 1787 4939; x_wconf 83' lang='grc'><em>’</em></span> 
     </span>
    </p>
   </div>
   <div class='ocr_carea' id='block_1_66' title="bbox 381 5040 1903 5116">
    <p class='ocr_par' dir='ltr' id='par_1_66' title="bbox 381 5040 1903 5116">
     <span class='ocr_line' id='line_1_66' title="bbox 381 5040 1903 5116; baseline 0.003 -17"><span class='ocrx_word' id='word_1_528' title='bbox 381 5042 508 5099; x_wconf 75' lang='lat' dir='ltr'><strong>CAP.</strong></span> <span class='ocrx_word' id='word_1_529' title='bbox 555 5060 632 5099; x_wconf 87' lang='grc' dir='ltr'><strong>ιιι.</strong></span> <span class='ocrx_word' id='word_1_530' title='bbox 678 5040 1013 5116; x_wconf 78' lang='lat' dir='ltr'><strong>Sufﬁcientia</strong></span> <span class='ocrx_word' id='word_1_531' title='bbox 1052 5053 1232 5098; x_wconf 87' lang='lat' dir='ltr'><strong>nostra</strong></span> <span class='ocrx_word' id='word_1_532' title='bbox 1280 5059 1345 5097; x_wconf 73' lang='lat' dir='ltr'><strong>ex</strong></span> <span class='ocrx_word' id='word_1_533' title='bbox 1398 5042 1506 5097; x_wconf 86' lang='lat' dir='ltr'><strong>Deo</strong></span> <span class='ocrx_word' id='word_1_534' title='bbox 1545 5054 1642 5099; x_wconf 89' lang='lat' dir='ltr'><strong>est.</strong></span> <span class='ocrx_word' id='word_1_535' title='bbox 1697 5046 1740 5099; x_wconf 83' lang='grc' dir='ltr'><strong><em>Α</em></strong></span> <span class='ocrx_word' id='word_1_536' title='bbox 1790 5046 1903 5104; x_wconf 88' lang='lat' dir='ltr'><strong>Deo</strong></span> 
     </span>
    </p>
   </div>
   <div class='ocr_carea' id='block_1_67' title="bbox 313 5131 1905 5208">
    <p class='ocr_par' dir='ltr' id='par_1_67' title="bbox 313 5131 1905 5208">
     <span class='ocr_line' id='line_1_67' title="bbox 313 5131 1905 5208; baseline 0.002 -17"><span class='ocrx_word' id='word_1_537' title='bbox 313 5142 383 5191; x_wconf 82' lang='lat' dir='ltr'><strong>est</strong></span> <span class='ocrx_word' id='word_1_538' title='bbox 411 5136 536 5190; x_wconf 83' lang='lat' dir='ltr'><strong>velle</strong></span> <span class='ocrx_word' id='word_1_539' title='bbox 554 5143 602 5191; x_wconf 88' lang='lat' dir='ltr'><strong>et</strong></span> <span class='ocrx_word' id='word_1_540' title='bbox 630 5137 901 5207; x_wconf 80' lang='lat' dir='ltr'><strong>perﬁcere.</strong></span> <span class='ocrx_word' id='word_1_541' title='bbox 925 5167 997 5180; x_wconf 86' lang='grc'><strong><em>--</em></strong></span> <span class='ocrx_word' id='word_1_542' title='bbox 1018 5131 1070 5189; x_wconf 85' lang='lat'><strong>5.</strong></span> <span class='ocrx_word' id='word_1_543' title='bbox 1096 5133 1154 5190; x_wconf 91' lang='lat' dir='ltr'><strong>ln</strong></span> <span class='ocrx_word' id='word_1_544' title='bbox 1181 5136 1284 5191; x_wconf 90' lang='lat' dir='ltr'><strong>hoc</strong></span> <span class='ocrx_word' id='word_1_545' title='bbox 1306 5135 1490 5191; x_wconf 90' lang='lat' dir='ltr'><strong>debito</strong></span> <span class='ocrx_word' id='word_1_546' title='bbox 1513 5136 1660 5206; x_wconf 92' lang='lat' dir='ltr'><strong>quod</strong></span> <span class='ocrx_word' id='word_1_547' title='bbox 1688 5138 1905 5208; x_wconf 86' lang='lat' dir='ltr'><strong>exigitis</strong></span> 
     </span>
    </p>
   </div>
   <div class='ocr_carea' id='block_1_68' title="bbox 314 5227 1905 5297">
    <p class='ocr_par' dir='ltr' id='par_1_68' title="bbox 314 5227 1905 5297">
     <span class='ocr_line' id='line_1_68' title="bbox 314 5227 1905 5297; baseline 0.001 -13"><span class='ocrx_word' id='word_1_548' title='bbox 314 5243 341 5284; x_wconf 66' lang='grc' dir='ltr'><strong>δ</strong></span> <span class='ocrx_word' id='word_1_549' title='bbox 371 5229 522 5284; x_wconf 89' lang='lat' dir='ltr'><strong>nobis</strong></span> <span class='ocrx_word' id='word_1_550' title='bbox 543 5237 599 5284; x_wconf 89' lang='lat' dir='ltr'><strong>et</strong></span> <span class='ocrx_word' id='word_1_551' title='bbox 622 5227 845 5287; x_wconf 80' lang='lat' dir='ltr'><strong>redditis</strong></span> <span class='ocrx_word' id='word_1_552' title='bbox 874 5228 1047 5294; x_wconf 89' lang='lat' dir='ltr'><strong>nobis,</strong></span> <span class='ocrx_word' id='word_1_553' title='bbox 1080 5227 1322 5297; x_wconf 88' lang='lat' dir='ltr'><strong>adjuvari</strong></span> <span class='ocrx_word' id='word_1_554' title='bbox 1351 5242 1436 5283; x_wconf 87' lang='lat' dir='ltr'><strong>me</strong></span> <span class='ocrx_word' id='word_1_555' title='bbox 1462 5244 1569 5284; x_wconf 90' lang='lat' dir='ltr'><strong>non</strong></span> <span class='ocrx_word' id='word_1_556' title='bbox 1600 5229 1807 5297; x_wconf 86' lang='lat' dir='ltr'><strong>dubito,</strong></span> <span class='ocrx_word' id='word_1_557' title='bbox 1846 5240 1905 5286; x_wconf 84' lang='lat' dir='ltr'><strong>ut</strong></span> 
     </span>
    </p>
   </div>
   <div class='ocr_carea' id='block_1_69' title="bbox 314 5320 1900 5394">
    <p class='ocr_par' dir='ltr' id='par_1_69' title="bbox 314 5320 1900 5394">
     <span class='ocr_line' id='line_1_69' title="bbox 314 5320 1900 5394; baseline 0.003 -18"><span class='ocrx_word' id='word_1_558' title='bbox 314 5322 478 5388; x_wconf 76' lang='lat' dir='ltr'><strong>Deus,</strong></span> <span class='ocrx_word' id='word_1_559' title='bbox 509 5324 603 5394; x_wconf 89' lang='lat' dir='ltr'><strong>qui</strong></span> <span class='ocrx_word' id='word_1_560' title='bbox 630 5330 888 5394; x_wconf 86' lang='lat' dir='ltr'><strong>operatur</strong></span> <span class='ocrx_word' id='word_1_561' title='bbox 926 5322 980 5377; x_wconf 90' lang='lat' dir='ltr'><strong>in</strong></span> <span class='ocrx_word' id='word_1_562' title='bbox 1026 5321 1136 5377; x_wconf 88' lang='lat' dir='ltr'><strong>suis</strong></span> <span class='ocrx_word' id='word_1_563' title='bbox 1166 5329 1221 5376; x_wconf 91' lang='lat' dir='ltr'><strong>et</strong></span> <span class='ocrx_word' id='word_1_564' title='bbox 1242 5321 1382 5376; x_wconf 85' lang='lat' dir='ltr'><strong>velle</strong></span> <span class='ocrx_word' id='word_1_565' title='bbox 1412 5328 1467 5376; x_wconf 88' lang='lat' dir='ltr'><strong>et</strong></span> <span class='ocrx_word' id='word_1_566' title='bbox 1511 5320 1771 5391; x_wconf 79' lang='lat' dir='ltr'><strong>perlicere</strong></span> <span class='ocrx_word' id='word_1_567' title='bbox 1802 5340 1900 5393; x_wconf 88' lang='lat' dir='ltr'><strong>pro</strong></span> 
     </span>
    </p>
   </div>
   <div class='ocr_carea' id='block_1_70' title="bbox 314 5412 1900 5484">
    <p class='ocr_par' dir='ltr' id='par_1_70' title="bbox 314 5412 1900 5484">
     <span class='ocr_line' id='line_1_70' title="bbox 314 5412 1900 5484; baseline -0.001 -14"><span class='ocrx_word' id='word_1_568' title='bbox 314 5415 443 5470; x_wconf 83' lang='lat' dir='ltr'><strong>bona</strong></span> <span class='ocrx_word' id='word_1_569' title='bbox 477 5414 774 5477; x_wconf 87' lang='lat' dir='ltr'><strong>voluntate,</strong></span> <span class='ocrx_word' id='word_1_570' title='bbox 804 5413 918 5484; x_wconf 90' lang='lat' dir='ltr'><strong>ipse</strong></span> <span class='ocrx_word' id='word_1_571' title='bbox 940 5412 1105 5468; x_wconf 91' lang='lat' dir='ltr'><strong>donet</strong></span> <span class='ocrx_word' id='word_1_572' title='bbox 1120 5412 1265 5482; x_wconf 89' lang='lat' dir='ltr'><strong>quod</strong></span> <span class='ocrx_word' id='word_1_573' title='bbox 1284 5412 1444 5482; x_wconf 88' lang='lat' dir='ltr'><strong>digne</strong></span> <span class='ocrx_word' id='word_1_574' title='bbox 1460 5413 1714 5483; x_wconf 89' lang='lat' dir='ltr'><strong>cogitem,</strong></span> <span class='ocrx_word' id='word_1_575' title='bbox 1739 5414 1900 5483; x_wconf 86' lang='lat' dir='ltr'><strong>digne</strong></span> 
     </span>
    </p>
   </div>
   <div class='ocr_carea' id='block_1_71' title="bbox 313 5506 1898 5576">
    <p class='ocr_par' dir='ltr' id='par_1_71' title="bbox 313 5506 1898 5576">
     <span class='ocr_line' id='line_1_71' title="bbox 313 5506 1898 5576; baseline 0.001 -12"><span class='ocrx_word' id='word_1_576' title='bbox 313 5508 498 5564; x_wconf 81' lang='lat' dir='ltr'><strong>dicam.</strong></span> <span class='ocrx_word' id='word_1_577' title='bbox 530 5508 587 5564; x_wconf 90' lang='lat' dir='ltr'><strong>In</strong></span> <span class='ocrx_word' id='word_1_578' title='bbox 636 5507 793 5563; x_wconf 89' lang='lat' dir='ltr'><strong>bonis</strong></span> <span class='ocrx_word' id='word_1_579' title='bbox 822 5506 963 5562; x_wconf 89' lang='lat' dir='ltr'><strong>enim</strong></span> <span class='ocrx_word' id='word_1_580' title='bbox 995 5507 1415 5576; x_wconf 81' lang='lat' dir='ltr'><strong>cogitationibus</strong></span> <span class='ocrx_word' id='word_1_581' title='bbox 1443 5526 1545 5563; x_wconf 90' lang='lat' dir='ltr'><strong>non</strong></span> <span class='ocrx_word' id='word_1_582' title='bbox 1576 5525 1751 5563; x_wconf 87' lang='lat' dir='ltr'><strong>sumus</strong></span> <span class='ocrx_word' id='word_1_583' title='bbox 1783 5511 1898 5565; x_wconf 84' lang='lat' dir='ltr'><strong>ido—</strong></span> 
     </span>
    </p>
   </div>
   <div class='ocr_carea' id='block_1_72' title="bbox 315 5599 1899 5678">
    <p class='ocr_par' dir='ltr' id='par_1_72' title="bbox 315 5599 1899 5678">
     <span class='ocr_line' id='line_1_72' title="bbox 315 5599 1899 5678; baseline -0.001 -20"><span class='ocrx_word' id='word_1_584' title='bbox 315 5604 388 5658; x_wconf 83' lang='lat' dir='ltr'><strong>nei</strong></span> <span class='ocrx_word' id='word_1_585' title='bbox 415 5604 641 5674; x_wconf 84' lang='lat' dir='ltr'><strong>cogitare</strong></span> <span class='ocrx_word' id='word_1_586' title='bbox 672 5599 869 5674; x_wconf 78' lang='lat' dir='ltr'><strong>aliquid</strong></span> <span class='ocrx_word' id='word_1_587' title='bbox 895 5617 928 5654; x_wconf 92' lang='lat' dir='ltr'><strong>a</strong></span> <span class='ocrx_word' id='word_1_588' title='bbox 953 5599 1123 5664; x_wconf 85' lang='lat' dir='ltr'><strong>nobis,</strong></span> <span class='ocrx_word' id='word_1_589' title='bbox 1151 5603 1300 5673; x_wconf 82' lang='lat' dir='ltr'><strong>quasi</strong></span> <span class='ocrx_word' id='word_1_590' title='bbox 1331 5619 1396 5657; x_wconf 76' lang='lat' dir='ltr'><strong>ea:</strong></span> <span class='ocrx_word' id='word_1_591' title='bbox 1424 5601 1593 5669; x_wconf 90' lang='lat' dir='ltr'><strong>nobis,</strong></span> <span class='ocrx_word' id='word_1_592' title='bbox 1626 5604 1719 5659; x_wconf 87' lang='lat' dir='ltr'><strong>sed</strong></span> <span class='ocrx_word' id='word_1_593' title='bbox 1745 5607 1899 5678; x_wconf 76' lang='lat' dir='ltr'><strong>sufﬁ-</strong></span> 
     </span>
    </p>
   </div>
   <div class='ocr_carea' id='block_1_73' title="bbox 315 5692 1897 5767">
    <p class='ocr_par' dir='ltr' id='par_1_73' title="bbox 315 5692 1897 5767">
     <span class='ocr_line' id='line_1_73' title="bbox 315 5692 1897 5767; baseline 0.004 -17"><span class='ocrx_word' id='word_1_594' title='bbox 315 5697 494 5750; x_wconf 81' lang='lat' dir='ltr'><strong>cientia</strong></span> <span class='ocrx_word' id='word_1_595' title='bbox 523 5705 700 5753; x_wconf 89' lang='lat' dir='ltr'><strong>nostra</strong></span> <span class='ocrx_word' id='word_1_596' title='bbox 726 5712 792 5751; x_wconf 76' lang='lat' dir='ltr'><strong>ea:</strong></span> <span class='ocrx_word' id='word_1_597' title='bbox 818 5692 929 5750; x_wconf 91' lang='lat' dir='ltr'><strong>Deo</strong></span> <span class='ocrx_word' id='word_1_598' title='bbox 969 5703 1045 5750; x_wconf 87' lang='lat' dir='ltr'><strong>est</strong></span> <span class='ocrx_word' id='word_1_599' title='bbox 1071 5692 1162 5766; x_wconf 86' lang='grc'><strong>(11</strong></span> <span class='ocrx_word' id='word_1_600' title='bbox 1201 5693 1320 5750; x_wconf 82' lang='lat' dir='ltr'><strong>Cor.</strong></span> <span class='ocrx_word' id='word_1_601' title='bbox 1357 5712 1436 5767; x_wconf 86' lang='lat' dir='ltr'><strong>iu,</strong></span> <span class='ocrx_word' id='word_1_602' title='bbox 1469 5694 1545 5766; x_wconf 85' lang='lat'><strong>5).</strong></span> <span class='ocrx_word' id='word_1_603' title='bbox 1589 5695 1657 5752; x_wconf 85' lang='lat' dir='ltr'><strong>Et</strong></span> <span class='ocrx_word' id='word_1_604' title='bbox 1685 5699 1754 5754; x_wconf 91' lang='lat' dir='ltr'><strong>ob</strong></span> <span class='ocrx_word' id='word_1_605' title='bbox 1794 5698 1897 5756; x_wconf 87' lang='lat' dir='ltr'><strong>hoc</strong></span> 
     </span>
    </p>
   </div>
   <div class='ocr_carea' id='block_1_74' title="bbox 313 5784 1894 5858">
    <p class='ocr_par' dir='ltr' id='par_1_74' title="bbox 313 5784 1894 5858">
     <span class='ocr_line' id='line_1_74' title="bbox 313 5784 1894 5858; baseline 0.001 -14"><span class='ocrx_word' id='word_1_606' title='bbox 313 5803 411 5845; x_wconf 82' lang='lat' dir='ltr'><strong>non</strong></span> <span class='ocrx_word' id='word_1_607' title='bbox 439 5787 715 5844; x_wconf 85' lang='lat' dir='ltr'><strong>deﬁcimus</strong></span> <span class='ocrx_word' id='word_1_608' title='bbox 759 5784 1049 5857; x_wconf 89' lang='lat' dir='ltr'><strong>indigentia</strong></span> <span class='ocrx_word' id='word_1_609' title='bbox 1074 5827 1091 5854; x_wconf 94' lang='lat'><strong>,</strong></span> <span class='ocrx_word' id='word_1_610' title='bbox 1121 5786 1247 5858; x_wconf 89' lang='lat' dir='ltr'><strong>quia</strong></span> <span class='ocrx_word' id='word_1_611' title='bbox 1289 5787 1523 5856; x_wconf 88' lang='lat' dir='ltr'><strong>gratuito</strong></span> <span class='ocrx_word' id='word_1_612' title='bbox 1564 5803 1791 5844; x_wconf 89' lang='lat' dir='ltr'><strong>munere</strong></span> <span class='ocrx_word' id='word_1_613' title='bbox 1827 5790 1894 5845; x_wconf 87' lang='lat' dir='ltr'><strong>ab</strong></span> 
     </span>
    </p>
   </div>
   <div class='ocr_carea' id='block_1_75' title="bbox 313 5876 1893 5947">
    <p class='ocr_par' dir='ltr' id='par_1_75' title="bbox 313 5876 1893 5947">
     <span class='ocr_line' id='line_1_75' title="bbox 313 5876 1893 5947; baseline -0.001 -10"><span class='ocrx_word' id='word_1_614' title='bbox 313 5878 399 5938; x_wconf 86' lang='lat' dir='ltr'><strong>Illo</strong></span> <span class='ocrx_word' id='word_1_615' title='bbox 423 5877 743 5937; x_wconf 84' lang='lat' dir='ltr'><strong>sufﬁcientia</strong></span> <span class='ocrx_word' id='word_1_616' title='bbox 772 5884 959 5935; x_wconf 86' lang='lat' dir='ltr'><strong>nostra</strong></span> <span class='ocrx_word' id='word_1_617' title='bbox 980 5886 1082 5944; x_wconf 88' lang='lat' dir='ltr'><strong>est,</strong></span> <span class='ocrx_word' id='word_1_618' title='bbox 1110 5878 1164 5933; x_wconf 91' lang='lat' dir='ltr'><strong>in</strong></span> <span class='ocrx_word' id='word_1_619' title='bbox 1192 5892 1299 5947; x_wconf 92' lang='lat' dir='ltr'><strong>quo</strong></span> <span class='ocrx_word' id='word_1_620' title='bbox 1329 5876 1623 5946; x_wconf 88' lang='lat' dir='ltr'><strong>indigentia</strong></span> <span class='ocrx_word' id='word_1_621' title='bbox 1652 5878 1760 5936; x_wconf 86' lang='lat' dir='ltr'><strong>ulla</strong></span> <span class='ocrx_word' id='word_1_622' title='bbox 1783 5897 1893 5937; x_wconf 91' lang='lat' dir='ltr'><strong>non</strong></span> 
     </span>
    </p>
   </div>
   <div class='ocr_carea' id='block_1_76' title="bbox 2031 1950 3628 2029">
    <p class='ocr_par' dir='ltr' id='par_1_76' title="bbox 2031 1950 3628 2029">
     <span class='ocr_line' id='line_1_76' title="bbox 2031 1950 3628 2029; baseline -0.003 -16"><span class='ocrx_word' id='word_1_623' title='bbox 2031 1958 2162 2029; x_wconf 90' lang='lat' dir='ltr'><strong>quid</strong></span> <span class='ocrx_word' id='word_1_624' title='bbox 2191 1959 2373 2028; x_wconf 87' lang='lat' dir='ltr'><strong>itaque</strong></span> <span class='ocrx_word' id='word_1_625' title='bbox 2397 1958 2451 2012; x_wconf 89' lang='lat' dir='ltr'><strong>in</strong></span> <span class='ocrx_word' id='word_1_626' title='bbox 2479 1958 2583 2012; x_wconf 88' lang='lat' dir='ltr'><strong>hoc</strong></span> <span class='ocrx_word' id='word_1_627' title='bbox 2611 1973 2778 2028; x_wconf 89' lang='lat' dir='ltr'><strong>opere</strong></span> <span class='ocrx_word' id='word_1_628' title='bbox 2802 1956 2993 2012; x_wconf 80' lang='lat' dir='ltr'><strong>dixero</strong></span> <span class='ocrx_word' id='word_1_629' title='bbox 3021 1956 3166 2027; x_wconf 83' lang='lat' dir='ltr'><strong>quod</strong></span> <span class='ocrx_word' id='word_1_630' title='bbox 3199 1955 3407 2023; x_wconf 60' lang='lat' dir='ltr'><strong>placeat</strong></span> <span class='ocrx_word' id='word_1_631' title='bbox 3431 1962 3487 2008; x_wconf 89' lang='lat' dir='ltr'><strong>et</strong></span> <span class='ocrx_word' id='word_1_632' title='bbox 3514 1950 3628 2009; x_wconf 86' lang='lat' dir='ltr'><strong>suf-</strong></span> 
     </span>
    </p>
   </div>
   <div class='ocr_carea' id='block_1_77' title="bbox 2032 2043 3628 2119">
    <p class='ocr_par' dir='ltr' id='par_1_77' title="bbox 2032 2043 3628 2119">
     <span class='ocr_line' id='line_1_77' title="bbox 2032 2043 3628 2119; baseline -0.004 -14"><span class='ocrx_word' id='word_1_633' title='bbox 2032 2049 2198 2117; x_wconf 87' lang='lat' dir='ltr'><strong>ﬁciat,</strong></span> <span class='ocrx_word' id='word_1_634' title='bbox 2226 2052 2329 2116; x_wconf 89' lang='lat' dir='ltr'><strong>vel,</strong></span> <span class='ocrx_word' id='word_1_635' title='bbox 2362 2050 2406 2105; x_wconf 87' lang='lat' dir='ltr'><strong>si</strong></span> <span class='ocrx_word' id='word_1_636' title='bbox 2429 2065 2537 2104; x_wconf 89' lang='lat' dir='ltr'><strong>non</strong></span> <span class='ocrx_word' id='word_1_637' title='bbox 2560 2047 2816 2115; x_wconf 84' lang='lat' dir='ltr'><strong>sufﬁciat,</strong></span> <span class='ocrx_word' id='word_1_638' title='bbox 2834 2049 3026 2103; x_wconf 88' lang='lat' dir='ltr'><strong>saltem</strong></span> <span class='ocrx_word' id='word_1_639' title='bbox 3048 2048 3257 2119; x_wconf 86' lang='lat' dir='ltr'><strong>placeat</strong></span> <span class='ocrx_word' id='word_1_640' title='bbox 3276 2054 3466 2104; x_wconf 85' lang='lat' dir='ltr'><strong>sancto</strong></span> <span class='ocrx_word' id='word_1_641' title='bbox 3491 2043 3628 2101; x_wconf 79' lang='lat' dir='ltr'><strong>desi-</strong></span> 
     </span>
    </p>
   </div>
   <div class='ocr_carea' id='block_1_78' title="bbox 2029 2135 3625 2211">
    <p class='ocr_par' dir='ltr' id='par_1_78' title="bbox 2029 2135 3625 2211">
     <span class='ocr_line' id='line_1_78' title="bbox 2029 2135 3625 2211; baseline -0.008 -10"><span class='ocrx_word' id='word_1_642' title='bbox 2029 2145 2183 2201; x_wconf 88' lang='lat' dir='ltr'><strong>derio</strong></span> <span class='ocrx_word' id='word_1_643' title='bbox 2212 2153 2329 2210; x_wconf 90' lang='lat' dir='ltr'><strong>tuo,</strong></span> <span class='ocrx_word' id='word_1_644' title='bbox 2355 2160 2462 2199; x_wconf 89' lang='lat' dir='ltr'><strong>non</strong></span> <span class='ocrx_word' id='word_1_645' title='bbox 2494 2154 2578 2199; x_wconf 87' lang='lat' dir='ltr'><strong>est</strong></span> <span class='ocrx_word' id='word_1_646' title='bbox 2604 2157 2740 2197; x_wconf 71' lang='lat' dir='ltr'><strong>mem</strong></span> <span class='ocrx_word' id='word_1_647' title='bbox 2766 2141 3102 2211; x_wconf 66' lang='lat' dir='ltr'><strong>indigentire,</strong></span> <span class='ocrx_word' id='word_1_648' title='bbox 3132 2140 3224 2196; x_wconf 90' lang='lat' dir='ltr'><strong>sed</strong></span> <span class='ocrx_word' id='word_1_649' title='bbox 3251 2139 3445 2193; x_wconf 77' lang='lat' dir='ltr'><strong>divina:</strong></span> <span class='ocrx_word' id='word_1_650' title='bbox 3472 2135 3625 2192; x_wconf 80' lang='lat' dir='ltr'><strong>sulti-</strong></span> 
     </span>
    </p>
   </div>
   <div class='ocr_carea' id='block_1_79' title="bbox 2028 2228 3628 2305">
    <p class='ocr_par' dir='ltr' id='par_1_79' title="bbox 2028 2228 3628 2305">
     <span class='ocr_line' id='line_1_79' title="bbox 2028 2228 3628 2305; baseline -0.006 -10"><span class='ocrx_word' id='word_1_651' title='bbox 2028 2238 2262 2296; x_wconf 77' lang='lat' dir='ltr'><strong>cieutiae.</strong></span> <span class='ocrx_word' id='word_1_652' title='bbox 2294 2236 2352 2293; x_wconf 88' lang='lat' dir='ltr'><strong>Si</strong></span> <span class='ocrx_word' id='word_1_653' title='bbox 2374 2237 2500 2305; x_wconf 69' lang='lat' dir='ltr'><strong>quid</strong></span> <span class='ocrx_word' id='word_1_654' title='bbox 2527 2252 2656 2291; x_wconf 88' lang='lat' dir='ltr'><strong>vero</strong></span> <span class='ocrx_word' id='word_1_655' title='bbox 2682 2235 2908 2290; x_wconf 86' lang='lat' dir='ltr'><strong>forsitan</strong></span> <span class='ocrx_word' id='word_1_656' title='bbox 2937 2234 3013 2290; x_wconf 86' lang='lat' dir='ltr'><strong>ita</strong></span> <span class='ocrx_word' id='word_1_657' title='bbox 3044 2232 3253 2299; x_wconf 80' lang='lat' dir='ltr'><strong>dixero,</strong></span> <span class='ocrx_word' id='word_1_658' title='bbox 3287 2241 3347 2288; x_wconf 92' lang='lat' dir='ltr'><strong>ut</strong></span> <span class='ocrx_word' id='word_1_659' title='bbox 3385 2246 3485 2287; x_wconf 76' lang='lat' dir='ltr'><strong>nec</strong></span> <span class='ocrx_word' id='word_1_660' title='bbox 3520 2228 3628 2286; x_wconf 79' lang='lat' dir='ltr'><strong>suf-</strong></span> 
     </span>
    </p>
   </div>
   <div class='ocr_carea' id='block_1_80' title="bbox 2029 2323 3626 2399">
    <p class='ocr_par' dir='ltr' id='par_1_80' title="bbox 2029 2323 3626 2399">
     <span class='ocr_line' id='line_1_80' title="bbox 2029 2323 3626 2399; baseline -0.004 -15"><span class='ocrx_word' id='word_1_661' title='bbox 2029 2330 2193 2387; x_wconf 88' lang='lat' dir='ltr'><strong>ﬁcere</strong></span> <span class='ocrx_word' id='word_1_662' title='bbox 2232 2338 2324 2395; x_wconf 88' lang='lat' dir='ltr'><strong>tuo</strong></span> <span class='ocrx_word' id='word_1_663' title='bbox 2354 2336 2544 2385; x_wconf 87' lang='lat' dir='ltr'><strong>sancto</strong></span> <span class='ocrx_word' id='word_1_664' title='bbox 2575 2328 2747 2399; x_wconf 89' lang='lat' dir='ltr'><strong>possit</strong></span> <span class='ocrx_word' id='word_1_665' title='bbox 2772 2327 3062 2396; x_wconf 89' lang='lat' dir='ltr'><strong>desiderio,</strong></span> <span class='ocrx_word' id='word_1_666' title='bbox 3095 2340 3195 2381; x_wconf 90' lang='lat' dir='ltr'><strong>nec</strong></span> <span class='ocrx_word' id='word_1_667' title='bbox 3221 2323 3472 2395; x_wconf 87' lang='lat' dir='ltr'><strong>placere,</strong></span> <span class='ocrx_word' id='word_1_668' title='bbox 3512 2337 3626 2379; x_wconf 90' lang='lat' dir='ltr'><strong>non</strong></span> 
     </span>
    </p>
   </div>
   <div class='ocr_carea' id='block_1_81' title="bbox 2028 2412 3626 2489">
    <p class='ocr_par' dir='ltr' id='par_1_81' title="bbox 2028 2412 3626 2489">
     <span class='ocr_line' id='line_1_81' title="bbox 2028 2412 3626 2489; baseline -0.006 -10"><span class='ocrx_word' id='word_1_669' title='bbox 2028 2431 2113 2479; x_wconf 90' lang='lat' dir='ltr'><strong>est</strong></span> <span class='ocrx_word' id='word_1_670' title='bbox 2131 2420 2708 2489; x_wconf 55' lang='lat' dir='ltr'><strong>sullicientiaidivinae,</strong></span> <span class='ocrx_word' id='word_1_671' title='bbox 2736 2417 2829 2476; x_wconf 89' lang='lat' dir='ltr'><strong>sed</strong></span> <span class='ocrx_word' id='word_1_672' title='bbox 2856 2417 3166 2486; x_wconf 74' lang='lat' dir='ltr'><strong>indigentia:</strong></span> <span class='ocrx_word' id='word_1_673' title='bbox 3193 2431 3347 2472; x_wconf 71' lang='lat' dir='ltr'><strong>mete.</strong></span> <span class='ocrx_word' id='word_1_674' title='bbox 3392 2412 3626 2470; x_wconf 83' lang='lat' dir='ltr'><strong>Proinde</strong></span> 
     </span>
    </p>
   </div>
   <div class='ocr_carea' id='block_1_82' title="bbox 2028 2507 3625 2582">
    <p class='ocr_par' dir='ltr' id='par_1_82' title="bbox 2028 2507 3625 2582">
     <span class='ocr_line' id='line_1_82' title="bbox 2028 2507 3625 2582; baseline -0.004 -12"><span class='ocrx_word' id='word_1_675' title='bbox 2028 2514 2334 2580; x_wconf 77' lang='lat' dir='ltr'><strong>Christiana</strong></span> <span class='ocrx_word' id='word_1_676' title='bbox 2374 2512 2572 2568; x_wconf 86' lang='lat' dir='ltr'><strong>caritas</strong></span> <span class='ocrx_word' id='word_1_677' title='bbox 2621 2511 2908 2582; x_wconf 89' lang='lat' dir='ltr'><strong>utrobique</strong></span> <span class='ocrx_word' id='word_1_678' title='bbox 2937 2511 3121 2581; x_wconf 87' lang='lat' dir='ltr'><strong>operis</strong></span> <span class='ocrx_word' id='word_1_679' title='bbox 3147 2509 3231 2565; x_wconf 89' lang='lat' dir='ltr'><strong>sui</strong></span> <span class='ocrx_word' id='word_1_680' title='bbox 3258 2516 3442 2580; x_wconf 90' lang='lat' dir='ltr'><strong>partes</strong></span> <span class='ocrx_word' id='word_1_681' title='bbox 3468 2507 3625 2565; x_wconf 69' lang='lat' dir='ltr'><strong>exhi-</strong></span> 
     </span>
    </p>
   </div>
   <div class='ocr_carea' id='block_1_83' title="bbox 2026 2602 3626 2675">
    <p class='ocr_par' dir='ltr' id='par_1_83' title="bbox 2026 2602 3626 2675">
     <span class='ocr_line' id='line_1_83' title="bbox 2026 2602 3626 2675; baseline -0.003 -12"><span class='ocrx_word' id='word_1_682' title='bbox 2026 2607 2184 2675; x_wconf 82' lang='lat' dir='ltr'><strong>beat,</strong></span> <span class='ocrx_word' id='word_1_683' title='bbox 2214 2614 2275 2661; x_wconf 92' lang='lat' dir='ltr'><strong>ut</strong></span> <span class='ocrx_word' id='word_1_684' title='bbox 2303 2614 2358 2661; x_wconf 90' lang='lat' dir='ltr'><strong>et</strong></span> <span class='ocrx_word' id='word_1_685' title='bbox 2384 2602 2759 2662; x_wconf 80' lang='lat' dir='ltr'><strong>sufﬁcientiam</strong></span> <span class='ocrx_word' id='word_1_686' title='bbox 2813 2604 2908 2659; x_wconf 91' lang='lat' dir='ltr'><strong>Dei</strong></span> <span class='ocrx_word' id='word_1_687' title='bbox 2956 2604 3231 2660; x_wconf 88' lang='lat' dir='ltr'><strong>humiliter</strong></span> <span class='ocrx_word' id='word_1_688' title='bbox 3258 2609 3537 2673; x_wconf 88' lang='lat' dir='ltr'><strong>agnoscat,</strong></span> <span class='ocrx_word' id='word_1_689' title='bbox 3566 2609 3626 2659; x_wconf 88' lang='lat' dir='ltr'><strong>et</strong></span> 
     </span>
    </p>
   </div>
   <div class='ocr_carea' id='block_1_84' title="bbox 2027 2695 3126 2767">
    <p class='ocr_par' dir='ltr' id='par_1_84' title="bbox 2027 2695 3126 2767">
     <span class='ocr_line' id='line_1_84' title="bbox 2027 2695 3126 2767; baseline -0.004 -14"><span class='ocrx_word' id='word_1_690' title='bbox 2027 2696 2334 2767; x_wconf 76' lang='lat' dir='ltr'><strong>indigentiae</strong></span> <span class='ocrx_word' id='word_1_691' title='bbox 2354 2698 2534 2753; x_wconf 89' lang='lat' dir='ltr'><strong>servili</strong></span> <span class='ocrx_word' id='word_1_692' title='bbox 2563 2697 2834 2767; x_wconf 86' lang='lat' dir='ltr'><strong>patienter</strong></span> <span class='ocrx_word' id='word_1_693' title='bbox 2863 2695 3126 2764; x_wconf 89' lang='lat' dir='ltr'><strong>ignoscat.</strong></span> 
     </span>
    </p>
   </div>
   <div class='ocr_carea' id='block_1_85' title="bbox 2098 2808 3619 2880">
    <p class='ocr_par' dir='ltr' id='par_1_85' title="bbox 2098 2808 3619 2880">
     <span class='ocr_line' id='line_1_85' title="bbox 2098 2808 3619 2880; baseline 0.001 -18"><span class='ocrx_word' id='word_1_694' title='bbox 2098 2808 2228 2864; x_wconf 63' lang='lat' dir='ltr'><strong>Car.</strong></span> <span class='ocrx_word' id='word_1_695' title='bbox 2271 2825 2342 2864; x_wconf 81' lang='lat' dir='ltr'><strong>iv.</strong></span> <span class='ocrx_word' id='word_1_696' title='bbox 2394 2808 2622 2880; x_wconf 83' lang='lat' dir='ltr'><strong>Virginis</strong></span> <span class='ocrx_word' id='word_1_697' title='bbox 2652 2808 2794 2879; x_wconf 77' lang='lat' dir='ltr'><strong>ﬁlius</strong></span> <span class='ocrx_word' id='word_1_698' title='bbox 2824 2808 3140 2879; x_wconf 83' lang='lat' dir='ltr'><strong>virginitatis</strong></span> <span class='ocrx_word' id='word_1_699' title='bbox 3169 2818 3352 2864; x_wconf 90' lang='lat' dir='ltr'><strong>auctor</strong></span> <span class='ocrx_word' id='word_1_700' title='bbox 3379 2816 3430 2863; x_wconf 86' lang='lat' dir='ltr'><strong>et</strong></span> <span class='ocrx_word' id='word_1_701' title='bbox 3458 2826 3619 2879; x_wconf 83' lang='lat' dir='ltr'><strong>spon-</strong></span> 
     </span>
    </p>
   </div>
   <div class='ocr_carea' id='block_1_86' title="bbox 2025 2899 3620 2974">
    <p class='ocr_par' dir='ltr' id='par_1_86' title="bbox 2025 2899 3620 2974">
     <span class='ocr_line' id='line_1_86' title="bbox 2025 2899 3620 2974; baseline 0.004 -19"><span class='ocrx_word' id='word_1_702' title='bbox 2025 2917 2133 2955; x_wconf 86' lang='lat' dir='ltr'><strong>sus.</strong></span> <span class='ocrx_word' id='word_1_703' title='bbox 2171 2900 2329 2972; x_wconf 85' lang='lat' dir='ltr'><strong>Virgo</strong></span> <span class='ocrx_word' id='word_1_704' title='bbox 2355 2902 2507 2974; x_wconf 84' lang='lat' dir='ltr'><strong>quasi</strong></span> <span class='ocrx_word' id='word_1_705' title='bbox 2533 2902 2732 2973; x_wconf 81' lang='lat' dir='ltr'><strong>virago.</strong></span> <span class='ocrx_word' id='word_1_706' title='bbox 2758 2931 2829 2941; x_wconf 92' lang='lat'><strong>—</strong></span> <span class='ocrx_word' id='word_1_707' title='bbox 2855 2899 3197 2969; x_wconf 82' lang='lat' dir='ltr'><strong>6.Virginem</strong></span> <span class='ocrx_word' id='word_1_708' title='bbox 3216 2915 3425 2957; x_wconf 78' lang='lat' dir='ltr'><strong>sacram</strong></span> <span class='ocrx_word' id='word_1_709' title='bbox 3452 2910 3504 2956; x_wconf 88' lang='lat' dir='ltr'><strong>te</strong></span> <span class='ocrx_word' id='word_1_710' title='bbox 3515 2900 3620 2961; x_wconf 82' lang='lat' dir='ltr'><strong>sibi</strong></span> 
     </span>
    </p>
   </div>
   <div class='ocr_carea' id='block_1_87' title="bbox 2026 2991 3619 3064">
    <p class='ocr_par' dir='ltr' id='par_1_87' title="bbox 2026 2991 3619 3064">
     <span class='ocr_line' id='line_1_87' title="bbox 2026 2991 3619 3064; baseline -0.001 -18"><span class='ocrx_word' id='word_1_711' title='bbox 2026 3007 2251 3048; x_wconf 86' lang='lat' dir='ltr'><strong>munere</strong></span> <span class='ocrx_word' id='word_1_712' title='bbox 2264 2992 2498 3062; x_wconf 87' lang='lat' dir='ltr'><strong>gratuito</strong></span> <span class='ocrx_word' id='word_1_713' title='bbox 2520 2991 2664 3055; x_wconf 80' lang='lat' dir='ltr'><strong>fecit,</strong></span> <span class='ocrx_word' id='word_1_714' title='bbox 2681 2993 2774 3063; x_wconf 86' lang='lat' dir='ltr'><strong>qui</strong></span> <span class='ocrx_word' id='word_1_715' title='bbox 2790 2992 2967 3047; x_wconf 88' lang='lat' dir='ltr'><strong>omnia</strong></span> <span class='ocrx_word' id='word_1_716' title='bbox 2987 3008 3300 3064; x_wconf 61' lang='lat' dir='ltr'><strong>quascunque</strong></span> <span class='ocrx_word' id='word_1_717' title='bbox 3315 2993 3470 3047; x_wconf 81' lang='lat' dir='ltr'><strong>voluit</strong></span> <span class='ocrx_word' id='word_1_718' title='bbox 3494 2993 3619 3064; x_wconf 75' lang='lat' dir='ltr'><strong>fecit</strong></span> 
     </span>
    </p>
   </div>
   <div class='ocr_carea' id='block_1_88' title="bbox 2028 3084 3616 3158">
    <p class='ocr_par' dir='ltr' id='par_1_88' title="bbox 2028 3084 3616 3158">
     <span class='ocr_line' id='line_1_88' title="bbox 2028 3084 3616 3158; baseline 0.003 -20"><span class='ocrx_word' id='word_1_719' title='bbox 2028 3086 2204 3156; x_wconf 83' lang='lat' dir='ltr'><strong>(l’sal.</strong></span> <span class='ocrx_word' id='word_1_720' title='bbox 2218 3102 2365 3151; x_wconf 79' lang='lat' dir='ltr'><strong>exui,</strong></span> <span class='ocrx_word' id='word_1_721' title='bbox 2387 3084 2498 3158; x_wconf 75' lang='lat' dir='ltr'><strong>ll);</strong></span> <span class='ocrx_word' id='word_1_722' title='bbox 2518 3101 2547 3139; x_wconf 87' lang='lat' dir='ltr'><strong>a</strong></span> <span class='ocrx_word' id='word_1_723' title='bbox 2559 3100 2667 3155; x_wconf 90' lang='lat' dir='ltr'><strong>quo</strong></span> <span class='ocrx_word' id='word_1_724' title='bbox 2692 3084 2813 3140; x_wconf 89' lang='lat' dir='ltr'><strong>ideo</strong></span> <span class='ocrx_word' id='word_1_725' title='bbox 2825 3085 2997 3153; x_wconf 88' lang='lat' dir='ltr'><strong>gratia</strong></span> <span class='ocrx_word' id='word_1_726' title='bbox 3016 3084 3175 3140; x_wconf 91' lang='lat' dir='ltr'><strong>nullis</strong></span> <span class='ocrx_word' id='word_1_727' title='bbox 3190 3084 3616 3155; x_wconf 70' lang='lat' dir='ltr'><strong>prmeedentibus</strong></span> 
     </span>
    </p>
   </div>
   <div class='ocr_carea' id='block_1_89' title="bbox 2028 3172 3617 3247">
    <p class='ocr_par' dir='ltr' id='par_1_89' title="bbox 2028 3172 3617 3247">
     <span class='ocr_line' id='line_1_89' title="bbox 2028 3172 3617 3247; baseline 0 -15"><span class='ocrx_word' id='word_1_728' title='bbox 2028 3177 2234 3233; x_wconf 90' lang='lat' dir='ltr'><strong>meritis</strong></span> <span class='ocrx_word' id='word_1_729' title='bbox 2261 3176 2423 3231; x_wconf 89' lang='lat' dir='ltr'><strong>datur</strong></span> <span class='ocrx_word' id='word_1_730' title='bbox 2448 3218 2465 3245; x_wconf 92' lang='lat'><strong>,</strong></span> <span class='ocrx_word' id='word_1_731' title='bbox 2512 3172 2579 3230; x_wconf 73' lang='lat' dir='ltr'><strong>ul’</strong></span> <span class='ocrx_word' id='word_1_732' title='bbox 2600 3174 2676 3231; x_wconf 89' lang='lat' dir='ltr'><strong>illi</strong></span> <span class='ocrx_word' id='word_1_733' title='bbox 2718 3191 2933 3246; x_wconf 86' lang='lat' dir='ltr'><strong>semper</strong></span> <span class='ocrx_word' id='word_1_734' title='bbox 2974 3176 3268 3246; x_wconf 83' lang='lat' dir='ltr'><strong>gratiarum</strong></span> <span class='ocrx_word' id='word_1_735' title='bbox 3309 3177 3451 3232; x_wconf 87' lang='lat' dir='ltr'><strong>actio</strong></span> <span class='ocrx_word' id='word_1_736' title='bbox 3479 3191 3617 3247; x_wconf 85' lang='lat' dir='ltr'><strong>pura</strong></span> 
     </span>
    </p>
   </div>
   <div class='ocr_carea' id='block_1_90' title="bbox 1944 3241 3615 3342">
    <p class='ocr_par' dir='ltr' id='par_1_90' title="bbox 1944 3241 3615 3342">
     <span class='ocr_line' id='line_1_90' title="bbox 1944 3241 3615 3342; baseline 0.002 -14"><span class='ocrx_word' id='word_1_737' title='bbox 1944 3241 1991 3306; x_wconf 66' lang='grc' dir='ltr'>Ο</span> <span class='ocrx_word' id='word_1_738' title='bbox 2021 3270 2202 3328; x_wconf 87' lang='lat' dir='ltr'><strong>cordis</strong></span> <span class='ocrx_word' id='word_1_739' title='bbox 2230 3241 2535 3326; x_wconf 72' lang='lat' dir='ltr'><strong>humilitate</strong></span> <span class='ocrx_word' id='word_1_740' title='bbox 2561 3241 2852 3341; x_wconf 46' lang='lat' dir='ltr'><strong>reddatur.-</strong></span> <span class='ocrx_word' id='word_1_741' title='bbox 2869 3269 2967 3326; x_wconf 83' lang='lat' dir='ltr'><strong>Hic</strong></span> <span class='ocrx_word' id='word_1_742' title='bbox 2979 3241 3076 3327; x_wconf 72' lang='lat' dir='ltr'><strong>est</strong></span> <span class='ocrx_word' id='word_1_743' title='bbox 3103 3280 3285 3327; x_wconf 89' lang='lat' dir='ltr'><strong>autem</strong></span> <span class='ocrx_word' id='word_1_744' title='bbox 3305 3241 3615 3342; x_wconf 71' lang='lat' dir='ltr'><strong>unigenitus</strong></span> 
     </span>
    </p>
   </div>
   <div class='ocr_carea' id='block_1_91' title="bbox 2023 3364 3616 3435">
    <p class='ocr_par' dir='ltr' id='par_1_91' title="bbox 2023 3364 3616 3435">
     <span class='ocr_line' id='line_1_91' title="bbox 2023 3364 3616 3435; baseline 0 -15"><span class='ocrx_word' id='word_1_745' title='bbox 2023 3364 2123 3420; x_wconf 92' lang='lat' dir='ltr'><strong>Dei</strong></span> <span class='ocrx_word' id='word_1_746' title='bbox 2154 3364 2340 3427; x_wconf 86' lang='lat' dir='ltr'><strong>Filius,</strong></span> <span class='ocrx_word' id='word_1_747' title='bbox 2373 3364 2680 3433; x_wconf 87' lang='lat' dir='ltr'><strong>unigenitus</strong></span> <span class='ocrx_word' id='word_1_748' title='bbox 2706 3364 2869 3419; x_wconf 90' lang='lat' dir='ltr'><strong>etiam</strong></span> <span class='ocrx_word' id='word_1_749' title='bbox 2896 3364 3131 3435; x_wconf 79' lang='lat' dir='ltr'><strong>Virginis</strong></span> <span class='ocrx_word' id='word_1_750' title='bbox 3162 3364 3323 3433; x_wconf 89' lang='lat' dir='ltr'><strong>ﬁlius,</strong></span> <span class='ocrx_word' id='word_1_751' title='bbox 3346 3380 3484 3421; x_wconf 86' lang='lat' dir='ltr'><strong>unus</strong></span> <span class='ocrx_word' id='word_1_752' title='bbox 3504 3380 3616 3421; x_wconf 90' lang='lat' dir='ltr'><strong>om-</strong></span> 
     </span>
    </p>
   </div>
   <div class='ocr_carea' id='block_1_92' title="bbox 2021 3458 3614 3530">
    <p class='ocr_par' dir='ltr' id='par_1_92' title="bbox 2021 3458 3614 3530">
     <span class='ocr_line' id='line_1_92' title="bbox 2021 3458 3614 3530; baseline 0.002 -17"><span class='ocrx_word' id='word_1_753' title='bbox 2021 3460 2168 3513; x_wconf 90' lang='lat' dir='ltr'><strong>nium</strong></span> <span class='ocrx_word' id='word_1_754' title='bbox 2196 3473 2471 3514; x_wconf 90' lang='lat' dir='ltr'><strong>sacrarum</strong></span> <span class='ocrx_word' id='word_1_755' title='bbox 2495 3459 2763 3527; x_wconf 88' lang='lat' dir='ltr'><strong>virginum</strong></span> <span class='ocrx_word' id='word_1_756' title='bbox 2788 3472 3037 3530; x_wconf 78' lang='lat' dir='ltr'><strong>sponsus,</strong></span> <span class='ocrx_word' id='word_1_757' title='bbox 3064 3466 3264 3515; x_wconf 79' lang='lat' dir='ltr'><strong>sanctae</strong></span> <span class='ocrx_word' id='word_1_758' title='bbox 3289 3458 3614 3528; x_wconf 77' lang='lat' dir='ltr'><strong>virginitatis</strong></span> 
     </span>
    </p>
   </div>
   <div class='ocr_carea' id='block_1_93' title="bbox 2016 3550 3611 3623">
    <p class='ocr_par' dir='ltr' id='par_1_93' title="bbox 2016 3550 3611 3623">
     <span class='ocr_line' id='line_1_93' title="bbox 2016 3550 3611 3623; baseline 0.002 -18"><span class='ocrx_word' id='word_1_759' title='bbox 2016 3550 2226 3607; x_wconf 85' lang='lat' dir='ltr'><strong>fructus</strong></span> <span class='ocrx_word' id='word_1_760' title='bbox 2249 3594 2266 3620; x_wconf 94' lang='lat'><strong>,</strong></span> <span class='ocrx_word' id='word_1_761' title='bbox 2315 3550 2479 3607; x_wconf 88' lang='lat' dir='ltr'><strong>decus</strong></span> <span class='ocrx_word' id='word_1_762' title='bbox 2501 3560 2557 3608; x_wconf 89' lang='lat' dir='ltr'><strong>et</strong></span> <span class='ocrx_word' id='word_1_763' title='bbox 2595 3566 2820 3620; x_wconf 86' lang='lat' dir='ltr'><strong>munus;</strong></span> <span class='ocrx_word' id='word_1_764' title='bbox 2846 3567 3008 3622; x_wconf 88' lang='lat' dir='ltr'><strong>quem</strong></span> <span class='ocrx_word' id='word_1_765' title='bbox 3038 3551 3395 3623; x_wconf 84' lang='lat' dir='ltr'><strong>corporaliter</strong></span> <span class='ocrx_word' id='word_1_766' title='bbox 3420 3557 3611 3609; x_wconf 85' lang='lat' dir='ltr'><strong>sancta</strong></span> 
     </span>
    </p>
   </div>
   <div class='ocr_carea' id='block_1_94' title="bbox 2017 3646 3610 3717">
    <p class='ocr_par' dir='ltr' id='par_1_94' title="bbox 2017 3646 3610 3717">
     <span class='ocr_line' id='line_1_94' title="bbox 2017 3646 3610 3717; baseline 0.003 -17"><span class='ocrx_word' id='word_1_767' title='bbox 2017 3646 2296 3714; x_wconf 89' lang='lat' dir='ltr'><strong>virginitas</strong></span> <span class='ocrx_word' id='word_1_768' title='bbox 2323 3647 2567 3717; x_wconf 86' lang='lat' dir='ltr'><strong>peperit;</strong></span> <span class='ocrx_word' id='word_1_769' title='bbox 2599 3647 2685 3703; x_wconf 91' lang='lat' dir='ltr'><strong>cui</strong></span> <span class='ocrx_word' id='word_1_770' title='bbox 2733 3646 3049 3717; x_wconf 84' lang='lat' dir='ltr'><strong>spiritaliter</strong></span> <span class='ocrx_word' id='word_1_771' title='bbox 3088 3655 3273 3703; x_wconf 88' lang='lat' dir='ltr'><strong>sancta</strong></span> <span class='ocrx_word' id='word_1_772' title='bbox 3326 3646 3610 3717; x_wconf 78' lang='lat' dir='ltr'><strong>virginitas</strong></span> 
     </span>
    </p>
   </div>
   <div class='ocr_carea' id='block_1_95' title="bbox 2017 3736 3608 3809">
    <p class='ocr_par' dir='ltr' id='par_1_95' title="bbox 2017 3736 3608 3809">
     <span class='ocr_line' id='line_1_95' title="bbox 2017 3736 3608 3809; baseline 0.004 -19"><span class='ocrx_word' id='word_1_773' title='bbox 2017 3736 2202 3802; x_wconf 89' lang='lat' dir='ltr'><strong>nubit;</strong></span> <span class='ocrx_word' id='word_1_774' title='bbox 2233 3752 2263 3791; x_wconf 89' lang='lat' dir='ltr'><strong>a</strong></span> <span class='ocrx_word' id='word_1_775' title='bbox 2291 3752 2401 3806; x_wconf 91' lang='lat' dir='ltr'><strong>quo</strong></span> <span class='ocrx_word' id='word_1_776' title='bbox 2430 3747 2614 3792; x_wconf 87' lang='lat' dir='ltr'><strong>sancta</strong></span> <span class='ocrx_word' id='word_1_777' title='bbox 2655 3739 2934 3807; x_wconf 88' lang='lat' dir='ltr'><strong>virginitas</strong></span> <span class='ocrx_word' id='word_1_778' title='bbox 2960 3738 3306 3805; x_wconf 83' lang='lat' dir='ltr'><strong>fecundatur,</strong></span> <span class='ocrx_word' id='word_1_779' title='bbox 3332 3745 3390 3793; x_wconf 89' lang='lat' dir='ltr'><strong>ut</strong></span> <span class='ocrx_word' id='word_1_780' title='bbox 3417 3753 3608 3809; x_wconf 78' lang='lat' dir='ltr'><strong>perse-</strong></span> 
     </span>
    </p>
   </div>
   <div class='ocr_carea' id='block_1_96' title="bbox 2015 3829 3609 3901">
    <p class='ocr_par' dir='ltr' id='par_1_96' title="bbox 2015 3829 3609 3901">
     <span class='ocr_line' id='line_1_96' title="bbox 2015 3829 3609 3901; baseline 0.004 -21"><span class='ocrx_word' id='word_1_781' title='bbox 2015 3836 2171 3882; x_wconf 83' lang='lat' dir='ltr'><strong>veret</strong></span> <span class='ocrx_word' id='word_1_782' title='bbox 2197 3829 2401 3883; x_wconf 88' lang='lat' dir='ltr'><strong>intacta</strong></span> <span class='ocrx_word' id='word_1_783' title='bbox 2426 3846 2441 3894; x_wconf 91' lang='lat'><strong>;</strong></span> <span class='ocrx_word' id='word_1_784' title='bbox 2485 3844 2514 3883; x_wconf 89' lang='lat' dir='ltr'><strong>a</strong></span> <span class='ocrx_word' id='word_1_785' title='bbox 2544 3844 2652 3898; x_wconf 90' lang='lat' dir='ltr'><strong>quo</strong></span> <span class='ocrx_word' id='word_1_786' title='bbox 2697 3829 3022 3896; x_wconf 89' lang='lat' dir='ltr'><strong>decoratur,</strong></span> <span class='ocrx_word' id='word_1_787' title='bbox 3052 3837 3113 3883; x_wconf 89' lang='lat' dir='ltr'><strong>ut</strong></span> <span class='ocrx_word' id='word_1_788' title='bbox 3140 3839 3456 3899; x_wconf 87' lang='lat' dir='ltr'><strong>permaneat</strong></span> <span class='ocrx_word' id='word_1_789' title='bbox 3485 3832 3609 3901; x_wconf 89' lang='lat' dir='ltr'><strong>pul-</strong></span> 
     </span>
    </p>
   </div>
   <div class='ocr_carea' id='block_1_97' title="bbox 2017 3920 3609 3993">
    <p class='ocr_par' dir='ltr' id='par_1_97' title="bbox 2017 3920 3609 3993">
     <span class='ocr_line' id='line_1_97' title="bbox 2017 3920 3609 3993; baseline 0.004 -18"><span class='ocrx_word' id='word_1_790' title='bbox 2017 3920 2183 3986; x_wconf 89' lang='lat' dir='ltr'><strong>chra;</strong></span> <span class='ocrx_word' id='word_1_791' title='bbox 2231 3935 2262 3974; x_wconf 89' lang='lat' dir='ltr'><strong>a</strong></span> <span class='ocrx_word' id='word_1_792' title='bbox 2287 3936 2397 3991; x_wconf 88' lang='lat' dir='ltr'><strong>quo</strong></span> <span class='ocrx_word' id='word_1_793' title='bbox 2426 3930 2721 3977; x_wconf 89' lang='lat' dir='ltr'><strong>coronatur</strong></span> <span class='ocrx_word' id='word_1_794' title='bbox 2746 3964 2761 3988; x_wconf 93' lang='lat'><strong>,</strong></span> <span class='ocrx_word' id='word_1_795' title='bbox 2809 3931 2868 3976; x_wconf 90' lang='lat' dir='ltr'><strong>ut</strong></span> <span class='ocrx_word' id='word_1_796' title='bbox 2896 3929 3087 3991; x_wconf 90' lang='lat' dir='ltr'><strong>regnet</strong></span> <span class='ocrx_word' id='word_1_797' title='bbox 3133 3923 3447 3993; x_wconf 88' lang='lat' dir='ltr'><strong>perenniter</strong></span> <span class='ocrx_word' id='word_1_798' title='bbox 3491 3925 3609 3993; x_wconf 87' lang='lat' dir='ltr'><strong>glo-</strong></span> 
     </span>
    </p>
   </div>
   <div class='ocr_carea' id='block_1_98' title="bbox 2017 4024 3539 4064">
    <p class='ocr_par' dir='ltr' id='par_1_98' title="bbox 2017 4024 3539 4064">
     <span class='ocr_line' id='line_1_98' title="bbox 2017 4024 3539 4064; baseline -0.007 -1"><span class='ocrx_word' id='word_1_799' title='bbox 2017 4024 2158 4064; x_wconf 69' lang='lat' dir='ltr'><strong>l&#39;lOSil</strong></span> <span class='ocrx_word' id='word_1_800' title='bbox 2168 4049 2180 4063; x_wconf 85' lang='lat'><strong>.</strong></span> <span class='ocrx_word' id='word_1_801' title='bbox 3532 4050 3539 4053; x_wconf 80' lang='lat'><strong>.</strong></span> 
     </span>
    </p>
   </div>
   <div class='ocr_carea' id='block_1_99' title="bbox 2090 4100 3604 4181">
    <p class='ocr_par' dir='ltr' id='par_1_99' title="bbox 2090 4100 3604 4181">
     <span class='ocr_line' id='line_1_99' title="bbox 2090 4100 3604 4181; baseline 0.007 -27"><span class='ocrx_word' id='word_1_802' title='bbox 2090 4100 2141 4155; x_wconf 87' lang='lat'><strong>7.</strong></span> <span class='ocrx_word' id='word_1_803' title='bbox 2175 4100 2515 4172; x_wconf 84' lang='lat' dir='ltr'><strong>Quapropter</strong></span> <span class='ocrx_word' id='word_1_804' title='bbox 2540 4101 2730 4159; x_wconf 85' lang='lat' dir='ltr'><strong>bonum</strong></span> <span class='ocrx_word' id='word_1_805' title='bbox 2757 4104 3047 4176; x_wconf 75' lang='lat' dir='ltr'><strong>depositura</strong></span> <span class='ocrx_word' id='word_1_806' title='bbox 3065 4106 3264 4162; x_wconf 85' lang='lat' dir='ltr'><strong>custodi</strong></span> <span class='ocrx_word' id='word_1_807' title='bbox 3287 4105 3340 4181; x_wconf 80' lang='lat'><strong>(1</strong></span> <span class='ocrx_word' id='word_1_808' title='bbox 3365 4106 3499 4163; x_wconf 88' lang='lat' dir='ltr'><strong>Tim.</strong></span> <span class='ocrx_word' id='word_1_809' title='bbox 3530 4124 3604 4177; x_wconf 78' lang='lat' dir='ltr'><strong>vr,</strong></span> 
     </span>
    </p>
   </div>
   <div class='ocr_carea' id='block_1_100' title="bbox 2013 4191 3607 4268">
    <p class='ocr_par' dir='ltr' id='par_1_100' title="bbox 2013 4191 3607 4268">
     <span class='ocr_line' id='line_1_100' title="bbox 2013 4191 3607 4268; baseline 0.006 -21"><span class='ocrx_word' id='word_1_810' title='bbox 2013 4191 2128 4266; x_wconf 75' lang='lat'><strong>20),</strong></span> <span class='ocrx_word' id='word_1_811' title='bbox 2155 4201 2211 4249; x_wconf 87' lang='lat' dir='ltr'><strong>et</strong></span> <span class='ocrx_word' id='word_1_812' title='bbox 2238 4195 2489 4249; x_wconf 91' lang='lat' dir='ltr'><strong>meritum</strong></span> <span class='ocrx_word' id='word_1_813' title='bbox 2513 4196 2647 4251; x_wconf 88' lang='lat' dir='ltr'><strong>tanti</strong></span> <span class='ocrx_word' id='word_1_814' title='bbox 2672 4196 2819 4262; x_wconf 89' lang='lat' dir='ltr'><strong>boni,</strong></span> <span class='ocrx_word' id='word_1_815' title='bbox 2839 4197 2984 4268; x_wconf 85' lang='lat' dir='ltr'><strong>quod</strong></span> <span class='ocrx_word' id='word_1_816' title='bbox 3009 4205 3069 4254; x_wconf 93' lang='lat' dir='ltr'><strong>ut</strong></span> <span class='ocrx_word' id='word_1_817' title='bbox 3091 4198 3321 4255; x_wconf 87' lang='lat' dir='ltr'><strong>haberes</strong></span> <span class='ocrx_word' id='word_1_818' title='bbox 3346 4199 3486 4256; x_wconf 89' lang='lat' dir='ltr'><strong>Deus</strong></span> <span class='ocrx_word' id='word_1_819' title='bbox 3507 4200 3607 4257; x_wconf 86' lang='lat' dir='ltr'><strong>de-</strong></span> 
     </span>
    </p>
   </div>
   <div class='ocr_carea' id='block_1_101' title="bbox 2014 4283 3607 4367">
    <p class='ocr_par' dir='ltr' id='par_1_101' title="bbox 2014 4283 3607 4367">
     <span class='ocr_line' id='line_1_101' title="bbox 2014 4283 3607 4367; baseline 0.008 -29"><span class='ocrx_word' id='word_1_820' title='bbox 2014 4283 2117 4367; x_wconf 72' lang='lat' dir='ltr'><strong>dit,</strong></span> <span class='ocrx_word' id='word_1_821' title='bbox 2147 4292 2203 4340; x_wconf 90' lang='lat' dir='ltr'><strong>et</strong></span> <span class='ocrx_word' id='word_1_822' title='bbox 2231 4293 2292 4339; x_wconf 91' lang='lat' dir='ltr'><strong>ut</strong></span> <span class='ocrx_word' id='word_1_823' title='bbox 2322 4284 2433 4340; x_wconf 93' lang='lat' dir='ltr'><strong>Deo</strong></span> <span class='ocrx_word' id='word_1_824' title='bbox 2456 4301 2684 4342; x_wconf 82' lang='lat' dir='ltr'><strong>vaveres</strong></span> <span class='ocrx_word' id='word_1_825' title='bbox 2724 4289 2843 4359; x_wconf 87' lang='lat' dir='ltr'><strong>ipse</strong></span> <span class='ocrx_word' id='word_1_826' title='bbox 2887 4288 3038 4357; x_wconf 80' lang='lat' dir='ltr'><strong>fecit,</strong></span> <span class='ocrx_word' id='word_1_827' title='bbox 3082 4305 3151 4345; x_wconf 81' lang='lat' dir='ltr'><strong>ex</strong></span> <span class='ocrx_word' id='word_1_828' title='bbox 3176 4290 3410 4347; x_wconf 88' lang='lat' dir='ltr'><strong>nominis</strong></span> <span class='ocrx_word' id='word_1_829' title='bbox 3440 4292 3607 4362; x_wconf 83' lang='lat' dir='ltr'><strong>ipsius</strong></span> 
     </span>
    </p>
   </div>
   <div class='ocr_carea' id='block_1_102' title="bbox 2013 4376 3608 4454">
    <p class='ocr_par' dir='ltr' id='par_1_102' title="bbox 2013 4376 3608 4454">
     <span class='ocr_line' id='line_1_102' title="bbox 2013 4376 3608 4454; baseline 0.006 -23"><span class='ocrx_word' id='word_1_830' title='bbox 2013 4376 2406 4445; x_wconf 81' lang='lat' dir='ltr'><strong>signiﬁcatione</strong></span> <span class='ocrx_word' id='word_1_831' title='bbox 2444 4380 2719 4450; x_wconf 87' lang='lat' dir='ltr'><strong>perpende</strong></span> <span class='ocrx_word' id='word_1_832' title='bbox 2753 4398 2766 4434; x_wconf 92' lang='lat'><strong>:</strong></span> <span class='ocrx_word' id='word_1_833' title='bbox 2800 4390 2908 4435; x_wconf 92' lang='lat' dir='ltr'><strong>tam</strong></span> <span class='ocrx_word' id='word_1_834' title='bbox 2953 4395 3205 4450; x_wconf 85' lang='lat' dir='ltr'><strong>magnum</strong></span> <span class='ocrx_word' id='word_1_835' title='bbox 3233 4383 3436 4454; x_wconf 90' lang='lat' dir='ltr'><strong>quippe</strong></span> <span class='ocrx_word' id='word_1_836' title='bbox 3463 4382 3608 4440; x_wconf 87' lang='lat' dir='ltr'><strong>Deus</strong></span> 
     </span>
    </p>
   </div>
   <div class='ocr_carea' id='block_1_103' title="bbox 2011 4471 3605 4547">
    <p class='ocr_par' dir='ltr' id='par_1_103' title="bbox 2011 4471 3605 4547">
     <span class='ocr_line' id='line_1_103' title="bbox 2011 4471 3605 4547; baseline 0.008 -22"><span class='ocrx_word' id='word_1_837' title='bbox 2011 4471 2185 4526; x_wconf 90' lang='lat' dir='ltr'><strong>voluit</strong></span> <span class='ocrx_word' id='word_1_838' title='bbox 2213 4487 2331 4527; x_wconf 89' lang='lat' dir='ltr'><strong>esse</strong></span> <span class='ocrx_word' id='word_1_839' title='bbox 2359 4472 2561 4529; x_wconf 90' lang='lat' dir='ltr'><strong>bonum</strong></span> <span class='ocrx_word' id='word_1_840' title='bbox 2607 4476 2950 4547; x_wconf 86' lang='lat' dir='ltr'><strong>virginitatis,</strong></span> <span class='ocrx_word' id='word_1_841' title='bbox 2983 4486 3044 4532; x_wconf 92' lang='lat' dir='ltr'><strong>ut</strong></span> <span class='ocrx_word' id='word_1_842' title='bbox 3069 4478 3197 4533; x_wconf 92' lang='lat' dir='ltr'><strong>illud</strong></span> <span class='ocrx_word' id='word_1_843' title='bbox 3228 4495 3336 4534; x_wconf 91' lang='lat' dir='ltr'><strong>non</strong></span> <span class='ocrx_word' id='word_1_844' title='bbox 3367 4480 3605 4545; x_wconf 85' lang='lat' dir='ltr'><strong>aliunde,</strong></span> 
     </span>
    </p>
   </div>
   <div class='ocr_carea' id='block_1_104' title="bbox 2010 4563 3610 4643">
    <p class='ocr_par' dir='ltr' id='par_1_104' title="bbox 2010 4563 3610 4643">
     <span class='ocr_line' id='line_1_104' title="bbox 2010 4563 3610 4643; baseline 0.004 -24"><span class='ocrx_word' id='word_1_845' title='bbox 2010 4563 2106 4619; x_wconf 89' lang='lat' dir='ltr'><strong>sed</strong></span> <span class='ocrx_word' id='word_1_846' title='bbox 2137 4579 2205 4618; x_wconf 82' lang='lat' dir='ltr'><strong>ex</strong></span> <span class='ocrx_word' id='word_1_847' title='bbox 2230 4564 2494 4621; x_wconf 88' lang='lat' dir='ltr'><strong>vocabulo</strong></span> <span class='ocrx_word' id='word_1_848' title='bbox 2525 4564 2843 4636; x_wconf 89' lang='lat' dir='ltr'><strong>dignaretur</strong></span> <span class='ocrx_word' id='word_1_849' title='bbox 2870 4569 3149 4627; x_wconf 90' lang='lat' dir='ltr'><strong>nominare</strong></span> <span class='ocrx_word' id='word_1_850' title='bbox 3176 4570 3410 4626; x_wconf 89' lang='lat' dir='ltr'><strong>virtutis.</strong></span> <span class='ocrx_word' id='word_1_851' title='bbox 3431 4571 3610 4643; x_wconf 78' lang='lat' dir='ltr'><strong>Virgi-</strong></span> 
     </span>
    </p>
   </div>
   <div class='ocr_carea' id='block_1_105' title="bbox 2016 4656 3610 4732">
    <p class='ocr_par' dir='ltr' id='par_1_105' title="bbox 2016 4656 3610 4732">
     <span class='ocr_line' id='line_1_105' title="bbox 2016 4656 3610 4732; baseline 0.009 -22"><span class='ocrx_word' id='word_1_852' title='bbox 2016 4656 2101 4711; x_wconf 90' lang='lat' dir='ltr'><strong>nis</strong></span> <span class='ocrx_word' id='word_1_853' title='bbox 2126 4657 2308 4726; x_wconf 90' lang='lat' dir='ltr'><strong>itaque</strong></span> <span class='ocrx_word' id='word_1_854' title='bbox 2332 4658 2377 4712; x_wconf 84' lang='lat' dir='ltr'><strong>si</strong></span> <span class='ocrx_word' id='word_1_855' title='bbox 2406 4659 2527 4727; x_wconf 89' lang='lat' dir='ltr'><strong>quis</strong></span> <span class='ocrx_word' id='word_1_856' title='bbox 2558 4661 2686 4716; x_wconf 89' lang='lat' dir='ltr'><strong>velit</strong></span> <span class='ocrx_word' id='word_1_857' title='bbox 2700 4662 2987 4732; x_wconf 87' lang='lat' dir='ltr'><strong>diligenter</strong></span> <span class='ocrx_word' id='word_1_858' title='bbox 3012 4665 3357 4723; x_wconf 85' lang='lat' dir='ltr'><strong>considerare</strong></span> <span class='ocrx_word' id='word_1_859' title='bbox 3378 4670 3610 4725; x_wconf 88' lang='lat' dir='ltr'><strong>vocabu-</strong></span> 
     </span>
    </p>
   </div>
   <div class='ocr_carea' id='block_1_106' title="bbox 2018 4751 3606 4833">
    <p class='ocr_par' dir='ltr' id='par_1_106' title="bbox 2018 4751 3606 4833">
     <span class='ocr_line' id='line_1_106' title="bbox 2018 4751 3606 4833; baseline 0.009 -29"><span class='ocrx_word' id='word_1_860' title='bbox 2018 4751 2127 4805; x_wconf 90' lang='lat' dir='ltr'><strong>lum</strong></span> <span class='ocrx_word' id='word_1_861' title='bbox 2152 4792 2166 4816; x_wconf 91' lang='lat'><strong>,</strong></span> <span class='ocrx_word' id='word_1_862' title='bbox 2201 4767 2268 4806; x_wconf 77' lang='lat' dir='ltr'><strong>ex</strong></span> <span class='ocrx_word' id='word_1_863' title='bbox 2314 4752 2531 4806; x_wconf 83' lang='lat' dir='ltr'><strong>virtutis</strong></span> <span class='ocrx_word' id='word_1_864' title='bbox 2562 4753 2800 4810; x_wconf 90' lang='lat' dir='ltr'><strong>inveniet</strong></span> <span class='ocrx_word' id='word_1_865' title='bbox 2830 4758 3047 4814; x_wconf 89' lang='lat' dir='ltr'><strong>nomine</strong></span> <span class='ocrx_word' id='word_1_866' title='bbox 3072 4759 3374 4816; x_wconf 87' lang='lat' dir='ltr'><strong>derivatum</strong></span> <span class='ocrx_word' id='word_1_867' title='bbox 3406 4778 3420 4814; x_wconf 92' lang='lat'>:</span> <span class='ocrx_word' id='word_1_868' title='bbox 3452 4761 3606 4833; x_wconf 89' lang='lat' dir='ltr'><strong>virgo</strong></span> 
     </span>
    </p>
   </div>
   <div class='ocr_carea' id='block_1_107' title="bbox 2015 4842 3608 4925">
    <p class='ocr_par' dir='ltr' id='par_1_107' title="bbox 2015 4842 3608 4925">
     <span class='ocr_line' id='line_1_107' title="bbox 2015 4842 3608 4925; baseline 0.008 -27"><span class='ocrx_word' id='word_1_869' title='bbox 2015 4844 2159 4898; x_wconf 90' lang='lat' dir='ltr'><strong>enim</strong></span> <span class='ocrx_word' id='word_1_870' title='bbox 2183 4842 2396 4908; x_wconf 85' lang='lat' dir='ltr'><strong>dicitur,</strong></span> <span class='ocrx_word' id='word_1_871' title='bbox 2421 4845 2571 4916; x_wconf 84' lang='lat' dir='ltr'><strong>quasi</strong></span> <span class='ocrx_word' id='word_1_872' title='bbox 2597 4846 2782 4916; x_wconf 86' lang='lat' dir='ltr'><strong>virago</strong></span> <span class='ocrx_word' id='word_1_873' title='bbox 2805 4866 2818 4900; x_wconf 90' lang='lat'><strong>:</strong></span> <span class='ocrx_word' id='word_1_874' title='bbox 2850 4851 3145 4919; x_wconf 87' lang='lat' dir='ltr'><strong>viraginem</strong></span> <span class='ocrx_word' id='word_1_875' title='bbox 3179 4868 3307 4909; x_wconf 88' lang='lat' dir='ltr'><strong>vero</strong></span> <span class='ocrx_word' id='word_1_876' title='bbox 3328 4852 3608 4925; x_wconf 82' lang='lat' dir='ltr'><strong>Scriptura</strong></span> 
     </span>
    </p>
   </div>
   <div class='ocr_carea' id='block_1_108' title="bbox 2012 4938 3606 5019">
    <p class='ocr_par' dir='ltr' id='par_1_108' title="bbox 2012 4938 3606 5019">
     <span class='ocr_line' id='line_1_108' title="bbox 2012 4938 3606 5019; baseline 0.009 -28"><span class='ocrx_word' id='word_1_877' title='bbox 2012 4944 2201 4992; x_wconf 88' lang='lat' dir='ltr'><strong>sancta</strong></span> <span class='ocrx_word' id='word_1_878' title='bbox 2231 4955 2338 4993; x_wconf 92' lang='lat' dir='ltr'><strong>non</strong></span> <span class='ocrx_word' id='word_1_879' title='bbox 2367 4939 2437 4995; x_wconf 90' lang='lat' dir='ltr'><strong>ob</strong></span> <span class='ocrx_word' id='word_1_880' title='bbox 2468 4938 2611 4993; x_wconf 87' lang='lat' dir='ltr'><strong>aliud</strong></span> <span class='ocrx_word' id='word_1_881' title='bbox 2636 4949 2887 4997; x_wconf 88' lang='lat' dir='ltr'><strong>vocatam</strong></span> <span class='ocrx_word' id='word_1_882' title='bbox 2924 4942 3074 5010; x_wconf 92' lang='lat' dir='ltr'><strong>dicit,</strong></span> <span class='ocrx_word' id='word_1_883' title='bbox 3106 4947 3208 5001; x_wconf 89' lang='lat' dir='ltr'><strong>nisi</strong></span> <span class='ocrx_word' id='word_1_884' title='bbox 3253 4949 3375 5019; x_wconf 85' lang='lat' dir='ltr'><strong>quia</strong></span> <span class='ocrx_word' id='word_1_885' title='bbox 3404 4947 3468 5002; x_wconf 86' lang='lat' dir='ltr'><strong>de</strong></span> <span class='ocrx_word' id='word_1_886' title='bbox 3497 4950 3606 5005; x_wconf 80' lang='lat' dir='ltr'><strong>viro</strong></span> 
     </span>
    </p>
   </div>
   <div class='ocr_carea' id='block_1_109' title="bbox 2013 5029 3606 5108">
    <p class='ocr_par' dir='ltr' id='par_1_109' title="bbox 2013 5029 3606 5108">
     <span class='ocr_line' id='line_1_109' title="bbox 2013 5029 3606 5108; baseline 0.008 -25"><span class='ocrx_word' id='word_1_887' title='bbox 2013 5038 2220 5099; x_wconf 87' lang='lat' dir='ltr'><strong>sumpta</strong></span> <span class='ocrx_word' id='word_1_888' title='bbox 2241 5040 2337 5085; x_wconf 88' lang='lat' dir='ltr'><strong>est.</strong></span> <span class='ocrx_word' id='word_1_889' title='bbox 2354 5029 2470 5086; x_wconf 79' lang='lat' dir='ltr'><strong>Hoc</strong></span> <span class='ocrx_word' id='word_1_890' title='bbox 2492 5039 2673 5086; x_wconf 87' lang='lat' dir='ltr'><strong>autem</strong></span> <span class='ocrx_word' id='word_1_891' title='bbox 2693 5050 2723 5087; x_wconf 90' lang='lat' dir='ltr'><strong>a</strong></span> <span class='ocrx_word' id='word_1_892' title='bbox 2752 5043 2940 5090; x_wconf 87' lang='lat' dir='ltr'><strong>sancto</strong></span> <span class='ocrx_word' id='word_1_893' title='bbox 2959 5033 3287 5108; x_wconf 77' lang='lat' dir='ltr'><strong>Hieronymo</strong></span> <span class='ocrx_word' id='word_1_894' title='bbox 3309 5039 3606 5097; x_wconf 88' lang='lat' dir='ltr'><strong>secundum</strong></span> 
     </span>
    </p>
   </div>
   <div class='ocr_carea' id='block_1_110' title="bbox 2017 5118 3607 5195">
    <p class='ocr_par' dir='ltr' id='par_1_110' title="bbox 2017 5118 3607 5195">
     <span class='ocr_line' id='line_1_110' title="bbox 2017 5118 3607 5195; baseline 0.008 -20"><span class='ocrx_word' id='word_1_895' title='bbox 2017 5118 2338 5178; x_wconf 82' lang='lat' dir='ltr'><strong>Hebraicam</strong></span> <span class='ocrx_word' id='word_1_896' title='bbox 2379 5124 2769 5195; x_wconf 85' lang='lat' dir='ltr'><strong>proprietatem</strong></span> <span class='ocrx_word' id='word_1_897' title='bbox 2821 5126 2942 5182; x_wconf 92' lang='lat' dir='ltr'><strong>libri</strong></span> <span class='ocrx_word' id='word_1_898' title='bbox 2983 5125 3259 5184; x_wconf 89' lang='lat' dir='ltr'><strong>Geueseos</strong></span> <span class='ocrx_word' id='word_1_899' title='bbox 3297 5130 3458 5185; x_wconf 87' lang='lat' dir='ltr'><strong>docet</strong></span> <span class='ocrx_word' id='word_1_900' title='bbox 3504 5147 3607 5187; x_wconf 83' lang='lat' dir='ltr'><strong>ex-</strong></span> 
     </span>
    </p>
   </div>
   <div class='ocr_carea' id='block_1_111' title="bbox 2014 5220 3604 5305">
    <p class='ocr_par' dir='ltr' id='par_1_111' title="bbox 2014 5220 3604 5305">
     <span class='ocr_line' id='line_1_111' title="bbox 2014 5220 3604 5305; baseline 0.007 -28"><span class='ocrx_word' id='word_1_901' title='bbox 2014 5237 2199 5293; x_wconf 90' lang='lat' dir='ltr'><strong>pressa</strong></span> <span class='ocrx_word' id='word_1_902' title='bbox 2227 5220 2540 5289; x_wconf 81' lang='lat' dir='ltr'><strong>translatio,</strong></span> <span class='ocrx_word' id='word_1_903' title='bbox 2591 5224 2645 5280; x_wconf 90' lang='lat' dir='ltr'><strong>in</strong></span> <span class='ocrx_word' id='word_1_904' title='bbox 2674 5241 2779 5296; x_wconf 89' lang='lat' dir='ltr'><strong>qua</strong></span> <span class='ocrx_word' id='word_1_905' title='bbox 2810 5226 2888 5282; x_wconf 91' lang='lat' dir='ltr'><strong>sic</strong></span> <span class='ocrx_word' id='word_1_906' title='bbox 2918 5225 3150 5282; x_wconf 89' lang='lat' dir='ltr'><strong>habetur</strong></span> <span class='ocrx_word' id='word_1_907' title='bbox 3182 5245 3195 5281; x_wconf 92' lang='lat'><strong>:</strong></span> <span class='ocrx_word' id='word_1_908' title='bbox 3230 5225 3459 5284; x_wconf 87' lang='lat' dir='ltr'><strong>Immisit</strong></span> <span class='ocrx_word' id='word_1_909' title='bbox 3478 5248 3604 5305; x_wconf 86' lang='lat' dir='ltr'><strong>ergo</strong></span> 
     </span>
    </p>
   </div>
   <div class='ocr_carea' id='block_1_112' title="bbox 2010 5317 3608 5394">
    <p class='ocr_par' dir='ltr' id='par_1_112' title="bbox 2010 5317 3608 5394">
     <span class='ocr_line' id='line_1_112' title="bbox 2010 5317 3608 5394; baseline 0.005 -22"><span class='ocrx_word' id='word_1_910' title='bbox 2010 5317 2266 5373; x_wconf 87' lang='lat' dir='ltr'><strong>Dominus</strong></span> <span class='ocrx_word' id='word_1_911' title='bbox 2295 5319 2436 5374; x_wconf 88' lang='lat' dir='ltr'><strong>Deus</strong></span> <span class='ocrx_word' id='word_1_912' title='bbox 2463 5337 2699 5390; x_wconf 87' lang='lat' dir='ltr'><strong>soporem</strong></span> <span class='ocrx_word' id='word_1_913' title='bbox 2742 5321 2797 5374; x_wconf 92' lang='lat' dir='ltr'><strong>in</strong></span> <span class='ocrx_word' id='word_1_914' title='bbox 2825 5321 2995 5375; x_wconf 87' lang='lat' dir='ltr'><strong>Adam</strong></span> <span class='ocrx_word' id='word_1_915' title='bbox 3027 5338 3044 5375; x_wconf 90' lang='lat'><strong><em>:</em></strong></span> <span class='ocrx_word' id='word_1_916' title='bbox 3075 5338 3289 5394; x_wconf 80' lang='lat' dir='ltr'><strong>cumque</strong></span> <span class='ocrx_word' id='word_1_917' title='bbox 3314 5323 3608 5381; x_wconf 63' lang='lat' dir='ltr'><strong>obdormis.</strong></span> 
     </span>
    </p>
   </div>
   <div class='ocr_carea' id='block_1_113' title="bbox 2010 5412 3604 5487">
    <p class='ocr_par' dir='ltr' id='par_1_113' title="bbox 2010 5412 3604 5487">
     <span class='ocr_line' id='line_1_113' title="bbox 2010 5412 3604 5487; baseline 0.004 -21"><span class='ocrx_word' id='word_1_918' title='bbox 2010 5421 2126 5475; x_wconf 86' lang='lat' dir='ltr'><strong>set,</strong></span> <span class='ocrx_word' id='word_1_919' title='bbox 2161 5412 2276 5466; x_wconf 86' lang='lat' dir='ltr'><strong>tulit</strong></span> <span class='ocrx_word' id='word_1_920' title='bbox 2301 5428 2459 5465; x_wconf 88' lang='lat' dir='ltr'><strong>unam</strong></span> <span class='ocrx_word' id='word_1_921' title='bbox 2488 5412 2551 5466; x_wconf 87' lang='lat' dir='ltr'><strong>de</strong></span> <span class='ocrx_word' id='word_1_922' title='bbox 2594 5413 2752 5466; x_wconf 87' lang='lat' dir='ltr'><strong>costis</strong></span> <span class='ocrx_word' id='word_1_923' title='bbox 2780 5412 2921 5483; x_wconf 88' lang='lat' dir='ltr'><strong>ejus,</strong></span> <span class='ocrx_word' id='word_1_924' title='bbox 2954 5421 3004 5466; x_wconf 85' lang='lat' dir='ltr'><strong>et</strong></span> <span class='ocrx_word' id='word_1_925' title='bbox 3026 5412 3241 5482; x_wconf 81' lang='lat' dir='ltr'><strong>replevit</strong></span> <span class='ocrx_word' id='word_1_926' title='bbox 3268 5430 3473 5471; x_wconf 89' lang='lat' dir='ltr'><strong>carnem</strong></span> <span class='ocrx_word' id='word_1_927' title='bbox 3506 5436 3604 5487; x_wconf 88' lang='lat' dir='ltr'><strong>pro</strong></span> 
     </span>
    </p>
   </div>
   <div class='ocr_carea' id='block_1_114' title="bbox 2007 5502 3603 5578">
    <p class='ocr_par' dir='ltr' id='par_1_114' title="bbox 2007 5502 3603 5578">
     <span class='ocr_line' id='line_1_114' title="bbox 2007 5502 3603 5578; baseline 0.006 -22"><span class='ocrx_word' id='word_1_928' title='bbox 2007 5520 2088 5565; x_wconf 89' lang='lat' dir='ltr'><strong>ea,</strong></span> <span class='ocrx_word' id='word_1_929' title='bbox 2122 5513 2169 5556; x_wconf 87' lang='lat' dir='ltr'><strong>et</strong></span> <span class='ocrx_word' id='word_1_930' title='bbox 2200 5503 2477 5573; x_wconf 78' lang='lat' dir='ltr'><strong>wdiﬁcavit</strong></span> <span class='ocrx_word' id='word_1_931' title='bbox 2506 5502 2761 5559; x_wconf 87' lang='lat' dir='ltr'><strong>Dominus</strong></span> <span class='ocrx_word' id='word_1_932' title='bbox 2790 5503 2929 5558; x_wconf 82' lang='lat' dir='ltr'><strong>Dens</strong></span> <span class='ocrx_word' id='word_1_933' title='bbox 2972 5512 3171 5558; x_wconf 88' lang='lat' dir='ltr'><strong>costum</strong></span> <span class='ocrx_word' id='word_1_934' title='bbox 3214 5523 3369 5578; x_wconf 82' lang='lat' dir='ltr'><strong>quant</strong></span> <span class='ocrx_word' id='word_1_935' title='bbox 3412 5509 3603 5566; x_wconf 82' lang='lat' dir='ltr'><strong>tulerat</strong></span> 
     </span>
    </p>
   </div>
   <div class='ocr_carea' id='block_1_115' title="bbox 2003 5594 3602 5669">
    <p class='ocr_par' dir='ltr' id='par_1_115' title="bbox 2003 5594 3602 5669">
     <span class='ocr_line' id='line_1_115' title="bbox 2003 5594 3602 5669; baseline 0.006 -22"><span class='ocrx_word' id='word_1_936' title='bbox 2003 5594 2067 5648; x_wconf 90' lang='lat' dir='ltr'><strong>de</strong></span> <span class='ocrx_word' id='word_1_937' title='bbox 2116 5594 2285 5650; x_wconf 82' lang='lat' dir='ltr'><strong>Adam</strong></span> <span class='ocrx_word' id='word_1_938' title='bbox 2313 5599 2370 5650; x_wconf 90' lang='lat' dir='ltr'><strong>in</strong></span> <span class='ocrx_word' id='word_1_939' title='bbox 2419 5598 2708 5660; x_wconf 83' lang='lat' dir='ltr'><strong>mulierem,</strong></span> <span class='ocrx_word' id='word_1_940' title='bbox 2767 5605 2817 5651; x_wconf 82' lang='lat' dir='ltr'><strong>et</strong></span> <span class='ocrx_word' id='word_1_941' title='bbox 2862 5595 3085 5650; x_wconf 71' lang='lat' dir='ltr'><strong>adduxit</strong></span> <span class='ocrx_word' id='word_1_942' title='bbox 3130 5615 3245 5652; x_wconf 88' lang='lat' dir='ltr'><strong>eam</strong></span> <span class='ocrx_word' id='word_1_943' title='bbox 3288 5599 3359 5653; x_wconf 79' lang='lat' dir='ltr'><strong>ad</strong></span> <span class='ocrx_word' id='word_1_944' title='bbox 3389 5600 3602 5669; x_wconf 79' lang='lat' dir='ltr'><strong>Adam;</strong></span> 
     </span>
    </p>
   </div>
   <div class='ocr_carea' id='block_1_116' title="bbox 2001 5687 3603 5762">
    <p class='ocr_par' dir='ltr' id='par_1_116' title="bbox 2001 5687 3603 5762">
     <span class='ocr_line' id='line_1_116' title="bbox 2001 5687 3603 5762; baseline 0.006 -20"><span class='ocrx_word' id='word_1_945' title='bbox 2001 5687 2233 5762; x_wconf 68' lang='lat' dir='ltr'><strong>dixitque</strong></span> <span class='ocrx_word' id='word_1_946' title='bbox 2266 5688 2436 5744; x_wconf 80' lang='lat' dir='ltr'><strong>Adam</strong></span> <span class='ocrx_word' id='word_1_947' title='bbox 2464 5704 2484 5743; x_wconf 91' lang='lat'><strong><em>:</em></strong></span> <span class='ocrx_word' id='word_1_948' title='bbox 2506 5687 2625 5743; x_wconf 85' lang='lat' dir='ltr'><strong>Hoc</strong></span> <span class='ocrx_word' id='word_1_949' title='bbox 2654 5704 2790 5743; x_wconf 86' lang='lat' dir='ltr'><strong>nunc</strong></span> <span class='ocrx_word' id='word_1_950' title='bbox 2817 5704 2873 5743; x_wconf 93' lang='lat' dir='ltr'><strong>os</strong></span> <span class='ocrx_word' id='word_1_951' title='bbox 2903 5705 2966 5742; x_wconf 71' lang='lat' dir='ltr'><strong>ex</strong></span> <span class='ocrx_word' id='word_1_952' title='bbox 2997 5690 3198 5745; x_wconf 88' lang='lat' dir='ltr'><strong>ossibus</strong></span> <span class='ocrx_word' id='word_1_953' title='bbox 3227 5693 3372 5758; x_wconf 88' lang='lat' dir='ltr'><strong>meis,</strong></span> <span class='ocrx_word' id='word_1_954' title='bbox 3396 5700 3448 5748; x_wconf 84' lang='lat' dir='ltr'><strong>et</strong></span> <span class='ocrx_word' id='word_1_955' title='bbox 3475 5711 3603 5752; x_wconf 79' lang='lat' dir='ltr'><strong>caro</strong></span> 
     </span>
    </p>
   </div>
   <div class='ocr_carea' id='block_1_117' title="bbox 1998 5788 3604 5865">
    <p class='ocr_par' dir='ltr' id='par_1_117' title="bbox 1998 5788 3604 5865">
     <span class='ocr_line' id='line_1_117' title="bbox 1998 5788 3604 5865; baseline 0.007 -22"><span class='ocrx_word' id='word_1_956' title='bbox 1998 5789 2064 5843; x_wconf 83' lang='lat' dir='ltr'><strong>de</strong></span> <span class='ocrx_word' id='word_1_957' title='bbox 2084 5806 2242 5844; x_wconf 79' lang='lat' dir='ltr'><strong>carne</strong></span> <span class='ocrx_word' id='word_1_958' title='bbox 2261 5806 2394 5844; x_wconf 87' lang='lat' dir='ltr'><strong>mea.</strong></span> <span class='ocrx_word' id='word_1_959' title='bbox 2435 5788 2483 5841; x_wconf 82' lang='grc'><strong><em>11</em></strong></span> <span class='ocrx_word' id='word_1_960' title='bbox 2487 5806 2560 5843; x_wconf 77' lang='lat' dir='ltr'><strong>we</strong></span> <span class='ocrx_word' id='word_1_961' title='bbox 2590 5789 2852 5846; x_wconf 68' lang='lat' dir='ltr'><strong>vocabitur</strong></span> <span class='ocrx_word' id='word_1_962' title='bbox 2884 5789 3108 5864; x_wconf 82' lang='lat' dir='ltr'><strong>Virago,</strong></span> <span class='ocrx_word' id='word_1_963' title='bbox 3132 5792 3382 5865; x_wconf 73' lang='lat' dir='ltr'><strong>quoniam</strong></span> <span class='ocrx_word' id='word_1_964' title='bbox 3401 5794 3468 5852; x_wconf 82' lang='lat' dir='ltr'><strong>de</strong></span> <span class='ocrx_word' id='word_1_965' title='bbox 3492 5796 3604 5856; x_wconf 74' lang='lat' dir='ltr'><strong>uiro</strong></span> 
     </span>
    </p>
   </div>
   <div class='ocr_carea' id='block_1_118' title="bbox 1998 5882 2885 5959">
    <p class='ocr_par' dir='ltr' id='par_1_118' title="bbox 1998 5882 2885 5959">
     <span class='ocr_line' id='line_1_118' title="bbox 1998 5882 2885 5959; baseline 0.006 -23"><span class='ocrx_word' id='word_1_966' title='bbox 1998 5894 2200 5953; x_wconf 80' lang='lat' dir='ltr'><strong>sumpta</strong></span> <span class='ocrx_word' id='word_1_967' title='bbox 2222 5894 2299 5941; x_wconf 90' lang='lat' dir='ltr'><strong>est</strong></span> <span class='ocrx_word' id='word_1_968' title='bbox 2326 5882 2537 5957; x_wconf 78' lang='lat' dir='ltr'><strong>(Cenes.</strong></span> <span class='ocrx_word' id='word_1_969' title='bbox 2572 5903 2627 5952; x_wconf 88' lang='grc' dir='ltr'><strong>ιι,</strong></span> <span class='ocrx_word' id='word_1_970' title='bbox 2657 5885 2746 5954; x_wconf 75' lang='grc'><strong>21,</strong></span> <span class='ocrx_word' id='word_1_971' title='bbox 2769 5884 2885 5959; x_wconf 62' lang='lat'><strong>“22).</strong></span> 
     </span>
    </p>
   </div>
  </div>
