4120 6482
566 363 672 419 327

1605 365 1670 423 S.
1706 364 2061 423 FULGENTil
2100 360 2399 421 EPISCOPI
2442 362 2813 420 RUSPENSIS
3830 365 3919 420 3‘28

641 476 770 533 CAP.
802 491 856 531 v.
890 475 1085 549 Virago
1108 494 1140 533 a
1162 478 1291 545 viro,
1314 480 1388 533 tir
1413 496 1445 533 a
1474 480 1659 534 virtute
1685 480 1893 534 dicitur.
1921 478 2159 533 Ecclesia
2189 481 2232 538 A
2265 494 2294 533 a
2323 478 2518 534 virtute
2547 479 2813 549 sumpsit;
2855 476 2931 531 sic
2960 490 2990 529 a
3015 472 3233 530 Christo
3264 468 3701 563 Christianum
3732 484 3916 524 nomrn

567 571 778 641 etvirgo
794 579 845 623 et
872 571 947 623 rir
975 568 1040 623 ab
1068 571 1316 640 Apostolo
1347 571 1550 625 dicitur.
1583 567 2157 641 AChristoChristiana

567 661 806 717 Ecclesia
831 703 846 728 ,
873 663 1004 717 sicut
1051 680 1082 715 a
1120 665 1225 717 tiro
1266 664 1408 734 virgo
1436 661 1642 715 dicitur.
1695 660 1935 716 Ecclesia
1974 671 2159 716 sancta

568 756 757 810 dicitur
788 763 973 820 mater,
998 756 1138 827 virgo
1164 765 1213 809 et
1239 772 1450 826 sponsa.
1482 787 1553 797 —-
1580 753 1633 809 8.
1665 754 1850 826 Itaque
1878 770 1998 810 cum
2020 754 2161 809 vira-

568 848 707 918 ginis
735 864 931 902 nomen
954 863 1023 903 ex
1054 848 1271 902 nomine
1293 846 1392 901 viri
1415 846 1773 913 descenderit,
1799 848 1919 917 quis
1948 846 2159 902 dubitet

567 938 709 1007 quod
737 939 819 993 vir
843 955 875 993 a
903 939 1097 994 virtute
1123 946 1345 994 vocatus
1372 938 1477 993 sit?
1504 936 1571 992 Et
1598 938 1745 1007 quia,
1789 939 1927 993 sicut
1956 936 2158 993 Paulus

566 1027 746 1093 docet,
774 1028 868 1081 illa
890 1028 1061 1082 omnia
1094 1029 1143 1081 in
1173 1028 1343 1099 ﬁgura
1367 1029 1504 1099 facta
1526 1037 1646 1081 sunt
1675 1030 1838 1082 nostri
1870 1027 1925 1091 (Ι
1953 1027 2071 1082 Cor.
2099 1044 2153 1093 χ,

567 1117 647 1190 6),
677 1118 920 1189 profecto
972 1119 1024 1173 in
1055 1119 1144 1172 illa
1173 1120 1379 1187 virgine
1406 1135 1525 1189 qua:
1552 1135 1618 1175 ex
1649 1120 1749 1173 viri
1793 1118 1951 1173 fiebat
1980 1128 2152 1185 costa,

568 1210 741 1266 futura
766 1210 877 1281 jam
908 1219 1036 1268 tunc
1076 1211 1521 1281 praetigurabatur
1562 1209 1805 1266 Ecclesia
1830 1251 1844 1275 ,
1876 1226 1996 1279 qua:
2025 1225 2156 1265 vere

565 1301 636 1358 de
663 1302 780 1356 viro
831 1310 1044 1371 sumpta
1070 1342 1085 1367 ,
1117 1308 1171 1357 et
1199 1301 1268 1356 de
1297 1317 1406 1372 quo
1452 1309 1664 1371 sumpta
1709 1302 1785 1356 illi
1829 1302 2116 1372 conjuncta
2136 1342 2152 1365 ,

565 1392 692 1447 inde
718 1393 879 1446 habet
905 1392 956 1445 in
978 1391 1207 1447 veritate
1234 1392 1390 1463 166
1413 1391 1693 1459 virtutem,
1715 1392 1857 1447 unde
1872 1392 2035 1447 habet
2062 1408 2157 1448 ve—

566 1500 683 1538 rum
713 1484 969 1553 viraginis
997 1499 1216 1539 nomen.
1249 1483 1479 1554 Propter
1501 1485 1647 1554 quod
1668 1486 1808 1541 hanc
1835 1485 2152 1553 viraginem,

566 1575 618 1630 id
648 1584 730 1630 est
757 1576 1017 1644 virginem
1044 1615 1057 1639 ,
1092 1592 1212 1646 qum
1241 1576 1309 1631 de
1334 1579 1450 1632 viro
1480 1588 1692 1648 sumpta
1718 1587 1821 1645 est,
1848 1595 1956 1633 non
1978 1579 2155 1633 solum

563 1667 801 1736 virginis,
846 1668 940 1722 sed
971 1668 1133 1722 etiam
1162 1668 1260 1721 viri
1308 1668 1525 1723 nomine
1554 1668 1750 1724 Paulus
1793 1685 1900 1723 non
1947 1669 2158 1725 dubitat

563 1760 866 1831 appellare;
890 1759 1022 1819 dicit
1065 1759 1208 1815 enim
1259 1758 1504 1816 fidelibus
1538 1780 1551 1814 :
1585 1761 1850 1833 Despondi
1890 1765 2028 1817 enim
2067 1780 2153 1817 vos

2208 630 2211 631 ν
2262 571 2489 641 accepit.

2330 661 2459 717 CAP.
2493 679 2565 717 γι.
2592 659 2769 732 Major
2791 662 2963 733 gratia
2985 658 3291 713 donationis
3328 657 3395 709 iu
3422 654 3749 727 virginibus
3775 674 3911 727 quasi

2259 757 2314 810 in
2337 756 2477 810 aliis.
2512 748 2845 825 Spadonibus
2884 754 3067 807 melior
3087 752 3228 806 locus
3256 753 3323 804 in
3364 766 3541 802 muro
3572 751 3912 819 promittitur.

2260 880 2332 890 -
2361 847 2444 900 10.
2477 847 2607 913 Quze
2629 863 2748 902 cum
2780 847 2833 900 in
2862 845 3088 900 diversis
3113 843 3398 897 membris
3428 841 3565 897 suis
3596 841 3808 897 habeat
3830 842 3913 897 do.

2260 941 2528 1007 nationes,
2573 939 2869 996 secundum
2907 937 3135 1007 gratiam
3165 952 3290 1005 qum
3325 935 3478 989 data
3514 943 3610 988 est
3644 934 3697 987 ei
3724 973 3740 997 ,
3772 934 3910 987 diﬂ‘e-

2257 1041 2480 1098 rentes,
2514 1030 2769 1100 majorem
2811 1040 2989 1083 tamen
3034 1027 3261 1098 gratiam
3319 1025 3689 1079 donationis
3734 1024 3785 1076 in
3817 1024 3909 1078 illis

2262 1123 2518 1179 membris
2546 1122 2770 1192 accepit,
2800 1120 2854 1175 in
2874 1119 3066 1190 quibus
3095 1119 3169 1173 ita
3190 1116 3561 1187 spiritaliter
3594 1116 3760 1184 virgo
3784 1116 3909 1171 dici-

2264 1222 2351 1268 tur
2373 1253 2388 1278 ,
2413 1221 2471 1267 ut
2495 1213 2656 1266 etiam
2686 1225 2961 1280 corporea:
2993 1208 3322 1278 virginitatis
3354 1206 3717 1275 integritate
3746 1208 3906 1276 potia-

2263 1308 2371 1358 t'ur.
2404 1302 2535 1356 Nam
2566 1302 2617 1355 in
2640 1302 2849 1357 ueteris
2878 1299 3124 1355 ﬁdelibus
3151 1298 3458 1364 membris,
3497 1313 3638 1367 qua:
3670 1298 3728 1352 in
3750 1296 3904 1353 Deum

2262 1391 2557 1449 secundum
2586 1389 2709 1445 ﬁdei
2737 1389 3019 1445 catholicm
3048 1389 3292 1457 regulam
3336 1389 3521 1443 recte
3562 1386 3832 1452 credunt,
3858 1396 3903 1441 et

2263 1485 2572 1556 pudicitiam
2601 1482 2942 1552 conjugalem
2981 1482 3329 1537 vidualemve
3380 1481 3766 1546 custodiunt;
3795 1495 3899 1549 qua:

2261 1577 2468 1632 scilicet
2489 1592 2591 1631 nec
2628 1576 2854 1631 actualis
2883 1583 3007 1630 sunt
3035 1574 3438 1630 fornicationis
3470 1573 3801 1629 colluvione
3822 1586 3898 1628 re-

2261 1683 2472 1739 spersa,
2501 1675 2558 1723 et
2584 1667 2653 1721 ab
2674 1666 2820 1721 omni
2844 1674 3032 1736 stupro
3063 1675 3283 1721 manent
3310 1650 3689 1720 inﬁdelitatis
3714 1665 3895 1720 immu-

2262 1762 2384 1826 nia,
2432 1760 2659 1830 spiritali
2691 1768 2899 1813 tantum
2936 1758 3240 1828 virginitate
3270 1759 3512 1829 potitur
3546 1757 3822 1824 Ecclesia;
3849 1758 3894 1812 in

560 1855 653 1907 uni
680 1854 787 1908 viro
816 1852 1063 1924 virginem
1098 1860 1295 1907 castam
1317 1853 1557 1908 exhibere
1575 1854 1780 1908 Christo
1805 1852 1899 1924 (II
1926 1853 2047 1908 Cor.
2081 1869 2155 1919 x1,
2190 1864 2238 1925 Β
2264 1850 2352 1906 his
2380 1866 2511 1907 vero
2540 1850 2798 1905 membris
2819 1892 2833 1916 ,
2866 1850 2919 1904 in
2948 1850 3144 1918 quibus
3171 1850 3250 1904 sic
3292 1848 3483 1905 ﬁdem
3532 1848 3781 1904 custodit
3818 1864 3889 1903 re-

563 1941 640 2014 2).
672 1943 917 1998 Christus
962 1951 1047 1998 est
1073 1944 1273 2013 quippe
1288 1945 1370 1999 vir
1398 1945 1465 1999 de
1486 1961 1594 2016 quo
1624 1945 1738 2000 htec
1765 1945 1917 2012 virgo
1944 1953 2160 2014 sumpta

562 2042 666 2089 est.
692 2033 826 2104 Ipsis
850 2035 1028 2089 denuo
1049 2033 1293 2089 fidelibus
1315 2035 1454 2089 idem
1476 2036 1752 2104 apostolus
1777 2035 1908 2092 dicit
1937 2054 1949 2089 :
1984 2035 2160 2090 Donec

563 2142 896 2180 occurramus
920 2141 1096 2179 omnes
1123 2125 1179 2178 in
1220 2126 1468 2178 unitatem
1495 2125 1619 2194 ﬁdei
1648 2135 1696 2179 et
1720 2128 2004 2199 agnitionis
2028 2125 2162 2181 Filii

564 2214 685 2281 Dei,
716 2217 772 2270 in
799 2217 963 2271 virum
1004 2216 1308 2287 perfectum,
1339 2216 1390 2268 in
1417 2232 1711 2273 mensuram
1739 2218 1908 2271 a'latis
1936 2217 2162 2288 plenitu-

565 2309 704 2364 dinis
732 2308 923 2364 Christi
971 2307 1190 2380 (Ephes.
1234 2324 1320 2374 tv,
1376 2308 1488 2380 l5).
1525 2308 1631 2364 Per
1666 2318 1911 2365 sanctum
1941 2326 2160 2381 quoque

564 2400 732 2455 David
757 2442 770 2467 ,
798 2409 909 2455 tam
937 2401 1068 2456 viris
1095 2413 1257 2470 quam
1299 2400 1614 2455 mulieribus
1643 2400 1696 2454 in
1724 2417 2008 2456 commune
2048 2401 2160 2470 spi-

565 2492 738 2548 ritalis
775 2491 1147 2561 hujuscemodi
1189 2493 1561 2563 promulgatur
1603 2492 1885 2547 hortatio:
1926 2491 2162 2545 Viriliter

569 2583 725 2655 agite,
753 2592 804 2638 et
815 2584 1137 2653 ronfortetur
1165 2599 1254 2639 cor
1279 2593 1521 2649 vestrum,
1546 2600 1721 2638 omnes
1740 2584 1827 2655 qui
1853 2585 2074 2655 speratis
2103 2584 2160 2638 in

570 2671 793 2728 Domino
826 2672 997 2745 (Psal.
1027 2689 1162 2739 xxx,
1192 2671 1307 2741 '25).

639 2765 692 2820 9.
726 2762 924 2835 Typice
953 2764 1136 2836 itaque
1176 2781 1207 2819 a
1232 2766 1349 2821 viro
1377 2765 1590 2822 ducitur
1620 2766 1715 2834 (al.
1751 2765 1966 2835 dicitur)
1997 2768 2160 2839 virgi-

571 2856 653 2912 nis
694 2852 1042 2922 vocabulum,
1081 2857 1537 2926 quemadmodum
1586 2857 1685 2928 (al.
1721 2859 1871 2929 quia)
1903 2875 2099 2914 nomen
2126 2875 2159 2914 a

567 2949 783 3006 Christo
811 2948 1025 3005 ducitur
1060 2950 1155 3020 (al.
1201 2948 1417 3022 dicitur)
1448 2949 1818 3006 Christianum
1851 2970 1864 3004 :
1913 2952 2160 3007 Christus

566 3042 709 3098 enim
751 3030 843 3097 Dei
872 3041 1041 3096 virtus
1070 3048 1154 3096 est
1180 3050 1237 3097 et
1267 3042 1361 3097 Dei
1391 3043 1677 3113 sapientia,
1709 3058 1778 3097 ex
1807 3058 1917 3112 quo
1946 3053 2030 3099 est
2058 3043 2161 3099 Ec-

565 3133 748 3196 clesia,
779 3147 899 3202 quae
924 3132 1075 3202 virgo
1097 3134 1151 3187 in
1181 3132 1284 3187 fide
1311 3145 1368 3188 et
1390 3126 1613 3190 caritalb
1643 3136 1956 3205 persistens,
1989 3145 2044 3189 et
2070 3152 2155 3192 sa-

2266 1953 2435 2008 ctam,
2461 1951 2521 1998 ut
2539 1943 2701 1998 etiam
2719 1957 2938 1997 carnem
2958 1943 3026 1996 ab
3046 1941 3191 1998 omni
3213 1941 3541 1997 concubitu
3565 1948 3812 1997 reservet
3822 1941 3891 1995 in-

2266 2044 2487 2097 tactam,
2522 2041 2727 2103 quanto
2752 2035 3051 2104 pleniorem
3096 2033 3262 2088 habet
3287 2034 3722 2104 virginitatem,
3753 2043 3883 2089 tanto

2263 2128 2478 2198 plenius
2502 2138 2559 2180 et
2587 2126 2876 2197 perfectius
2905 2125 3148 2196 ejusdem
3176 2127 3535 2195 virginitatis
3577 2130 3737 2199 167
3776 2142 3884 2197 pos-

2265 2219 2407 2273 sidet
2437 2233 2631 2274 nomen
2671 2236 2683 2270 ε
2720 2217 2771 2271 in
2817 2217 2906 2272 illa
2936 2218 3169 2288 quippe,
3210 2218 3355 2272 nihil
3400 2218 3600 2273 minus
3636 2219 3796 2274 habet
3821 2218 3876 2273 ad

2264 2312 2460 2377 vitam;
2494 2312 2546 2365 in
2570 2311 2671 2365 hac
2692 2319 2891 2376 autem,
2916 2311 3145 2380 amplius
3167 2310 3377 2379 aliquid
3414 2312 3673 2380 acquirit
3690 2310 3756 2365 ad
3779 2311 3879 2378 glo-

2265 2404 2402 2459 riam
2427 2447 2442 2472 ,
2473 2403 2599 2472 quia
2643 2403 2784 2458 sicut
2812 2400 3010 2456 Paulus
3039 2402 3153 2456 ait:
3186 2401 3311 2455 Alia
3345 2410 3435 2456 est
3472 2401 3659 2472 gloria
3676 2400 3873 2464 salis,et

2266 2494 2378 2549 alia
2397 2495 2567 2565 gloria
2596 2494 2764 2556 lunw,
2796 2501 2845 2546 et
2865 2492 2975 2545 alia
3002 2492 3172 2562 gloria
3210 2491 3538 2553 stellarum;
3584 2490 3872 2544 stellantia!

2266 2604 2301 2639 a
2329 2585 2480 2640 stella
2509 2584 2682 2654 differt
2709 2585 2764 2637 in
2785 2584 2982 2654 gloria;
3006 2582 3079 2635 sic
3106 2591 3158 2636 et
3177 2583 3513 2636 resurrectio
3546 2590 3861 2635 mortuarum.

2264 2674 2510 2745 Denique
2538 2675 2638 2728 sub
2667 2673 2965 2742 spadonum
2988 2672 3205 2727 nomine
3227 2672 3400 2742 (quos
3431 2672 3611 2735 etiam
3634 2672 3689 2726 in
3717 2668 3867 2723 Evan-

2250 2767 2409 2835 gelio
2431 2774 2654 2837 propter
2670 2779 2899 2834 regnum
2922 2764 3183 2819 cmlorum
3206 2778 3265 2818 se
3287 2764 3456 2835 ipsos
3475 2771 3751 2818 castrasse
3764 2757 3863 2815 Sal.

2266 2866 2425 2912 vator
2460 2854 2713 2925 affirmat)
2763 2854 3041 2910 meliorem
3071 2855 3249 2910 locum
3288 2855 3350 2910 in
3405 2855 3583 2911 domo
3623 2867 3718 2909 sua
3740 2859 3789 2907 et
3813 2848 3859 2903 in

2266 2964 2424 3003 muro
2452 2964 2551 3005 suo
2578 2947 2838 3003 Dominus
2876 2962 2976 3017 per
3004 2945 3215 3001 Esaiam
3245 2946 3568 3016 virginibus
3596 2941 3854 3015 repromit-

2266 3044 2353 3099 tit.
2377 3043 2468 3098 Sic
2489 3044 2630 3097 enim
2661 3043 2918 3112 scriptum
2940 3051 3021 3097 est
3047 3062 3058 3095 :
3094 3041 3143 3095 Η
3151 3060 3223 3097 ωε
3245 3044 3380 3097 dicit
3403 3043 3669 3099 Dominus
3686 3039 3853 3111 spatior

2265 3134 2418 3188 nibus
2454 3151 2466 3185 :
2503 3131 2804 3206 Quicunque
2844 3134 3185 3197 custodierint
3213 3143 3495 3205 prtecepta
3522 3138 3735 3196 memet
3756 3128 3848 3182 ele-

565 3224 825 3296 pientiam
853 3223 1093 3294 possidet
1133 3233 1188 3279 et
1229 3225 1516 3301 virtutem;
1550 3223 1672 3281 ideo
1703 3242 1802 3282 nec
1840 3226 2162 3283 seductione
2189 3238 2238 3302 ο
2268 3225 2434 3295 gerint
2479 3240 2594 3295 qua:
2639 3241 2733 3310 ego
2782 3226 2895 3278 volo
2920 3262 2935 3286 ,
2978 3233 3027 3277 et
3074 3235 3467 3294 antpicctentur
3516 3228 3847 3278 testamenta:

565 3315 832 3385 decipitur
856 3356 871 3380 ,
905 3330 1003 3371 nec
1032 3315 1287 3372 violentia
1314 3317 1565 3379 vincitur,
1589 3318 1715 3386 quia
1741 3319 1964 3372 internm
1994 3317 2158 3386 virgi-

567 3407 751 3462 nitatis
779 3407 1086 3477 integritate
1116 3405 1349 3462 fulcitur.
1380 3407 1518 3463 Huic
1545 3409 1738 3477 virgini
1770 3408 1958 3464 Esaias
1987 3409 2117 3465 dicit
2141 3427 2154 3461 :

572 3497 833 3563 Quoniam
868 3501 1174 3570 complacuit
1206 3497 1429 3554 Domino
1457 3501 1511 3553 in
1541 3508 1622 3566 te,
1653 3510 1705 3554 et
1728 3510 1866 3554 terra
1897 3509 1986 3553 tua
2013 3502 2160 3555 inha-

568 3587 834 3644 bitabitur.
868 3589 1140 3645 Habitabit
1163 3592 1297 3646 enim
1315 3592 1519 3664 juvenis
1557 3608 1671 3645 cum
1701 3593 1916 3663 virgine,
1934 3602 1983 3646 et
2006 3590 2160 3646 habi-

570 3680 752 3736 tabant
775 3682 828 3736 in
854 3690 903 3735 te
920 3682 1019 3753 ﬁlii
1042 3683 1114 3737 tui
1139 3680 1291 3754 (Esa.
1318 3698 1446 3747 Lxu,
1470 3680 1525 3747 4,
1555 3678 1631 3752 5).
1663 3681 1732 3736 Ει
1762 3690 1822 3736 ut
1847 3682 2162 3738 ostenderet

572 3790 679 3830 non
718 3774 883 3830 alium
923 3790 1041 3830 esse
1064 3774 1321 3843 juvenem
1350 3788 1523 3843 quam
1538 3788 1796 3844 sponsum
1818 3812 1833 3839 ,
1865 3788 1968 3829 nec
1999 3774 2159 3829 aliam

568 3882 689 3924 esse
733 3868 995 3935 virginem
1031 3882 1194 3936 quam
1241 3881 1535 3936 sponsam,
1592 3880 1849 3935 sponsum
1889 3873 2068 3920 autem
2105 3873 2161 3919 et

570 3974 820 4029 sponsam
852 3960 1119 4013 Christum
1149 3965 1205 4013 et
1251 3956 1549 4013 Ecclesiam
1577 3999 1591 4024 ,
1619 3966 1836 4012 secutus
1865 3957 2109 4026 adjuuxit
2143 3974 2156 4009 :

572 4048 641 4102 Et
669 4048 912 4120 gaudebit
953 4065 1171 4117 sponsus
1199 4064 1352 4117 super
1390 4064 1666 4116 sponsam;
1703 4046 1770 4102 Et
1810 4047 2054 4119 gaudebit
2073 4064 2163 4101 su-

573 4156 664 4209 per
704 4149 748 4193 te
796 4138 934 4191 Deus
984 4148 1117 4191 tuus.
1170 4136 1295 4192 llzec
1324 4138 1475 4206 virgo
1501 4149 1673 4193 mater
1701 4149 1783 4194 est
1810 4140 2112 4194 euidicitur
2145 4156 2157 4190 :

576 4228 899 4283 Habitabant
929 4230 979 4283 in
1014 4239 1060 4282 te
1089 4229 1185 4297 ﬁlii
1226 4231 1327 4293 tui;
1369 4238 1424 4284 et
1464 4230 1579 4285 haec
1607 4238 1783 4285 mater
1812 4230 1965 4299 virgo
1986 4239 2071 4285 est
2094 4231 2163 4286 de

573 4338 680 4392 qua
701 4320 892 4375 dicitur
933 4339 943 4372 :
978 4318 1248 4373 Habitabit
1269 4322 1405 4373 enim
1420 4321 1624 4391 juvenis
1646 4338 1760 4375 cum
1800 4323 2013 4393 virgine.
2038 4314 2164 4379 Hinc

574 4413 726 4480 virgo
746 4427 945 4480 sponsa
976 4420 1061 4465 est
1088 4409 1270 4478 dequa
1300 4411 1496 4464 dicitur
1527 4429 1540 4463 :
1576 4410 1642 4463 Et
1670 4411 1915 4482 gaudebit
1941 4428 2164 4483 sponsus

573 4520 727 4575 super
756 4519 1016 4574 sponsam.
1059 4500 1185 4556 Haec
1222 4501 1384 4570 igitur
1413 4500 1652 4556 Ecclesia
1683 4517 1789 4557 una
1816 4512 1872 4558 et
1900 4518 2026 4558 vera
2067 4519 2162 4559 ca-

2265 3332 2454 3379 meum,
2493 3313 2628 3369 dabo
2655 3314 2761 3369 illis
2789 3316 2844 3367 in
2865 3314 3018 3368 domo
3049 3331 3164 3368 mea
3191 3324 3241 3367 et
3266 3318 3325 3367 in
3355 3331 3514 3368 mitra
3547 3329 3658 3368 meo
3702 3311 3844 3363 locum

2266 3408 2591 3461 nominatum
2638 3405 2908 3461 meliorum
2964 3406 3193 3476 ﬁliorum
3245 3415 3294 3458 et
3348 3406 3635 3476 ﬁliarum;
3687 3411 3842 3454 nomen

2266 3498 2482 3552 electum
2512 3495 2645 3552 dabo
2666 3497 2771 3551 illis
2792 3538 2806 3563 ,
2837 3506 2887 3550 et
2916 3514 3021 3552 non
3046 3496 3251 3567 deﬁciet
3295 3495 3461 3566 (Esa.
3490 3511 3602 3562 Lvl,
3623 3492 3673 3558 4,
3705 3489 3771 3561 5).
3796 3486 3843 3540 lu

2266 3589 2592 3660 Apocalypsi
2617 3604 2834 3658 quoque
2857 3588 3001 3643 beati
3021 3586 3265 3651 Joannis,
3289 3586 3372 3642 illi
3394 3597 3528 3643 sunt
3546 3584 3636 3655 qui
3657 3594 3839 3652 sequuti

2268 3692 2352 3736 tur
2396 3682 2601 3754 Agnum
2633 3697 2932 3754 quocunque
2961 3680 3080 3735 ierit
3135 3680 3320 3752 (Apoc.
3346 3697 3461 3746 XIV,
3495 3678 3575 3750 4),
3597 3676 3686 3747 qui
3708 3668 3839 3737 ursi.

2268 3791 2366 3832 nes
2394 3788 2826 3846 permanserunt.

2339 3866 2469 3923 Car.
2501 3882 2592 3922 vn.
2634 3865 2822 3921 Melior
2848 3866 3119 3937 virginitas
3140 3867 3327 3921 mentis
3356 3875 3410 3920 et
3438 3863 3687 3936 corporis,
3710 3867 3836 3930 qui!

2268 3960 2377 4014 alia
2408 3959 2565 4014 dona.
2595 3991 2663 4001 ——
2706 3957 2793 4011 ll.
2827 3957 3008 4012 Claret
3038 3957 3220 4028 itaque
3250 3958 3395 4013 inter
3424 3966 3648 4012 crateras
3674 3945 3829 4002 Ecde-

2269 4053 2364 4107 εἰει)
2387 4053 2731 4119 donationes,
2760 4052 2870 4106 illic
2897 4052 3224 4132 praicipuum
3248 4068 3454 4107 munus
3474 4046 3720 4120 spiritalis
3736 4050 3831 4096 esst

2271 4146 2603 4211 carismatis,
2636 4145 2723 4200 ubi
2754 4145 2923 4199 virtus
2953 4146 3065 4215 ipsa
3096 4145 3426 4213 integritatis
3475 4142 3705 4214 perfecto
3738 4145 3828 4188 me-

2270 4247 2422 4294 retur
2466 4238 2732 4295 vocabulo
2772 4238 2981 4294 censeri
3030 4237 3264 4292 virtutis.
3323 4235 3587 4304 Quamvis
3623 4230 3749 4286 enim
3772 4222 3830 4278 sit

2270 4330 2543 4401 praphetia
2566 4329 2847 4383 secundum
2871 4331 3126 4384 rationem
3148 4328 3292 4399 ﬁdei,
3324 4331 3432 4384 sive
3452 4321 3767 4382 ministerium
3785 4315 3824 4366 in

2271 4422 2641 4488 ministrando,
2669 4423 2773 4477 sive
2800 4425 2885 4495 qui
2912 4422 3061 4477 docet
3086 4425 3141 4477 in
3162 4424 3424 4489 doctrina,
3449 4422 3537 4495 qui
3562 4417 3826 4473 exhortatur

2271 4518 2327 4570 in
2354 4515 2699 4580 exhortando,
2725 4516 2813 4587 qui
2834 4514 3010 4570 tribuit
3034 4519 3088 4569 in
3109 4517 3464 4586 simplicitate,
3489 4512 3576 4585 qui
3594 4500 3822 4578 praestiti

576 4598 776 4654 tholica
805 4614 1002 4667 sponsa
1029 4606 1133 4665 est,
1156 4597 1282 4666 quia
1313 4598 1539 4652 inhaeret
1565 4597 1813 4667 Christo;
1842 4610 2015 4657 mater
2053 4608 2156 4664 est,

2271 4607 2653 4675 sollicitudine,
2708 4610 2793 4679 qui
2840 4609 3110 4662 miseretur
3137 4610 3191 4661 in
3220 4608 3485 4662 hilaritate
3544 4601 3706 4675 (Rom.
3751 4603 3823 4653 illi

575 4691 699 4762 quia
729 4688 1047 4745 fecundatur
1067 4705 1098 4742 a
1126 4688 1373 4756 Christo;
1400 4691 1550 4760 virgo
1573 4700 1673 4757 est,
1698 4692 1824 4763 quia
1850 4693 2160 4764 incorrupta

575 4789 890 4851 perseverat
918 4780 970 4834 in
1000 4779 1234 4835 Christo.
1269 4778 1436 4850 Hujus
1464 4798 1673 4852 sponsae
1713 4800 1815 4839 nec
1839 4785 2165 4841 fecunditate

576 4872 857 4943 virginitas
885 4873 1266 4942 corrumpitur,
1297 4888 1396 4927 nec
1422 4873 1725 4943 virginitate
1751 4875 2051 4932 fecunditas
2072 4876 2167 4929 im-

576 4968 811 5038 peditur.
846 4964 975 5020 Tale
1007 4980 1238 5035 namque
1265 4966 1418 5021 istius
1448 4976 1530 5022 est
1553 4970 1653 5024 viri
1683 4971 2014 5040 virginisque
2035 4987 2166 5026 con-

579 5061 822 5124 nubium,
855 5068 912 5114 ut
941 5058 1142 5116 idcirco
1172 5059 1239 5115 ab
1261 5059 1363 5117 hoc
1380 5061 1497 5117 viro
1518 5061 1965 5120 fecundeturbaac
1990 5066 2162 5134 virgo,

578 5152 703 5220 quia
734 5152 791 5206 in
810 5151 916 5208 hoc
943 5152 1216 5208 connubio
1247 5153 1390 5208 nulla
1422 5170 1657 5224 unquam
1687 5166 1868 5226 potest
1896 5173 2015 5213 esse
2039 5174 2163 5213 cor-

581 5246 788 5314 ruptio,
812 5254 867 5300 et
896 5253 1042 5301 tanta
1075 5246 1128 5301 in
1170 5246 1273 5303 hac
1312 5257 1484 5303 matre
1506 5250 1828 5318 virginitatis
1856 5259 2168 5321 perseverat

582 5337 877 5407 integritas,
906 5349 964 5394 ut
992 5341 1095 5396 nisi
1115 5342 1266 5409 virgo
1286 5357 1499 5412 semper
1528 5353 1690 5408 esset,
1722 5353 1892 5399 mater
1918 5360 2038 5400 esse
2058 5361 2169 5400 non

582 5526 907 5595 praanuntiat
948 5526 1134 5582 Esaias
1167 5546 1179 5580 :
1223 5528 1291 5582 Et
1321 5529 1585 5584 vocabitur
1616 5528 1705 5582 tibi
1735 5546 1919 5584 nomen
1958 5547 2163 5596 novum,

580 5615 720 5688 quod
765 5633 821 5672 os
861 5617 1072 5673 Domini
1124 5622 1406 5674 nonunavit
1451 5619 1616 5690 (Ibid.
1651 5664 1667 5687 ,
1710 5620 1787 5692 2).
1848 5618 1987 5691 Ergo
2042 5622 2168 5691 quia

581 5704 831 5764 Christus
849 5709 1018 5765 virtus
1047 5719 1146 5773 est,
1180 5711 1316 5765 sicut
1343 5710 1579 5767 Ecclesia
1605 5712 1918 5768 vocabulum
1950 5712 2169 5780 virginis

2282 5352 2489 5398 merata
2514 5343 2773 5397 sanctitas
2801 5342 3107 5410 virginalis,
3139 5357 3259 5411 qua:
3291 5339 3452 5394 divini
3480 5331 3634 5404 gratia
3659 5339 3703 5377 m

580 5437 785 5499 posset.
838 5430 993 5489 Istius
1040 5434 1226 5489 matris
1263 5452 1327 5490 ac
1354 5436 1576 5504 virginis
1606 5451 1800 5490 nomen
1849 5453 2044 5491 novum
2098 5439 2169 5491 ita

2276 4700 2329 4762 6,
2388 4700 2475 4770 7),
2528 4699 2641 4754 hmc
2685 4698 2827 4753 dona
2882 4698 3092 4755 diversa
3134 4699 3368 4769 propriis
3395 4695 3720 4753 inveniuntur
3743 4696 3820 4748 ap-

2278 4790 2470 4862 pellari
2499 4789 2830 4846 nominibus.
2871 4790 3154 4861 lntegritas
3184 4799 3365 4845 autem
3395 4787 3570 4846 carnis
3596 4783 3697 4837 Deo
3721 4772 3823 4827 lidc‘

2280 4885 2406 4939 liter
2434 4893 2751 4941 consecrata
2778 4926 2792 4948 ,
2826 4892 2882 4940 et
2909 4884 2963 4938 in
2991 4883 3169 4939 cordis
3189 4883 3499 4952 virginitate
3520 4920 3535 4947 ,
3567 4876 3671 4930 Deo
3698 4862 3822 4965 ale

2280 4986 2444 5033 vante
2473 4994 2536 5033 ac
2566 4985 2914 5048 protegente,
2947 4985 3154 5032 servata
3173 5016 3186 5039 ,
3232 4975 3431 5032 idcirco
3459 4966 3665 5045 proprie
3688 4959 3817 5024 viI‘Si‘

2283 5072 2422 5124 nitas
2466 5070 2697 5136 dicitur,
2749 5078 2808 5124 ut
2855 5068 2928 5123 ibi
2972 5067 3234 5139 perfectio
3267 5083 3407 5123 vera:
3452 5059 3652 5119 virtutis
3674 5054 3817 5109 ἰηεεεο

2281 5168 2635 5216 monstretur.

2358 5251 2441 5303 12.
2486 5250 2674 5306 Melior
2698 5258 2782 5305 est
2809 5249 2972 5317 igitur
2997 5249 3207 5305 caneris
3235 5246 3528 5304 actualibus
3551 5236 3690 5295 donis
3706 5231 3815 5285 inter

3709 5328 3811 5373 ωιοσ

2284 5439 2359 5491 ris
2388 5453 2417 5490 a
2448 5436 2646 5491 virtute
2676 5434 2889 5489 videtur
2927 5435 3189 5505 originem
3221 5432 3463 5490 vocabuli
3504 5424 3725 5480 trahere,
3769 5410 3812 5458 ¹¹³

2284 5544 2350 5584 ex
2381 5528 2496 5598 ipso
2529 5528 2745 5582 nomine
2774 5542 2988 5597 semper
3028 5541 3087 5582 se
3116 5525 3395 5580 admoueri
3423 5514 3718 5587 cognoscat,

2282 5594 2416 5691 quiet
2434 5621 2644 5676 virtutis
2672 5629 2794 5675 sunt
2818 5594 3014 5676 debere
3035 5634 3273 5676 servare.
3299 5614 3447 5672 Unde
3472 5594 3808 5694 nonimtnetilo

2283 5715 2486 5773 Doctor
2511 5717 2750 5797 gentium
2787 5726 2808 5751 ³
2834 5756 2848 5782 ,
2879 5731 2943 5770 ac
2972 5714 3076 5770 \‘as
3104 5713 3385 5770 electionis
3410 5703 3626 5765 caelibem
3648 5692 3800 5752 coﬂl“‘

659 5877 684 5904 ι
734 5864 942 5921 Absunt
990 5866 1103 5920 htec
1156 5866 1313 5919 verba
1368 5866 1559 5921 Doctor
1607 5874 1834 5941 gentium
1877 5890 1937 5927 ac
1990 5891 2015 5928 a
2065 5892 2165 5931 nis.
2207 5874 2374 5933 ϐοτὴρ
