4120 6472
276 424 392 482 329

1695 441 2021 499 EPISTOLA
2049 445 2136 501 lll.

3431 471 3541 524 350

270 540 588 612 galemqua
607 544 767 598 vitam
797 545 889 601 tali
917 545 1228 605 deﬁnitione
1261 551 1554 620 discernit,
1605 564 1661 609 ut
1701 556 1856 611 istam
1883 559 1936 619 Α
1963 559 2058 612 sed
2078 559 2462 619 fornicationes
2491 573 2545 619 et
2568 569 2829 623 adulteria
2853 569 3139 639 iudicanda
3168 592 3180 626 :
3214 573 3526 634 Fornicato-

269 633 566 689 sollicitam
597 651 714 704 qua:
743 637 838 691 Dei
865 647 990 694 sunt
1019 641 1072 694 in
1109 643 1534 700 sanctiﬁcatione
1564 655 1588 682 ⁸
1617 647 1861 716 corporis

270 732 334 778 et
369 725 588 794 Spiritus
616 727 728 784 Deo
769 729 1018 798 placere;
1068 733 1211 787 illam
1248 750 1376 790 vero
1407 737 1687 792 mundanis
1713 739 1860 809 cogi-

273 815 579 870 tationibus
607 817 878 885 deditam,
931 822 1174 890 placendi
1212 825 1327 880 viro
1370 827 1601 881 studium
1646 837 1859 896 gestare

265 905 580 960 conlirmct.
626 905 725 970 Qui
753 910 864 963 sine
891 927 1053 966 uxore
1073 922 1168 977 est,
1200 915 1472 984 inquiens,
1505 918 1755 972 sollicitus
1781 927 1858 972 est

263 1012 394 1064 quae
422 995 521 1050 Dei
548 1008 700 1064 sunt,
746 1003 998 1072 quomodo
1022 1005 1223 1075 placeat
1255 1007 1380 1063 Deo.
1428 1007 1530 1073 Qui
1554 1021 1720 1065 autem
1740 1028 1856 1066 cum

263 1101 443 1139 uxore
467 1095 561 1150 est,
594 1090 844 1145 sollicitus
872 1103 947 1146 est
972 1111 1084 1161 quin
1109 1107 1226 1150 sunt
1246 1100 1442 1164 mundi,
1473 1103 1722 1172 quomodo
1741 1103 1856 1172 pla-

262 1185 392 1228 ceat
417 1179 568 1231 uxori
587 1219 602 1243 ,
644 1189 692 1232 et
731 1181 921 1237 divisus
945 1194 1039 1238 est.
1090 1186 1158 1238 Et
1187 1191 1371 1243 mulier
1394 1191 1612 1262 innupta
1634 1201 1682 1244 et
1710 1194 1852 1264 virgo

261 1270 472 1339 cegitat
491 1287 606 1340 qua:
634 1283 752 1326 sunt
775 1273 1014 1342 Domini,
1045 1285 1100 1330 ut
1128 1279 1195 1332 sit
1222 1289 1406 1334 sancta
1434 1299 1648 1352 corpore
1665 1292 1718 1336 et
1743 1285 1854 1353 spi-

261 1361 378 1412 ritu
402 1377 418 1424 ;
468 1378 582 1430 quin
616 1371 785 1417 autem
808 1378 966 1436 nupta
995 1378 1070 1420 est
1095 1408 1110 1434 ,
1149 1372 1340 1440 cogitat
1368 1388 1480 1442 qua:
1504 1383 1625 1426 sunt
1652 1373 1848 1440 mundi,

259 1453 528 1521 quomodo
553 1453 755 1523 placeat
776 1456 884 1509 viro
911 1456 962 1527 (Ι
989 1457 1109 1513 Cor.
1142 1476 1231 1526 vn,
1260 1459 1348 1524 52,
1381 1461 1480 1526 55,
1513 1463 1624 1534 54).

347 1541 476 1597 CAP.
524 1560 631 1598 vm.
673 1544 978 1619 Conjugatis
1027 1567 1224 1621 quoque
1264 1552 1537 1608 ascribitur
1577 1557 1845 1622 sanctitas,

257 1632 366 1685 sed
393 1635 561 1704 major
581 1636 878 1707 virginibus.
912 1669 980 1679 —
1028 1640 1113 1694 l5.
1159 1642 1538 1700 Verumtamen
1567 1646 1669 1702 hoc
1699 1649 1846 1718 Apo-

256 1723 441 1779 stolus
467 1724 671 1794 dicens,
704 1743 810 1782 non
831 1728 907 1784 sic
931 1731 1174 1801 ascripsit
1199 1733 1489 1802 virginibus
1509 1737 1847 1794 sanctitatem

257 1815 516 1884 corporis
545 1824 600 1871 et
626 1817 864 1887 spiritus,
892 1828 950 1873 ut
975 1820 1118 1875 illam
1145 1823 1230 1878 vel
1260 1824 1558 1894 conjugatis
1585 1827 1841 1894 demeret,

1961 667 2042 704 res
2070 652 2210 705 enim
2233 661 2280 706 et
2304 654 2562 711 adulteros
2584 659 2843 729 judicabit
2863 660 3004 716 Deus
3036 662 3247 735 (Ibid.).
3278 667 3530 726 Fatetnur

1959 740 2100 793 enim
2131 756 2160 794 a
2185 740 2294 796 Deo
2315 759 2434 800 esse
2463 749 2768 817 nuptiarum
2791 750 2949 806 tidem
2971 795 2985 820 ,
3023 754 3308 825 conjugum
3333 761 3530 816 carita-

1961 835 2090 894 tem,
2115 839 2318 886 naturae
2340 833 2750 906 fecunditatem;
2783 840 2875 896 sed
2904 843 3028 910 quia
3047 847 3392 920 unusquisque
3412 867 3532 919 pro-

1956 921 2125 991 prium
2150 923 2302 979 habet
2330 925 2520 981 donum
2541 946 2574 982 a
2597 929 2730 997 Deo,
2761 933 2895 987 alius
2921 937 3121 1005 quidem
3143 940 3237 1006 sic,
3270 941 3405 995 alius
3432 961 3532 996 au-

1955 1021 2057 1066 tem
2094 1015 2170 1067 sic
2209 1013 2295 1084 (Il
2328 1015 2448 1071 Cor.
2492 1035 2584 1086 vn,
2622 1021 2673 1092 7)
2699 1063 2714 1088 ,
2765 1039 2864 1079 nos
2893 1040 3109 1096 quoque
3149 1029 3228 1085 sic
3255 1032 3532 1102 utriusque

1955 1103 2080 1159 doni
2101 1108 2321 1174 gradum
2342 1110 2711 1182 discernimus,
2749 1130 2808 1172 ut
2831 1129 3117 1191 utrumque
3139 1123 3339 1181 donum
3362 1143 3392 1180 a
3418 1128 3531 1183 Deo

1958 1196 2116 1250 tribui
2145 1197 2388 1257 ﬁdelibus
2411 1219 2520 1259 non
2550 1220 2823 1275 negemus.
2866 1211 2984 1267 Non
3009 1214 3165 1282 igitur
3186 1215 3408 1273 inferius
3429 1219 3530 1273 do-

1955 1302 2083 1342 num
2120 1290 2217 1345 Dei
2258 1292 2581 1351 devocamus
2610 1299 2665 1352 in
2693 1302 2904 1371 culpam
2929 1345 2946 1371 ,
2995 1321 3117 1360 cum
3145 1309 3372 1376 potioris
3399 1311 3527 1366 doni

1950 1379 2283 1448 prmferimus
2309 1385 2534 1454 gratiam
2560 1405 2577 1453 ;
2605 1403 2702 1444 nec
2727 1405 2848 1444 eum
2877 1394 3108 1462 primum
3137 1397 3409 1466 pudicitia:
3429 1401 3527 1455 do-

1951 1483 2076 1522 num
2106 1475 2495 1544 przeponimus,
2525 1479 2819 1535 secundum
2849 1484 3136 1542 tertiumve
3165 1488 3480 1547 damnamus
3507 1508 3522 1557 ;

1951 1574 2052 1614 nec
2094 1561 2149 1615 in
2198 1579 2266 1619 eo
2308 1567 2450 1634 quod
2499 1568 2820 1638 integritatis
2862 1575 3138 1642 virginalis
3183 1583 3525 1648 agnoscimus

1949 1651 2190 1718 culmen,
2222 1655 2490 1724 pudicitia:
2517 1659 2813 1729 conjugalis
2841 1664 3129 1720 asserimus
3154 1667 3358 1724 crimen
3382 1688 3396 1736 ;
3427 1686 3524 1726 ne-

1947 1754 2053 1809 que
2081 1745 2158 1798 sic
2183 1744 2544 1813 virginitatem
2573 1749 2852 1806 frumentis
2879 1753 3212 1822 ascribimus,
3251 1765 3310 1810 ut
3329 1759 3522 1828 conju-

1946 1831 2090 1899 gium
2138 1834 2279 1889 inter
2307 1836 2508 1891 zizania
2557 1839 2652 1910 (al.
2680 1841 2960 1911 zizaniam)
3004 1844 3340 1913 deputemus.
3401 1849 3520 1905 Non

259 1907 357 1962 vel
382 1907 554 1963 viduis
583 1910 911 1978 abnegaret:
962 1914 1226 1984 przncipue
1273 1917 1364 1984 qui
1411 1919 1674 1986 superiori
1725 1919 1842 1974 loco
1874 1925 1918 1985 Β
1947 1930 2028 1977 est
2051 1923 2354 1993 conjugium
2385 1907 2632 1983 nocturni
2659 1931 2877 1987 seminis
2901 1932 3107 1989 fructus
3129 1975 3144 2000 ,
3184 1938 3308 2004 quia
3335 1937 3436 1992 hoc
3467 1939 3520 1994 in

258 1995 510 2066 ejusdem
538 1997 790 2070 Epistula:
839 2001 1071 2057 ﬁdelium
1110 2020 1340 2076 corpora
1383 2008 1621 2062 membra
1649 2007 1845 2064 Christi

259 2097 326 2142 et
369 2089 625 2158 templum
671 2091 904 2162 appellet
949 2091 1178 2163 Spiritus
1221 2097 1432 2163 sancti;
1485 2096 1616 2153 dicit
1660 2099 1842 2154 enim:

259 2177 498 2234 Nescitis
531 2182 653 2252 quia
707 2200 929 2251 corpora
958 2195 1125 2240 uestra
1152 2188 1380 2242 membra
1414 2188 1606 2244 Christi
1638 2200 1759 2245 sunt
1793 2190 1846 2264 (I

255 2269 387 2325 Cor.
412 2288 482 2336 vr,
517 2271 645 2342 l5)?
672 2271 737 2327 Et
765 2276 924 2345 paulo
956 2285 1112 2346 post,
1143 2279 1223 2332 An
1251 2281 1459 2335 nescitis
1479 2283 1597 2352 quia
1620 2283 1844 2337 membra

258 2371 434 2414 vestra
464 2363 708 2433 templum
745 2374 821 2418 est
851 2365 1079 2437 Spiritus
1118 2371 1326 2438 sancti,
1367 2373 1454 2441 qui
1495 2372 1548 2424 in
1585 2373 1724 2426 vobis
1744 2383 1839 2437 est,

256 2469 415 2524 quem
441 2453 635 2509 habetis
659 2473 691 2510 a
719 2455 848 2524 Deo,
881 2468 930 2512 et
957 2476 1059 2513 non
1089 2462 1212 2514 estis
1241 2463 1397 2516 vestri
1421 2463 1445 2515 ?
1481 2465 1637 2535 168
1663 2463 1842 2535 Empti

257 2545 399 2597 enim
425 2547 545 2599 estis
576 2547 740 2614 pretio
768 2565 974 2620 magno.
1010 2548 1312 2620 Gloriﬁcate
1336 2553 1496 2623 igitur
1525 2553 1550 2592 δ
1571 2563 1621 2607 ει
1636 2563 1842 2625 portate

258 2632 432 2687 Deum
456 2636 510 2688 in
537 2652 750 2708 corpore
779 2648 943 2692 vestro
975 2638 1163 2710 (Ibid.,
1197 2640 1308 2710 l9).
1359 2641 1428 2696 Et
1473 2651 1533 2697 ut
1569 2659 1628 2698 se
1651 2644 1841 2713 conju-

256 2729 400 2794 ga'is
426 2743 640 2799 quoque
668 2730 902 2785 scribere
939 2733 1371 2798 demonstraret,
1414 2736 1674 2791 continuo
1709 2738 1839 2791 sub-

253 2815 433 2885 iunxit
455 2835 472 2868 τ
506 2816 582 2871 De
604 2818 781 2890 quibus
804 2831 971 2874 autem
997 2823 1313 2892 scripsistis:
1343 2822 1544 2878 Bonum
1571 2833 1648 2878 est
1675 2825 1843 2878 homi-

259 2909 317 2962 i
348 2909 607 2962 mulierem
629 2927 731 2964 non
758 2919 1004 2982 tangere;
1033 2922 1245 2984 prapter
1275 2915 1646 2985 fornicationes
1669 2925 1838 2970 autem

258 2999 605 3072 unusquisque
632 3017 777 3055 suam
803 3019 1017 3056 uxorem
1043 3001 1250 3072 habeat,
1279 3013 1329 3058 et
1347 3022 1663 3077 unaqquue
1688 3023 1837 3060 suum

259 3088 423 3141 cirum
450 3088 634 3143 habeat
667 3089 720 3160 (Ι
749 3089 869 3146 Cor.
897 3107 997 3157 vn,
1030 3091 1093 3157 l,
1127 3092 1202 3163 2).
1242 3093 1301 3148 ln
1340 3093 1580 3164 Epistola
1621 3111 1836 3166 quoque

259 3177 329 3231 ad
367 3176 627 3248 Ephesios
665 3180 966 3250 conjugatis
1007 3183 1194 3252 utique
1237 3184 1592 3253 loquebatur,
1645 3187 1837 3254 quibus

1945 2025 2074 2079 agro
2127 2013 2396 2070 dominico
2453 2033 2560 2072 non
2612 2028 2762 2074 sator
2817 2021 3025 2076 invidus
3071 2027 3520 2094 superseminavit

1944 2101 2156 2172 (Matth.
2192 2120 2303 2170 nu,
2332 2105 2444 2177 25),
2471 2108 2564 2162 sed
2593 2109 2846 2165 Dominus
2871 2111 3044 2166 bonus
3072 2113 3320 2169 instituit.

2015 2191 2100 2246 15.
2144 2194 2518 2253 Verumtamen
2550 2200 2824 2271 utriusque
2853 2203 2932 2258 rei
2958 2218 3197 2272 congrua
3228 2206 3516 2263 discretio-

1943 2302 2013 2342 ne
2055 2296 2324 2342 momenta
2361 2299 2686 2358 pensantes,
2738 2295 3202 2369 tantuni'dicimus
3248 2312 3280 2351 a
3316 2300 3517 2355 sanctis

1942 2378 2144 2448 nuptiis
2168 2417 2186 2443 ,
2234 2380 2324 2434 ubi
2373 2381 2582 2436 nubunt
2607 2384 2696 2452 qui
2726 2400 2784 2440 se
2822 2386 3104 2442 continere
3131 2403 3242 2442 non
3271 2399 3514 2459 possunt,

1940 2482 2183 2526 sanetam
2211 2473 2571 2542 virginitatem
2604 2478 2797 2531 merito
2825 2479 3036 2548 potiore
3059 2479 3294 2546 distare,
3345 2496 3516 2550 quan-

1943 2569 2053 2616 tum
2081 2561 2280 2618 distant
2306 2578 2338 2617 a
2365 2563 2523 2619 bonis
2551 2566 2774 2621 meliora
2795 2607 2811 2634 ,
2853 2569 2920 2624 ab
2951 2569 3240 2626 humilibus
3267 2571 3411 2626 celsa
3434 2611 3451 2638 ,
3481 2587 3512 2626 a

1943 2655 2169 2709 terrenis
2189 2655 2452 2723 emleslia,
2476 2674 2504 2709 ιι
2524 2657 2698 2713 beatis
2715 2657 2979 2725 beatiora,
3000 2676 3030 2714 a
3053 2661 3253 2717 sanctis
3275 2664 3512 2719 sanctio-

1939 2760 2022 2810 ra,
2057 2760 2088 2798 a
2108 2745 2318 2800 mundis
2345 2745 2622 2802 mundiora
2641 2788 2656 2813 ,
2688 2764 2719 2803 a
2750 2751 2964 2804 mortali
2989 2752 3262 2807 connubio
3291 2753 3513 2808 immor-

1942 2835 2046 2889 tale
2067 2835 2422 2902 connubiutn,
2451 2853 2482 2891 a
2508 2853 2671 2892 carne
2697 2839 2936 2908 spiritus,
2967 2842 3034 2895 ab
3064 2842 3374 2898 inﬁrmitate
3401 2843 3512 2897 vir-

1941 2931 2025 2978 tus
2047 2962 2061 2987 ,
2089 2938 2119 2976 a
2144 2921 2257 2978 fetu
2284 2924 2587 2979 transitur-ae
2614 2926 2781 2994 prolis
2832 2938 2852 2966 ε
2893 2929 3233 2996 permansuri
3257 2930 3512 2998 germinis

1937 3013 2180 3080 fructus;
2229 3029 2262 3068 a
2304 3014 2647 3070 tribulatione
2685 3017 2985 3086 securitas,
3033 3034 3065 3073 a
3104 3021 3513 3089 perturbatione

1939 3105 2296 3174 tranquillitas
2321 3147 2337 3173 ,
2391 3120 2421 3160 a
2467 3105 2611 3160 bono
2654 3106 2798 3175 quod
2843 3116 2926 3162 est
2953 3123 3078 3163 cum
3117 3111 3361 3177 angustia
3389 3125 3510 3166 mo-

1938 3206 2300 3266 mentaneum,
2346 3197 2538 3251 melius
2582 3197 2724 3266 quod
2765 3206 2848 3252 est
2892 3214 3015 3253 cum
3070 3199 3256 3254 laetitia
3310 3202 3513 3272 sempi-o

258 3266 470 3322 dicebat
495 3286 508 3321 ε
550 3268 685 3337 Viri,
711 3270 910 3342 diligite
931 3289 1120 3327 uxores
1144 3282 1356 3338 vestras,
1389 3277 1581 3330 sicutet
1602 3274 1835 3330 Christus
1861 3290 1906 3352 ο
1942 3298 2171 3344 remum.

258 3355 444 3410 dilexit
469 3357 758 3414 Ecclesium
789 3361 1005 3432 (Ephes.
1040 3379 1089 3429 ν,
1122 3363 1234 3435 26).
1267 3365 1334 3418 Et
1363 3367 1523 3436 paulo
1550 3376 1706 3436 post,
1737 3366 1838 3431 Qui

261 3464 408 3501 suam
436 3466 649 3504 uxorem
675 3453 878 3523 diligit,
910 3456 1134 3526 seipsum
1154 3457 1343 3528 diligit.
1380 3457 1547 3514 Nemo
1576 3462 1711 3514 enim
1740 3478 1838 3515 un-

182 3594 192 3599 _
259 3555 413 3610 quam
451 3558 661 3596 carnem
704 3561 851 3597 suam
889 3547 1008 3600 odio
1039 3547 1252 3614 habuit;
1292 3551 1382 3604 sed
1425 3553 1585 3606 nutrit
1628 3563 1676 3607 et
1701 3557 1840 3626 {oret

255 3647 396 3698 eam,
424 3633 552 3684 sicut
578 3642 626 3686 et
653 3633 888 3689 Christus
909 3635 1197 3692 Ecclesiam
1217 3679 1232 3703 ,
1263 3643 1383 3711 quia
1409 3642 1638 3696 membra
1665 3661 1838 3698 sumus

259 3721 494 3782 corporis
521 3723 633 3793 ejus
662 3725 726 3776 de
756 3741 911 3780 carne
931 3728 1040 3798 ejus
1064 3769 1079 3794 ,
1108 3739 1158 3783 et
1187 3731 1251 3784 de
1281 3732 1479 3787 ossibus
1507 3735 1618 3803 ejus
1649 3735 1836 3807 (Ibid.,

260 3811 364 3875 29,
550 3813 740 3872 Petrus
770 3834 985 3890 quoque
1039 3824 1317 3893 apostolus
1361 3827 1675 3896 conjugatas
1705 3830 1838 3885 ﬁde-

261 3903 354 3970 les,
386 3915 598 3961 sanctas
629 3923 735 3963 non
762 3911 981 3981 ambigit
1011 3915 1303 3985 appellare,
1336 3917 1519 3974 dicens
1544 3938 1559 3972 :
1593 3921 1684 3975 Sic
1702 3925 1837 3978 enim

257 3997 547 4066 aliquando.
563 4002 802 4056 mulieres
830 4014 1043 4072 sancta},
1069 4020 1334 4080 sperantes
1353 4012 1408 4064 in
1429 4011 1562 4081 Deo,
1585 4016 1841 4070 ornabant

258 4102 330 4150 se,
363 4087 604 4160 subjecta:
631 4093 754 4146 viris
783 4095 921 4148 suis:
946 4097 1078 4150 sicut
1107 4097 1246 4153 Sara
1272 4101 1643 4173 obsequebatur
1668 4105 1836 4159 Abra-

260 4180 374 4245 haz,
419 4181 681 4237 dominum
723 4201 838 4238 eum
881 4203 1068 4244 vocans
1099 4189 1152 4262 (Ι
1180 4190 1324 4246 Petr.
1359 4208 1444 4256 tu,
1495 4191 1554 4261 5,
1589 4194 1664 4262 6).
1719 4196 1838 4252 Non

259 4286 385 4340 ergo
413 4277 690 4344 apostolus
719 4277 916 4336 Paulus
960 4297 994 4336 a
1042 4285 1469 4342 sanctiﬁcatione
1513 4290 1754 4358 corporis
1782 4300 1837 4345 et

261 4364 476 4432 spiritus
505 4365 690 4424 ﬁdeles
718 4370 1032 4446 conjngatas
1066 4385 1319 4446 separat,
1367 4379 1461 4434 sed
1490 4381 1593 4436 hoc
1621 4397 1713 4437 eas
1742 4400 1835 4440 co-

259 4455 427 4521 gitare
451 4457 612 4524 dicit,
668 4460 756 4515 ubi
785 4477 969 4518 earum
991 4467 1374 4534 cogitationem
1403 4472 1631 4541 amplius
1662 4476 1831 4530 teneri

259 4549 558 4614 Cognoscit.
610 4550 738 4617 Quis
780 4555 923 4609 enim
964 4560 1170 4614 nesciat
1213 4572 1522 4620 sanctarum
1567 4567 1830 4636 virginum

2015 3383 2168 3453 163
2197 3382 2325 3436 Car.
2359 3397 2414 3435 Χ.
2466 3379 2751 3451 Virginitas
2793 3383 2942 3452 longe
2984 3383 3220 3452 superior
3257 3385 3510 3438 connubio

1937 3472 2153 3524 carnali.
2203 3468 2503 3542 Infortunia
2535 3471 2761 3541 conjugii
2790 3472 2927 3523 circa
2955 3471 3152 3541 prolem
3170 3477 3508 3542 corporalem.

1937 3559 2086 3615 Bona
2098 3561 2404 3632 virginitatis
2421 3561 2558 3613 circa
2572 3561 2767 3631 prolem
2787 3563 3167 3631 spiritalem.—-
3182 3561 3268 3618 l6.
3285 3563 3394 3620 Nec
3414 3563 3513 3618 du-

1937 3655 2168 3711 bitamus
2194 3654 2393 3719 dicere,
2419 3661 2626 3708 tantum
2655 3668 2684 3707 a
2715 3660 2900 3708 sancta
2929 3653 3231 3723 virginitate
3259 3654 3438 3709 carnis
3457 3663 3514 3708 et

1939 3748 2157 3818 spiritus
2205 3745 2442 3800 ﬁdelium
2471 3744 2877 3813 conjugatorum
2911 3745 3060 3815 (licet
3080 3761 3116 3800 a
3143 3746 3254 3802 Deo
3283 3762 3512 3802 conces-

1939 3837 2078 3909 sum)
2108 3836 2329 3890 inﬁrma:
2356 3837 2705 3906 mortalisque
2730 3838 2905 3891 carnis
2925 3837 3083 3905 hujus
3101 3838 3302 3893 distare
3323 3855 3514 3894 concu-

1937 3924 2106 3980 bitum
2131 3967 2148 3993 ,
2197 3934 2455 3995 quantum
2500 3926 2794 3980 similitudo
2820 3941 3077 3996 pecorum
3117 3929 3185 3982 ab
3211 3927 3512 3983 imitatione

1938 4015 2259 4070 discernitur
2299 4015 2632 4085 angelorum.
2672 4016 2730 4070 ln
2761 4033 2868 4070 uno
2913 4017 3151 4087 quippe,
3199 4017 3267 4072 ad
3311 4026 3510 4072 terram

1939 4106 2156 4176 spiritus
2184 4114 2396 4161 terrena
2423 4106 2600 4161 carnis
2637 4107 2912 4178 voluptate
2936 4106 3256 4176 deprimitur
3279 4125 3292 4172 ;
3343 4108 3397 4162 in
3427 4109 3511 4162 al-

1938 4206 2056 4253 tero
2095 4205 2304 4261 autem,
2337 4205 2549 4252 terrena
2576 4211 2704 4252 caro
2733 4197 2940 4253 caelesti
2969 4197 3325 4253 delectatione
3349 4200 3512 4269 spiri-

1941 4296 2026 4342 tus
2052 4288 2120 4343 ad
2149 4288 2386 4344 cmlestia
2434 4288 2762 4343 sublevatur.
2822 4289 2903 4343 Ad
2944 4290 3262 4360 placendum
3313 4292 3513 4362 quippe

1933 4380 2139 4435 carnali
2164 4380 2414 4449 conjugio
2433 4421 2447 4447 ,
2479 4395 2620 4452 saepe
2647 4382 2912 4436 mundana
2943 4392 3178 4438 mentem
3199 4389 3330 4439 'cura
3359 4386 3510 4441 solli-

1935 4470 2066 4524 citat
2090 4488 2102 4523 :
2155 4470 2221 4524 ad
2248 4471 2566 4540 placendum
2595 4486 2725 4526 vero
2746 4473 2974 4540 spiritali
2999 4474 3267 4530 connubio
3289 4516 3304 4542 ,
3335 4491 3512 4546 mens,

1935 4560 2205 4616 dulcedini
2240 4561 2474 4617 caelestis
2502 4561 2840 4628 cogitationis
2871 4563 3106 4629 intenta,
3135 4579 3331 4634 corpus
3359 4582 3512 4620 suum

258 4639 634 4706 cogitationem
664 4647 830 4713 magis
858 4647 924 4701 ad
950 4651 1208 4720 spiritalia
1248 4670 1525 4712 recurrere
1545 4700 1564 4726 ,
1611 4667 1667 4714 ει
1709 4675 1835 4715 san-
1865 4650 1908 4707 D
1936 4651 2162 4720 spiritali
2192 4651 2545 4721 pinguescens
2564 4651 2924 4708 delectatione
2951 4655 3198 4722 castigat.

259 4737 460 4785 clarum
508 4734 912 4804 conjugatarum
953 4742 1333 4810 cogitationem
1371 4750 1541 4818 magis
1569 4753 1832 4822 conjugali

261 4825 565 4880 necessitati
587 4829 790 4884 servire
813 4833 836 4884 ?

327 4914 452 4970 Car.
487 4935 559 4973 ιχ.
603 4918 820 4990 Nuptias
844 4941 949 4979 non
990 4935 1111 4981 sunt
1157 4939 1463 4998 peccatum,
1513 4934 1606 4986 sed
1643 4934 1831 4989 donum

261 5006 373 5062 Dei.
399 5008 453 5062 Μ
457 5011 670 5083 ultiplea:
688 5015 820 5068 inter
847 5017 1194 5089 virginitatem
1217 5029 1266 5073 et
1293 5021 1599 5075 connubium
1627 5041 1834 5095 compa-

259 5102 484 5154 ratio.-—
507 5103 592 5157 M.
618 5104 827 5162 Scimus
855 5123 984 5177 ergo
1012 5112 1224 5181 nuptias
1251 5129 1358 5168 non
1381 5129 1500 5169 esse
1522 5126 1823 5185 peccatum,

258 5189 346 5244 sed
373 5189 467 5244 Dei
496 5208 630 5263 Opus
660 5205 711 5248 et
734 5196 825 5252 Dei
857 5198 1055 5253 donum
1083 5218 1093 5251 :
1127 5216 1259 5270 quas
1287 5202 1402 5271 ipse
1423 5203 1680 5260 Dominus
1701 5222 1831 5260 con-

260 5283 438 5334 nexnit
468 5282 588 5338 ﬁdei
617 5286 852 5352 vinculo,
898 5289 1214 5356 gratiﬁcavit
1242 5291 1638 5348 benedictionis
1663 5293 1826 5361 dono,

259 5373 624 5443 multiplicavit
660 5379 1062 5447 propagationis
1097 5390 1404 5450 augmento.
1455 5383 1709 5438 Novimns
1738 5385 1831 5439 lto-

259 5465 483 5519 norabile
510 5469 821 5522 connubium
845 5471 902 5524 in
934 5471 1192 5540 omnibus,
1225 5484 1272 5528 et
1303 5476 1502 5529 thorum
1524 5476 1831 5530 immacula-

260 5566 358 5612 tum
380 5557 568 5629 (Hebr.
598 5576 712 5625 xui.
742 5559 799 5631 4)
825 5577 839 5628 ;
890 5563 1134 5617 novimus
1163 5579 1193 5618 a
1223 5564 1336 5620 Deo
1358 5605 1375 5631 ,
1421 5581 1528 5620 non
1557 5565 1824 5636 conjugia,

321 5765 345 5794 ⁸
374 5757 464 5831 Sic
500 5758 707 5831 habent
747 5773 876 5812 mss.
921 5756 1082 5812 Corb.
1121 5765 1176 5813 et
1213 5756 1408 5822 Basil.;
1452 5766 1508 5811 at
1547 5757 1739 5831 Colon.
1767 5767 1822 5815 et

260 5825 397 5892 Ant.,
426 5830 480 5881 in
510 5830 990 5898 sanctiﬁcationem.

319 5899 344 5936 ιι
371 5899 533 5955 Abest
557 5892 716 5969 igitur
743 5913 772 5950 a
796 5914 896 5952 ms.
927 5898 1116 5967 Corb.,
1144 5892 1421 5959 Coton.‘et
1455 5899 1600 5972 Am.,
1624 5903 1820 5982 legitu"

571 5993 846 6054 Panos.
893 5991 1083 6054 LXV.

2009 4744 2094 4799 l7.
2149 4743 2207 4798 ln
2254 4759 2420 4813 opere
2464 4744 2826 4811 corporalium
2871 4745 3178 4815 nuptiarum
3236 4747 3512 4815 virginitas

1933 4835 2111 4890 carnis
2140 4835 2423 4901 amittitur,
2455 4843 2513 4888 ut
2539 4834 2605 4888 ad
2631 4835 2808 4890 carnis
2831 4834 3215 4891 fecunditatem
3244 4839 3509 4892 Veniatur.

1936 4925 2038 4982 Ubi
2061 4936 2237 4981 tamen
2266 4941 2648 4995 nonnunquam
2673 4927 2752 4981 sic
2778 4927 2998 4982 incertae
3027 4929 3139 4998 spei
3169 4928 3340 4984 fructu
3363 4928 3508 4983 frau-

1935 5017 2092 5071 datur
2118 5017 2350 5071 humana
2372 5016 2659 5072 delectatio
2680 5060 2698 5085 ,
2729 5026 2788 5073 ut
2812 5033 2931 5087 qua:
2960 5021 3110 5088 virgo
3140 5037 3258 5075 esse
3285 5021 3507 5084 destitit,

1936 5116 2106 5162 mater
2125 5122 2246 5162 esse
2269 5122 2373 5162 non
2403 5108 2571 5177 possit
2595 5148 2609 5174 ,
2641 5117 2696 5162 et
2716 5109 3014 5164 sterilitatis
3043 5109 3320 5164 obstaculo
3348 5125 3506 5163 coera

1932 5196 2036 5251 cita
2061 5236 2076 5262 ,
2109 5209 2210 5248 nec
2249 5195 2302 5247 in
2329 5209 2556 5264 corpore
2583 5204 2748 5264 queat
2792 5212 3044 5266 reparare
3082 5196 3227 5266 quod
3254 5196 3504 5265 perdidit,

1931 5303 2031 5343 nec
2051 5303 2116 5342 ex
2145 5303 2371 5357 corpore
2401 5288 2576 5343 valeat
2602 5289 2800 5345 habere
2827 5289 2969 5359 quod
2995 5289 3160 5358 cupit.
3187 5287 3508 5360 Plerumque

1934 5379 2099 5450 (quod
2129 5387 2210 5433 est
2244 5380 2478 5452 gravius)
2507 5381 2755 5449 graviore
2784 5381 2974 5436 dolore
3010 5380 3152 5435 fetus
3177 5381 3355 5436 carnis
3383 5399 3507 5452 per-

1930 5472 2043 5538 dit,
2090 5487 2225 5540 quos
2253 5473 2397 5539 gravi
2429 5471 2616 5526 dolore
2652 5473 2926 5541 suscepit;
2971 5479 3025 5525 et
3055 5471 3118 5526 ad
3161 5473 3261 5529 hoc
3288 5474 3504 5543 pariens

1928 5565 2164 5635 pericula
2183 5567 2521 5634 gemitusque
2549 5565 2780 5630 tolerat,
2833 5572 2892 5618 ut
2926 5564 3176 5620 amittens
3204 5582 3339 5636 quos
3380 5582 3500 5622 cum

1930 5761 1982 5816 in
2013 5761 2172 5834 Basil.
2205 5772 2260 5820 et
2286 5763 2473 5819 Grzeco
2495 5771 2640 5818 textu
2665 5763 2926 5834 Apostoli.

2004 5844 2026 5873 ε
2056 5833 2212 5901 Editi,
2245 5835 2540 5890 transititia:
2565 5835 2746 5905 prolis.
2777 5834 2875 5892 Ms.
2902 5834 3091 5900 Corb.,
3123 5843 3444 5900 transiture.

3111 5987 3171 6053 ll
