4120 6470
585 427 711 484 531‘

1627 427 1680 480 S.
1725 423 2080 480 FULGENTII
2119 417 2416 474 EPISCOI‘I
2460 417 2825 476 ltL'SPENSlS

3820 415 3915 480 352

586 539 784 608 gemitu
828 549 1114 608 pepererat
1139 584 1154 605 ,
1194 541 1429 606 (ιριητὶιις
1461 546 1653 605 gemat.
1696 537 1753 590 In
1800 537 1988 606 c0pula
2036 550 2160 588 vero
2193 538 2236 593 Α
2335 529 2461 584 CAP.
2495 546 2582 584 xu.
2618 529 2845 586 Delicias
2877 533 3046 585 carnis
3077 533 3221 603 rirgo
3261 531 3499 585 Clu-isti
3536 527 3731 602 fug?“
3761 531 3912 586 debet.

587 629 911 683 matrimonii
935 625 1212 697 spiri:alis,
1245 643 1374 682 cum
1405 641 1603 696 sponso
1629 626 1841 681 Christo
1864 630 1942 683 sic
1963 626 2184 696 conju--

587 725 742 785 gatur
771 715 976 780 anima,
1006 723 1066 768 ut
1092 723 1252 768 etiam
1275 728 1401 768 caro
1426 723 1669 768 servetur
1696 716 1918 770 intacta.
1951 716 2162 782 Quanto

588 807 757 878 magis
779 805 1052 874 virginalis
1079 805 1356 872 integritas
1385 806 1547 874 viget,
1580 814 1728 861 tanto
1757 807 1924 874 magis
1947 808 2162 862 immor-

591 899 713 952 talis
741 897 1040 952 fecunditas
1067 897 1251 966 pollet.
1292 897 1382 952 Sic
1417 899 1558 952 enim
1588 898 1660 952 ibi
1685 913 1790 952 non
1813 908 1894 953 est
1924 900 2165 954 mortalis

590 990 791 1043 fructus
819 1005 886 1043 ex
913 1003 1160 1057 corpore,
1195 995 1251 1040 ut
1283 988 1600 1043 immortalis
1627 988 1765 1044 lctus
1792 1005 1899 1042 non
1938 988 2078 1043 desit
2099 1005 2162 1044 ex

590 1081 772 1134 corde.
821 1081 891 1134 ibi
938 1081 1193 1134 maritalis
1240 1095 1486 1136 accessus
1535 1091 1559 1117 ἰ
1602 1097 1709 1136 non
1751 1082 1904 1136 vitiat
1949 1097 2162 1152 corpus,

592 1170 712 1235 quia
737 1168 932 1222 Christi
963 1170 1215 1238 spiritalis
1243 1172 1522 1240 amplexus
1551 1180 1604 1226 et
1645 1174 1876 1226 animam
1909 1182 2087 1227 servat
2115 1182 2169 1228 et

592 1277 800 1330 corpus.
847 1261 901 1315 In
933 1262 1023 1332 tali
1053 1263 1323 1318 connubio
1353 1264 1529 1318 nullus
1557 1265 1777 1318 ellectus
1805 1266 2049 1319 :estuanti
2075 1279 2168 1319 cu-

595 1351 799 1418 piditati
827 1352 1170 1418 conceditur,
1202 1353 1325 1420 quia
1355 1361 1555 1406 sanctze
1584 1354 1824 1408 caritatis
1866 1354 2048 1408 lcrvor
2082 1370 2171 1408 re-

595 1439 808 1506 frigerio
834 1440 1057 1508 spiritali
1088 1441 1340 1494 nutritur.
1384 1440 1427 1494 0
1448 1442 1699 1511 angelica:
1729 1443 2041 1497 imitationis
2064 1457 2168 1497 non

590 1531 825 1583 humana
875 1530 927 1583 in
976 1529 1286 1584 hominibus
1327 1531 1531 1585 virtus!
1585 1532 1630 1584 Ο
1662 1531 1928 1587 ineli‘abile
1955 1532 2170 1602 superni

595 1620 1018 1689 sempiternique
1057 1620 1294 1675 muneris
1321 1620 1523 1675 decus!
1572 1623 1716 1690 quod
1760 1623 1851 1692 qui
1880 1623 2169 1693 accipiunt,

594 1711 699 1764 hoc
731 1709 1060 1765 meditantur
1096 1711 1150 1764 in
1182 1725 1342 1766 carne
1369 1714 1620 1779 mortali,
1652 1715 1793 1782 quod
1832 1723 1956 1769 sunt
1985 1716 2038 1770 in
2068 1715 2170 1769 im-

596 1803 924 1858 mortalitate
949 1801 975 1840 δ
1003 1803 1303 1872 sumpturi:
1335 1803 1536 1872 eligunt
1562 1805 1705 1859 enim
1728 1806 1920 1860 bonam
1943 1814 2170 1875 partem,

2264 649 2332 665 --
2361 621 2447 675 20.
2483 621 2713 677 Proinde
2747 623 2815 676 ad
2845 622 3167 677 exteriorem
3213 621 3647 691 virginitatem
3701 622 3912 678 interio-

2264 730 2486 784 remque
2536 713 2850 780 servandam
2892 713 3120 768 sollicita
3147 712 3334 767 debet
3372 712 3553 780 virgo
3587 727 3814 781 semper
3835 728 3915 767 ex-

2266 807 2465 860 cubare
2492 804 2719 860 cautela.
2763 803 2992 858 Delicias
3017 805 3194 858 carnis
3228 811 3296 857 et
3331 802 3782 857 oblectamenta
3804 819 3913 857 cor-

2267 897 2452 964 poris,
2505 909 2624 963 quzc
2673 894 2774 948 sibi
2822 910 2930 948 non
2976 900 3085 946 tam
3134 892 3482 947 necessitas
3538 892 3725 960 exigit
3768 908 3914 960 quam

2267 991 2551 1056 voluptas,
2603 986 2823 1040 omnino
2871 1001 3024 1041 sacra
3073 985 3228 1052 virgo
3287 983 3590 1052 refugiat.
3659 983 3914 1054 Spiritalis

2268 1079 2410 1132 enim
2451 1078 2713 1144 virginum
2764 1093 2994 1147 sponsus
3041 1093 3146 1132 non
3173 1077 3400 1146 quaerit
3446 1078 3509 1131 in
3550 1077 3776 1145 virgine
3805 1092 3912 1130 car-

2269 1188 2390 1225 nem
2420 1170 2624 1226 deliciis
2653 1178 2983 1238 accuratam,
3014 1170 3107 1226 sed
3127 1169 3376 1239 jejuniis
3404 1169 3776 1236 castigatam.
3811 1167 3909 1223 Hoc

2270 1263 2472 1317 Doctor
2495 1263 2731 1330 gentium
2760 1277 2881 1317 cum
2912 1278 2971 1316 se
3004 1261 3181 1316 facere
3210 1261 3369 1316 dicit
3398 1302 3417 1327 ,
3479 1259 3657 1313 nobis
3706 1273 3910 1326 quoque

2271 1354 2502 1408 insinuat
2525 1352 2844 1417 faciendum,
2877 1351 3106 1422 Castigo,
3137 1351 3452 1420 inquiens,
3493 1362 3704 1416 corpus
3734 1361 3905 1407 meum,

2271 1453 2320 1496 et
2348 1445 2573 1496 servituti
2605 1442 2820 1513 subjicio
2846 1441 2900 1512 (1
2913 1440 3041 1508 ,Cor.
3068 1457 3142 1507 lx,
3199 1439 3330 1509 27).
3369 1438 3452 1492 Et
3476 1453 3687 1492 rursus
3714 1455 3726 1488 :
3762 1435 3825 1489 In
3852 1440 3906 1489 ri-

2275 1535 2410 1606 giliis
2427 1535 2619 1598 multis,
2649 1537 2701 1588 in
2725 1537 2859 1603 fame
2883 1535 3050 1598 etsiti,
3105 1535 3161 1589 in
3181 1533 3432 1603 jejuniis
3459 1530 3657 1584 multis
3687 1527 3779 1599 (II
3800 1527 3900 1580 Cor.

2275 1639 2348 1687 xl,
2381 1622 2492 1692 27).
2543 1621 2620 1677 De
2649 1623 2803 1677 vidua
2839 1637 2970 1676 vero
2996 1621 3160 1676 dicit:
3215 1619 3364 1684 Qua:
3401 1629 3600 1672 autem
3634 1620 3691 1672 in
3721 1618 3902 1670 deliciis

2274 1722 2386 1777 est,
2426 1713 2594 1766 vivens
2647 1720 2849 1766 mortua
2878 1721 2953 1765 est
2985 1710 3048 1781 (1
3095 1709 3227 1764 Tim.
3263 1726 3339 1776 ν,
3381 1708 3472 1775 6).
3535 1708 3666 1761 Non
3714 1712 3903 1776 quserat

2275 1817 2407 1871 ergo
2433 1801 2630 1858 Christi
2658 1805 2804 1870 virgo
2833 1803 3011 1856 carnis
3036 1802 3277 1866 delicias,
3317 1815 3476 1868 quas
3501 1814 3614 1853 nec
3642 1797 3814 1851 viduae
3835 1796 3897 1848 vi-

597 1908 716 1963 qua:
745 1909 852 1949 non
881 1894 1156 1950 auferetur
1183 1894 1250 1949 ab
1275 1896 1354 1950 eis
1384 1894 1529 1964 (Luc.
1560 1913 1612 1960 x,
1647 1895 1768 1966 1.9.),
1810 1897 1904 1950 sed
1932 1898 2168 1968 perticie-
2207 1909 2254 1966 Β
2279 1895 2371 1950 det
2399 1911 2516 1950 esse
2541 1910 2845 1950 concessas.
2887 1895 2943 1948 lu
2970 1895 3249 1949 saturitate
3281 1893 3408 1948 cibi
3441 1892 3653 1944 vivens
3673 1886 3895 1942 Sodoma

599 1994 688 2038 tur
709 1985 760 2039 in
791 1986 889 2039 eis.
930 1985 1084 2051 Quod
1115 1987 1256 2039 enim
1285 1986 1350 2040 ab
1373 1987 1448 2040 eis
1462 2002 1615 2040 nunc
1645 1987 1953 2042 inviolatum
1990 2005 2174 2043 serva-

602 2083 687 2127 tur
717 2074 770 2126 in
801 2089 992 2142 opere,
1054 2076 1157 2128 hoc
1183 2075 1260 2128 eis
1285 2075 1454 2142 gloria
1485 2076 1900 2131 immortalitatis
1938 2079 2178 2134 cumula-

604 2173 717 2218 tum
746 2163 1080 2218 reddetur-in
1109 2179 1352 2220 munere.

673 2257 802 2311 CAP.
839 2274 908 2312 xi.
949 2257 1236 2328 l’irginitas
1266 2259 1340 2311 sic
1369 2259 1630 2323 ambulet,
1661 2269 1716 2312 ut
1751 2276 1844 2313 uec
1875 2260 2092 2314 declinet
2114 2262 2182 2313 ad

604 2349 890 2414 dexteram,
922 2363 1014 2402 nec
1037 2348 1104 2400 ad
1129 2348 1413 2402 sinistram.
1452 2349 1550 2403 Via
1571 2350 1784 2404 sinistra
1809 2351 2040 2422 voluptas
2067 2367 2183 2404 car-

607 2440 705 2492 nis.
741 2437 836 2491 Via
860 2438 1072 2491 dextera
1094 2437 1312 2508 superba
1325 2440 1546 2509 jactatio
1569 2439 1914 2495 virtutum.——
1937 2440 2021 2495 i8.
2047 2439 2186 2506 Quo-

607 2530 748 2584 circa
775 2571 788 2594 ,
829 2544 946 2598 qua:
980 2545 1086 2584 non
1116 2537 1200 2584 est
1225 2530 1405 2584 saeculi
1429 2530 1582 2599 virgo
1608 2571 1623 2596 ,
1654 2531 1748 2586 sed
1775 2531 1975 2586 Christi
2001 2571 2014 2595 ,
2047 2532 2186 2586 sicut

610 2634 717 2672 non
745 2618 904 2673 debet
932 2619 1220 2673 monilibus
1242 2661 1256 2685 ,
1308 2620 1380 2674 ita
1405 2619 1567 2675 debet
1601 2622 1888 2678 virtutibus
1915 2622 2182 2677 adornari.

609 2709 842 2763 Ornatus
867 2718 1046 2764 autem
1081 2710 1300 2778 virginis
1328 2719 1449 2778 est,
1500 2712 1823 2781 virginitatis
1849 2712 2048 2767 bonum
2079 2728 2184 2768 non

611 2800 787 2853 minus
817 2808 996 2854 mente
1020 2816 1179 2868 quam
1211 2815 1374 2856 carne
1401 2816 1618 2857 servare
1643 2797 1656 2856 ἐ
1689 2809 1748 2857 ut
1767 2803 1972 2858 scilicet
1999 2811 2191 2858 semet-

611 2890 780 2959 ipsam
812 2898 962 2944 tanto
993 2906 1214 2946 munere
1242 2893 1563 2961 condignam
1591 2908 1808 2963 semper
1834 2895 2101 2958 exhibeat,
2135 2902 2190 2948 et

610 2983 687 3036 sic
715 2981 954 3037 veritatis
985 2993 1163 3038 teneat
1183 2985 1346 3052 viam,
1369 2994 1428 3039 ut
1448 3000 1554 3041 non
1577 2985 1806 3040 divertat
1827 2985 1895 3040 ad
1914 2986 2191 3041 dexteram

611 3074 697 3127 vel
743 3074 1032 3127 sinistram.
1078 3075 1360 3130 Sinistram
1408 3078 1605 3146 quippe
1642 3077 1853 3131 obsidet
1897 3079 2192 3132 carnalium

613 3163 768 3216 turba
801 3163 1048 3216 vitiorum
1075 3203 1088 3228 ,
1133 3164 1406 3219 dexteram
1439 3174 1586 3219 tenet
1626 3166 1944 3234 spiritalium
1969 3165 2192 3234 jactatio

614 3255 848 3322 superba
881 3255 1158 3307 virtutum.
1201 3255 1292 3308 Illa
1330 3271 1546 3310 carnem
1584 3257 1810 3326 publicis
1843 3257 2195 3312 delectamen-

617 3345 688 3397 tis
715 3344 989 3399 oblectare
1015 3345 1331 3412 contendit,
1372 3347 1486 3401 lucc
1527 3349 1694 3401 menti
1723 3348 1933 3402 laudem
1962 3349 2192 3418 propriae
2251 3394 2254 3397 .

617 3436 832 3491 virtutis
861 3435 1267 3490 immurmurare
1289 3453 1395 3491 non
1423 3437 1634 3492 desinit.
1675 3437 1767 3492 Illa
1791 3454 2018 3507 namque
2040 3439 2193 3492 blan-

617 3525 770 3580 diens
801 3526 988 3593 virgini
1018 3525 1342 3595 persuadere
1367 3534 1595 3580 conatur
1622 3537 1680 3580 ut
1703 3569 1717 3592 ,
1771 3536 1976 3580 tantum
2019 3529 2195 3582 carnis

622 3615 928 3684 integritate
958 3624 1167 3670 servata
1193 3657 1208 3681 ,
1238 3616 1492 3684 quidquid
1520 3618 1749 3686 pertinet
1777 3617 1842 3671 ad
1873 3617 2090 3673 delicias
2115 3620 2193 3672 ci-

619 3707 810 3760 borum
835 3749 848 3773 ,
883 3708 1112 3764 nitorem
1139 3709 1366 3763 vestium
1391 3750 1404 3775 ,
1443 3706 1676 3763 fomenta
1705 3709 2034 3776 balnearum,
2067 3719 2197 3766 stra-

621 3809 923 3856 mentorum
967 3799 1245 3855 mollitiem
1289 3811 1310 3836 °
1340 3840 1352 3864 ,
1407 3809 1802 3869 unguentorum
1846 3800 2117 3855 lenitatem
2145 3799 2194 3868 δ,

619 3893 862 3961 jororum
889 3891 1238 3962 hilaritatem,
1266 3891 1364 3946 sub
1393 3890 1574 3963 specie
1599 3891 1830 3945 vitandae
1857 3891 2196 3959 inﬁrmitatis,

622 3991 676 4037 et
699 3981 1062 4036 custodienda:
1103 3997 1380 4051 corporea:
1426 3981 1738 4050 sospitatis,
1793 3982 1944 4050 virgo
1991 3982 2195 4049 diligat,

623 4080 881 4143 appetat,
930 4081 1145 4136 teneat;
1178 4081 1240 4127 et
1282 4073 1434 4144 quasi
1483 4075 1638 4145 170
1668 4072 1903 4127 molliori
1934 4073 2073 4127 clivo
2107 4072 2201 4127 de-

624 4181 820 4220 vexum
870 4166 1077 4221 latioris
1117 4167 1214 4220 vite
1252 4175 1518 4220 monstrat
1555 4165 1822 4234 gradienti
1863 4165 2198 4232 descensum,

625 4270 730 4325 qua
760 4270 865 4309 non
892 4255 1219 4309 conscendat
1246 4255 1313 4309 ad
1333 4256 1544 4317 caelum,
1570 4255 1662 4309 sed
1682 4253 1997 4308 devolvatur
2019 4255 2070 4308 in
2091 4263 2204 4308 tar-

627 4355 801 4399 tarum
831 4363 842 4396 :
879 4345 1112 4398 insinuat
1140 4344 1413 4399 vitandum
1456 4345 1662 4399 itineris
1691 4345 1901 4413 angusti
1938 4344 2200 4411 laborem,

622 4451 696 4489 ne
726 4436 1070 4504 perveniatur
1099 4436 1166 4489 ad
1195 4436 1455 4505 requiem.

703 4527 786 4580 l9.
830 4528 925 4582 Ast
968 4528 1070 4581 alia
1100 4539 1300 4596 quanto
1338 4529 1619 4591 occultius,
1667 4538 1815 4585 tanto
1846 4531 2204 4600 periculosius

2279 1987 2431 2060 (Gen.
2461 2006 2572 2052 xix,
2605 1988 2672 2041 24
2700 1997 2750 2041 et
2777 1990 2907 2057 seq.)
2938 2030 2952 2054 ,
3002 1987 3152 2042 cibus
3196 1985 3345 2052 ignis
3379 1983 3542 2038 eﬂici
3568 1980 3807 2043 meruit;
3847 1984 3892 2030 et

2279 2077 2592 2132 Niniviticus
2616 2077 2844 2147 populus
2892 2075 3065 2148 (Iona:
3092 2090 3178 2140 ιιι,
3212 2074 3269 2144 5)
3320 2072 3598 2128 divinum
3649 2067 3890 2128 furorem,

2280 2176 2594 2224 cunctorum
2628 2167 2740 2238 jam
2765 2167 3064 2222 cervicibus
3099 2165 3502 2219 imminentem
3532 2203 3550 2230 ,
3599 2157 3806 2230 jejunio
3833 2155 3886 2207 la-

2280 2259 2585 2330 crymisqne
2612 2258 2898 2313 submovit.
2937 2256 3102 2324 Igitur
3127 2255 3171 2309 si
3199 2255 3452 2308 visibilis
3483 2252 3764 2322 cupiditas
3790 2247 3886 2301 vin.

2282 2359 2436 2406 catur
2463 2350 2516 2404 in
2546 2365 2793 2419 corpore,
2828 2349 3036 2404 inimica
3073 2347 3366 2402 invisibilis
3389 2355 3656 2417 potestas
3682 2355 3785 2396 non
3803 2339 3882 2393 do-

2285 2443 2518 2496 minatur
2559 2442 2611 2496 in
2643 2443 2824 2498 corde.
2866 2441 3017 2495 Illam
3046 2440 3275 2496 feliciter
3309 2439 3607 2493 vincimus
3631 2477 3646 2501 ,
3675 2435 3722 2488 si
3749 2431 3884 2487 forti-

2286 2543 2367 2588 ter
2395 2549 2515 2588 cum
2547 2533 2646 2587 ista
2675 2542 2940 2588 certemus
2966 2551 2978 2586 :
3011 2543 3065 2587 et
3089 2531 3154 2586 de
3185 2531 3272 2585 illa
3303 2527 3646 2599 triumphus
3668 2519 3880 2592 acquiri-

2289 2635 2394 2690 tur,
2429 2641 2549 2680 cum
2573 2625 2672 2679 ista
2702 2625 2958 2680 calcatur.

2360 2761 2490 2815 CAP.
2533 2777 2644 2815 xm.
2679 2761 2969 2831 Temperies
2997 2760 3343 2831 jejuniorum.
3385 2789 3465 2800 -—
3493 2755 3589 2809 21.
3631 2752 3793 2807 Porro
3810 2748 3877 2818 je-

2285 2853 2451 2922 juniis
2497 2854 2574 2907 sic
2623 2863 2707 2907 est
2751 2853 3050 2908 adhibenda
3092 2852 3397 2921 temperies
3424 2894 3442 2918 ,
3498 2858 3561 2905 ut
3590 2862 3781 2918 corpus
3805 2859 3879 2897 no-

2291 2951 2461 2998 strum
2490 2958 2587 2998 nec
2612 2943 2868 2998 saturitas
2896 2943 3126 3007 excitet,
3167 2957 3268 2996 nec
3311 2941 3507 2996 inedia
3547 2937 3873 2994 immoderata

2291 3034 2553 3088 debilitet.
2596 3033 2741 3087 Talis
2774 3034 2937 3101 igitur
2963 3041 3216 3103 tantaque
3247 3033 3488 3100 virginis
3522 3028 3780 3099 jejunium
3806 3038 3875 3077 res

2294 3126 2455 3182 t‘ectio
2485 3129 2847 3196 subsequatur
2868 3166 2884 3193 ,
2936 3137 2992 3181 ut
3021 3143 3121 3182 nec
3146 3127 3426 3181 suavitate
3455 3139 3662 3194 corpus
3691 3119 3868 3175 illiciat.

2296 3235 2395 3274 nec
2423 3220 2701 3275 saturitate
2739 3220 3046 3274 succendat.
3087 3217 3371 3272 Suavitate
3403 3217 3618 3286 quippe
3645 3209 3870 3292 minuitur

2297 3311 2640 3380 eleemosyna
2682 3326 3023 3380 pauperum,
3071 3310 3364 3365 saturitate
3413 3323 3624 3378 corpus
3670 3301 3868 3359 cilicith

2297 3402 2632 3457 bellicosum.
2689 3402 2801 3457 Illic
2845 3402 3098 3456 fratribus
3143 3401 3392 3456 debitum
3450 3398 3751 3458 invaditur,
3797 3392 3868 3444 hic

2298 3476 2439 3550 hosti
2483 3493 2739 3547 auxilium
2777 3494 3116 3562 subrogatur.
3179 3491 3514 3546 Veientibus
3560 3488 3700 3543 enim
3738 3480 3866 3535 nobis

2299 3585 2790 3652 concupiscentiam
2821 3583 2956 3652 gulae
2999 3581 3226 3638 diversis
3254 3580 3546 3636 oblectare
3593 3569 3864 3650 pigmentis.

2299 3672 2442 3740 quod
2499 3686 2700 3740 egenus
2754 3673 2998 3741 accipere
3051 3671 3276 3738 debuit,
3345 3671 3610 3739 voluptas
3657 3657 3861 3718 insumit.

2302 3761 2531 3816 Proinde
2555 3761 2815 3831 jejunium
2847 3777 2947 3816 nec
2985 3761 3231 3816 debilitas
3259 3759 3547 3829 praeripiat
3579 3770 3600 3793 σε
3623 3798 3638 3823 ,
3669 3766 3760 3807 nec
3795 3759 3861 3800 58‘

2301 3855 2492 3907 turitas
2522 3853 2694 3908 tollat.
2731 3852 2968 3921 Utraque
2995 3852 3136 3907 enim
3167 3851 3370 3907 nostris
3397 3844 3722 3904 adversariis
3745 3837 3862 3893 mili-

2305 3953 2418 4000 tat:
2468 3946 2592 4014 quia
2623 3961 2726 4000 ima
2767 3945 3052 3999 utilitatem
3077 3944 3268 4013 jejunii
3290 3940 3658 4013 praacedentis
3684 3931 3860 3991 adimit.

2305 4037 2473 4091 altera
2504 4035 2740 4091 facultati
2767 4035 2955 4104 jejunii
2993 4033 3372 4103 subsequentis
3402 4032 3644 4088 obsistit.
3679 4019 3857 4080 Saturi-

2307 4134 2390 4183 tas
2417 4126 2544 4181 lacit
2573 4135 2628 4180 ut
2655 4126 2885 4180 inaniter
2907 4125 3240 4196 jejunemus,
3270 4124 3528 4180 debilitas
3565 4119 3688 4175 facit
3714 4127 3773 4170 ne
3789 4111 3858 4180 ἑο*

2231 4258 2253 4288 .
2303 4222 2494 4292 junare
2520 4211 2802 4291 possimus.

2377 4354 2504 4409 Car.
2550 4371 2657 4408 xlv.
2712 4353 2983 4426 Virginum
3027 4363 3186 4407 restes
3231 4352 3430 4423 quales.
3475 4382 3546 4394 --
3582 4344 3670 4400 εξ.
3711 4334 3855 4393 Vesti!

2307 4461 2522 4516 quoque
2551 4446 2672 4500 talis
2694 4446 2765 4500 sit
2793 4462 2960 4501 sacrae
2983 4446 3224 4514 virginis,
3255 4460 3376 4514 quac
3401 4443 3556 4498 testis
3585 4438 3760 4494 existat
3786 4429 3852 4480 in-

2308 4537 2450 4590 tima:
2473 4536 2756 4590 castitatis.
2798 4535 2937 4590 Nihil
2971 4535 3160 4590 nitoris
3189 4535 3240 4587 in
3271 4533 3461 4588 habitu
3489 4522 3757 4585 exterioris
3779 4516 3852 4568 hos

630 4628 783 4689 parat
830 4621 1018 4690 virgini
1069 4623 1418 4692 praecipitium
1446 4666 1460 4691 ,
1525 4623 1648 4678 dum
1698 4625 1888 4680 callide
1935 4626 2205 4681 collaudat
2238 4654 2282 4710 υ
2310 4631 2470 4686 minis
2497 4639 2804 4699 quaeratur,
2855 4646 2922 4686 ne
2961 4629 3236 4685 interioris
3273 4626 3510 4681 hominis
3551 4619 3750 4676 habitus
3773 4607 3848 4710 (al:

633 4725 938 4765 ascensum.
981 4709 1192 4765 Etenim
1241 4712 1282 4767 si
1314 4721 1563 4767 teneatur
1591 4714 1641 4768 in
1683 4715 1816 4770 cibis
1863 4716 2204 4776 abstinentia,

629 4800 794 4855 vestis
823 4816 927 4854 non
965 4801 1034 4856 sit
1061 4802 1228 4856 nitida
1251 4803 1344 4858 sed
1370 4803 1618 4874 despecta
1646 4848 1661 4874 ,
1693 4807 1923 4861 buxeum
1951 4808 2207 4876 pallorem

629 4893 830 4946 rubore
858 4893 1072 4949 sublato
1102 4897 1316 4966 corpori
1339 4895 1542 4965 jejunia
1590 4907 1850 4966 generent
1873 4941 1888 4966 ,
1919 4898 2206 4952 candorem

630 4984 810 5039 carnis
865 4984 1078 5040 lavandi
1127 4995 1470 5059 contemptus
1510 4988 1752 5045 obfuscet
1779 5033 1794 5057 ,
1825 4991 1966 5044 lasso
1995 4990 2208 5058 corpori

629 5090 854 5130 somnus
903 5077 1086 5130 stratis
1129 5076 1433 5134 durioribus
1477 5080 1672 5145 detur,
1721 5082 1858 5135 cutis
1896 5081 2088 5135 lenitas
2115 5081 2210 5136 de-

629 5167 829 5234 spectis
857 5178 1141 5237 asperetur
1169 5172 1451 5238 unguentis
1476 5211 1490 5236 ,
1523 5172 1853 5227 contractior
1879 5173 2056 5228 vultus
2085 5172 2216 5226 risui

631 5272 847 5326 semper
874 5261 1104 5314 obsistat
1130 5269 1184 5314 et
1211 5261 1339 5330 joco
1368 5305 1382 5328 ,
1415 5263 1526 5316 haec
1550 5263 1730 5317 omnia
1760 5279 1868 5317 non
1899 5263 2083 5318 divino
2123 5263 2220 5316 ad-

630 5346 836 5413 jutorio
876 5348 1140 5418 deputat,
1187 5352 1281 5407 sed
1317 5352 1522 5408 viribus
1564 5354 1810 5407 humanae
1849 5353 2224 5422 possibilitatis

627 5435 886 5503 assignat.
1043 5432 1046 5435 Α
1243 5457 1246 5460 ·

709 5613 733 5639 α
764 5601 861 5656 Ms.
894 5603 1078 5670 Corb.,
1110 5607 1182 5661 ibi
1203 5610 1438 5663 mortalis
1465 5625 1720 5664 accessus.

712 5672 741 5709 δ
770 5673 916 5744 aut”
940 5677 1074 5744 quod
1096 5687 1214 5730 sunt
1242 5679 1648 5733 immortalitate.

721 5742 1084 5868 cillaecbv‘erha
1125 5755 1520 5802 stramentorum
1557 5749 1822 5803 mollitiem
1864 5751 2128 5806 adduntur
2167 5754 2219 5808 in

721 5831 746 5867 ι.
824 5829 886 5866 οι·
927 5855 939 5867 .

627 5829 746 5868 λης.
766 5829 939 5868 LOI'D.

716 5887 739 5921 ι¹
767 5882 915 5940 Editi
941 5884 1129 5964 Colon.
1158 5896 1211 5942 et
1239 5887 1494 5952 Antuerp.
1517 5931 1535 5954 ,
1562 5907 1896 5957 somnorum;
1945 5901 1997 5947 at
2033 5893 2216 5960 Basil.,

2315 4720 2524 4793 habitu)
2569 4722 2891 4776 sordidetur.
2955 4722 3114 4789 Virgo
3153 4735 3272 4789 qum
3327 4724 3577 4772 ornatum
3619 4708 3852 4793 corpotem

2315 4812 2480 4866 vestis
2507 4791 2531 4849 l
2565 4811 2816 4877 allectat,
2866 4813 3097 4866 animam
3143 4825 3293 4865 suam
3320 4811 3576 4864 virtutum
3611 4791 3852 4884 splendntd

2314 4903 2607 4975 ἀθεροιὶειις
2638 4919 2736 4958 nec
2763 4904 2927 4958 habet
2953 4905 3252 4958 castitatem
3282 4915 3482 4964 veram,
3508 4910 3621 4966 qua:
3639 4886 3850 4943 intnrnll‘

2315 4998 2414 5051 bus
2441 5005 2597 5066 parat
2625 4998 2962 5062 illecebram;
2991 5011 3088 5050 nec
3120 4995 3275 5048 tidem
3304 5001 3482 5048 servat
3508 4987 3730 5044 Christo,
3757 4979 3854 5040 (ιυίθ

2317 5087 2515 5155 ρονυιο
2545 5088 2734 5156 quzcrit
2771 5087 2940 5155 magis
2981 5086 3196 5156 placere
3236 5099 3396 5154 quam
3443 5091 3653 5150 sponso.
3688 5067 3846 5122 Cons?

2319 5184 2546 5244 quenter
2589 5185 2770 5229 autem
2819 5191 3040 5230 necesse
3088 5183 3173 5229 est
3222 5182 3280 5228 ut
3326 5187 3446 5243 quae
3483 5163 3847 5254 Ιὶιιῐηξιηοηθίῖξῗ

2324 5243 2532 5333 Spectui
2582 5264 3073 5334 concupiscentiam
3116 5264 3374 5328 seminat,
3427 5260 3572 5331 171
3616 5251 3665 5304 in
3698 5243 3845 5336 divino

2327 5363 2619 5423 conspectu
2663 5355 2989 5410 iracundiam
3037 5363 3222 5410 metat.
3267 5351 3365 5417 Qui
3410 5350 3541 5405 enim
3579 5339 3773 5398 sentintu
3801 5339 3846 5377 "'

2331 5459 2482 5496 carne
2509 5460 2635 5511 sua,
2678 5444 2740 5498 de
2765 5460 2924 5499 carne
2948 5454 3098 5499 metet
3125 5449 3517 5515 corruptionem.
3542 5433 3635 5501 Qui
3659 5438 3757 5482 vero
3786 5430 3839 5470 ⁸ο

2326 5616 2638 5668 somniorum
2677 5617 2960 5690 lenitatem.
2985 5617 3090 5690 liis.
3122 5617 3283 5690 Corb.
3308 5661 3322 5684 ,
3346 5619 3708 5690 unguentan

2329 5695 2523 5757 tatem;
2566 5693 2624 5757 et
2651 5687 3108 5755 quidemmelius,
3135 5689 3256 5757 quia
3281 5673 3498 5746 inferius
3521 5679 3710 5740 dicitur.
3737 5673 3838 5720 “‘m

2327 5755 2512 5828 lenitas
2542 5754 2790 5828 despectis
2815 5766 3083 5828 asperetur
3108 5754 3392 5828 unguenti}.

2402 5835 2424 5896 ς
2454 5824 2641 5896 llasil.,
2668 5824 2970 5896 precipitet.

2403 5892 2421 5931 ¹
2454 5893 2638 5963 BasiL,
2668 5892 2917 5964 corporis,
2949 5905 3100 5952 veste.
