4120 6510
253 457 368 517 8ὖὸ

1665 457 1999 519 EPISTULA
2033 462 2100 519 Ῑιί

3428 463 3532 520 εδδ

262 579 426 631 'ninat
445 592 500 630 in
534 575 720 645 spiritu
749 582 776 613 ι
801 613 817 640 ,
868 571 930 628 de
972 561 1158 645 spiritu
1199 577 1353 625 metet
1397 569 1554 624 vitam
1603 580 1851 626 teternam
1877 583 1928 638 Α
1956 571 2504 648 assensum,avaritia:
2531 571 2709 643 gladio
2733 571 2967 628 animam
2987 571 3224 628 confodit
3243 584 3533 640 incautam;

281 665 464 721 Galat.
491 681 562 727 γι,
590 664 648 734 8)

251 668 464 739 (Galat.
491 681 562 727 γι,
590 668 648 734 8)

327 756 420 810 23.
457 755 655 817 Verum
681 755 747 810 de
775 753 858 809 his
889 762 1050 822 atque
1092 753 1286 808 horum
1315 753 1580 808 similibus
1631 768 1750 823 qu:e
1781 755 1850 809 ad

248 863 443 903 curam
465 849 740 918 pertinent
767 847 963 912 carnis,
995 855 1050 901 et
1078 848 1308 900 animam
1331 844 1536 924 faciunt
1558 847 1656 901 sub
1684 847 1852 916 virgis

248 939 445 993 nitatis
468 939 684 993 nomine
715 939 770 992 in
794 937 1249 1008 concupiscentiis
1275 937 1589 1002 dormitare,
1615 938 1717 992 illa:
1745 953 1847 1007 po-

247 1029 366 1084 tius
405 1027 758 1082 admonendze
803 1036 928 1082 sunt
955 1029 1190 1096 virgines
1226 1041 1347 1096 qua:
1388 1027 1679 1092 deliciosae,
1729 1043 1850 1098 quae

248 1130 428 1184 vagze,
463 1133 581 1187 quae
605 1116 743 1187 jocis
781 1127 905 1172 sunt
931 1117 1145 1171 deditm.

327 1206 461 1262 CAP.
493 1224 582 1262 xv.
606 1239 679 1249 ——
698 1206 862 1262 Nobis
891 1217 1071 1262 autem
1113 1225 1254 1264 nunc
1283 1208 1349 1264 ad
1380 1209 1677 1279 spiritalem
1698 1210 1856 1281 virgi-

248 1314 386 1354 nem
408 1299 771 1367 loquentibus,
797 1298 862 1353 de
885 1299 989 1354 illis
1018 1307 1100 1354 est
1135 1299 1340 1368 laqueis
1363 1300 1628 1356 evitandis
1650 1300 1852 1369 aliquid

247 1390 690 1458 memorandum,
714 1406 848 1461 quos
873 1392 954 1462 (ut
977 1392 1049 1444 ita
1071 1391 1267 1463 dicam)
1294 1408 1399 1446 non
1425 1392 1478 1447 in
1510 1394 1740 1448 terrenis
1760 1409 1850 1450 re-

249 1479 380 1546 bus,
407 1482 499 1536 sed
518 1481 571 1535 in
601 1481 732 1549 ipsis
762 1482 1070 1538 ccelestibus
1098 1483 1436 1538 adversarius
1466 1483 1666 1549 tendit;
1701 1499 1800 1539 nec
1821 1499 1852 1539 a

249 1572 347 1626 via
364 1571 648 1627 manifesto
670 1574 879 1628 seducit
919 1589 1121 1637 errore,
1146 1573 1239 1628 sed
1263 1575 1422 1644 (sicut
1448 1574 1522 1628 ait
1544 1575 1804 1644 propheta
1835 1595 1849 1630 :

251 1657 329 1715 In
353 1661 437 1713 ria
457 1661 554 1713 hac
574 1677 673 1725 qua
695 1660 1042 1723 ambulabam,
1062 1661 1443 1716 absconderant
1461 1664 1674 1735 laqueos
1689 1663 1714 1702 δ
1728 1667 1856 1719 mihi

251 1750 379 1840 μοι.
406 1767 548 1815 cxu,
575 1750 630 1822 4]
663 1753 750 1806 ubi
778 1752 916 1807 bene
937 1752 1277 1809 ambulantes
1305 1755 1562 1824 perspicit
1591 1755 1646 1809 in
1677 1757 1859 1825 operi-

247 1842 361 1900 bus
386 1845 560 1909 bonis,
589 1845 661 1899 ibi
685 1845 1057 1899 vehementius
1078 1853 1133 1898 et
1160 1846 1534 1915 periculosius,
1560 1848 1658 1902 sub
1677 1847 1858 1902 colore

1957 662 2002 717 si
2029 672 2206 717 autem
2233 663 2397 719 fuerit
2425 664 2701 736 repulsus,
2731 664 2952 720 insidias
2976 677 3110 733 quas
3148 679 3246 733 per
3274 665 3537 719 tenacita-

1956 761 2065 808 tem
2095 755 2317 811 tendere
2350 772 2457 811 non
2504 755 2698 825 potuit,
2732 771 2832 827 per
2852 755 3231 810 liberalitatem
3269 756 3537 824 nequissi-

1957 861 2076 900 mus
2098 846 2293 912 tendit;
2326 857 2382 901 et
2411 848 2465 902 in
2497 863 2662 918 opere
2685 846 3068 903 misericordia:
3094 847 3223 902 facit
3250 847 3428 902 cordis
3451 863 3542 902 su-

1955 939 2195 1007 perbiam
2218 939 2501 1008 pullulare,
2530 948 2588 994 ut
2616 956 2683 996 eo
2711 940 2855 1010 quod
2878 940 3058 1010 egenti
3087 940 3541 1009 largitur,magna

1955 1025 2057 1082 sibi
2086 1027 2285 1082 habere
2320 1029 2473 1100 172
2509 1030 2701 1085 merita
2728 1030 2989 1085 videatur.
3022 1028 3084 1083 in
3108 1029 3290 1085 multis
3318 1030 3434 1084 haec
3462 1031 3542 1084 fa-

1956 1119 2051 1184 cit,
2084 1126 2140 1172 et
2165 1119 2396 1174 maxime
2421 1121 2498 1176 sic
2527 1121 2837 1192 impugnare
2865 1121 3134 1192 spiritales
3162 1120 3260 1176 Dei
3311 1120 3543 1176 famulos

1958 1196 2014 1263 et
2041 1207 2269 1263 famulas
2290 1211 2555 1276 assuevit;
2587 1219 2646 1265 ut
2673 1212 2718 1265 si
2747 1212 2865 1280 quis
2893 1212 3054 1267 rebus
3093 1211 3270 1266 noxiis
3299 1209 3545 1266 mortifeo

1958 1297 2140 1368 risque
2185 1315 2292 1354 non
2334 1300 2598 1366 vincitur,
2643 1301 2891 1356 vitalibus
2936 1302 3192 1357 remediis
3239 1301 3540 1356 occidatur.

1958 1389 2122 1445 Bonis
2170 1400 2428 1461 operatur
2457 1393 2596 1446 mala
2619 1434 2634 1458 ,
2668 1393 2970 1449 salubribus
3009 1393 3196 1457 noxia,
3224 1392 3384 1462 justis
3411 1391 3545 1461 inju-

1958 1488 2058 1546 sta,
2093 1489 2148 1535 et
2169 1481 2468 1537 commodis
2490 1491 2708 1552 pnestat
2735 1483 3091 1538 incommoda.
3136 1482 3252 1538 Hoc
3281 1482 3334 1536 in
3364 1483 3542 1551 seipso

1959 1572 2194 1642 primum
2225 1581 2480 1642 operatus
2511 1581 2612 1639 est,
2645 1573 2737 1642 qui
2768 1589 2875 1628 non
2899 1589 2974 1628 ex
3019 1573 3326 1628 conditione
3355 1573 3544 1627 habuit

1958 1661 2218 1728 originem
2250 1661 2509 1726 criminis,
2533 1663 2628 1718 sed
2649 1678 2717 1718 ex
2745 1662 2981 1717 elatione
3007 1663 3220 1718 virtutis
3263 1663 3543 1717 veritatem

1960 1751 2012 1804 in
2056 1751 2313 1820 iniustitia
2354 1762 2376 1789 ο
2431 1751 2676 1818 detinere
2724 1753 2897 1807 voluit
2945 1761 3034 1818 et,
3082 1769 3178 1822 per
3225 1753 3545 1821 injustitiam

1961 1839 2161 1908 lapsus,
2193 1841 2244 1895 in
2275 1834 2507 1896 veritate
2555 1857 2660 1896 non
2689 1841 2855 1896 stetit.
2889 1840 3172 1908 Quomodo
3221 1843 3364 1896 enim
3399 1850 3545 1898 stare

253 1935 533 1990 simulatae
580 1936 752 2005 pacis,
799 1935 1024 1992 occultis
1064 1945 1330 2005 repugnat
1379 1937 1618 2002 insidiis;
1648 1946 1706 1992 et
1749 1953 1858 1992 non
1895 1966 1936 2024 Β
1963 1931 2156 2000 potuit,
2204 1931 2289 1985 cui
2332 1947 2430 2000 pro
2476 1931 2727 2000 superbia
2775 1932 2972 1986 restitit
3001 1933 3091 1986 ille
3137 1933 3228 2001 qui
3269 1948 3544 2002 nunquam

256 2027 455 2082 valens
502 2027 867 2096 virginitatem
917 2027 1100 2081 carnis
1144 2027 1199 2080 in
1245 2043 1411 2082 carne
1453 2027 1719 2098 perdere,
1751 2028 1860 2082 vir-

253 2117 546 2185 ginitatem
577 2117 795 2186 spiritus
818 2126 1046 2172 conatur
1063 2116 1294 2172 auferre.

341 2208 432 2262 2i.
473 2209 703 2279 Propter
738 2209 882 2278 quod
926 2226 1036 2264 non
1083 2218 1166 2264 est
1211 2208 1407 2264 Christi
1439 2208 1732 2280 virginibus
1762 2228 1859 2267 ne-

258 2299 554 2368 gligentius
583 2299 896 2355 intuendum
925 2309 1185 2370 quantum
1215 2302 1395 2358 cordis
1421 2303 1705 2372 virginitas
1747 2319 1861 2359 car-

260 2391 350 2445 nis
374 2391 668 2460 virginitati
695 2391 1092 2461 prteponderet.
1124 2391 1252 2447 llzec
1293 2393 1437 2448 enim
1466 2394 1510 2449 si
1544 2410 1574 2448 a
1606 2393 1857 2450 ﬁdelibus

259 2482 568 2552 coniugatis
606 2497 670 2538 ac
698 2482 874 2537 viduis
902 2483 955 2538 in
1001 2482 1142 2551 fide,
1193 2499 1313 2554 quae
1361 2501 1460 2555 per
1508 2485 1856 2542 dilectionem

261 2582 543 2644 cperatur,
575 2574 738 2629 etiam
764 2573 881 2629 sine
903 2575 1208 2642 virginitate
1235 2591 1519 2646 corporea,
1549 2577 1602 2630 in
1630 2577 1729 2632 hac
1747 2578 1856 2632 vita

263 2662 430 2718 fuerit
457 2663 749 2729 custodita,
797 2664 852 2718 in
875 2663 1058 2720 futuro
1087 2679 1188 2720 nec
1214 2666 1392 2720 carnis
1411 2666 1720 2735 virginitate
1744 2667 1858 2736 pri-

263 2756 517 2822 va‘bitur,
557 2763 615 2812 et
656 2757 806 2825 regni
843 2756 1076 2812 omlestis
1124 2757 1458 2812 beatitudine
1505 2759 1854 2828 perfruetur;

263 2849 565 2918 corporalis
590 2864 722 2904 vero
753 2848 1058 2917 virginitas,
1085 2850 1250 2903 etiam
1282 2849 1390 2904 Deo
1419 2849 1594 2904 dicata
1620 2894 1636 2919 ,
1670 2851 1719 2905 si
1746 2851 1857 2906 vir-

264 2941 545 3010 ginitatem
567 2957 676 2996 non
708 2941 1007 2996 servaverit
1027 2941 1224 3009 cordis,
1253 2941 1379 2996 nihil
1407 2942 1645 3011 proderit
1669 2944 1720 2998 in
1738 2960 1860 2999 cor-

264 3040 402 3100 pore
429 3031 695 3086 custodita
714 3069 730 3097 ,
764 3031 810 3086 si
839 3031 1095 3101 spiritalis
1141 3033 1360 3087 castitas
1406 3031 1564 3087 fuerit
1593 3034 1646 3088 in
1675 3043 1858 3091 mente

273 3130 552 3192 corrupta.

337 3212 426 3268 25.
488 3212 742 3268 Diabolus
807 3223 1076 3287 utramque
1137 3224 1400 3287 oppugnat
1460 3216 1854 3287 uirginitatem:

1963 2018 2139 2074 cadit?
2168 2018 2386 2074 Initium
2408 2021 2551 2075 enim
2581 2021 2747 2074 omnis
2767 2021 2964 2090 peccati
2985 2021 3227 2090 superbia
3258 2020 3445 2088 (Eccli.
3485 2037 3543 2084 Χ,

1962 2107 2082 2179 i5);
2120 2109 2344 2180 Propter
2381 2111 2520 2181 quod
2562 2109 2700 2164 Deus
2741 2110 2973 2181 superbis
3005 2112 3197 2164 resistit
3219 2151 3233 2175 ,
3269 2111 3546 2166 humilibus

1960 2211 2131 2255 autem
2156 2202 2249 2256 dat
2271 2205 2496 2275 gratiam
2526 2201 2668 2275 (Iac.
2693 2219 2765 2270 Iv,
2792 2203 2871 2273 6).

2029 2291 2158 2347 CAP.
2181 2309 2289 2346 xvr.
2315 2293 2570 2363 Superbia
2587 2294 2790 2346 initium
2805 2295 2970 2347 omnis
2996 2294 3212 2364 peccati.
3234 2292 3282 2346 Η
3291 2296 3538 2364 ypocrita:

1957 2382 2164 2453 superbi
2213 2394 2399 2437 mente.
2423 2382 2598 2437 —26.
2639 2383 2763 2438 Haec
2809 2392 2988 2438 autem
3017 2384 3268 2453 superbia
3298 2385 3420 2439 ideo
3450 2385 3553 2453 ini-1

1958 2474 2091 2528 tium
2114 2475 2287 2529 omnis
2312 2477 2518 2544 peccati
2538 2475 2750 2542 dicitur,
2766 2483 2823 2530 ut
2840 2491 2998 2532 omne
3021 2484 3304 2547 peccatum
3327 2477 3393 2532 de
3421 2479 3541 2548 ipsa

1960 2570 2213 2634 tanquam
2245 2566 2312 2621 de
2332 2565 2510 2621 radice
2542 2567 2806 2636 pullulare
2828 2576 3156 2624 monstretur
3187 2585 3198 2622 :
3234 2583 3354 2638 quae
3371 2570 3544 2624 multi-

1958 2654 2083 2724 plici
2097 2656 2258 2711 modo
2275 2657 2484 2712 miseris
2496 2657 2728 2714 inferens
2749 2668 2996 2727 mortem,
3009 2661 3227 2729 publico
3242 2661 3545 2718 certamine

1958 2746 2202 2801 carnales
2229 2747 2443 2816 dejicit;
2469 2749 2739 2818 spiritales
2761 2765 2911 2814 vero,
2958 2751 3003 2805 si
3021 2766 3171 2820 quos
3195 2753 3444 2807 incautos
3471 2752 3546 2806 in~

1960 2838 2186 2904 venerit,
2212 2839 2509 2895 occultiore
2531 2840 2784 2896 conﬂictu
2807 2843 3118 2910 prosternit.
3135 2842 3272 2907 Quis
3292 2843 3436 2897 enim
3457 2858 3545 2897 ne-

1957 2927 2090 2982 sciat
2110 2925 2450 2993 fornicarios,
2467 2927 2624 2982 idolis
2658 2929 2978 2991 servientes,
3007 2929 3304 2995 adulteros,
3321 2930 3535 2997 molles,

1958 3019 2314 3074 masculorum
2332 3020 2729 3086 concubitores,
2747 3021 2908 3086 fures,
2934 3038 3146 3088 avaros,
3162 3023 3408 3079 ebriosos
3442 3025 3542 3096 (al.

1959 3108 2182 3180 ebrios),
2215 3110 2527 3176 maledicos,
2557 3127 2806 3181 rapaces,
2819 3113 3074 3182 superbas
3101 3115 3356 3170 adversus
3377 3116 3544 3171 Deum

1960 3200 2197 3256 cervices
2226 3201 2454 3268 erigere,
2484 3209 2539 3257 et
2566 3203 2908 3271 nequissimis
2949 3205 3202 3273 operibus
3230 3206 3400 3280 magis
3423 3205 3546 3263 dia.-

265 3305 440 3360 carnis
467 3346 482 3372 ,
528 3323 619 3374 per
651 3306 921 3371 homines;
961 3306 1147 3360 mentis
1173 3344 1188 3371 ,
1230 3323 1322 3376 per
1361 3307 1604 3375 seipsum.
1663 3304 1854 3360 Callidi

1960 3291 2087 3347 bolo
2118 3293 2383 3348 militare?
2403 3293 2542 3349 Sunt
2561 3295 2651 3350 alii
2678 3311 2816 3366 quos
2843 3294 2897 3350 in
2938 3305 3230 3367 conspectu
3268 3297 3546 3356 hominum

265 3395 428 3450 hostis
484 3397 630 3450 varia
684 3397 899 3449 tentatio
955 3404 1139 3450 contra
1209 3395 1453 3466 virgines.
1505 3420 1577 3432 —-
1630 3393 1848 3449 Utram-

266 3500 372 3556 que
418 3485 665 3540 diabolus
713 3486 1092 3555 persequitur,
1135 3495 1417 3556 utramque
1458 3484 1666 3540 callidis
1707 3500 1848 3541 con-

266 3581 398 3637 siliis
453 3580 766 3635 insectatur.
813 3579 923 3635 Sed
975 3580 1338 3648 virginitatem
1387 3579 1566 3634 carnis
1611 3595 1710 3647 per
1743 3580 1847 3634 ho-

266 3674 469 3727 minem
495 3673 685 3725 nititur
714 3672 1025 3740 praeripere,
1074 3671 1254 3725 cordis
1295 3685 1429 3725 vero
1483 3670 1847 3738 virginitatem

265 3775 366 3836 per
391 3765 625 3832 seipsum
651 3769 876 3817 conatur
902 3761 1134 3816 auferre.
1160 3762 1292 3815 Nam
1316 3761 1630 3831 plerumque
1659 3761 1725 3814 ad
1748 3761 1853 3816 hoc

265 3854 446 3911 carnis
473 3853 857 3921 virginitatem,
888 3867 1009 3921 qua:
1039 3851 1259 3905 inferior
1287 3859 1385 3916 est,
1417 3867 1527 3905 non
1556 3851 1851 3920 impugnat,

269 3955 328 3998 ut
348 3944 493 4000 illius
537 3958 656 4013 quae
702 3942 884 4012 potior
929 3949 1014 3996 est
1050 3941 1396 3995 fundamenta
1444 3941 1745 4007 subfodiat;
1799 3949 1856 3996 et

270 4041 528 4103 tanquam
554 4033 782 4087 diversis
811 4032 1104 4094 machinis,
1137 4032 1214 4086 sic
1243 4031 1538 4086 innumeris
1578 4031 1746 4086 utitur
1768 4046 1855 4085 ar-

270 4123 565 4192 gumentis;
597 4131 650 4178 et
676 4138 799 4178 cum
827 4123 1108 4178 certamini
1149 4121 1434 4178 manifesto
1460 4121 1622 4189 cedit,
1654 4121 1720 4176 ad
1750 4123 1855 4176 hoc

271 4230 329 4271 se
357 4215 554 4270 victum
585 4213 935 4279 demonstrat,
987 4222 1045 4268 ut
1070 4213 1277 4278 vincat;
1329 4211 1396 4267 ad
1423 4212 1528 4267 hoc
1574 4212 1749 4280 fugam
1779 4213 1855 4266 si-

273 4305 456 4368 mulat,
490 4312 547 4358 ut
575 4311 984 4373 persequentem
1029 4303 1206 4358 missis
1233 4309 1356 4372 post
1391 4310 1601 4370 tergum
1641 4301 1854 4368 sagittis

274 4395 498 4449 occidat.
530 4392 760 4447 Defende
789 4401 843 4446 te
872 4408 903 4446 a
947 4393 1142 4447 talibus
1176 4405 1196 4432 ε
1229 4411 1242 4445 :
1277 4389 1614 4448 evidentibus
1653 4393 1854 4464 quippe

275 4486 415 4540 vitiis
443 4493 720 4555 provocat,
745 4483 870 4538 dum
898 4485 1255 4555 virginitatem
1277 4485 1522 4555 corporis
1549 4486 1849 4556 impugnat,

274 4577 326 4631 in
355 4575 548 4645 quibus
577 4575 619 4629 si
651 4575 826 4644 palam
856 4583 1158 4645 superetur,
1199 4575 1342 4630 illico
1376 4575 1685 4645 superbiam
1730 4590 1853 4645 per-

275 4665 626 4721 niciosissime
642 4664 939 4733 jaculatur;
971 4673 1026 4719 et
1051 4665 1302 4719 vitiorum
1327 4674 1515 4720 auctor
1536 4665 1589 4719 in
1618 4681 1686 4720 eo
1706 4664 1851 4734 quod

274 4758 484 4812 vincere
511 4772 618 4812 non
668 4765 845 4827 potest
865 4757 1008 4811 vitiis
1043 4757 1170 4821 suis,
1202 4757 1371 4811 vincit
1398 4757 1687 4812 virtutibus
1715 4757 1864 4811 alie-.

276 4849 384 4913 nis;
419 4848 580 4903 armis
601 4848 794 4917 quibus
821 4847 1037 4902 eliditur
1084 4848 1272 4915 surgit,
1311 4854 1366 4901 et
1393 4847 1592 4902 virtute
1616 4864 1722 4919 qua
1754 4848 1850 4902 de-

269 4939 451 5006 jicitur
478 4938 678 5007 dejicit.
712 4937 918 4992 Laudat
943 4952 1048 5006 qua
1093 4951 1152 4991 se
1191 4937 1448 5006 perspicit
1475 4939 1717 5007 superari
1747 4937 1853 4991 vir-

274 5036 463 5094 tutem,
489 5037 547 5082 ut
573 5029 746 5083 victus
785 5028 952 5097 possit
994 5027 1269 5098 captivare
1298 5027 1601 5081 vincentem
1635 5044 1649 5080 :
1683 5026 1856 5095 injicit

275 5121 419 5176 enim
467 5119 642 5175 cordis
684 5119 1034 5189 iactantiam,
1085 5127 1144 5173 ut
1171 5117 1404 5188 graviori
1431 5117 1585 5186 lapsu
1631 5117 1698 5173 de
1745 5116 1855 5172 alto

274 5211 446 5281 possit
475 5210 726 5279 dejicere,
759 5210 804 5264 si
832 5225 970 5278 quos
993 5209 1044 5264 in
1073 5209 1362 5262 humilibus
1389 5207 1536 5262 videt
1563 5206 1736 5276 gradu
1765 5205 1857 5260 flr-

276 5303 447 5356 miore
477 5315 732 5371 pugnare.
783 5300 916 5354 Nam
949 5299 1137 5369 (verbi
1165 5299 1334 5368 gratia
1357 5297 1375 5370 )
1397 5313 1522 5353 cum
1545 5297 1681 5366 gulze
1710 5295 1860 5351 dele-

276 5398 545 5446 ctamenta
576 5391 826 5460 porrigit,
859 5391 904 5444 si
935 5390 1288 5459 suscipiatur,
1336 5388 1579 5443 fomitem
1620 5386 1858 5442 libidinis

275 5481 674 5546 subministrat;
704 5481 750 5535 si
776 5489 1078 5549 respuatur,
1105 5480 1417 5546 iactantiam
1439 5477 1506 5534 de
1531 5477 1860 5533 abstinentia

278 5571 526 5626 seminat.
558 5569 797 5624 insinuat
825 5567 1166 5623 dilectionem
1189 5568 1429 5638 pecunia:
1453 5567 1479 5604 ἀ
1511 5585 1522 5620 :
1557 5568 1602 5622 si
1627 5564 1862 5622 tenuerit

349 5732 374 5795 ξι
402 5721 618 5795 ς’ξοιορἼ
643 5725 732 5795 qui
756 5739 870 5795 uero
892 5722 1112 5775 seminat
1140 5719 1203 5773 de
1222 5721 1434 5791 spiritu.

349 5791 376 5830 δ
406 5792 503 5847 Ms.
532 5791 718 5858 Corb.,
751 5793 1005 5862 laqueum.

351 5875 373 5900 ο
407 5861 607 5918 Desunt
636 5857 748 5917 haec
778 5857 830 5915 in
860 5861 1043 5925 editis;
1069 5859 1316 5927 leguntur
1344 5860 1396 5913 in
1428 5874 1524 5914 ms.
1556 5857 1722 5927 Corb.

347 5930 374 5971 ⁴
403 5931 501 5990 Ms.
531 5931 718 5998 Corb.,
741 5931 1124 5987 delectationem
1148 5932 1392 5995 pecunia.

1955 3384 2202 3454 superbia
2229 3392 2484 3454 tanquam
2515 3401 2645 3441 suos
2672 3385 3008 3441 demonstrat
3031 3387 3240 3451 hostes,
3268 3397 3324 3443 et
3353 3389 3545 3447 intrin-

1952 3491 2109 3531 secus
2158 3477 2321 3532 habet
2369 3479 2727 3547 nequissimos
2774 3479 2992 3536 milites.
3045 3481 3126 3536 Ab
3167 3482 3250 3538 his
3289 3482 3545 3552 iniquitas

1954 3569 2150 3624 callide
2176 3569 2401 3638 geritur,
2435 3577 2490 3624 ut
2520 3571 2769 3625 humanis
2798 3572 3075 3628 obtutibus
3106 3573 3313 3642 iustitia
3339 3573 3546 3631 fallaci—

1955 3667 2043 3715 ter
2067 3660 2403 3716 ostendatur.
2455 3661 2563 3716 Hos
2611 3663 2871 3718 Dominus
2921 3673 3105 3720 noster
3130 3665 3208 3720 sic
3237 3665 3481 3736 increpat
3527 3685 3543 3720 :

1964 3749 2068 3805 Vos
2088 3753 2211 3806 estis
2251 3754 2335 3823 qui
2360 3752 2664 3822 justiﬁcatis
2702 3769 2790 3808 vos
2832 3769 3008 3809 coram
3047 3755 3370 3819 hominibus;
3404 3757 3546 3811 Deus

1955 3848 2126 3893 mitem
2147 3842 2286 3895 novit
2316 3841 2475 3894 corda
2491 3851 2680 3896 vestra.
2712 3841 2860 3908 Quos
2885 3851 2944 3896 ut
2966 3845 3229 3911 superbos
3261 3845 3545 3901 evidenter

1956 3933 2287 3998 ostenderet,
2319 3941 2542 3988 secutus
2571 3932 2817 4002 adjunxit
2851 3952 2863 3987 :
2895 3933 3030 3998 Quia
3069 3937 3210 4006 quod
3249 3937 3543 3990 hominibus

1955 4024 2116 4076 altum
2136 4032 2231 4089 est,
2252 4023 2570 4077 abominatio
2592 4033 2669 4077 est
2689 4034 2810 4079 ante
2830 4025 3111 4080 Dominum
3126 4025 3276 4096 (Luc.
3302 4043 3410 4094 xw,
3428 4026 3540 4097 l5).

2026 4113 2115 4168 27.
2159 4114 2239 4169 Ad
2268 4130 2362 4169 eos
2382 4114 2544 4168 etiam
2571 4115 2664 4184 qui
2709 4116 2809 4171 sub
2856 4115 3176 4172 Christiana‘
3199 4116 3540 4187 professione

1957 4205 2188 4269 vivunt,
2238 4213 2294 4260 et
2343 4203 2541 4260 Christi
2601 4214 2872 4276 praecepta
2922 4207 3210 4262 manifeste
3272 4208 3546 4277 peccando

1957 4301 2336 4359 contemnunt,
2367 4293 2447 4348 sic
2475 4294 2590 4364 ipse
2611 4293 2857 4350 Christus
2885 4295 3123 4365 loquitur
3153 4314 3167 4350 :
3203 4295 3341 4360 Quid
3373 4305 3546 4350 autem

1955 4386 2150 4440 uocatis
2193 4403 2292 4452 me,
2317 4385 2557 4450 Domine,
2586 4385 2830 4453 Domine,
2858 4398 2907 4443 et
2936 4406 3041 4443 non
3070 4391 3242 4461 facitis
3272 4407 3386 4462 qua:
3424 4391 3543 4446 dico

1958 4473 2109 4546 (Luc.
2136 4491 2209 4544 Vl,
2233 4475 2364 4544 46)?
2392 4474 2547 4530 Tales
2573 4477 2813 4546 gentium
2840 4492 3058 4547 quoque
3082 4479 3285 4536 Doctor
3319 4481 3403 4535 his
3424 4496 3545 4535 ver-

1957 4564 2039 4619 bis
2068 4565 2316 4634 objurgat
2349 4585 2361 4618 :
2392 4565 2717 4637 Conﬁtentur
2756 4585 2811 4623 se
2850 4587 3003 4624 nosse
3031 4569 3221 4638 Deum,
3264 4573 3422 4642 factis
3450 4589 3546 4626 au-

1959 4666 2060 4710 tem
2093 4667 2312 4729 negant;
2342 4674 2457 4711 cum
2482 4661 2586 4712 sint
2610 4659 2914 4725 abominati,
2943 4670 2992 4715 et
3027 4662 3379 4730 incredibiles,
3406 4673 3455 4717 et
3477 4663 3547 4718 ad

1955 4763 2104 4800 omne
2133 4763 2258 4816 Opus
2287 4745 2472 4800 bonum
2497 4748 2699 4818 reprobi
2728 4748 2854 4820 (Tit.
2880 4767 2916 4814 ι,
2960 4750 3070 4820 16).
3110 4751 3220 4807 Sed
3249 4761 3306 4807 et
3350 4753 3546 4809 beatus

1953 4836 2185 4893 Jacobus
2211 4839 2341 4894 dicit
2379 4858 2392 4892 :
2446 4837 2584 4903 Quid
2627 4841 2875 4910 proderit,
2920 4844 3110 4915 fratres
3151 4847 3269 4912 mei,
3305 4848 3349 4902 si
3388 4846 3548 4917 ﬁdem

1955 4933 2068 5002 quis
2092 4932 2232 4985 dicat
2257 4949 2313 4986 se
2361 4931 2576 4999 habere,
2609 4950 2766 5004 opera
2806 4945 2977 4990 autem
3003 4953 3107 4991 non
3146 4937 3370 4993 habeat!
3399 4936 3548 4993 Nun-

1956 5023 2079 5094 quid
2111 5027 2295 5094 poterit
2327 5022 2346 5061 ί
2382 5025 2510 5094 ﬁdes
2553 5025 2754 5081 salvare
2791 5044 2904 5082 eum
2936 5028 3076 5099 (Jac.
3110 5047 3165 5095 ιι,
3202 5031 3326 5100 id)?
3357 5030 3547 5085 Humi-

1957 5114 2081 5168 litas
2109 5128 2256 5182 ergo,
2288 5129 2450 5182 quam
2476 5115 2659 5170 docuit
2677 5115 2922 5174 Christus
2950 5119 3160 5175 dicens:
3189 5118 3386 5172 Discite
3405 5137 3437 5173 a
3462 5135 3545 5174 me
3627 5105 3633 5111 ’

1958 5205 2078 5274 quia
2103 5206 2244 5258 mitis
2264 5221 2376 5259 sum
2399 5215 2448 5259 et
2476 5207 2683 5262 humilis
2713 5209 2865 5263 corde
2889 5209 2907 5279 (
2931 5209 3121 5263 Matth.
3154 5227 3240 5279 xx,
3270 5209 3403 5279 29),
3435 5227 3542 5267 non

1961 5296 2014 5350 in
2043 5295 2156 5349 sola
2188 5298 2437 5353 Consistit
2467 5297 2587 5365 ﬁde,
2607 5299 2700 5354 sed
2732 5301 2786 5355 in
2809 5299 2913 5356 fide
2941 5302 3097 5356 simul
3128 5310 3182 5356 et
3207 5317 3390 5371 opere.
3409 5302 3543 5358 Nam

1961 5387 2219 5456 scriptum
2248 5397 2332 5444 est
2358 5390 2485 5458 quia
2512 5389 2584 5444 Et
2623 5391 2881 5446 telamones
2917 5391 3134 5446 credunt
3175 5401 3226 5446 et
3263 5397 3544 5448 contremi-

1961 5489 2112 5530 scunt
2141 5476 2279 5548 (Jac.
2308 5495 2364 5547 ιι,
2396 5479 2518 5552 19);
2547 5482 2638 5551 qui
2667 5491 2846 5537 tamen
2875 5481 2996 5536 ideo
3015 5483 3248 5539 humiles
3270 5499 3376 5540 non
3397 5493 3544 5540 sunt.

1972 5565 2121 5623 Unde
2149 5571 2310 5625 etiam
2333 5573 2612 5643 apostolus
2637 5573 2830 5628 Paulus
2861 5574 3054 5628 asserit
3078 5591 3091 5628 :
3121 5573 3256 5640 Quia
3288 5578 3544 5648 sapientis

2045 5719 2188 5801 ξμς.
2219 5720 2406 5791 Corb.,
2435 5725 2491 5801 in
2514 5723 2788 5801 injustitia.
2819 5725 2915 5781 Ms.
2943 5726 3103 5793 Vict,
3135 5729 3187 5784 in
3210 5731 3536 5801 injustitiant.

1967 5784 2329 5864 Ed‘itiautem,
2353 5784 2445 5864 per
2473 5784 2804 5859 iniustitiam.
2883 5841 2885 5844 .

2034 5860 2052 5898 ί
2078 5860 2177 5918 Ms.
2207 5860 2394 5928 Corbl,
2413 5865 2645 5934 nunquid
2672 5866 2879 5934 poterit.
2915 5864 3074 5932 Editi,
3100 5877 3282 5939 potest.
