4120 6480
718 371 789 431 55
1714 371 1771 426 ‘S.
1814 364 2170 427 FULGENTII
2208 368 2507 426 EPISCOPI
2549 367 2920 426 RUSPENSIS
3864 355 3944 419 3ἶό

668 481 843 537 carnis
868 482 1076 536 inimica
1106 491 1182 536 ενι
1206 479 1314 535 Deo
1346 498 1361 535 :
1389 481 1490 553 legi
1515 484 1650 536 enim
1681 481 1777 536 Dei
1808 500 1911 537 non
1945 483 2246 553 subjicitur;
2284 486 2329 546 Α
2353 482 2786 538 consideratione
2831 481 2906 536 tui
2959 477 3227 551 quaslibet
3270 473 3673 540 Christianas,
3719 472 3867 529 etiam
3902 477 3942 532 in

668 588 761 625 nec
786 573 923 626 enim
948 582 1116 641 potest
1148 572 1325 645 (Rom.
1356 588 1468 639 VIII,
1497 571 1580 642 7);
1612 588 1731 644 quae
1768 573 2030 643 sapientia
2060 589 2254 630 secun-

665 661 792 716 dum
819 659 1006 717 Jacobi
1030 665 1374 729 sententiam,
1390 682 1491 719 non
1514 673 1592 719 est
1619 665 1886 719 desursum
1914 666 2255 737 descendens,

665 753 758 807 sed
779 762 1006 822 terrena,
1038 755 1308 823 animalis,
1341 755 1600 810 diabolica
1630 756 1769 824 (Jac.
1801 773 1873 823 ιιι,
1907 756 2017 829 15).

734 842 864 898 Cn.
915 862 1041 901 xvu.
1089 845 1291 915 Du;lex
1337 847 1600 920 superbia.
1646 847 1913 904 Parabola
1954 849 2149 904 Christi
2165 850 2254 905 ’de

670 935 939 991 Pharisteo
967 946 1017 992 et
1067 936 1371 1007 Publicano.
1402 973 1473 983 ——
1499 939 1590 995 9.8.
1631 938 1914 996 Manifesta
1959 940 2127 1010 igitur
2170 957 2255 996 su-

663 1028 851 1097 perbia
892 1027 1333 1098 deprehenditur,
1381 1047 1501 1087 cum
1531 1032 1817 1088 manifeste
1860 1042 2154 1104 peccatur;
2197 1042 2254 1089 at

665 1134 789 1173 cum
820 1116 943 1173 fuco
966 1117 1189 1188 iustitia:
1216 1121 1468 1190 iniquitas
1503 1124 1716 1192 tegitur,
1750 1125 2129 1197 illa'superbite
2156 1143 2253 1200 pe-
2295 1188 2301 1193 ,

660 1210 896 1266 stilentia
923 1213 1244 1269 venenosins
1289 1216 1482 1286 serpit,
1525 1216 1614 1271 illa
1644 1218 2000 1287 periculosius
2039 1220 2248 1292 irrepit,

662 1316 783 1354 cum
815 1301 884 1356 ab
906 1302 989 1358 his
1007 1305 1099 1373 qui
1121 1304 1342 1375 justiti-.2
1363 1307 1598 1362 studium
1633 1318 1849 1377 gerunt,
1878 1310 1962 1365 vel
2012 1311 2244 1367 aliorum

659 1390 765 1445 \ita
830 1399 1087 1462 tanquam
1142 1396 1358 1464 indigna
1406 1397 1720 1466 despicitur,
1762 1400 1848 1455 vel
1891 1400 1946 1455 in
1995 1402 2249 1472 operibus

655 1482 812 1538 bonis
862 1484 1063 1554 aliquid
1107 1486 1354 1544 humanis
1383 1488 1585 1544 viribus
1629 1490 1946 1559 assignatur.
1980 1491 2073 1547 llla
2098 1492 2250 1548 deni-

650 1594 761 1650 que
785 1582 1063 1652 superbia,
1096 1585 1250 1655 173
1278 1600 1383 1655 qua
1431 1587 1611 1641 caeteri
1656 1588 1725 1642 ab
1752 1588 1837 1644 his
1875 1590 1965 1660 qui
1992 1590 2092 1645 sibi
2115 1592 2246 1661 justi

656 1671 906 1728 videntur
935 1674 1084 1729 velut
1112 1682 1425 1744 peccatores
1466 1675 1855 1747 despiciuntur,
1892 1677 1946 1732 in
1974 1677 2245 1736 Pharisteo

653 1762 1080 1832 condemnatur,
1104 1764 1243 1820 sicut
1268 1765 1430 1820 etiam
1453 1777 1670 1822 sanctus
1713 1758 2041 1837 evangelista
2072 1777 2240 1827 testa-

2358 575 2597 630 inferiori
2619 575 2824 644 positas
2840 570 3198 643 professione,
3215 566 3538 639 deSpicias,
3557 571 3658 620 aut
3677 572 3732 621 te
3750 564 3802 619 in
3818 567 3945 624 bonis

2357 669 2650 739 operibus,
2698 667 3118 739 prtesumptione
3155 663 3405 736 propria:
3455 659 3686 716 virtutis
3729 660 3941 718 extollas.

2357 758 2625 830 Quidquid
2654 759 2800 814 enim
2846 755 3170 828 spiritalium
3208 754 3504 810 donorum
3552 751 3682 822 plus
3728 751 3944 815 habueris

2354 866 2514 918 quam
2544 850 2748 904 habent
2774 848 2914 913 alim,
2941 864 3049 903 non
3079 860 3242 918 parva
3271 852 3370 899 est
3410 842 3642 913 jactura
3667 840 3887 908 virtutis,
3909 843 3941 896 si

2355 942 2407 996 in
2439 941 2553 1012 ipsa
2593 940 2873 1010 principali
2907 938 3127 1004 virtute,
3182 952 3304 1007 qum.
3355 944 3453 990 est
3500 931 3821 994 humilitas,
3859 948 3941 987 non

2353 1034 2485 1089 alias
2513 1032 2814 1098 antecellis,
2844 1047 2968 1086 cum
3010 1046 3118 1085 non
3147 1028 3368 1085 nescias
3407 1025 3688 1095 scriptum
3722 1038 3739 1074 :
3771 1019 3888 1086 Qum

2350 1141 2569 1197 magnus
2588 1141 2662 1189 es,
2692 1123 2909 1177 humilia
2930 1131 2980 1176 te
3006 1123 3060 1176 in
3092 1118 3356 1184 omnibus,
3392 1126 3450 1172 et
3480 1130 3669 1171 coram
3698 1111 3803 1166 Deo
3829 1112 3935 1164 iure

2351 1217 2461 1270 nios
2482 1217 2706 1287 gratiam
2727 1212 2910 1285 (Eccli.
2939 1228 3016 1276 III,
3045 1211 3160 1280 ΞΟ).
3777 1308 3784 1310 _
3840 1298 3851 1310 ⁸
3906 1297 3918 1309 θ

2421 1307 2550 1364 CAP.
2584 1325 2695 1363 xxx.
2734 1307 2970 1362 Christus
2999 1315 3049 1359 et
3074 1303 3335 1358 Dominus
3364 1313 3419 1357 et
3445 1316 3684 1373 sponsus
3710 1308 3784 1353 est
3809 1303 3936 1368 virgi-

2350 1417 2492 1465 num,
2524 1401 2639 1455 ideo
2683 1408 2733 1454 et
2782 1398 3122 1453 humilitatem
3154 1397 3345 1466 exigit,
3396 1403 3452 1449 et
3485 1392 3856 1464 integritatem.
3879 1422 3934 1434 —

2350 1495 2418 1548 '50
2437 1495 2538 1548 bis.
2557 1491 2788 1547 Attende
2810 1492 2972 1561 igitur
2993 1491 3046 1544 in
3069 1498 3123 1542 te
3152 1487 3344 1559 sponsi
3376 1487 3462 1541 tui
3486 1500 3758 1548 amorem,
3780 1484 3931 1538 consi-

2347 1585 2477 1641 dera
2500 1583 2710 1639 Domini
2741 1582 3016 1654 pietatem.
3046 1578 3174 1634 Pius
3201 1585 3286 1634 est
3316 1576 3624 1640 Dominus,
3668 1572 3759 1643 qui
3788 1573 3931 1629 tesibi

2346 1678 2474 1734 lecit
2501 1677 2782 1743 ancillam;
2810 1676 3089 1746 speciosus
3112 1689 3372 1744 sponsus,
3406 1672 3508 1743 qui
3552 1680 3611 1726 te
3645 1668 3930 1725 castiﬁcavit

2344 1771 2400 1826 in
2429 1785 2707 1842 sponsam.
2734 1768 2878 1823 idem
2900 1775 3102 1832 tamen,
3131 1766 3257 1835 quia
3285 1779 3465 1830 verus
3489 1772 3579 1817 est
3608 1760 3869 1821 Dominus,
3887 1767 3929 1814 et

654 1862 762 1922 tur,
793 1854 976 1910 dicen:
1009 1873 1022 1909 :
1054 1855 1205 1911 Dixit
1228 1867 1398 1912 autem
1418 1868 1468 1912 et
1488 1860 1558 1913 ad
1582 1861 1832 1928 quosdam
1852 1863 1940 1933 qui
1961 1863 2014 1917 in
2040 1879 2096 1917 se
2118 1880 2247 1919 con-
2276 1866 2321 1928 Β
2346 1876 2575 1932 sponsus
2596 1868 2679 1916 est
2705 1874 2886 1927 verus,
2917 1858 3195 1927 utriusque
3240 1854 3554 1927 potestatis
3595 1860 3774 1923 partes
3799 1865 3922 1906 exse—

642 1945 880 2016 ﬁdebant
911 1955 1156 2017 tanquam
1183 1948 1333 2019 justi,
1365 1959 1414 2003 et
1434 1950 1848 2020 aspernabantur
1881 1961 2117 2021 caateros,
2142 1972 2242 2025 pa—

653 2034 889 2089 rabolam
920 2036 1094 2090 istam.
1137 2036 1254 2091 Duo
1277 2038 1512 2094 homines
1552 2039 1894 2094 ascenderunt
1918 2043 1973 2096 in
2006 2044 2245 2114 templum

653 2137 709 2179 ut
737 2138 965 2194 orarent,
991 2145 1124 2183 unus
1158 2128 1545 2197 Pharisteus,et
1566 2134 1699 2186 alter
1723 2132 2064 2190 Publicanus.
2095 2135 2245 2192 Pha-

654 2218 838 2272 riswus
869 2227 1035 2284 stans,
1068 2219 1179 2274 [uec
1211 2220 1351 2290 apud
1368 2237 1425 2276 se
1454 2221 1639 2276 orabat
1666 2239 1686 2277 :
1728 2222 1889 2291 Deus,
1918 2228 2115 2297 gratias
2145 2245 2244 2300 ago

654 2305 765 2371 tibi,
797 2307 1042 2378 quianon
1071 2324 1185 2362 sum
1228 2309 1362 2363 sicut
1392 2311 1566 2364 cteteri
1605 2311 1860 2379 homines,
1892 2331 2125 2384 rapaces,
2156 2318 2243 2371 in-

633 2396 798 2467 .iusti,
818 2397 1069 2463 adulteri,
1094 2400 1229 2453 sicut
1267 2399 1424 2453 etiam
1453 2400 1534 2454 hic
1569 2399 1886 2457 Publicanus
1917 2419 1935 2457 :
1954 2404 2138 2476 jejuno
2167 2406 2244 2462 bis

636 2488 705 2557 riu
735 2486 951 2541 sabbato
969 2529 985 2555 ,
1017 2489 1245 2544 decimas
1279 2489 1345 2544 do
1371 2492 1603 2545 omnium
1638 2509 1752 2564 qua:
1776 2494 2034 2563 possideo.
2060 2495 2245 2553 Publi-

654 2592 815 2645 canus
849 2586 1021 2631 autem
1054 2595 1087 2631 a
1125 2579 1278 2650 longe
1312 2589 1479 2647 stans,
1513 2581 1720 2636 uolebat
1759 2584 1933 2639 oculos
1971 2586 2042 2639 ad
2061 2588 2243 2644 etclam

648 2664 854 2732 levare,
892 2665 985 2720 sed
1025 2667 1344 2737 percutiebat
1385 2678 1562 2739 pectus
1600 2687 1780 2737 suum,
1818 2672 2038 2731 dicens:
2076 2674 2240 2747 Deus,

645 2760 903 2830 prapitius
931 2769 1043 2816 esto
1062 2762 1187 2816 mihi
1206 2765 1487 2833 peccatori.
1510 2764 1641 2821 Dico
1662 2768 1803 2823 vobis
1827 2785 1846 2823 :
1874 2770 2135 2827 descendit
2161 2773 2243 2828 hic

655 2846 962 2933 iustitia-atus
982 2850 1038 2905 in
1062 2850 1270 2907 domum
1296 2869 1442 2908 suam
1468 2853 1533 2909 ab
1562 2857 1652 2912 illo
1666 2875 1686 2923 ;
1715 2860 1838 2931 quia
1875 2863 2045 2917 omnis
2072 2866 2162 2935 qui
2186 2881 2244 2921 se

648 2937 847 2992 exultat
890 2938 1265 3009 ltumiliabitur,
1311 2952 1360 2998 et
1413 2947 1500 3018 qui
1542 2963 1597 3001 se
1643 2947 1881 3004 humiliat
1926 2953 2242 3010 exaltabitur

654 3023 808 3098 (Luc.
838 3045 966 3086 xvm
995 3071 1011 3097 ,
1042 3029 1215 3104 9-H).
1247 3031 1305 3089 la
1348 3045 1644 3111 copspectu
1658 3038 1854 3107 judicis
1877 3042 2241 3102 misericordis

653 3112 708 3195 ett
722 3119 850 3188 justi
896 3138 1004 3178 non
1033 3132 1117 3179 est
1159 3137 1384 3196 accepta
1433 3130 1663 3200 superba
1701 3131 1929 3202 jactatio
1971 3136 2239 3195 honorum

2346 1955 2547 2024 quitur.
2598 1952 2775 2021 Exigit
2827 1951 2894 2006 ab
2939 1950 3132 2006 ant-illa
3180 1933 3453 2003 humilem
3508 1946 3839 2008 servitutem,
3885 1942 3925 1996 in

2345 2062 2542 2118 sponsa
2563 2046 2754 2116 qumrit
2790 2046 3053 2113 integram
3099 2042 3441 2099 castitatem.
3473 2038 3638 2095 Servi
3681 2049 3803 2104 ergo
3838 2034 3920 2087 Do-

2344 2139 2492 2193 mino
2520 2153 2642 2193 cum
2686 2138 2902 2202 timore,
2928 2143 2983 2191 et
3015 2134 3227 2190 exsulta
3268 2147 3488 2203 sponso
3531 2145 3663 2187 cum
3702 2137 3917 2183 tremore.

2345 2228 2478 2283 Nam
2504 2229 2632 2298 quia
2656 2227 2914 2283 Dominus
2930 2235 3032 2292 est,
3065 2226 3304 2291 territat;
3338 2232 3401 2279 et
3430 2223 3564 2294 quia
3593 2235 3817 2292 sponsus
3835 2224 3916 2279 est,

2345 2321 2504 2376 zelat.
2530 2320 2750 2376 Timens
2779 2320 2942 2390 igitur
2975 2318 3132 2390 174
3169 2316 3395 2373 custodi
3443 2313 3664 2369 Domini
3710 2308 3921 2365 terrentis

2342 2412 2652 2484 imperium,
2671 2419 2726 2467 et
2754 2419 2993 2467 tremens
3020 2409 3181 2480 dilige
3207 2407 3400 2479 sponsi
3432 2403 3669 2461 zelantis
3686 2399 3915 2500 affectum.

2343 2503 2402 2559 ιιι
2447 2504 2640 2560 ancilla
2685 2504 2897 2559 Domini
2947 2502 3080 2558 nihil
3120 2516 3276 2557 suum
3322 2496 3530 2570 praedo
3579 2493 3847 2589 reperiat.
3874 2493 3916 2589 in

2341 2612 2543 2667 sponsa
2572 2595 2771 2651 Christi
2794 2594 2927 2650 nihil
2955 2608 3112 2649 suum
3154 2590 3377 2646 adulter
3407 2593 3698 2658 agnoscat.
3723 2582 3852 2638 Sicut
3871 2582 3912 2667 in

2342 2666 2573 2759 corpore
2599 2685 2822 2756 virginis
2848 2700 2957 2741 non
2986 2682 3295 2739 dominatur
3342 2678 3546 2743 libido,
3585 2675 3665 2732 sic
3692 2673 3742 2728 in
3783 2666 3913 2727 corde

2341 2779 2562 2851 virginis
2585 2777 2733 2850 nulla
2760 2776 3067 2833 dominetur
3098 2772 3280 2829 elatio.
3323 2770 3473 2827 Cum
3504 2769 3699 2824 timore
3739 2771 3790 2822 et
3824 2769 3909 2814 tre-

2341 2889 2494 2930 more
2519 2880 2665 2929 tuam
2693 2871 2922 2928 salutem
2951 2882 3199 2940 operare.
3223 2866 3371 2921 Deus
3397 2873 3489 2920 est
3529 2862 3673 2919 enim
3702 2858 3785 2928 qui
3810 2868 3910 2925 ope-

2342 2975 2494 3022 ratur
2520 2965 2574 3021 in
2598 2972 2673 3032 te,
2696 2972 2753 3020 et
2779 2963 2937 3029 velle,
2961 2969 3019 3017 et
3044 2958 3326 3033 perﬁcere,
3361 2973 3472 3031 pro
3509 2958 3654 3013 bona
3678 2952 3908 3009 voluntate

2344 3057 2563 3129 (Philip.
2595 3054 2766 3124 11,12,
2799 3053 2911 3125 is).
3878 3123 3905 3135 η

2420 3123 2520 3205 51..
2540 3123 2801 3214 Quotiens
2820 3123 3027 3214 cogitas
3047 3142 3115 3200 de
3142 3139 3491 3214 perfectione
3515 3137 3793 3196 virtutum,
3817 3123 3903 3181 noli

644 3224 899 3293 operum,
924 3212 1018 3267 sed
1039 3213 1255 3270 humilis
1283 3216 1550 3275 confessio
1578 3231 1948 3291 peccatorum.
1974 3225 2054 3281 llli
2076 3227 2239 3284 etiam

2346 3212 2692 3296 considerare
2719 3236 2849 3307 quid
2869 3212 2989 3292 alia:
3013 3212 3191 3290 minus
3213 3233 3461 3288 habeant
3490 3245 3654 3300 quam
3681 3234 3733 3280 tu
3749 3219 3903 3281 habet,

653 3303 746 3373 qui
774 3305 1028 3361 virtutem
1066 3307 1221 3362 boum
1265 3310 1557 3369 voluntatis
1584 3320 1678 3368 aut
1715 3314 1871 3370 bona:
1913 3318 2246 3387 operationis

638 3395 765 3452 .suis
793 3397 1038 3453 nituntur
1064 3402 1295 3471 superbe
1322 3403 1525 3460 viribus
1552 3407 1846 3475 assignare,
1879 3410 1946 3465 ab
1985 3410 2247 3482 Apostolo

653 3490 835 3547 taliter
861 3491 1225 3549 denotamur:
1260 3492 1398 3560 Quia
1420 3499 1717 3569 ignorantes
1755 3500 1856 3556 Dei
1883 3504 2165 3575 justitiam,
2196 3516 2246 3561 et

632 3597 803 3643 suam
831 3594 1119 3654 quiet-entes
1151 3594 1396 3654 statuere,
1432 3589 1654 3660 justitiae
1691 3591 1790 3647 Dei
1826 3610 1929 3649 non
1971 3605 2093 3650 sunt
2134 3597 2250 3652 sub-

622 3659 778 3746 "fecti
800 3671 977 3745 (Rom.
1009 3690 1063 3741 ιι,
1095 3674 1170 3746 5).
1202 3676 1262 3731 In
1307 3692 1403 3732 sua
1436 3659 1613 3749 igitur
1653 3682 1912 3752 injustitia
1945 3694 1969 3724 ⁸
2002 3686 2246 3757 profecto

651 3762 851 3829 deficit,
883 3765 973 3836 qui
996 3765 1223 3836 iustitiae
1244 3769 1339 3824 Dei
1366 3773 1596 3843 superba
1625 3775 1765 3831 colla
1794 3792 1904 3832 non
1933 3779 2169 3848 subjicit.

720 3853 814 3910 29.
842 3853 900 3933 in
931 3856 1013 3911 his
1034 3856 1215 3929 itaque
1243 3868 1477 3929 quatuor
1505 3864 1769 3934 superbiae
1794 3869 2107 3936 generibus,
2123 3872 2244 3940 qui-

632 3946 750 4003 ibus
777 3947 1024 4006 diabolus
1051 3948 1203 4005 velut
1231 3951 1505 4039 quadrigis
1524 3955 1828 4024 vehitur,et
1853 3958 1922 4013 ad
1942 3960 2245 4030 gehennam

648 4041 972 4104 miserorum
999 4043 1196 4114 quibus
1223 4044 1420 4101 insidet
1443 4046 1726 4104 mortifero
1769 4065 1932 4106 cursu
1976 4061 2243 4123 raptatur,

647 4128 859 4185 duobus
887 4131 1094 4187 animas
1120 4133 1396 4203 Opprimit,
1427 4150 1564 4205 quas
1587 4135 1640 4191 in
1670 4152 1834 4193 carne
1853 4138 2094 4208 jacentes
2125 4157 2250 4212 per-

647 4220 825 4290 spicit,
858 4221 978 4276 aliis
1027 4222 1236 4280 duobus
1286 4224 1496 4280 animas
1531 4225 1736 4295 dejicit,
1783 4244 1921 4298 quas
1963 4230 2033 4287 de
2079 4248 2247 4289 carne

642 4310 830 4365 volare
857 4313 1155 4381 cognoscit.
1178 4312 1312 4368 lstas
1341 4316 1574 4385 captiva!
1594 4316 1958 4376 delectatione
1969 4320 2242 4391 vitiorum,

646 4399 769 4456 illas
798 4400 1152 4458 circumvenit
1187 4404 1423 4462 elatione
1455 4407 1743 4478 virtutum;
1776 4412 1989 4468 illarum
2031 4415 2109 4473 sic
2137 4416 2247 4472 vir-

646 4494 932 4561 ginitatem
961 4495 1222 4566 prwripit,
1242 4505 1301 4552 ut
1319 4513 1379 4553 se
1399 4496 1652 4555 fornicari
1683 4519 1791 4559 non
1813 4503 2090 4574 dubitent;
2114 4507 2246 4563 istas

2346 3331 2440 3388 sed
2469 3331 2597 3401 quid
2628 3340 2684 3384 tu
2713 3328 2893 3383 minus
2928 3327 3133 3382 habeas
3159 3338 3324 3395 quam
3368 3322 3583 3377 habere
3602 3317 3711 3412 jam
3737 3310 3901 3412 debes?

2347 3439 2449 3481 nec
2478 3400 2602 3478 ideo
2626 3431 2679 3479 te
2706 3430 2864 3492 putes
2884 3419 3175 3475 virtutibus
3214 3414 3549 3487 perlectam,
3584 3411 3631 3468 si
3655 3400 3900 3500 quamlibet

2346 3515 2505 3570 aliam
2533 3489 2725 3569 videas
2743 3510 3056 3568 criminibus
3077 3507 3351 3573 deditam;
3387 3520 3494 3561 nec
3524 3508 3798 3574 propterea
3826 3489 3899 3544 tibi

2346 3606 2549 3676 aliquid
2577 3604 2879 3661 velocitatis
2915 3603 3175 3670 assignes,
3226 3599 3273 3655 si
3313 3596 3627 3667 quaslibet,
3657 3588 3896 3676 autumuo

2346 3673 2659 3763 redeuntes,
2701 3705 2796 3751 aut
2842 3694 3079 3764 segniter
3112 3689 3298 3745 videas
3343 3684 3708 3742 ambulantes.
3753 3673 3896 3764 Nequt

2346 3791 2491 3847 enim
2523 3762 2724 3845 idcirco
2751 3762 2923 3842 sanos?
2941 3784 3129 3840 oculos
3156 3780 3361 3837 habere
3399 3766 3810 3870 pronuntiandus

2347 3884 2545 3955 lippus,
2570 3881 2698 3952 quia
2724 3878 2937 3936 videtur
2960 3891 3137 3934 acus
3160 3890 3191 3929 a
3220 3872 3429 3928 lumine
3456 3867 3674 3941 penitus
3695 3859 3894 3955 alienus

2347 3945 2449 4032 nec
2623 3987 2785 4029 sanus
2811 3968 3072 4026 dicendus
3098 3974 3211 4030 est,
3241 3963 3333 4034 qui
3365 3958 3522 4032 gravi
3547 3956 3691 4027 jacet
3714 3945 3917 4039 vulnere,

2348 4064 2655 4128 semivivus,
2685 4062 2732 4117 si
2760 4060 2897 4115 alius
2925 4056 3174 4128 graviore
3195 4052 3422 4109 vulnere
3462 4044 3755 4133 reperiatur

2345 4171 2467 4222 sus;
2496 4169 2599 4210 nec
2625 4127 2727 4210 sibi
2745 4151 2906 4207 debet
2929 4127 3185 4217 tanquam
3207 4143 3381 4199 victor
3395 4138 3670 4196 vindicare
3689 4127 3891 4222 gloriatus

2346 4217 2608 4316 quisquis,
2634 4243 2761 4298 licet
2787 4240 2855 4296 ab
2897 4239 3053 4297 hoste
3090 4250 3200 4290 non
3232 4233 3304 4288 sit
3343 4229 3586 4294 occisus,
3617 4224 3809 4276 tenetur
3830 4217 3891 4259 la-

2347 4352 2470 4393 men
2497 4335 2564 4391 ab
2592 4336 2749 4390 hoste
2774 4331 3041 4402 captivus.
3426 4372 3437 4380 .

2419 4427 2548 4483 Car.
2585 4442 2675 4479 xx.
2716 4394 2858 4478 Non-
2885 4421 3027 4488 aliis,
3075 4417 3167 4473 sed
3199 4416 3297 4471 sibi
3336 4416 3439 4486 ipsi
3489 4410 3635 4465 debet
3677 4416 3727 4456 se
3768 4394 3888 4447 Ιιοιηο

2346 4532 2670 4586 comparare.
2705 4513 3034 4584 Adjutorium
3070 4509 3257 4562 diuina
3283 4506 3473 4578 gratia:
3499 4492 3887 4586 semper.

643 4584 723 4639 sic
751 4593 1067 4656 constuprat
1095 4594 1150 4640 et
1170 4588 1427 4658 maculat,
1461 4598 1522 4646 ut
1548 4606 1607 4647 se
1626 4595 1929 4651 conculcari
1953 4612 2059 4653 non
2077 4569 2232 4655 vresti-
2253 4616 2308 4676 Ῑ)
2658 4569 2936 4672 Νοιίθιεο
2965 4601 3083 4656 aliis
3103 4608 3158 4655 te
3180 4569 3521 4668 comparare,
3539 4588 3632 4646 sed
3652 4580 3757 4638 tibi.
3779 4569 3886 4676 Alldl
3931 4610 3937 4676 ξ

635 4688 814 4734 snent.

714 4768 845 4825 Car.
888 4786 1035 4826 xvuL
1086 4771 1248 4844 Virgo
1275 4775 1517 4845 superba,
1553 4775 1745 4832 Christi
1773 4796 1966 4849 sponsa
1992 4800 2096 4838 non
2135 4794 2232 4840 est.

640 4890 713 4904 -—-
742 4860 830 4915 50.
865 4859 1125 4938 Proinde,
1166 4872 1236 4918 ¹ιιι
1279 4864 1487 4935 integra
1532 4879 1849 4937 permaneat
1887 4871 2001 4927 Deo
2060 4874 2236 4931 dicata

642 4954 944 5024 virginitas,
970 4955 1109 5011 sicut
1134 4957 1438 5013 custoditur
1458 4959 1742 5036 integritas
1770 4964 2036 5033 corporis,
2069 4967 2237 5024 multo

640 5047 870 5116 amplius
895 5046 1247 5103 custodienda
1276 5057 1359 5104 est
1380 5049 1652 5106 humilitas
1666 5053 1866 5109 cordis.
1889 5053 1946 5109 Si
1967 5071 2072 5125 qua
2093 5059 2235 5114 enim

641 5150 767 5215 vero
799 5136 951 5206 virgo
980 5144 1064 5192 cst
1091 5137 1311 5212 Christi,
1342 5155 1450 5195 non
1479 5149 1659 5210 potest
1686 5142 1903 5200 Christo
1930 5147 2030 5202 nisi
2059 5150 2239 5206 cordis

640 5226 941 5283 humilitate
970 5228 1244 5298 conjungi.
1272 5229 1391 5285 Filii
1411 5229 1509 5286 Dei
1530 5232 1799 5289 thalamus
1818 5236 1990 5291 elatas
2017 5254 2125 5294 non
2150 5256 2238 5296 re-

640 5318 790 5388 cipit,
818 5328 875 5374 et
905 5320 1125 5395 humilis
1160 5338 1392 5393 sponsus
1430 5339 1463 5379 a
1498 5325 1777 5383 connubio
1823 5344 1923 5383 suo
1970 5332 2236 5401 superbas

641 5416 887 5485 expellit.
930 5415 1014 5473 Sit
1041 5418 1204 5488 igitur
1230 5419 1469 5475 studium
1500 5429 1669 5488 tuum,
1700 5422 1843 5478 sicut
1883 5423 2043 5480 decet
2071 5427 2235 5497 virgi-

643 5520 767 5560 nem
797 5520 1029 5572 sacram,
1058 5510 1254 5564 sectari
1276 5509 1561 5579 justitiam,
1594 5513 1873 5583 pietatem,
1929 5514 2108 5582 ﬁdem,
2137 5534 2230 5574 ca-

639 5596 878 5660 ritatem,
909 5597 1243 5667 patientiam,
1280 5601 1780 5685 mansuetudinem;
1826 5621 1933 5683 non
1967 5615 2144 5664 tamen
2172 5620 2231 5666 ut

716 5791 740 5861 ξ
777 5780 879 5861 ἣ]νῇ
902 5780 1089 5861 Cori»,
1116 5785 1180 5842 In
1210 5806 1301 5842 sua
1323 5789 1479 5861 igitur
1501 5790 1727 5860 justitia.
1780 5766 1781 5769 Ἴ

710 5849 745 5891 ἀι
776 5850 947 5919 Εάὶιὶ,
977 5854 1175 5921 Sit-rgo
1204 5849 1528 5924 semei'ipsam
1557 5868 1819 5934 comparet
1849 5860 1990 5931 virgo
2023 5861 2236 5936 Christi,

2343 4700 2664 4775 Apostolum
2689 4698 2797 4753 hoc
2825 4666 3138 4759 facientem,
3165 4699 3222 4748 et
3260 4666 3327 4746 ut
3364 4690 3473 4746 hoc
3499 4666 3883 4775 faciamus-saltt-
3935 4666 3939 4685 '

2342 4763 2513 4853 briter
2539 4796 2939 4852 admonentem.
2973 4787 3054 4842 Ad
3093 4783 3406 4842 Corinthios
3442 4780 3640 4852 quippe
3665 4763 3881 4826 scribens:

2344 4888 2474 4944 dicit
2501 4906 2514 4941 :
2548 4885 2673 4941 Non
2692 4886 2831 4941 enim
2850 4881 3099 4937 audemus
3117 4879 3346 4933 inserere
3384 4881 3475 4929 aut
3507 4870 3788 4964 comparare
3804 4858 3882 4964 ﬁt:

2343 4939 2761 5053 quibusdamqui
2801 4977 2997 5045 seipsos
3042 4968 3427 5036 commendant,
3456 4961 3547 5020 sed
3571 4957 3666 5030 ipsi
3691 4954 3740 5006 in

2343 5044 2699 5140 nosmetipsos
2736 5044 3002 5123 metientes
3030 5106 3046 5131 ,
3086 5073 3137 5119 et
3181 5068 3542 5133 comparantes
3591 5044 3877 5140 ποειηειιρεοξ

2343 5163 2491 5217 nobis
2517 5128 2603 5230 (i1
2625 5159 2746 5216 Cor.
2775 5176 2831 5225 ιι,
2856 5157 2967 5228 te).
2990 5128 3104 5212 Sibi
3130 5168 3261 5224 ergo
3281 5128 3622 5222 semetipsa!!!
3643 5128 3876 5230 οοιιινῆῗεί

2341 5251 2491 5320 virgo
2516 5227 2747 5318 Christi,
2787 5257 2842 5305 et
2871 5226 2935 5303 uti
2966 5246 3034 5302 ad
3070 5245 3360 5318 perfectam
3406 5237 3675 5315 perveniat
3711 5226 3873 5323 sanna:

2342 5316 2477 5409 tem,
2503 5356 2609 5396 non
2658 5316 2821 5395 debet
2847 5338 2873 5377 δ
2905 5336 2973 5393 de
2996 5316 3224 5392 aliorum
3253 5335 3357 5394 sibi
3404 5324 3637 5420 periculo
3668 5316 3873 5420 graviore

2336 5396 2587 5499 blandiri,
2638 5431 2734 5486 sed
2774 5431 2842 5486 de
2869 5444 2966 5485 sua
3019 5437 3174 5485 curet
3221 5396 3871 5512 inlirtnitatetristaii19°

2335 5538 2440 5594 qua
2465 5523 2555 5578 ille
2578 5523 2890 5578 tristabatur
2913 5522 3114 5591 jugiter
3139 5521 3230 5591 qui
3260 5519 3471 5576 dicebat
3503 5532 3515 5566 :
3542 5511 3663 5566 Tota
3681 5499 3754 5555 die
3770 5503 3869 5594 wn:

2335 5584 2570 5668 t-ristatus
2595 5584 2943 5685 ingrediebar,
2973 5584 3215 5687 quoniam
3237 5613 3415 5669 animo
3455 5623 3565 5664 mea
3593 5595 3780 5671 impleta
3807 5584 3867 5636 85‘

2343 5805 2400 5871 '3.‘
2429 5799 2497 5851 (τά
2524 5801 2805 5871 Ρενίεεζαηι
2846 5804 3108 5871 perveniat
3140 5806 3438 5858 sanitatem.
3484 5810 3581 5851 non
3603 5786 3750 5846 debet,
3775 5783 3859 5828 οἰιο

2346 5865 2444 5923 Ms.
2470 5865 2657 5937 Corbl,
2691 5870 2802 5926 Sibi
2828 5865 3015 5939 ergo...
3041 5881 3088 5939 et
3117 5883 3194 5953 ut.
