4120 6476
593 550 699 608 nisi
724 549 918 606 fuisses
945 548 1177 619 g.atuita
1206 547 1389 617 sponsi
1419 545 1706 601 dilectione
1735 536 2028 616 prteventa.
2060 545 2179 598 Dixi
2207 555 2250 608 Α

595 649 775 697 autem
801 649 856 696 te
885 648 1211 712 praeventam
1238 679 1255 708 ,
1299 653 1407 692 non
1435 634 1607 692 solum
1636 635 1927 690 dilectione
1951 649 2057 703 qua
2091 633 2180 688 ille

595 742 652 788 te
680 733 889 802 dilexit,
921 733 1016 802 sed
1046 731 1208 788 etiam
1237 729 1528 785 dilectione
1554 743 1714 797 quam
1744 727 1842 781 tibi
1868 727 2035 796 gratis
2063 735 2122 780 ut
2148 741 2179 780 a

593 833 652 881 te
695 825 1009 895 diligeretur
1047 821 1260 878 infudit.
1309 819 1505 875 Totum
1544 833 1676 888 ergo
1719 817 1976 887 quidquid
2024 817 2078 870 in
2127 823 2180 870 te

594 924 797 971 sancta:
824 913 1127 970 dilectionis
1163 925 1287 980 erga
1320 926 1578 981 sponsum
1630 917 1777 962 tuum
1805 907 1992 973 habes,
2042 907 2095 960 in
2128 914 2181 960 te

595 1003 811 1074 quidem
841 1003 1009 1059 habes
1031 1043 1046 1068 ,
1094 1001 1188 1057 sed
1217 1016 1283 1056 ex
1317 1008 1370 1054 te
1401 1015 1508 1056 non
1554 999 1743 1053 habes.
1788 999 2081 1066 I’auperem
2126 1004 2180 1050 te

593 1094 806 1163 accepit
835 1092 1130 1148 ditissimus
1158 1105 1411 1161 sponsus,
1454 1087 1717 1158 quidquid
1748 1087 1799 1141 in
1830 1095 1884 1140 te
1925 1086 2050 1140 boni
2082 1085 2180 1139 ha-

593 1185 712 1250 bes,
742 1200 854 1240 non
880 1199 947 1239 ex
979 1191 1054 1251 te,
1083 1181 1178 1238 sed
1203 1197 1268 1237 ex
1302 1182 1419 1252 ipso
1445 1181 1635 1245 habes,
1668 1188 1723 1234 et
1747 1179 2004 1248 quidquid
2038 1193 2179 1232 non-

594 1277 722 1332 dum
753 1277 936 1341 habes,
969 1285 1096 1331 tunc
1135 1275 1358 1330 habebis
1384 1316 1400 1342 ,
1452 1289 1573 1328 cum
1603 1288 1661 1328 se
1690 1288 1918 1342 sponsus
1947 1269 2176 1335 dederit,

593 1367 685 1436 qui
714 1367 894 1422 omnia
919 1367 1058 1421 bona
1081 1380 1201 1434 qua:
1223 1365 1390 1419 habes
1420 1363 1652 1432 gratuita
1679 1363 1928 1430 largitate
1948 1360 2060 1430 jam
2093 1359 2162 1414 de

591 1459 690 1513 dit.
733 1458 836 1530 ipsi
867 1473 996 1528 ergo
1023 1459 1092 1513 de
1122 1457 1356 1527 acceptis
1386 1456 1660 1511 humiliter
1684 1455 1884 1524 gratias
1913 1467 2012 1521 age
2035 1493 2048 1518 ,
2099 1452 2182 1522 ip-

589 1563 706 1604 sum
728 1549 1143 1619 de-accipienlis
1168 1548 1444 1603 humiliter
1469 1561 1653 1617 posce.
1684 1545 1772 1601 Sic
1795 1546 1936 1600 enim
1958 1544 2179 1599 divitem

589 1655 850 1710 sponsum
875 1640 1063 1706 habes,
1094 1649 1152 1694 ut
1184 1656 1283 1694 nec
1307 1647 1462 1709 egeat
1487 1639 1569 1694 his
1590 1654 1707 1707 qua:
1732 1637 1898 1704 dedit,
1927 1637 2178 1691 ctabun-

589 1730 683 1785 det
711 1730 778 1784 ad
809 1730 1146 1798 largiendum
1170 1730 1343 1784 multo
1375 1729 1600 1784 meliora
1630 1728 1724 1799 (at.
1759 1727 1985 1796 majora)
2016 1741 2178 1795 quan

589 1820 756 1876 dedit.
789 1819 914 1876 Ilum
943 1822 1133 1876 humili
1157 1837 1374 1890 semper
1403 1820 1818 1890 compunctione
1856 1818 2134 1874 considera
2161 1860 2176 1885 ,

1641 432 1697 488 S.
1728 428 2086 488 FULGEN'I'II
2126 431 2432 490 EPISCOPI
2473 431 2844 490 RUSPENSIS

2283 547 2460 602 cordis
2490 547 2694 601 excitat
2739 545 3002 602 orationis
3031 545 3315 615 affectum,
3364 547 3586 603 oratio
3617 548 3843 605 humilis
3869 551 3937 607 di-

2287 637 2466 691 vinum
2490 645 2832 706 promeretur
2860 638 3152 702 auxilium;
3178 640 3591 708 compunctio
3623 641 3812 696 cordis
3834 650 3932 700 Vul-

2282 742 2413 781 nera
2445 743 2540 781 sua
2574 728 2811 796 respicit,
2837 729 3014 782 oratio
3045 743 3172 782 vero
3203 729 3520 784 medelam
3559 731 3825 786 sanitatis
3855 750 3935 786 ex-

2282 818 2475 885 poscit.
2508 816 2574 870 Et
2601 818 2669 871 ad
2700 817 2813 874 haec
2841 818 2962 886 quis
2991 818 3250 873 idoneus?
3279 819 3448 886 Quis
3472 821 3639 874 enim
3674 822 3764 876 vel
3795 839 3931 880 orare

2281 918 2649 980 competenter
2678 912 2876 976 valeat,
2909 912 3010 966 nisi
3043 912 3285 967 medicus
3323 913 3472 982 ipse
3525 915 3762 968 initium
3807 917 3933 970 desi-

2279 1002 2413 1057 derii
2443 1003 2701 1072 spiritalis
2728 1002 3011 1058 infundat?
3041 1012 3134 1058 aut
3161 1006 3285 1073 quis
3311 1020 3727 1075 perseverare
3748 1005 3806 1061 in
3824 1024 3929 1063 ora-

2281 1094 2429 1149 tione
2456 1104 2640 1164 queat,
2684 1095 2788 1149 nisi
2837 1095 2980 1150 Deus
3008 1095 3061 1149 in
3095 1097 3250 1151 nobis
3279 1097 3412 1152 hoc
3447 1098 3620 1166 quod
3654 1101 3826 1168 coepit
3851 1118 3930 1156 au-

2280 1193 2425 1252 geat,
2456 1185 2600 1254 quod
2628 1185 2914 1240 seminavit
2941 1186 3204 1254 enutriat,
3231 1196 3288 1243 et
3322 1188 3500 1257 quod
3558 1189 3924 1246 misericordia

2283 1276 2622 1344 praecedente
2651 1277 2816 1342 gratis
2844 1275 3066 1331 donavit
3096 1277 3366 1347 indignis,
3412 1277 3494 1333 ad
3539 1277 3813 1333 ell'ectum
3842 1282 3922 1350 (al.

2279 1364 2538 1434 fructum)
2559 1365 2906 1434 perfectionis
2957 1367 3338 1422 misericordia
3376 1367 3791 1437 subsequente
3819 1385 3925 1438 per-

2281 1456 2476 1510 ducat?
2503 1458 2590 1510 Sic
2621 1457 2764 1510 enim
2795 1472 2824 1510 a
2846 1457 3003 1511 nobis
3031 1459 3234 1527 poterit
3264 1458 3418 1513 boni
3442 1458 3658 1527 operis
3687 1460 3920 1512 meritum

2283 1561 2390 1599 non
2422 1547 2620 1616 perire,
2650 1549 2696 1601 si
2718 1548 2862 1603 Deus
2882 1557 3072 1604 auctor
3093 1559 3257 1618 atque
3288 1549 3552 1618 adjutor
3583 1563 3812 1619 semper
3828 1550 3919 1619 glo-

2282 1637 2524 1691 rilicctur
2555 1638 2608 1692 in
2640 1653 2826 1708 opere.

2353 1726 2408 1781 5.
2448 1727 2558 1783 Nec
2603 1738 2854 1798 putemus
2902 1729 2982 1783 sic
3027 1743 3150 1784 eum
3199 1737 3516 1784 auctorem
3566 1728 3708 1783 boni
3756 1729 3914 1797 operis

2281 1816 2686 1879 aestimandum,
2739 1827 2994 1887 tanquam
3045 1818 3100 1872 in
3149 1819 3270 1888 ipso
3323 1827 3570 1873 tantum
3631 1820 3909 1874 creationis

589 1921 646 1967 et
670 1912 1033 1980 virginitatem
1065 1909 1225 1981 quam
1269 1911 1380 1966 Deo
1408 1910 1626 1975 vovisti,
1655 1926 1763 1964 non
1804 1909 1977 1964 solum
1999 1907 2179 1963 carnis
2212 1910 2258 1968 B
2285 1905 2512 1960 exordio
2539 1906 2618 1961 sic
2643 1906 2787 1961 Deus
2817 1916 3020 1961 naturae
3047 1907 3296 1962 humana:
3328 1907 3482 1971 boui
3535 1909 3733 1977 operis
3759 1908 3907 1962 facul-

587 2003 920 2071 integritate,
945 2003 1042 2057 sed
1065 2013 1118 2058 et
1139 2003 1318 2058 cordis
1347 2002 1646 2056 humilitate
1667 2016 1951 2056 conserva.
1978 2000 2059 2054 Ab
2085 1999 2178 2056 illo

589 2093 688 2147 tibi
715 2106 930 2162 semper
956 2091 1261 2148 custodiam
1308 2091 1632 2159 virginitatis
1659 2098 1714 2144 et
1742 2089 2061 2144 humilitatis
2085 2104 2180 2144 ex-

591 2197 846 2252 poscens,
873 2182 965 2253 qui
995 2198 1103 2238 non
1141 2181 1476 2246 dormitabit,
1510 2195 1686 2250 neque
1726 2179 2030 2236 obdormiet
2059 2195 2181 2235 cus-

591 2273 806 2329 todiens
833 2273 995 2329 Israel
1029 2272 1202 2346 (Psal.
1235 2288 1360 2334 cxx,
1394 2271 1471 2341 ιι).

597 2386 600 2388 ν
662 2364 751 2419 58.
783 2365 941 2432 Ecce,
973 2372 1161 2421 sancta
1191 2363 1326 2429 filia,
1351 2363 1403 2417 in
1432 2371 1694 2432 quantum
1725 2361 1982 2418 Dominus
2011 2361 2178 2426 dedit,

2281 2001 2445 2050 tatem
2474 1996 2704 2062 dederit,
2726 2005 2784 2051 ut
2812 1998 2978 2068 ipsius
3000 1996 3282 2066 adjutorio.
3298 1997 3639 2054 desistente
3683 1998 3795 2054 sola
3823 2015 3902 2068 per

2278 2087 2511 2155 seipsam
2555 2088 2726 2156 possit
2771 2095 2962 2142 natura
2992 2087 3363 2158 quodcunque
3395 2090 3629 2144 bonum
3662 2089 3800 2143 velle
3824 2103 3902 2144 seu

2280 2176 2489 2242 facere;
2514 2193 2635 2231 cum
2667 2179 2771 2233 hoc
2793 2193 2894 2234 nec
2921 2178 2974 2232 iu
3006 2179 3125 2248 ipso
3149 2179 3330 2250 primo
3364 2182 3548 2252 178
3570 2180 3794 2235 homine
3815 2195 3896 2249 po-

2281 2269 2447 2322 tuerit
2481 2270 2598 2324 solo
2631 2271 2854 2340 implere
2880 2279 3081 2326 conatu
3120 2271 3374 2341 proprio,
3415 2271 3658 2340 quando
3691 2270 3898 2325 necdum

2279 2359 2459 2414 fuerat
2488 2361 2672 2415 vitiata
2716 2369 2958 2431 peccato.
2993 2360 3278 2428 Quomodo
3328 2375 3482 2430 ergo
3535 2361 3755 2416 infirma
3792 2361 3891 2414 sine

591 2455 810 2511 brevem
835 2455 905 2509 ad
950 2463 1004 2511 te
1053 2455 1291 2510 libellum
1340 2454 1408 2508 de
1436 2453 1745 2522 virginitate
1775 2461 1830 2507 et
1878 2452 2181 2507 humilitate
2275 2450 2556 2522 juvamine
2581 2452 2778 2508 medici
2801 2453 3122 2523 sospitatem
3145 2469 3297 2507 suam
3325 2467 3614 2522 reparare
3641 2452 3834 2522 poterit
3852 2459 3890 2514 ³,

590 2547 923 2617 conscripsi;
983 2546 1155 2616 magis
1207 2545 1411 2608 eligens
1468 2559 1638 2613 pauca
1691 2543 1788 2598 tibi
1850 2543 2180 2598 desideranti

590 2637 981 2705 transmittere,
1001 2653 1164 2706 quam
1185 2636 1377 2691 debita:
1407 2635 1682 2690 servitutis
1710 2634 1943 2691 ofﬁcium
1969 2649 2179 2705 sponsae

590 2726 803 2782 Domini
832 2728 1120 2798 denegare.

1151 2815 1479 2872 EPISTULA
1517 2816 1604 2872 IV.

1207 2947 1276 2985 AD
1317 2945 1542 2984 PROBAM.

699 3044 775 3099 De
803 3045 1042 3099 oratione
1068 3043 1138 3096 ad
1163 3039 1350 3107 Deum,
1383 3052 1432 3095 et
1460 3043 1848 3112 compunctione
1874 3034 2066 3096 cordis.

663 3156 900 3211 Domina:
944 3156 998 3209 in
1052 3154 1266 3210 Christo
1298 3155 1584 3224 plurimum
1618 3154 1944 3221 venerabili,
1974 3161 2029 3209 et
2056 3170 2177 3208 cum

588 3246 734 3300 omni
781 3245 1189 3300 honorilicentia
1237 3245 1573 3299 nominanda:
1622 3245 1830 3298 famula:
1882 3245 2007 3310 Dei,
2059 3245 2178 3300 tilias
2205 3275 2248 3336 C

589 3333 816 3403 Pnosie,
867 3336 1224 3403 FULGENTIL‘S,
1267 3352 1540 3392 servorum
1571 3335 1768 3391 Christi
1814 3334 2073 3401 famulus,
2125 3337 2177 3391 in

590 3429 818 3484 Domino
844 3429 1093 3484 salutem.

667 3522 817 3592 177
845 3519 1026 3575 erur
1047 3535 1263 3574 ratuvu.
1291 3516 1576 3572 Humilitas
1601 3516 1788 3572 Probat
1813 3518 2046 3572 omnibus
2070 3519 2180 3573 imi-

565 3613 770 3665 ‘tanda.
787 3610 920 3664 -—l.
946 3610 1243 3680 Epistolam
1265 3609 1564 3664 sanctitatis
1581 3617 1704 3671 tum,
1721 3625 1843 3664 cum
1875 3616 1985 3664 tota
2001 3609 2180 3664 cordis

589 3703 946 3770 gratulatione
973 3702 1209 3771 suscepi,
1239 3716 1345 3756 non
1369 3700 1540 3755 solum
1571 3701 1805 3754 studium
1827 3699 1953 3754 boni
1975 3700 2176 3770 operis,

581 3793 686 3849 sed
702 3795 870 3870 etiam
897 3792 1250 3847 humilitatem
1283 3791 1458 3846 cordis
1485 3793 1558 3845 tui
1581 3791 1742 3846 certis
1765 3790 1972 3845 indiciis
1988 3790 2180 3860 praefe-

589 3893 820 3940 rentem.
839 3884 984 3939 Bene
1001 3884 1184 3954 igitur,
1200 3892 1385 3938 sancta
1402 3879 1530 3945 filia,
1549 3881 1600 3935 in
1626 3879 1833 3934 laudem
1850 3880 1965 3945 Dei,
1984 3897 2089 3935 non
2112 3879 2178 3935 de

588 3977 744 4032 bonis
771 3976 1024 4046 operibus
1052 3974 1317 4044 superbire
1346 3981 1508 4028 vento
1539 3971 1840 4038 extolleris,
1861 3971 1954 4026 sed
1984 3971 2050 4026 ad
2077 3972 2179 4026 im-

587 4068 783 4137 plenda
834 4067 1044 4122 Domini
1091 4073 1365 4136 praecepta
1394 4065 1660 4119 infirmam
1703 4072 1754 4118 te
1784 4065 2178 4135 invalidamque

588 4157 824 4211 testaris.
853 4157 928 4211 Ita
958 4157 1119 4212 debet
1143 4158 1351 4212 sentire
1382 4155 1623 4226 quisquis
1647 4155 1794 4210 verbi
1824 4155 1920 4209 Dei
1953 4173 2055 4210 non
2085 4173 2178 4209 au-

589 4248 723 4302 ditor
751 4246 1044 4312 obliuiosus,
1070 4251 1160 4300 sed
1182 4250 1352 4318 [actor
1380 4247 1546 4316 operis
1577 4245 1715 4311 (Jac.
1751 4261 1785 4310 ι,
1818 4243 1907 4315 25)
1938 4261 2056 4301 esse
2084 4246 2178 4301 de-

588 4337 810 4403 siderat,
835 4338 926 4407 qui
951 4354 1057 4391 non
1081 4338 1168 4392 hic
1189 4339 1256 4392 ab
1283 4337 1588 4391 hominibus
1613 4337 1854 4406 recipere
1875 4338 2175 4393 mercedem

589 4445 763 4495 suam,
794 4429 888 4484 sed
917 4444 946 4482 a
978 4430 1090 4484 Deo
1135 4429 1188 4482 in
1231 4427 1320 4483 die
1349 4428 1719 4483 retributionis
1746 4436 2056 4499 exSpectat;
2084 4431 2175 4499 qui

590 4537 698 4576 non
719 4521 773 4576 in
799 4521 1052 4592 praesenti
1073 4529 1316 4590 tempore
1339 4520 1510 4575 inanis
1531 4520 1714 4588 gloria:
1741 4521 1973 4576 vanitate
1996 4532 2176 4592 rapta-

2279 2555 2401 2610 quze
2427 2541 2555 2596 dum
2583 2557 2714 2596 sana
2764 2550 2910 2598 esset
2938 2543 3254 2614 sospitatcm
3295 2557 3471 2598 suam
3505 2541 3781 2597 custodire
3804 2554 3887 2594 ne-

2282 2633 2454 2701 quivit
2478 2635 2502 2687 ?

2352 2725 2404 2778 4.
2446 2725 2564 2781 Νοη
2593 2741 2724 2798 ergo
2753 2727 3014 2797 glorietur
3042 2737 3186 2783 terra
3217 2719 3476 2795 et‘iinis,
3517 2729 3649 2798 quia
3700 2727 3754 2782 in
3792 2726 3880 2778 vita

2281 2830 2376 2870 sua
2407 2815 2636 2886 projecit
2662 2817 2851 2872 intima
2878 2833 2973 2872 sua
2995 2834 3010 2884 ;
3035 2833 3135 2873 nec
3157 2818 3516 2886 vulneratus,
3545 2823 3617 2873 de
3640 2819 3742 2872 hoc
3760 2813 3880 2885 quod

2284 2911 2338 2968 in
2364 2929 2424 2968 se
2451 2929 2640 2968 sanum
2675 2913 2966 2978 existimat,
2997 2921 3251 2982 tanquam
3285 2929 3471 2968 sanus
3504 2912 3770 2972 exsultet;
3797 2906 3876 2962 sed

2282 3016 2504 3056 suorum
2548 3001 2829 3056 vulnerum
2859 3002 3197 3072 putredinem
3228 3004 3565 3074 compuneti
3597 3000 3770 3056 cordis
3794 2998 3875 3051 hu-

2281 3093 2512 3148 militate
2539 3093 2868 3157 consideret,
2892 3103 2951 3148 ut
2977 3093 3218 3149 clamans
3239 3109 3365 3149 cum
3401 3095 3682 3165 propheta
3708 3111 3720 3144 :
3742 3089 3872 3146 Cm-

2252 3188 2263 3200 ‘
2282 3191 2588 3251 putruerunt
2623 3193 2672 3236 et
2702 3183 3030 3237 deteriorum:
3056 3192 3179 3237 sunt
3206 3185 3494 3238 cicatrices
3524 3199 3675 3246 metu,
3704 3199 3733 3233 a
3761 3179 3871 3250 {acie

2281 3270 2596 3338 insipientia:
2624 3287 2754 3324 meae
2794 3269 2966 3342 (Paul.
3001 3287 3201 3334 xxxvii,
3233 3271 3289 3342 6)
3311 3313 3326 3338 ,
3377 3273 3566 3342 possit
3613 3268 3866 3327 medelam,

2283 3374 2390 3414 non
2419 3375 2518 3414 suo
2546 3361 2762 3423 merito,
2794 3359 2888 3416 sed
2917 3361 3152 3428 gratuito
3187 3378 3421 3418 munere
3451 3363 3654 3416 divina:
3681 3357 3865 3430 pietatis

2283 3451 2548 3520 accipere.
2581 3450 2719 3517 Quid
2745 3451 2890 3506 enim
2919 3452 3082 3506 habet
3112 3453 3275 3506 homo
3318 3453 3476 3523 quod
3509 3468 3620 3508 non
3651 3446 3866 3518 accepit?

2283 3539 2340 3594 Si
2370 3549 2550 3594 autem
2599 3542 2826 3611 accepit,
2857 3542 2985 3610 quid
3015 3542 3294 3611 gloriatur,
3330 3543 3498 3614 quasi
3530 3558 3639 3596 non
3668 3549 3861 3605 accepe‘

2282 3631 2352 3685 rit
2380 3630 2434 3701 (1
2465 3629 2588 3687 Cor.
2620 3649 2690 3699 tv,
2725 3633 2818 3704 7)?
2847 3634 3006 3691 Solus
3044 3633 3205 3702 igitur
3249 3635 3398 3690 Deus
3429 3642 3618 3705 potest
3646 3629 3862 3686 omnibus

2282 3720 2477 3788 quibus
2507 3722 2742 3776 voluerit
2785 3722 2913 3778 dare
2943 3723 3082 3778 unde
3110 3738 3238 3778 vera
3268 3725 3420 3778 salus
3451 3723 3658 3792 acquiri
3689 3719 3854 3791 possit;

2283 3819 2337 3866 et
2367 3811 2488 3866 ideo
2519 3813 2666 3868 solus
2694 3821 2874 3884 potest
2902 3815 2953 3868 in
2983 3815 3281 3884 accipiente
3310 3815 3599 3870 custodire
3621 3811 3757 3882 quod
3778 3809 3858 3863 de-

2283 3903 2462 3959 derit:
2495 3903 2617 3983 Nisi
2663 3906 2808 3961 enim
2856 3905 3109 3961 Dominus
3153 3908 3464 3962 custodierit
3507 3908 3772 3965 civitatem,
3809 3899 3852 3952 in

2282 4012 2469 4050 vanum
2509 3997 2725 4069 vigilant
2762 3999 2848 4069 qui
2889 3999 3185 4053 custodiunt
3213 4016 3328 4054 eam
3361 4000 3544 4074 (Psal.
3593 4013 3758 4059 cxxvr,
3788 3992 3850 4063 2).

2281 4086 2375 4142 Ille
2405 4088 2584 4157 itaque
2620 4104 2728 4143 non
2760 4089 2994 4159 patietur
3029 4089 3283 4145 furtivum
3317 4091 3635 4162 nequissimi
3670 4085 3847 4158 prardo-

2283 4178 2368 4232 nis
2409 4178 2729 4246 ingressum,
2781 4179 2867 4234 cui
2918 4196 3026 4234 non
3073 4180 3304 4236 defuerit
3351 4183 3570 4241 Domini
3619 4175 3850 4247 vigilantis

2284 4271 2540 4324 auxilium
2569 4289 2580 4324 :
2613 4271 2729 4342 ipse
2774 4273 2916 4326 enim
2959 4270 3083 4326 Non
3133 4273 3461 4341 dormitabit,
3495 4287 3654 4344 neque
3687 4267 3845 4324 obdor-

2285 4361 2423 4424 miet,
2455 4362 2540 4432 qui
2570 4361 2793 4416 custodit
2821 4360 2991 4415 Israel
3022 4361 3192 4433 (Prol.
3226 4378 3358 4431 cxx,
3384 4363 3463 4434 5).

2353 4448 2480 4503 Car.
2513 4465 2588 4504 ut.
2632 4448 2698 4503 In
2727 4451 2824 4503 hac
2845 4452 2948 4504 vita
2973 4467 3171 4520 semper
3184 4453 3439 4522 proﬁcere
3465 4449 3715 4504 debemus.
3738 4440 3841 4495 Non

2281 4548 2447 4609 potest
2475 4539 2628 4594 homo
2657 4556 2722 4594 ea:
2762 4557 2834 4606 se,
2883 4540 3071 4612 absque
3103 4540 3198 4595 Dei
3227 4544 3423 4613 gratia,
3447 4541 3716 4613 quidquam
3743 4531 3839 4586 boni

589 4620 695 4675 tur,
726 4610 822 4667 sud
849 4620 1038 4666 sancto
1074 4611 1196 4679 igne
1223 4611 1388 4665 divini
1430 4612 1630 4666 amoris
1659 4612 1986 4668 accenditur.
2024 4613 2175 4669 l—luuc
2209 4659 2257 4714 η
2282 4629 2509 4697 operari,
2559 4645 2622 4682 ηε
2675 4628 2801 4683 vene
2849 4610 3073 4701 quidam
3097 4663 3169 4673 _.
3191 4610 3243 4684 5:
3287 4610 3654 4686 Sicugtautem
3682 4622 3762 4692 qui
3783 4617 3836 4672 ad

589 4705 732 4758 enim
761 4704 1010 4758 Christus
1038 4703 1184 4757 venit
1211 4702 1427 4757 mittere
1457 4704 1507 4757 in
1539 4711 1737 4757 terram
1766 4703 1916 4776 (Luc.
1944 4722 2038 4774 xu,
2059 4706 2173 4777 49),

590 4801 649 4848 ut
677 4809 837 4849 omne
864 4794 1130 4864 superbiae
1156 4807 1375 4864 germen
1400 4803 1609 4862 exurat,
1641 4804 1697 4850 et
1724 4797 2002 4854 humiliato
2025 4801 2178 4854 cordi

590 4885 855 4942 fervorem
888 4894 1089 4941 sanctae
1122 4885 1554 4957 compunctionis
1587 4887 1810 4958 injiciat.
1835 4889 1924 4945 Sic
1951 4889 2008 4943 ﬁt
2037 4898 2093 4944 ut
2122 4891 2175 4945 in

589 4980 789 5037 nostris
810 4980 1048 5050 peccatis
1078 4979 1438 5050 nosmetipsos
1465 4982 1731 5038 veraciter
1757 4999 2090 5052 accusemus,
2122 4994 2177 5040 et

589 5071 643 5126 in
667 5071 822 5127 bonis
844 5071 1098 5142 operibus
1119 5071 1320 5127 nostris
1338 5070 1508 5127 Deum
1535 5089 1657 5128 vera
1684 5075 1860 5130 cordis
1881 5076 2181 5133 humilitate

589 5163 903 5230 laudemus;
936 5164 1012 5218 illi
1040 5165 1375 5236 assignemus
1400 5182 1518 5238 qu:e
1548 5167 1702 5223 nobis
1731 5167 1846 5237 ejus
1877 5169 2050 5239 pietas
2078 5168 2179 5224 do-

589 5263 704 5320 nat,
738 5255 892 5310 nobis
917 5255 1244 5326 imputemus
1279 5257 1332 5312 in
1371 5258 1563 5326 quibus
1591 5273 1713 5313 eum
1745 5267 1928 5314 nostra
1958 5259 2180 5314 infirmi-

591 5355 678 5403 tas
706 5349 1018 5404 exacerbat.

663 5438 792 5493 CAP.
833 5456 888 5493 ιι.
935 5439 1115 5496 Oratio
1147 5450 1197 5496 et
1224 5443 1397 5498 cordis
1425 5444 1747 5514 compunctio
1777 5460 1810 5498 a
1840 5442 1972 5509 Deo,
2005 5453 2059 5497 ut
2096 5445 2178 5498 in-

595 5530 800 5601 fundat,
833 5539 1176 5601 exponenda.
1219 5532 1486 5598 Quomodo
1530 5534 1671 5589 Deus
1711 5545 1789 5589 est
1835 5545 2017 5590 auctor
2057 5537 2179 5590 boni

594 5620 764 5689 operis
792 5622 975 5676 nostri.
998 5655 1070 5665 —
1087 5623 1142 5677 2.
1182 5622 1252 5679 Et
1278 5626 1402 5695 quia
1426 5625 1736 5696 frequenter
1762 5642 1794 5681 a
1821 5625 1977 5682 nobis
2005 5626 2178 5683 offen-

596 5709 739 5764 ditur
759 5750 775 5776 ,
809 5715 1169 5770 necessarium
1199 5724 1282 5770 est
1310 5724 1368 5770 ut
1407 5717 1671 5787 frequenti
1710 5720 1958 5775 oratione
1985 5729 2041 5776 et
2064 5719 2178 5790 jugi

595 5800 774 5856 cordis
819 5806 1233 5876 compunctione
1276 5806 1568 5875 mitigetur.
1620 5807 1978 5882 Compunctio
2029 5814 2173 5869 enim

667 5952 693 5980 ι
723 5941 822 6002 iis.
855 5948 992 6004 Vict.
1020 5957 1073 6004 et
1096 5949 1241 6013 editi,
1273 5951 1514 6018 potuerit.
1539 5949 1856 6025 Ms._Corb.,
1881 5957 2093 6028 poterit,

2281 4720 2510 4790 patriam
2542 4721 2730 4788 tendit,
2775 4722 2951 4778 donec
2987 4725 3268 4793 perveniat
3309 4739 3528 4794 semper
3571 4721 3723 4776 habet
3761 4710 3834 4768 ubi

2280 4811 2518 4866 ambulet
2543 4853 2556 4878 ,
2585 4812 2664 4867 sic
2691 4812 2851 4867 etiam
2881 4829 3002 4882 nos,
3032 4816 3271 4884 quandiu
3303 4817 3354 4870 in
3383 4817 3490 4870 hoc
3510 4809 3712 4868 mortali
3731 4819 3833 4860 cor-

2279 4916 2412 4972 pore
2437 4903 2715 4958 constituti
2745 4905 3154 4974 pcregrinamur
3182 4921 3213 4960 a
3236 4907 3485 4972 Domino,
3506 4915 3724 4976 prmsens
3740 4895 3830 4949 vita

2278 4992 2433 5048 nobis
2453 5002 2536 5048 est
2563 4994 2669 5061 via,
2703 4995 2756 5049 in
2786 5011 2892 5066 qua
2920 5011 3132 5066 semper
3171 4998 3428 5053 habemus
3475 4996 3562 5052 ubi
3597 4989 3829 5063 possimus

2278 5084 2561 5157 proﬁcere,
2594 5088 2790 5156 donec,
2816 5087 2928 5143 Deo
2955 5089 3303 5158 perducente,
3337 5091 3402 5145 ad
3428 5091 3569 5145 illam
3591 5083 3826 5139 valeamus

2279 5180 2452 5234 beatae
2498 5180 2920 5236 immortalitatis
2975 5189 3233 5237 teternam
3290 5184 3514 5253 patriam
3562 5170 3821 5249 pervenire.

2279 5266 2482 5336 Magnas
2506 5270 2667 5338 igitur
2693 5268 3044 5326 beatitudinis
3093 5279 3177 5327 est
3214 5273 3293 5328 sic
3328 5273 3380 5327 in
3408 5265 3646 5350 prtesegti
3671 5261 3822 5314 vivere

2280 5361 2500 5429 smculo,
2541 5371 2602 5416 ut
2647 5360 2911 5432 profectui
2951 5363 3180 5433 spiritali
3227 5366 3401 5420 omnis
3442 5361 3601 5415 fidelis
3637 5356 3822 5423 operam

2283 5451 2394 5519 det,
2429 5469 2530 5509 nec
2559 5460 2738 5508 tamen
2766 5454 2871 5509 hoc
2899 5455 3010 5510 suis
3039 5455 3329 5525 aliquando
3368 5455 3563 5509 viribus
3595 5439 3815 5516 supel'bus

2288 5542 2544 5610 assignet,
2590 5545 2685 5599 sed
2713 5545 2900 5601 humili
2929 5546 3092 5603 corde
3128 5563 3159 5602 a
3188 5547 3301 5603 Deo
3331 5555 3510 5618 poscat
3533 5543 3696 5612 jugem
3721 5543 3819 5587 cusc

2289 5633 2491 5690 todiaui
2520 5636 2736 5706 accepti.
2755 5639 3014 5706 muneris,
3045 5655 3076 5694 a
3105 5653 3213 5707 quo
3242 5645 3455 5693 emanat
3499 5632 3646 5688 totius
3670 5625 3810 5678 ὺοηῖεν

2289 5739 2397 5779 non
2421 5732 2626 5782 tantum
2656 5727 3000 5800 principium.
3068 5729 3163 5785 sed
3191 5729 3355 5784 etiam
3387 5720 3627 5800 perfectio
3654 5711 3812 5770 volun-

2290 5816 2432 5872 tatis.
