4120 6494
295 463 421 523 5H

1738 463 2070 522 EPISTOLA
2109 466 2195 524 IV.

3506 470 3671 532 3&2'

396 582 454 639 6.
495 580 684 654 Neque
713 580 854 637 enim
899 578 1084 636 Jacobi
1107 580 1710 653 'apostoliprazdicatio
1740 582 1918 651 aliqua
1949 584 1998 643 A
2024 584 2184 652 pheta
2233 586 2402 656 dicit;
2441 587 2567 642 Tota
2597 588 2680 642 die
2716 591 3050 644 contrislalus
3093 589 3448 661 ingrediebar;
3485 611 3614 666 quo-

298 683 511 744 potest
556 673 1028 743 argumentatione
1056 673 1276 740 cassari,
1328 673 1591 728 dicentis:
1628 672 1792 727 Omne
1822 672 1921 726 da-

298 780 430 824 tum
453 769 804 838 optimum,.et
832 783 984 822 omne
1005 767 1199 822 donum
1225 769 1509 840 perfectum
1532 768 1802 823 desursum
1822 775 1919 835 est,

289 859 640 915 descendens
666 875 697 912 a
742 858 901 912 Patre
939 859 1193 912 luminum
1236 858 1374 928 (Jac.
1413 875 1450 924 ι,
1482 858 1597 940 OH).
1631 858 1742 914 Nec
1769 859 1920 928 quis-

290 967 483 1021 quam
509 948 812 1014 hominum,
846 948 961 1004 sive
989 947 1056 1002 ad
1103 947 1470 1018 cogitandum,
1522 948 1637 1005 sive
1675 948 1742 1004 ad
1781 963 1915 1018 ope-

295 1040 548 1094 randam
576 1039 939 1109 quodcunque
987 1039 1210 1104 bonum,
1262 1047 1443 1109 potest
1495 1054 1615 1095 esse
1665 1039 1913 1108 idoneus,

2027 676 2169 732 niam
2185 680 2359 733 anima
2387 697 2500 735 mea
2533 681 2744 752 impleta
2773 691 2849 736 est
2877 682 3227 750 illusionibus,
3244 693 3294 739 et
3307 696 3500 740 nonest
3527 704 3614 741 sa-

2024 768 2163 822 nitas
2191 769 2245 824 in
2274 787 2428 826 carne
2452 789 2569 827 mea
2599 755 2786 846 (Psal.,
2805 784 3008 842 x’xxvu,
3043 775 3116 847 7).
3152 774 3290 843 Quid
3319 785 3402 833 est
3431 786 3613 836 autem

2023 863 2138 911 tota
2165 858 2253 914 die
2282 863 2663 918 contristatum
2693 864 2920 932 ingredi,
2963 865 3066 920 nisi
3105 866 3272 921 totius
3300 847 3461 937 hujus
3489 869 3612 930 vita:

2021 955 2279 1020 tempore
2311 961 2663 1021 peccatorum
2711 956 3090 1012 recordatione
3135 958 3360 1014 taistari.
3411 958 3469 1014 In
3499 976 3610 1031 quo

2020 1041 2164 1096 enim
2210 1031 2387 1097 anima
2432 1044 2768 1102 illusionibus
2814 1047 3085 1117 impletur,
3126 1048 3230 1103 nisi
3260 1064 3383 1104 cum
3405 1064 3608 1104 concu-

293 1130 416 1185 nisi
443 1131 605 1185 fuerit
632 1145 855 1186 munere
876 1131 1113 1200 gratuito
1142 1130 1338 1185 divina:
1367 1130 1740 1200 opitulationis
1769 1131 1917 1200 adju—
2015 1133 2398 1203 piscentiarum
2438 1138 2732 1193 carnalium
2782 1138 3052 1210 frequenti
3079 1140 3379 1197 tentatione
3409 1156 3608 1196 concu-

294 1230 401 1278 tus
428 1239 442 1274 :
476 1221 618 1276 Deus
639 1231 716 1276 est
743 1223 881 1276 enim
901 1223 986 1292 qui
1007 1233 1253 1293 operatur
1285 1222 1340 1276 in
1369 1223 1480 1278 suis
1507 1233 1558 1278 et
1579 1223 1705 1278 velle
1723 1233 1774 1278 et
1796 1241 1914 1294 per-

292 1315 474 1382 (icere
497 1331 592 1384 pro
614 1314 753 1368 bona
781 1316 1044 1370 voluntate
1088 1315 1311 1386 (Philip.
1357 1332 1414 1385 ιι,
1462 1315 1575 1384 15),
1625 1315 1764 1372 sicut
1804 1317 1912 1372 Vas

297 1404 901 1471 electionisaflirmat;
950 1421 1058 1476 quo
1087 1406 1252 1460 etiam
1281 1405 1514 1462 docente
1561 1408 1911 1474 cognovimus

293 1496 438 1564 quia
463 1537 478 1562 ,
513 1494 637 1551 Non
658 1513 835 1550 sumus
859 1497 1034 1551 idonei
1057 1497 1288 1568 cogitare
1317 1495 1514 1568 aliquid
1543 1514 1576 1550 a
1595 1496 1741 1552 nobis
1763 1499 1910 1569 quasi

289 1604 369 1642 ea:
416 1587 599 1653 nobis;
638 1589 732 1643 sed
774 1589 1082 1660 sufﬁcientia
1102 1596 1292 1643 nostra
1327 1605 1392 1643 ea:
1421 1587 1533 1643 Deo
1561 1598 1639 1644 est
1667 1588 1753 1661 (II
1785 1588 1906 1644 Cor.

293 1693 382 1745 ιιι,
421 1678 499 1751 5).
529 1677 626 1735 Ille
675 1681 836 1750 igitur
887 1680 1044 1736 nobis
1090 1695 1310 1735 omnem
1354 1679 1484 1740 boni
1530 1678 1908 1735 sufﬁcientiam

293 1770 702 1838 subministrat,
732 1769 890 1840 cujus
915 1786 1021 1826 non
1050 1770 1310 1825 minuitur
1339 1769 1618 1840 plenitudo
1649 1785 1771 1826 cum
1802 1770 1905 1827 do-

295 1871 423 1928 nat,
454 1863 547 1932 qui
573 1863 730 1918 nobis
759 1878 922 1936 omne
947 1863 1150 1918 bonum
1187 1861 1419 1929 benigne
1449 1861 1674 1930 largitur
1719 1869 1780 1915 ut
1807 1860 1905 1914 ha-

2016 1223 2181 1278 titur?
2207 1224 2410 1292 Quibus
2449 1228 2550 1282 etsi
2579 1230 2937 1285 consensione
2962 1246 3070 1285 non
3097 1231 3263 1300 cedit,
3296 1230 3608 1301 fatigatione

2014 1314 2277 1371 lassescit.
2301 1317 2557 1384 Quamvis
2578 1321 2720 1374 enim
2751 1322 2977 1377 subinde
3003 1323 3115 1377 suis
3130 1323 3388 1378 Dominus
3412 1324 3464 1378 in
3487 1340 3602 1379 cer«

2011 1406 2233 1472 tamine,
2261 1424 2328 1463 ne
2359 1407 2631 1476 deficiant,
2664 1412 2990 1481 adjutorium
3029 1415 3250 1481 tribuat,
3279 1417 3606 1486 permittitur

2012 1504 2192 1552 tamen
2221 1496 2429 1568 fatigari
2460 1505 2689 1572 propria:
2718 1501 3042 1559 infirmitatis
3070 1521 3238 1562 onere
3268 1517 3603 1576 praegravata

2011 1588 2333 1656 mortalitas,
2384 1598 2443 1645 ut
2469 1607 2590 1646 cum
2623 1593 2676 1647 in
2717 1594 2893 1664 seipsa
2924 1595 3128 1650 nullum
3159 1597 3372 1653 virtutis
3401 1599 3606 1654 invenit

2012 1677 2428 1748 firmamentum,
2459 1681 2529 1737 ad
2568 1685 2895 1755 poscendum
2922 1685 3116 1741 divinae
3146 1687 3360 1758 pietatis
3381 1689 3490 1745 cito
3518 1706 3626 1745 re-.

2011 1779 2195 1826 currat
2217 1773 2494 1830 auxilium.

2082 1865 2133 1918 9.
2176 1864 2278 1944 llic
2321 1882 2451 1938 ergo
2478 1878 2606 1925 tunc
2635 1869 3004 1927 adversarium
3033 1872 3315 1940 vincimus,
3347 1875 3393 1929 si
3433 1873 3603 1944 lacry-

293 1951 564 2037 beamus;
616 1962 672 2010 et
725 1954 776 2008 in
825 1953 1009 2024 seipso
1041 1953 1178 2011 «sine
1231 1951 1590 2008 diminutione
1626 1958 1909 2020 permanet
1942 1957 2140 2024 Bmis,
2187 1966 2242 2013 et
2289 1961 2639 2028 orationibus,
2672 1971 2728 2017 et
2771 1963 3027 2018 continua
3074 1963 3254 2020 cordis
3302 1963 3608 2024 humilitate

210 2040 212 2042 ’
295 2046 499 2116 plenus
529 2064 540 2099 :
572 2044 719 2115 quod
739 2060 840 2102 nec
875 2044 1120 2113 angelica
1150 2050 1351 2114 potest,
1385 2059 1488 2099 nec
1507 2044 1741 2097 humana
1770 2059 1911 2112 pra:-

296 2148 452 2194 stare
474 2147 695 2205 natura;
720 2153 783 2194 ac
803 2139 882 2194 sic
905 2138 1071 2204 nulla,
1087 2137 1216 2193 licet
1230 2136 1506 2207 spiritalis,
1525 2144 1704 2192 tamen
1727 2143 1912 2191 creata

297 2232 634 2286 substantia.
662 2229 797 2297 Quia
821 2245 982 2286 omne
1015 2228 1161 2300 quod
1186 2235 1432 2285 creatum
1453 2235 1556 2295 est,
1585 2228 1726 2284 sicut
1760 2235 1916 2284 ante-

299 2339 473 2394 quam
504 2334 786 2380 crearetur
812 2339 919 2380 non
947 2322 1068 2390 fuit,
1101 2323 1180 2379 sic
1209 2328 1502 2392 antequam
1530 2321 1805 2392 acciperet
1824 2321 1915 2375 ha-

300 2414 442 2470 bere
474 2430 581 2470 non
611 2414 816 2485 potuit;
841 2421 898 2469 et
924 2413 1066 2470 sicut
1093 2412 1389 2469 subsistere
1433 2427 1542 2468 non
1576 2419 1759 2483 potest
1787 2411 1908 2466 sine

299 2504 454 2561 illius
481 2505 802 2575 operatione
815 2505 910 2575 qui
938 2503 1086 2570 fecit,
1105 2503 1184 2561 sic
1211 2503 1413 2558 bonum
1440 2518 1547 2558 non
1577 2509 1756 2573 potest
1778 2502 1914 2557 velle

302 2611 410 2653 seu
439 2595 638 2662 facere,
667 2597 768 2652 nisi
810 2595 954 2652 Deus
983 2595 1234 2664 dignetur
1265 2594 1470 2665 jugiter
1515 2594 1792 2663 adjuvare.
1832 2592 1914 2648 Ab

305 2685 435 2756 ipso
466 2701 699 2755 namque
724 2694 812 2741 est
855 2685 1066 2741 initium
1104 2686 1260 2756 179
1285 2685 1442 2740 home
1483 2685 1814 2752 voluntatis;
1846 2685 1914 2740 ab

300 2775 425 2846 ipso
449 2775 676 2832 facultas
695 2777 826 2832 boni
854 2777 1057 2848 operis,
1084 2777 1152 2832 ab
1183 2775 1303 2846 ipso
1331 2776 1734 2845 perseverantia
1756 2777 1913 2832 bona:

303 2870 765 2937 conversationis;
794 2870 863 2924 ab
892 2869 1011 2940 ipso
1031 2867 1192 2922 datur
1213 2868 1264 2922 in
1285 2868 1534 2938 praesenti
1566 2868 1763 2924 saeculo
1789 2883 1912 2924 vera

303 2960 488 3015 cordis
528 2960 825 3029 humilitas,
875 2968 933 3016 et
977 2959 1032 3014 in
1085 2957 1269 3013 futuro
1298 2958 1670 3016 retributionis
1697 2966 1914 3014 aeternae

306 3052 583 3109 felicitas:
616 3060 676 3107 ut
704 3053 804 3123 ipsi
831 3053 939 3109 sint
966 3051 1084 3108 sine
1111 3049 1216 3106 line
1247 3049 1427 3106 felices
1469 3050 1562 3119 qui
1604 3066 1750 3105 nunc
1795 3051 1912 3106 sine

306 3142 524 3200 ﬁctione
553 3154 682 3202 sunt
706 3146 959 3212 humiles,
974 3161 1074 3201 nec
1090 3159 1149 3201 se
1163 3143 1444 3201 inﬂatione
1465 3159 1603 3199 vana
1625 3145 1910 3212 seducunt,

306 3239 406 3294 sed
432 3240 675 3310 pericula
703 3240 986 3312 praesentis
1025 3239 1149 3295 vitae
1195 3254 1318 3295 cum
1363 3238 1561 3294 timore
1587 3247 1645 3295 et
1674 3246 1911 3294 tremore

2013 2059 2332 2115 pugnemus.
2366 2049 2636 2120 Scriptum
2683 2061 2769 2107 est
2795 2052 2936 2107 enim
2959 2055 3084 2122 quia
3113 2052 3299 2107 Oratio
3339 2055 3608 2110 humilium

2013 2136 2172 2190 nubes
2198 2147 2454 2207 penetrat,
2482 2149 2530 2194 et
2557 2158 2663 2196 non
2691 2143 2898 2214 elongat
2929 2144 3201 2208 Dominus,
3234 2143 3396 2198 donec
3441 2161 3608 2198 exau-

2013 2228 2125 2282 diat
2155 2228 2343 2300 (Eccli.
2375 2247 2544 2299 xxxv,
2573 2231 2689 2302 21).
2721 2232 3014 2289 Humilium
3042 2248 3173 2304 ergo
3201 2233 3359 2289 lletus
3386 2247 3608 2303 magnus

2014 2329 2098 2375 est
2125 2323 2578 2392 concupiscentiae
2607 2325 2843 2380 carnalis
2873 2325 3141 2382 interitus.
3171 2325 3450 2398 Lacrymae
3489 2341 3608 2396 quae

2015 2427 2084 2467 ex
2110 2413 2527 2484 compunctione
2569 2413 2752 2472 cordis
2803 2416 3046 2482 veniunt,
3096 2425 3154 2471 et
3179 2417 3457 2472 inimicum
3483 2417 3606 2471 vin—

2015 2515 2139 2560 cunt
2168 2544 2184 2568 ,
2233 2514 2288 2560 et
2327 2506 2484 2560 nobis
2528 2505 2731 2562 donum
2777 2507 2976 2562 laetitia:
3027 2507 3367 2578 triumphalis
3417 2507 3608 2576 acqui-

2013 2603 2160 2650 runt.
2193 2595 2294 2662 Qui
2342 2596 2484 2651 enim
2514 2604 2692 2651 euntes
2722 2608 2846 2651 eunt
2873 2607 2921 2651 et
2949 2598 3094 2667 ﬂent,
3124 2599 3382 2651 mittentes
3409 2598 3607 2652 semina

2015 2703 2140 2754 sua,
2174 2686 2274 2756 ipsi
2313 2687 2569 2740 venientes
2613 2689 2816 2741 venient
2863 2689 2916 2741 in
2961 2689 3307 2743 exsultatione
3342 2695 3607 2760 portantes

2016 2779 2306 2850 manipulos
2326 2795 2447 2834 suos
2481 2779 2653 2848 (Psal.
2687 2797 2845 2846 cxxv,
2873 2779 2927 2849 5,
2957 2780 3034 2851 6).
3066 2781 3240 2849 Quam
3264 2782 3403 2838 bene
3428 2791 3607 2838 autem

2015 2880 2235 2926 sanctus
2264 2872 2526 2940 propheta
2573 2872 2780 2927 semina
2818 2872 3085 2927 bonorum
3115 2888 3340 2943 operum
3385 2872 3606 2940 rigando

2016 2961 2175 3016 docet
2205 2961 2422 3016 [lumine
2477 2962 2862 3033 lacrymarum!
2918 2962 3109 3017 Omnia
3156 2963 3356 3018 etenim
3401 2962 3606 3018 semina

2017 3067 2124 3107 non
2154 3052 2480 3121 germinant,
2524 3052 2627 3108 nisi
2654 3052 2850 3122 fuerint
2884 3054 3134 3123 irrigata;
3167 3069 3267 3109 nec
3310 3054 3378 3109 de
3402 3054 3610 3110 semine

2016 3144 2258 3215 procedit
2281 3143 2504 3209 fructus,
2539 3145 2584 3199 si
2614 3144 2773 3200 fuerit
2797 3160 3056 3214 aquarum
3077 3145 3354 3221 juvamine
3383 3146 3607 3204 destitu-

2015 3242 2122 3290 tus.
2149 3233 2379 3290 Proinde
2401 3251 2502 3292 nos
2529 3249 2768 3304 quoque,
2805 3237 2850 3291 si
2884 3236 3133 3293 volumus
3160 3234 3366 3293 fructus
3395 3245 3607 3292 nostro-

307 3331 646 3401 conspiciunt
674 3341 722 3399 ι,
757 3333 812 3387 in
835 3347 940 3402 qua
969 3331 1050 3388 sic
1078 3347 1189 3386 non
1214 3338 1395 3402 potest
1423 3346 1543 3388 esse
1568 3331 1727 3386 bonis
1749 3331 1908 3402 plena
1939 3337 1984 3400 C
2014 3342 2134 3381 rum
2162 3327 2429 3382 seminum
2458 3342 2675 3397 capere,
2723 3343 2830 3382 non
2873 3327 3188 3387 desinamus
3219 3329 3377 3400 180
3404 3324 3607 3383 semina

305 3425 595 3490 securitas,
628 3433 689 3480 ut
709 3433 838 3481 tunc
865 3425 1076 3481 facilius
1106 3423 1406 3480 adversitas
1456 3425 1736 3496 subrepat,
1786 3441 1907 3480 cum

311 3530 371 3570 se
396 3517 730 3586 prosperitas
755 3516 1126 3572 fraudulenter
1145 3524 1402 3572 ostentat.

378 3604 508 3660 CAP.
532 3621 605 3660 1v.
647 3590 882 3678 Laqueus
926 3607 1117 3660 diaboli
1165 3623 1257 3676 per
1298 3623 1352 3660 se
1378 3606 1569 3679 absque
1597 3606 1694 3662 Dei
1724 3611 1905 3680 gratia

312 3695 484 3749 nullus
505 3696 722 3751 evadere
741 3705 926 3767 potest.
943 3726 1016 3738 —
1033 3697 1087 3750 7.
1130 3696 1240 3752 Nec
1260 3704 1348 3752 est
1367 3697 1585 3767 aliquod
1609 3698 1766 3767 hujus
1786 3700 1911 3754 vita:

313 3795 525 3858 tempus
553 3789 607 3842 in
653 3802 763 3857 quo
800 3803 911 3843 non
958 3787 1270 3843 hominibus
1321 3788 1678 3858 muscipulam
1725 3790 1912 3844 tendat

312 3878 562 3936 inimicus
597 3879 784 3949 ;cujus
809 3879 1031 3948 laqueos
1055 3893 1220 3933 nemo
1250 3883 1431 3948 potest
1454 3878 1686 3948 propriis
1707 3879 1912 3934 viribus

312 3968 576 4039 evadere,
635 3970 736 4026 nisi
791 3985 954 4042 quem
996 3969 1138 4025 Deus
1187 3969 1361 4038 gratia
1416 3983 1513 4024 sua
1566 3982 1662 4038 per
1727 3967 1909 4023 Jesum

317 4061 585 4120 Christum
614 4062 900 4119 Dominum
923 4070 1168 4118 nostrum
1189 4060 1442 4131 dignatus
1471 4058 1633 4114 fuerit
1655 4058 1905 4116 liberare.

312 4149 433 4210 Ideo
460 4153 570 4210 Vas
598 4154 904 4221 electionis,
935 4169 1059 4210 cum
1086 4153 1350 4223 captivari
1377 4168 1438 4207 se
1467 4149 1521 4206 in
1551 4152 1672 4219 lege
1699 4152 1910 4222 peccati

313 4247 554 4313 sentiret,
584 4246 944 4312 exclamabat,
990 4245 1177 4301 dicens
1203 4263 1215 4298 :
1247 4243 1449 4317 Infelix
1474 4261 1568 4317 ego
1600 4245 1777 4314 homo,
1799 4247 1911 4317 quis

314 4354 389 4392 me
415 4336 654 4393 liberabit
684 4339 748 4394 de
777 4356 994 4412 corpore
1025 4340 1206 4394 mortis
1235 4339 1430 4410 hujus?
1457 4337 1645 4393 Gratia
1676 4338 1770 4392 Dei
1818 4356 1910 4410 per

306 4428 486 4484 ,Jesum
540 4429 800 4486 Christum
855 4430 1138 4486 Dominum
1189 4440 1420 4486 nostrum
1467 4429 1644 4501 (Rom.
1677 4429 1906 4501 unﬁt).

315 4518 599 4592 Propterea
630 4524 793 4580 etiam
823 4525 1112 4595 propheta,
1158 4540 1267 4579 non
1293 4539 1390 4579 sua
1422 4524 1642 4590 virtute,
1687 4520 1786 4577 sed
1823 4521 1905 4576 di-
1952 4577 1956 4580 .

315 4610 434 4666 vino
460 4627 704 4684 munere,
729 4613 894 4682 pedes
921 4629 1050 4669 suos
1079 4612 1149 4668 de
1171 4613 1364 4683 laqueo
1393 4611 1649 4681 praedicat
1677 4611 1910 4666 evellen-

2014 3426 2200 3473 nostra
2222 3418 2474 3491 lacrymis
2503 3419 2747 3487 irrigare,
2781 3434 2902 3489 quae
2947 3420 3120 3489 magis
3145 3419 3307 3476 corde
3335 3429 3460 3476 sunt
3489 3419 3607 3474 fan-

2014 3508 2206 3564 dendze
2235 3525 2398 3579 quam
2425 3525 2675 3582 corpore.
2700 3510 2827 3567 Ideo
2850 3527 3082 3582 namque
3105 3512 3261 3567 nobis
3288 3511 3484 3567 dicitur
3513 3527 3609 3582 per

2015 3602 2355 3673 prophetam,
2389 3611 2447 3658 ut
2476 3604 2787 3658 scindamus
2815 3614 2997 3660 nostra
3025 3604 3206 3673 corda,
3239 3613 3287 3659 et
3326 3621 3428 3659 non
3460 3607 3609 3660 vesti-

2012 3701 2186 3746 menta
2214 3702 2394 3748 nostra
2425 3694 2580 3765 (Joel.
2615 3711 2672 3760 ιι,
2718 3693 2841 3765 15);
2872 3696 3018 3764 quod
3046 3703 3174 3752 tunc
3202 3696 3380 3752 facere
3409 3713 3603 3766 possu-

2015 3799 2154 3848 mus,
2180 3799 2304 3838 curn
2334 3785 2542 3839 scilicet
2570 3768 2920 3844 recordamur
2951 3770 3334 3856 nosmetipsos,
3365 3787 3464 3841 etsi
3495 3802 3606 3842 non

2015 3875 2068 3929 in
2100 3891 2282 3945 opere,
2301 3876 2495 3931 saltem
2519 3876 2570 3930 in
2595 3877 2924 3945 cogitatione
2948 3875 3258 3945 frequenter
3273 3877 3614 3948 delinquere.

2015 3964 2150 4032 Quia
2184 3976 2388 4022 terrena
2415 3968 2726 4024 inhabitatio
2755 3985 2962 4027 sensum
2994 3969 3158 4024 multa
3181 3970 3492 4042 cogitantem
3520 3971 3614 4026 de.

2014 4057 2191 4126 primit
2213 4057 2367 4127 (Sap.
2400 4072 2472 4124 ix,
2501 4055 2619 4126 i5);
2653 4065 2708 4112 et
2739 4066 2882 4112 terra
2900 4066 3081 4113 nostra
3105 4059 3407 4127 germinare
3427 4061 3611 4130 spinas

2014 4145 2172 4201 nobis
2203 4153 2259 4202 et
2307 4145 2534 4201 tribulos
2585 4163 2692 4203 non
2745 4147 2976 4217 quiescit
3005 4145 3230 4218 (Cenes.
3265 4164 3338 4214 tu,
3375 4149 3487 4219 l7),
3510 4165 3612 4206 nec

2013 4251 2301 4307 possumus
2328 4238 2618 4307 pervenire
2646 4238 2714 4293 ad
2743 4252 2894 4293 esum
2924 4239 3079 4309 panis
3110 4240 3298 4307 nostri,
3325 4240 3430 4296 nisi
3453 4239 3612 4297 fueri-

2013 4346 2133 4387 mus
2163 4330 2357 4386 sudore
2379 4332 2634 4387 vultuset
2665 4331 2980 4401 fatigatione
3001 4331 3259 4390 confecti.

2085 4425 2217 4480 CAP.
2246 4441 2313 4480 vr.
2359 4423 2626 4497 Fatigatio
2655 4432 2836 4479 nostra
2863 4426 2918 4480 in
2940 4425 3225 4481 resistendo
3250 4425 3612 4500 concupiscem

2016 4518 2120 4570 tiis.
2155 4514 2292 4581 Quid
2317 4517 2384 4570 sit
2412 4516 2656 4585 parvulos
2702 4514 2991 4590 Babylonis
3037 4516 3228 4573 elidere
3272 4521 3341 4573 ad
3389 4529 3608 4591 petram.

2012 4640 2083 4652 ——
2105 4607 2192 4662 10.
2232 4607 2539 4677 Fatigalnur
2559 4607 2703 4665 enim
2727 4609 3034 4676 sudoribus,
3058 4608 3186 4664 dum
3209 4610 3442 4680 propriis
3464 4611 3611 4681 cupi-

315 4701 419 4768 dos,
451 4703 634 4758 dicens
663 4722 676 4754 :
706 4703 857 4758 Oculi
887 4705 987 4757 mei
1012 4720 1212 4774 semper
1241 4703 1310 4756 ad
1339 4701 1640 4768 Dominum,
1664 4701 1907 4772 quoniam
1937 4718 1987 4778 ι)
2013 4699 2271 4756 ditalihus
2300 4713 2665 4771 repugnamus
2689 4719 2701 4753 :
2737 4700 2790 4754 in
2843 4702 3040 4770 quibus
3089 4701 3367 4756 vincendis
3407 4699 3611 4757 idcirco

318 4795 418 4864 ipse
457 4795 633 4849 evellet
659 4795 722 4850 de
751 4801 933 4868 laqueo
962 4795 1115 4852 aedes
1144 4811 1284 4848 meos
1316 4793 1488 4863 (Psal.
1516 4795 1662 4859 xxiv,
1697 4791 1806 4863 15).
1839 4790 1909 4845 Εῑ

315 4885 409 4940 alio
437 4885 578 4953 loco,
607 4902 674 4942 ex
702 4901 934 4956 persona
981 4893 1318 4951 sanctorum,
1355 4899 1492 4952 quos
1520 4883 1589 4938 de
1616 4883 1780 4956 hujus
1808 4900 1907 4941 sa:-

317 4979 407 5034 culi
438 4979 632 5050 laqueo
680 4979 964 5047 liberatos,
994 4977 1063 5033 ad
1087 4984 1348 5033 aeternam
1394 4975 1647 5045 dignatus
1689 4985 1775 5033 est
1800 4977 1909 5033 Do-

317 5074 480 5128 minus
531 5075 884 5130 securitatem
928 5073 1280 5142 lmtitiamque
1308 5070 1628 5140 transferre,
1660 5072 1739 5127 sic
1764 5072 1904 5127 dici-

318 5171 428 5218 tur:
461 5165 651 5220 Anima
699 5175 877 5220 nostra
922 5167 1055 5220 sicut
1103 5181 1285 5236 passer
1309 5175 1487 5236 erepta
1527 5173 1604 5219 cst
1629 5166 1692 5219 de
1720 5165 1902 5238 laqueo

317 5257 624 5320 venantium;
655 5256 868 5327 laqueus
898 5256 1152 5314 contritus
1171 5267 1270 5317 est.
1293 5266 1342 5312 et
1371 5272 1466 5310 nos
1495 5254 1701 5310 liberati
1725 5273 1902 5311 sumus

319 5344 473 5414 (Psal.
511 5362 695 5410 cxxm,
725 5347 802 5415 7).
1033 5351 1045 5361 '

377 5434 504 5491 CAP.
541 5454 593 5492 v.
636 5435 808 5496 Nemo
838 5443 894 5496 in
924 5443 1022 5496 hac
1051 5443 1152 5496 vita
1172 5458 1401 5496 securus.
1438 5436 1692 5494 Oratione
1712 5448 1899 5493 etcor-

320 5528 386 5582 dis
414 5536 808 5604 compunctione
831 5533 1188 5606 pugnandum.
1214 5565 1285 5575 —
1305 5532 1358 5587 8.
1398 5531 1810 5598 Verumtamen,
1844 5541 1901 5586 ut

319 5633 459 5680 suam
490 5626 724 5680 animam
754 5623 1122 5694 unusquisque
1151 5630 1397 5679 nostrum
1433 5621 1573 5676 inter
1603 5620 1902 5677 adversita-

310 5723 393 5777 _tes
438 5723 494 5770 et
523 5715 746 5785 laqueos
775 5716 978 5771 inimici
1009 5715 1211 5770 versari
1242 5721 1552 5783 cognoscat,
1586 5728 1688 5767 nec
1715 5713 1768 5766 in
1799 5713 1902 5769 hoc

322 5807 501 5864 saeculo
527 5810 689 5864 noxia
713 5824 946 5880 unquam
974 5807 1264 5864 securitate
1292 5813 1583 5874 torpescat,
1613 5802 1754 5858 idem
1779 5818 1902 5872 pro-

393 5940 559 5998 ‘Hazc
589 5946 772 6011 verba,
804 5945 895 5998 sed
921 5946 1151 6013 pericula
1193 5943 1456 6014 pricscntis
1505 5945 1619 5997 vitm
1659 5958 1774 5994 cunt
1825 5945 1892 5996 ti-

323 6023 451 6070 more
478 6022 529 6070 et
559 6024 778 6072 tremore
807 6017 1147 6080 conspiciunt,
1182 6018 1402 6074 aberant
1432 6019 1498 6074 ab
1524 6015 1708 6076 editis;
1743 6014 1902 6069 resti-

2013 4795 2187 4864 major
2216 4803 2298 4848 est
2327 4793 2640 4850 certaminis
2672 4791 2980 4858 difficultas,
3013 4795 3140 4864 quia
3185 4810 3303 4850 non
3339 4795 3611 4852 extrinse-

2011 4902 2107 4944 cus
2128 4901 2196 4942 ex
2227 4887 2420 4948 altero,
2461 4885 2556 4940 sed
2585 4886 2909 4943 intrinsecus
2941 4902 3006 4942 ex
3038 4887 3220 4958 seipso
3248 4887 3480 4943 eertanti
3511 4888 3612 4940 ho-

2011 4974 2638 5046 minitconcupiscentia:
2687 4977 2920 5032 carnalis
2961 4985 3253 5048 generatur
3290 4975 3611 5047 adversitas,

2011 5084 2132 5139 quae
2163 5067 2529 5136 fatigationem
2563 5066 2758 5137 ingerit
2788 5069 3036 5123 humana:
3066 5067 3445 5135 imbecillitati,
3481 5066 3612 5122 dum

2013 5159 2274 5224 nascitur,
2303 5157 2552 5227 quamvis
2580 5157 2774 5213 divina:
2803 5158 3020 5214 virtutis
3049 5157 3405 5228 opitulatione
3435 5157 3594 5212 vinca

2011 5259 2117 5306 tur.
2154 5249 2288 5304 Caro
2319 5249 2457 5303 enim
2501 5250 2814 5319 concupiscit
2845 5247 3364 5316 adversusspiritum,
3401 5247 3610 5315 spiritus

2010 5349 2180 5395 autem
2210 5339 2452 5394 adversus
2482 5356 2688 5393 carnem
2725 5355 2743 5392 :
2775 5339 2885 5393 hac
2934 5338 3068 5391 enim
3110 5335 3206 5389 sibi
3255 5337 3465 5390 invicem
3513 5337 3607 5391 ad-

2009 5441 2294 5493 versantur,
2345 5439 2400 5486 ut
2444 5447 2547 5485 non
2593 5446 2907 5502 quwcuuque
2939 5429 3189 5490 volumus,
3227 5427 3320 5481 illa
3351 5429 3609 5499 faciamus

2013 5522 2156 5596 (Gal.
2188 5541 2238 5590 v,
2267 5523 2378 5592 l7).
2413 5522 2548 5580 llinc
2578 5530 2663 5577 est
2690 5520 2834 5590 quod
2869 5518 3104 5574 nondum
3138 5520 3252 5575 Deo
3281 5536 3464 5575 sumus
3488 5537 3606 5574 om-

2011 5618 2139 5671 nino
2196 5615 2450 5685 subjecti,
2498 5614 2624 5684 quia
2659 5627 2723 5666 ex
2757 5611 2914 5664 nobis
2945 5610 3185 5666 nascitur
3223 5609 3366 5679 quod
3407 5610 3605 5665 divina:

2010 5710 2262 5767 renititur
2279 5707 2526 5778 jussioni.
2554 5704 2685 5760 Nam
2711 5703 2835 5758 licet
2855 5717 2920 5758 ex
2945 5702 3116 5771 gratia
3135 5702 3228 5757 Dei
3255 5701 3326 5757 sit
3354 5701 3607 5755 voluntas

2011 5803 2064 5856 in
2089 5801 2244 5858 nobis
2267 5801 2408 5856 bona
2429 5812 2549 5867 quae
2580 5812 2680 5853 nos
2701 5795 2813 5852 Deo
2839 5795 3026 5852 reddat
3047 5795 3296 5858 humiles,
3322 5807 3432 5848 non
3465 5794 3625 5848 nobis

2003 5950 2115 5995 tuta
2139 5948 2346 5996 suntex
2380 5954 2507 5990 mss.
2533 5937 2693 5994 Corb.
2723 5946 2777 5994 et
2800 5936 2962 6004 Vict.,
2986 5950 3148 5991 sensu
3168 5932 3611 6002 subsequentium

2011 6012 2296 6068 verborum
2326 6009 2594 6077 exigente.
