4124 6454
555 445 662 502 $.43

1587 437 1641 493 ε.
1681 433 2044 492 FULGENTﬂ
2083 429 2385 489 EPlSCOPl
2426 428 2796 487 RUSPENSIS

3728 425 3844 486 ΞΗ

552 577 736 624 tamen
767 565 920 622 deest
949 579 1130 638 pravae
1170 561 1481 636 cupiditatis
1517 567 1762 628 exortus,
1801 559 1892 629 qui
1934 574 2034 613 nos
2065 555 2145 612 fa-
2173 563 2222 621 Α
2249 553 2424 608 oanda
2447 561 2529 608 est
2557 569 2723 622 opera
2757 562 2815 607 ut
2845 551 2910 606 ad
2940 549 3160 606 meliora
3194 545 3562 617 proficiamus,
3593 562 3662 601 ne
3689 564 3843 604 mor-

553 663 664 714 ciat
693 667 1063 714 contumaces.

628 767 716 823 ll.
760 765 863 823 Per
892 767 988 823 Dei
1011 781 1140 837 ergo
1164 766 1389 838 gratiam
1413 781 1599 821 sumus
1625 763 1734 833 jam
1771 763 1884 818 Deo
1903 777 1969 818 ex
1991 772 2146 833 parte

554 857 805 927 subjecti,
835 873 934 928 per
963 858 1181 928 culpam
1221 872 1352 913 vero
1403 865 1640 912 nostram
1666 870 1848 910 sumus
1876 853 2050 908 adhuc
2077 868 2147 907 ex

555 957 710 1019 parte
740 965 848 1004 non
871 947 1090 1004 subditi.
1126 947 1356 1018 Propter
1383 947 1528 1016 quod
1561 945 1628 1023 ad
1664 944 1918 999 Hebraeos
1948 943 2149 997 dicitur

555 1040 788 1096 necdum
811 1042 998 1096 omnia
1033 1040 1248 1095 Christo
1277 1055 1396 1094 esse
1426 1039 1702 1107 subjecta;
1732 1037 1809 1092 sic
1853 1035 1996 1090 enim
2029 1036 2105 1089 ait
2130 1055 2141 1088 :

559 1130 624 1184 In
648 1147 707 1184 eo
735 1133 870 1185 enim
899 1131 1036 1204 quod
1080 1131 1128 1184 ei
1167 1129 1382 1200 subjecit
1413 1130 1612 1197 omnia,
1653 1129 1784 1182 nihil
1817 1127 2014 1180 dimisit
2043 1143 2145 1180 non

553 1223 839 1294 subjectum
866 1225 932 1277 ei.
966 1222 1018 1276 Ν
1022 1239 1120 1276 unc
1150 1233 1316 1276 autem
1339 1222 1552 1274 necdum
1576 1220 1806 1274 videmus
1832 1220 2005 1273 omnia
2025 1216 2147 1270 sub-

553 1317 692 1389 jecta
720 1317 767 1370 ei
796 1315 984 1389 (Hebr.
1016 1333 1072 1382 n,
1105 1315 1183 1386 8).
1232 1313 1470 1384 Subjecti
1501 1329 1685 1369 sumus
1717 1311 1877 1381 igitur
1915 1311 2048 1376 Deo,
2081 1325 2149 1364 ex

555 1423 623 1461 eo
645 1409 812 1477 quod,
846 1407 962 1476 ipso
999 1407 1051 1460 in
1086 1406 1241 1461 nobis
1271 1415 1551 1476 operante,
1587 1403 2024 1459 condelectamur
2047 1400 2148 1471 legi

555 1497 654 1552 Dei
700 1498 978 1551 secundum
1021 1499 1322 1552 interiorem
1371 1496 1652 1550 hominem.
1700 1493 1935 1548 Necdum
1967 1500 2146 1546 autem

555 1603 742 1642 sumus
772 1588 1001 1656 subjecti
1045 1603 1112 1643 ex
1156 1602 1221 1642 eo
1250 1586 1397 1657 quod
1429 1585 1674 1641 videmus
1707 1585 1867 1638 aliam
1906 1585 2070 1654 legem
2093 1583 2146 1636 in

517 1677 795 1732 'membris
825 1678 1028 1732 nostris
1059 1689 1432 1749 repugnantem
1479 1677 1580 1748 legi
1623 1677 1808 1730 mentis
1849 1682 2065 1741 nostras,
2100 1685 2151 1728 et

553 1770 896 1839 captivantem
925 1784 1027 1824 nos
1067 1770 1121 1822 in
1175 1769 1286 1840 lege
1325 1769 1541 1838 peccati,
1583 1783 1697 1840 aute
1724 1775 1800 1820 est
1826 1767 1880 1820 in
1909 1765 2150 1820 membris

553 1861 754 1916 nostris
785 1860 960 1932 (Rom.
1006 1877 1095 1924 vn,
1122 1859 1211 1925 22,
1239 1859 1357 1930 25).
1391 1859 1630 1928 Subjecti
1652 1873 1836 1913 sumus
1868 1857 1999 1921 Deo,
2023 1857 2148 1927 quia

2249 646 2459 701 tiferam
2507 645 2803 702 incidamus
2825 645 2888 709 in
2927 641 3255 712 superbiam,
3290 639 3336 695 si
3371 639 3842 695 conversationem

2245 750 2486 796 nostram
2510 750 2762 810 putemus
2787 756 2855 796 ex
2886 739 3033 795 omni
3065 744 3218 808 parte
3238 733 3553 806 perfectam.

2316 833 2447 886 Car.
2480 849 2591 886 vin.
2635 830 2895 886 Flendum
2921 832 2975 884 in
3002 831 3098 883 hac
3127 829 3253 893 vita,
3293 837 3348 880 ut
3393 828 3448 881 in
3489 826 3658 880 altera
3687 829 3848 898 quieti

2245 927 2489 978 vivamus.
2525 923 2708 988 Qualis
2729 925 2783 978 in
2815 923 2938 978 cazlo
2968 921 3250 976 beatitudo.
3273 951 3347 962 —-
3367 919 3455 972 Η.
3500 917 3730 974 Proinde
3757 934 3849 987 ge-

2247 1029 2456 1070 mamus
2476 1023 2530 1069 et
2556 1014 2780 1070 fleamus
2797 1029 2980 1070 coram
3002 1014 3251 1080 Domino,
3277 1012 3373 1082 qui
3396 1012 3523 1068 fecit
3539 1029 3640 1068 nos
3664 1013 3843 1081 (Psal.

2248 1123 2388 1172 xcrv,
2415 1106 2448 1160 6
2480 1150 2498 1174 ,
2519 1115 2577 1162 ut
2598 1124 2628 1162 a
2652 1109 3088 1178 concupiscentia
3109 1107 3308 1173 carnis,
3331 1115 3388 1162 et
3413 1123 3443 1162 a
3466 1108 3848 1179 concupisce»

2249 1199 2320 1253 tia
2344 1199 2649 1265 oculorum,
2671 1207 2727 1255 et
2746 1201 2999 1271 superbia
3027 1201 3228 1267 sseculi,
3259 1215 3379 1270 quae
3408 1217 3512 1255 non
3542 1211 3616 1254 est
3637 1217 3702 1256 ex
3736 1200 3847 1255 Pa-

2249 1299 2344 1354 tre,
2370 1290 2460 1343 sed
2489 1307 2554 1343 ea;
2581 1290 2774 1345 mundo
2797 1299 2870 1345 est
2900 1291 2952 1362 (Ι
2984 1290 3143 1346 Joan.
3176 1307 3232 1357 ιι,
3265 1292 3378 1360 16),
3411 1292 3604 1348 liberet
3633 1307 3758 1359 uos,
3788 1301 3847 1348 et

2249 1378 2317 1432 ad
2348 1379 2491 1433 illam
2517 1395 2618 1435 nos
2645 1379 3037 1450 subjectionem
3068 1381 3330 1452 perducat
3359 1382 3411 1435 in
3440 1396 3546 1450 qua
3575 1382 3736 1437 nobis
3765 1383 3844 1437 ni-

2250 1473 2325 1527 hil
2353 1483 2615 1543 repugnet
2633 1491 2703 1530 ex
2730 1477 3076 1532 mortalitatis
3105 1476 3258 1542 vitio,
3307 1475 3402 1530 sed
3435 1490 3500 1530 ex
3524 1475 3846 1530 immortali-

2251 1564 2376 1618 tatis
2405 1565 2548 1619 dono
2577 1573 2750 1620 totum
2796 1566 3056 1636 quidquid
3087 1566 3143 1621 in
3167 1566 3322 1621 nobis
3349 1573 3433 1621 est
3455 1565 3546 1618 fiat
3565 1564 3843 1620 subditum

2252 1655 2385 1710 Deo.
2416 1655 2566 1712 Tunc
2595 1658 2739 1712 enim
2766 1659 2870 1714 erit
2910 1659 2964 1713 in
2994 1659 3151 1714 nobis
3178 1674 3305 1714 vera
3331 1699 3347 1724 ,
3394 1658 3716 1729 perfecta-et
3748 1675 3843 1714 ex-

2251 1746 2395 1802 celsa
2426 1747 2722 1817 humilitas,
2749 1765 2870 1804 cum
2901 1756 2956 1804 et
2998 1749 3052 1803 in
3094 1764 3258 1804 carne
3285 1749 3417 1825 etin
3447 1751 3628 1804 m'ente
3656 1757 3843 1803 nostra

2253 1836 2396 1889 nulla
2428 1839 2744 1894 remanserit
2765 1855 2931 1910 prava
2960 1839 3259 1910 cupiditas;
3291 1854 3392 1895 nec
3418 1839 3843 1910 cogitationibus

553 1953 722 2022 ipsius
750 1925 1097 2007 miseratione
1127 1925 1387 2022 eripim'ur
1415 1968 1445 2006 a
1487 1925 1819 2016 (cautione;
1852 1949 1952 2020 ipsi
2000 1925 2145 2003 είιίω
2182 1935 2221 1994 Β
2251 1925 2558 2022 fatigabitur
2579 1929 2819 1999 spiritus,
2867 1947 2967 1987 nec
2997 1932 3272 1987 laboribus
3310 1933 3678 1987 macerabitur
3719 1949 3843 1988 cor-

553 2051 836 2099 cantamus
865 2061 877 2098 :
912 2044 954 2095 A
985 2053 1033 2097 te
1051 2045 1247 2114 eripior
1275 2061 1307 2096 a
1339 2044 1618 2096 tentatione
1656 2041 1830 2112 (Psal.
1865 2057 1992 2104 xvn,
2015 2039 2145 2110 30);

554 2135 650 2189 sed
680 2136 908 2190 necdum
949 2150 1135 2189 sumus
1167 2135 1389 2189 omnino
1435 2133 1682 2202 subjecti,
1731 2133 1858 2202 quia
1910 2131 2148 2186 Tentatio

557 2235 636 2279 est
683 2227 787 2280 vita
838 2225 1058 2278 hominis
1106 2241 1260 2295 super
1291 2234 1480 2278 terram
1511 2222 1650 2294 (Job.
1682 2239 1774 2288 vlt,
1804 2223 1880 2293 Ι).
1911 2222 2150 2290 Subjecti

554 2331 740 2371 sumus
782 2315 917 2381 Deo,
946 2315 999 2369 in
1022 2329 1131 2384 quo
1162 2331 1367 2386 gressus
1397 2323 1614 2370 nostros
1640 2313 1822 2382 dirigit
1869 2313 2147 2366 secundum

556 2407 762 2463 verbum
790 2423 957 2474 suum,
983 2416 1040 2460 ut
1067 2424 1171 2462 non
1211 2407 1503 2461 dominetur
1533 2405 1687 2461 nobis
1709 2406 1877 2458 omnis
1899 2405 2148 2476 iniquitas

559 2499 731 2569 (l’sal.
765 2514 951 2566 cxvin,
977 2497 1134 2564 155);
1169 2497 1262 2553 sed
1295 2496 1522 2552 necdum
1554 2511 1739 2550 sumus
1769 2495 1992 2550 omnino
2021 2495 2149 2550 sub-

556 2592 707 2662 jecti,
734 2592 858 2662 quia
891 2593 946 2646 in
976 2591 1151 2644 multis
1180 2589 1492 2658 offendimus
1521 2604 1698 2642 omnes
1741 2585 1884 2656 (Iac.
1935 2603 2014 2654 ιιι,
2065 2585 2146 2654 2).

557 2684 797 2754 Subjecti
846 2698 1031 2739 sumus
1061 2683 1113 2736 in
1142 2691 1419 2752 quantum,
1454 2681 1570 2750 ipso
1617 2679 1872 2743 donante,
1912 2679 1965 2731 in
1995 2694 2150 2732 carne

558 2776 898 2841 ambulantes,
922 2793 1025 2831 non
1055 2775 1335 2830 secundum
1357 2790 1566 2828 carnem
1595 2774 1877 2827 militamus
1906 2769 1994 2843 (11
2024 2769 2146 2826 Cor.

557 2882 610 2928 ι,
646 2867 734 2938 3);
769 2867 864 2923 sed
896 2867 1123 2923 necdum
1155 2882 1338 2921 sumus
1370 2865 1584 2921 omnino
1615 2863 1864 2932 subjecti,
1893 2863 2018 2933 quia
2049 2865 2150 2918 etsi

558 2961 816 3017 habemus
856 2975 923 3016 ex
964 2959 1108 3015 dono
1153 2959 1248 3014 Dei
1281 2967 1340 3012 ut
1370 2967 1537 3011 mente
1572 2957 1852 3011 serviamus
1891 2955 1994 3027 legi
2031 2954 2148 3020 Dei,

557 3051 817 3108 habemus
846 3060 1026 3106 tamen
1055 3065 1123 3105 ex
1151 3049 1389 3118 reliquiis
1423 3047 1629 3118 peccati
1663 3055 1721 3101 ut
1752 3063 1909 3101 carne
1956 3049 2150 3100 servia-

559 3161 668 3200 mus
697 3145 794 3216 legi
822 3145 1037 3216 peccati.
1066 3144 1294 3213 Propter
1319 3143 1464 3210 quod
1477 3140 1765 3211 Apostolus
1786 3137 1951 3193 dicit:
1981 3137 2152 3208 Igitur

559 3239 668 3308 ipse
697 3254 788 3308 ego
811 3247 976 3290 mente
1002 3236 1164 3289 servio
1189 3235 1287 3305 legi
1311 3232 1429 3301 Dei,
1457 3249 1614 3286 carne
1641 3243 1810 3285 autem
1826 3230 1926 3301 legi
1952 3231 2150 3297 peccati

562 3325 739 3397 (Rom.
767 3343 855 3391 vn,
885 3326 1002 3396 25).

635 3440 719 3497 t2.
761 3440 945 3496 Omnis
960 3443 1101 3496 enim
1125 3441 1215 3511 qui
1240 3455 1380 3495 nunc
1399 3443 1542 3510 juste
1569 3438 1717 3503 vivit,
1751 3452 1913 3492 carne
1936 3435 2152 3505 quidem

562 3533 726 3588 servit
753 3533 854 3601 legi
881 3532 1107 3603 peccati,
1124 3531 1248 3586 dum
1274 3532 1325 3585 in
1351 3547 1409 3586 se
1433 3529 1579 3584 nasci
1605 3528 1872 3584 carnalem
1900 3527 2152 3596 concupi—

563 3624 821 3679 scentiam
835 3624 1023 3678 sentit:
1041 3632 1218 3678 mente
1231 3632 1409 3678 autem
1423 3623 1586 3678 servit
1597 3622 1699 3690 legi
1716 3621 1806 3675 Dei
1817 3663 1831 3688 ,
1843 3620 1967 3690 quia
1981 3619 2154 3673 eidem

563 3717 764 3771 carnali
787 3717 1238 3788 concupiscentia:
1257 3732 1362 3771 non
1377 3715 1667 3770 consentit.
1685 3713 1861 3768 Carne
1890 3711 2155 3767 servimus

562 3805 670 3877 legi
694 3807 1061 3877 peccati,dum
1097 3806 1190 3862 filii
1233 3807 1518 3878 Babylonis
1541 3813 1826 3861 nascentes
1855 3803 2158 3873 inquietant

563 3899 796 3952 animam
815 3907 1085 3966 nostram;
1103 3899 1196 3954 sed
1217 3906 1398 3953 mente
1416 3897 1678 3953 servimus
1699 3896 1802 3964 legi
1820 3895 1940 3962 Dei,
1954 3909 2076 3949 cum
2094 3894 2159 3947 ii-

563 3991 684 4046 dem
717 3994 923 4063 parvuli
954 3993 1245 4066 Babylonis
1281 3991 1554 4047 eliduntur
1568 3989 1636 4044 ad
1651 3998 1879 4060 petram.
1916 3988 2156 4059 Babylon

564 4085 706 4139 enim
722 4085 966 4141 confusio
989 4086 1394 4156 interpretatur,
1414 4085 1567 4154 cujus
1595 4083 1700 4138 lilia
1731 4090 1810 4137 est
1837 4081 2012 4136 omnis
2039 4095 2160 4134 car-

565 4181 702 4237 nalis
717 4181 980 4250 cupiditas
1003 4196 1162 4250 quam
1189 4179 1369 4234 cordis
1391 4178 1635 4234 confusio
1656 4174 2159 4244 generat.Quandiu

571 4277 728 4344 181
779 4281 962 4326 autem
1015 4273 1066 4325 in
1123 4287 1354 4341 corpore
1404 4270 1812 4340 peregrinamur
1841 4285 1871 4322 a
1905 4268 2157 4333 Domino,

567 4371 752 4435 partus
773 4378 900 4417 suos
924 4361 1077 4416 nobis
1106 4361 1301 4430 ingerit
1324 4361 1423 4414 ista
1447 4358 1711 4414 confusio.
1730 4358 1806 4411 Ex
1831 4359 1946 4427 ipsa
1961 4357 2161 4426 quippe

569 4455 884 4512 confusione
915 4454 1092 4508 omnis
1117 4468 1277 4522 prava
1301 4451 1558 4519 cogitatio
1589 4451 1844 4514 nascitur,
1880 4464 2000 4519 qua:
2030 4464 2158 4518 par-

567 4548 693 4602 vula
723 4555 850 4601 tunc
881 4544 944 4598 ad
968 4552 1177 4613 petram
1207 4543 1581 4607 eliditur,dum
1599 4541 1760 4596 celeri
1786 4540 2160 4596 recordatione

571 4647 735 4707 atque
765 4635 1120 4706 Opitulatione
1143 4633 1340 4688 Christi
1365 4642 1620 4704 superata
1651 4633 1908 4688 calcatur.

640 4774 770 4830 CAP.
806 4790 899 4827 vn.
941 4771 1008 4825 Et
1041 4772 1240 4842 gratias
1267 4788 1440 4842 agere,
1490 4780 1538 4825 et
1584 4773 1854 4826 continuas
1878 4789 2055 4843 preces
2084 4773 2166 4842 ef-

573 4867 790 4940 fundere
842 4864 952 4919 Deo
1002 4864 1466 4920 debemus.—-l5.
1506 4865 1674 4934 Igitur
1700 4866 1827 4922 licet
1876 4866 2170 4920 habeamus

573 4958 716 5012 unde
764 4957 967 5024 gratias
1023 4969 1182 5024 agere
1225 4955 1336 5010 Deo
1388 4956 1700 5025 debeamus,
1753 4957 1877 5026 quia
1926 4973 2024 5012 nos
2067 4957 2168 5012 sibi

572 5049 804 5117 gratuita
849 5048 1198 5102 miseratione
1252 5047 1514 5118 subjecit,
1567 5058 1625 5104 ut
1672 5049 1904 5104 humiles
1959 5049 2168 5113 simus,

571 5139 832 5192 habemus
865 5145 1044 5191 tamen
1075 5135 1217 5192 unde
1239 5138 1511 5193 continuis
1543 5139 1794 5208 precibus
1835 5138 2044 5192 divinas
2069 5153 2162 5191 au-

572 5247 660 5287 res
683 5232 897 5302 pulsare
926 5231 1250 5295 debeamus;
1283 5233 1407 5301 quia
1446 5233 1688 5302 quandiu
1731 5234 1782 5287 in
1815 5233 1918 5288 hoc
1948 5233 2164 5288 mortali

573 5338 802 5393 corpore
832 5340 1036 5392 sumus,
1089 5324 1227 5379 sicut
1277 5341 1382 5380 non
1435 5340 1723 5396 possumus
1774 5325 1890 5380 sine
1943 5333 2166 5394 peccato

573 5430 714 5481 csse,
747 5416 825 5470 sic
846 5416 1074 5471 necdum
1105 5417 1347 5471 valemus
1371 5417 1662 5487 perfectam
1693 5418 2053 5472 humilitatem
2086 5418 2167 5471 di-

573 5506 712 5560 vinis
730 5504 1060 5573 jussionibus
1088 5507 1364 5561 exhibere.
1393 5507 1620 5577 Propter
1641 5506 1785 5576 quod
1807 5506 2029 5575 agenda:
2050 5507 2170 5576 qui-

574 5597 698 5651 dem
723 5605 847 5651 sunt
868 5599 1051 5666 gratia:
1073 5597 1204 5665 Deo,
1231 5599 1282 5653 in
1307 5607 1566 5666 quantum
1587 5597 1740 5652 nobis
1760 5597 1925 5651 donat
1948 5607 2004 5652 ut
2026 5599 2168 5654 bene

575 5704 886 5758 operemur.
931 5706 998 5746 nc
1045 5691 1362 5746 muneribus
1391 5689 1505 5760 ejus
1532 5690 1824 5745 existamus
1854 5689 2079 5758 ingrati;
2111 5698 2168 5745 et

652 5875 675 5902 ⁸
705 5865 865 5931 Editi,
907 5867 1260 5924 dilectionem:
1291 5865 1385 5920 sed
1413 5865 1604 5919 melior
1630 5865 1843 5919 videtur
1879 5865 2040 5919 lectio
2063 5880 2162 5917 ms.

579 5935 766 6002 Corb.,
786 5938 839 5993 in
860 5953 970 6010 quo
995 5938 1191 6006 legitur
1217 5935 1642 6003 delectationem;
1665 5937 1790 6006 quia
1815 5937 1978 6008 paulo
2006 5951 2171 6008 supra

2251 2034 2385 2088 pus:
2419 2020 2562 2073 nulla
2593 2021 2693 2076 erit
2735 2023 3042 2078 sollicitudo
3066 2025 3398 2088 certaminis,
3440 2023 3536 2079 sed
3594 2025 3842 2094 perfecta

2249 2112 2354 2165 erit
2401 2114 2664 2168 securitas
2713 2116 2891 2184 pacis;
2937 2117 3082 2171 nulla
3123 2117 3278 2172 nobis
3307 2116 3407 2172 erit
3456 2117 3678 2187 justitia:
3705 2119 3845 2173 indi-

2250 2203 2452 2270 gentia,
2502 2204 2598 2259 sed
2647 2221 2766 2260 cum
2824 2207 3193 2263 delectatione
3221 2209 3476 2263 saturitas
3525 2210 3703 2278 plena.
3765 2208 3844 2264 lbi

2250 2293 2452 2348 erimus
2479 2295 2622 2350 enim
2645 2296 2883 2364 perfecta
2910 2298 3226 2354 celsitudine
3255 2300 3425 2367 beati,
3454 2301 3579 2368 quia
3605 2297 3843 2369 perfecta

2251 2383 2452 2440 erimus
2476 2386 2590 2443 Deo
2609 2389 2787 2445 carnis
2807 2397 2863 2445 et
2893 2392 3112 2460 spiritus
3143 2393 3445 2447 humilitate
3485 2391 3734 2461 subjecti.
3770 2391 3845 2446 lbi

2251 2489 2353 2530 nec
2383 2477 2558 2530 minor
2586 2478 2691 2532 erit
2711 2479 3022 2536 laudatione
3044 2490 3227 2536 nostra
3244 2482 3482 2546 dilectio,
3506 2498 3602 2538 nec
3623 2481 3846 2537 inferior

2252 2567 2538 2625 dilectione
2569 2569 2829 2627 laudatio.
2860 2570 2978 2627 Erit
3013 2575 3157 2628 enim
3190 2574 3347 2644 plena
3379 2585 3559 2630 nostra
3584 2575 3844 2640 laudatio,

2251 2658 2376 2726 quia
2409 2666 2538 2714 tunc
2577 2660 2631 2715 in
2665 2662 2819 2717 nobis
2861 2663 2968 2718 erit
2999 2664 3093 2719 Dei
3124 2665 3465 2735 proximique
3494 2664 3733 2735 perfecta
3759 2665 3845 2719 di-

2252 2747 2434 2804 lectio.
2463 2749 2614 2807 Tuuc
2640 2752 2985 2809 laudabimus
3015 2763 3072 2809 et
3098 2755 3436 2822 habebimus,
3470 2764 3597 2811 tunc
3617 2757 3845 2811 habebi-

2253 2855 2373 2895 mus
2402 2849 2456 2895 et
2483 2844 2796 2910 amabimus,
2830 2854 2953 2902 tunc
2985 2847 3302 2902 satiabimur
3321 2863 3443 2904 cum
3464 2847 3846 2915 delectatione,

2253 2943 2308 2986 et.
2327 2933 2716 2990 delectabimur
2743 2953 2863 2992 cum
2895 2939 3165 2994 satietate.

2825 3071 3157 3127 EPISTOLA
3198 3073 3264 3128 V.

2698 3180 2768 3219 AD
2807 3180 3099 3220 EUGYI‘PIUM
3138 3181 3404 3221 ΛΒΒΑΤΕΜ.

2610 3273 2692 3330 De
2721 3278 2938 3332 caritate
2964 3285 3012 3331 et
3043 3279 3155 3349 ejus
3192 3278 3488 3334 dilectione.

2329 3385 2556 3442 Domino
2606 3389 2944 3456 beatissimo,
2995 3402 3050 3447 et
3099 3393 3392 3463 plurimum
3438 3394 3754 3460 venerabili,
3785 3410 3849 3452 ac

2258 3487 2374 3534 toto
2425 3481 2671 3536 caritatis
2701 3481 2896 3537 affectu
2943 3483 3305 3547 desiderabili,
3353 3494 3544 3540 sancto
3596 3486 3748 3540 fratri
3795 3492 3847 3540 et

2257 3573 2699 3645 compresbytero
2761 3574 3065 3643 Eucvrrio,
3125 3577 3506 3643 Fuccearws,
3567 3595 3849 3635 servorum

2258 3663 2454 3718 Christi
2486 3665 2737 3732 famulus,
2771 3668 2822 3721 in
2846 3667 3076 3724 Domino
3098 3670 3352 3724 salutem.

2337 3760 2491 3828 182
2525 3761 2570 3811 Ι.
2614 3757 2848 3826 Utinam,
2885 3769 3070 3816 sancte
3099 3761 3286 3823 frater,
3306 3772 3452 3817 tanta
3481 3778 3602 3818 meo
3627 3763 3851 3820 facultas

2259 3850 2642 3920 suffragaretur
2672 3852 2912 3922 eloquio,
2945 3863 3002 3907 ut
3030 3853 3095 3907 ad
3138 3855 3513 3924 explicandam
3555 3856 3851 3926 spiritalem

2259 3957 2420 4010 quam
2450 3958 2516 3996 ex
2549 3951 2756 3998 tuarum
2791 3945 3087 3999 litterarum
3136 3945 3370 4002 lectione
3419 3949 3636 4017 percepi
3665 3948 3848 4003 dulce-

2261 4033 2460 4100 dinem,
2488 4037 2650 4090 verba
2675 4036 2994 4092 sufficientia
3019 4040 3348 4109 reperirem;
3377 4040 3520 4109 quod
3561 4040 3685 4094 dum
3711 4042 3853 4108 volo,

2262 4141 2362 4182 nec
2393 4127 2569 4193 valeo,
2603 4128 2798 4182 mirum
2847 4129 2974 4183 mihi
3022 4130 3223 4200 aliquid
3270 4133 3516 4187 evenisse
3563 4146 3855 4200 cognosco,

2265 4217 2452 4273 videns
2477 4220 2730 4287 gaudium
2760 4220 2903 4288 quod
2934 4236 3000 4275 ex
3025 4221 3129 4275 tuis
3150 4223 3490 4277 sermonibus
3511 4224 3736 4293 sumpsi,
3754 4239 3858 4278 non

2263 4327 2422 4381 posse
2452 4313 2587 4367 meis
2633 4314 2974 4368 sermonibus
3003 4316 3283 4385 explicari.
3316 4316 3519 4387 Nempe
3559 4317 3705 4387 quod
3730 4318 3858 4372 mihi

2263 4403 2545 4472 scripsisti,
2591 4413 2877 4472 postquam
2927 4405 3256 4474 cogitatione
3307 4409 3583 4463 inventum
3630 4410 3860 4480 disposi-

2267 4501 2486 4562 tumque
2516 4503 2616 4557 est,
2633 4495 2712 4549 sic
2733 4495 2787 4548 in
2811 4495 3022 4552 litteras
3044 4499 3331 4568 digessisti,
3360 4508 3418 4554 ut
3441 4509 3534 4555 aut
3564 4501 3678 4569 ipse
3700 4516 3860 4555 tnanu

2263 4585 2548 4651 scriberes,
2581 4596 2804 4643 auctore
2847 4589 3101 4644 dictares.
3161 4590 3312 4646 Unde
3371 4595 3528 4662 igitur
3557 4593 3754 4647 factum
3783 4597 3863 4649 ett

2192 4701 2245 4760 Ι)
2270 4683 2329 4729 ιιι
2381 4690 2442 4729 os
2491 4691 2670 4730 meum
2699 4677 3112 4735 delectationem
3145 4692 3168 4718 ιλ
3201 4682 3454 4738 dictando
3504 4700 3697 4754 parere
3756 4702 3860 4740 non

2271 4768 2458 4836 possit,
2483 4783 2643 4836 quam
2675 4785 2770 4825 cor
2798 4787 2978 4827 meum
3010 4789 3075 4827 ex
3109 4777 3184 4828 tui
3215 4775 3328 4830 oris
3355 4776 3650 4830 dictatione
3676 4792 3865 4832 conce-

2271 4859 2383 4927 pit?
2407 4857 2536 4924 Quce
2568 4867 2651 4914 est
2677 4861 2837 4932 inops
2864 4863 3138 4932 Opulenlia
3172 4865 3256 4918 vel
3287 4866 3541 4935 opulenta
3574 4867 3777 4937 iniqua,
3809 4877 3864 4921 ut

2272 4963 2340 5003 eo
2366 4949 2544 5006 mimis
2572 4953 2702 5008 mihi
2731 4970 2912 5009 sermo
2939 4955 3307 5027 suﬂiciat,quo
3337 4973 3423 5012 me
3452 4960 3622 5028 magis
3643 4957 3864 5014 affectus

2274 5042 2524 5110 instigat;
2556 5053 2611 5100 et
2640 5047 2784 5117 quod
2835 5047 2960 5102 ideo
3010 5047 3203 5118 loquor
3245 5049 3370 5118 quia
3401 5049 3666 5114 delector,
3692 5053 3865 5105 minus

2271 5133 2499 5202 eloquar
2519 5150 2680 5204 quam
2710 5137 2988 5193 delector?
3017 5138 3153 5205 Quid
3179 5155 3309 5207 rogo
3332 5150 3416 5196 est
3445 5142 3546 5197 hoc
3577 5143 3721 5210 quod
3753 5144 3862 5197 elo-

2271 5227 2396 5295 qnio
2430 5227 2730 5296 significare
2759 5232 2903 5295 volo,
2928 5248 3028 5286 nec
3057 5233 3250 5287 valeo?
3279 5234 3538 5288 Nimirum
3561 5236 3760 5306 aliquid
3788 5245 3867 5290 est

2272 5316 2414 5386 quod
2477 5319 2556 5375 sic
2604 5322 2873 5391 corporali
2927 5322 3145 5390 eloquio
3203 5325 3450 5396 styloqne
3499 5324 3864 5394 significatur,

2274 5417 2332 5462 ut
2378 5418 2558 5466 tamen
2609 5428 2716 5466 non
2758 5414 3137 5482 corporaliter,
3173 5415 3266 5470 sed
3315 5416 3630 5486 spiritaliter
3671 5418 3868 5472 habea-

2281 5508 2369 5554 tur

2343 5593 2398 5648 2.
2437 5595 2645 5650 Caritas
2685 5597 2882 5667 primus
2913 5605 3110 5669 [ructus
3141 5600 3459 5669 spiritalium
3500 5603 3778 5656 donorum.
3800 5632 3869 5644 —

2275 5686 2331 5742 lu
2353 5689 2682 5760 spiritalibus
2704 5700 2884 5746 autem
2909 5691 3064 5749 donis
3090 5693 3295 5764 primus
3317 5691 3524 5750 fructus
3547 5702 3629 5749 est
3650 5696 3867 5750 caritas.

2275 5865 2506 5936 dixerat,
2529 5869 2600 5923 ad
2616 5871 2982 5940 explicandam
3011 5872 3296 5940 spiritalem
3321 5871 3664 5942 dulcedinem,
3688 5887 3792 5932 etC.
