4124 6498
316 456 442 513 565

1788 455 2119 516 EPLSTOLA
2150 460 2216 516 V.

3520 476 3628 536 διδ

310 569 482 628 Unde
519 589 629 629 non
658 573 965 630 inordinate
993 589 1114 630 eam
1156 573 1263 630 Vas
1292 572 1569 630 electionis
1600 572 1671 627 ita
1703 583 1883 643 posuit
1912 592 1924 627 :
1961 585 1998 634 Α
2035 584 2130 629 tert
2156 576 2287 646 fides
2316 578 2370 631 in
2397 592 2575 632 eoaem
2596 577 2816 650 Spiritu,
2839 580 2932 634 alii
2953 583 3125 652 gratia
3148 586 3428 642 sanitatum
3459 592 3628 650 inuno

303 661 559 720 Fructus
589 677 760 721 autem
789 669 1000 738 spiritus
1021 677 1099 723 est
1126 671 1339 730 caritas,
1366 668 1631 739 gaudium,
1654 682 1760 738 pax
1783 666 1924 739 (Gal.

2034 665 2258 736 Spiritu,
2301 667 2394 722 alii
2434 670 2722 741 praplietia,
2768 671 2863 725 alii
2890 672 3197 744 dijudicatio
3218 679 3512 750 spirituum,
3534 685 3630 740 alii

307 771 365 820 ν,
411 756 544 826 2:2),
594 767 651 813 et
698 767 918 815 cmtera.
968 759 1090 814 Alio
1136 775 1352 830 quoque
1407 760 1548 824 loco,
1603 758 1929 828 praecipuum
2030 775 2218 829 genera
2241 760 2555 832 linguarum,
2587 765 2680 819 alii
2721 765 3080 836 interpretatio
3133 784 3448 827 sermonum.
3492 775 3626 830 Haec

300 848 583 918 quiddam
634 851 936 906 ccelestium
980 853 1153 908 voluit
1198 851 1500 921 signiﬁcare
1539 852 1924 919 carismatntn,

299 955 436 994 cum
472 941 691 996 diceret
719 961 730 995 :
758 940 896 1006 Quia
922 945 1120 998 caritas
1162 943 1258 996 Dei
1288 943 1479 1011 diffusa
1511 952 1585 996 est
1611 944 1662 997 in
1689 942 1927 997 cordibus

298 1033 520 1087 nostris
571 1051 663 1099 per
707 1034 966 1105 Spiritum
1021 1045 1277 1100 sanctum,
1322 1037 1407 1107 qui
1467 1035 1618 1088 datus
1658 1043 1733 1089 est
1779 1034 1927 1089 nobis

261 1159 268 1162 -
298 1121 505 1193 (Rom.
534 1142 586 1191 v,
621 1124 698 1194 5).
731 1129 851 1182 llaec
879 1130 1080 1182 caritas
1109 1143 1268 1198 quam
1297 1127 1531 1198 Spiritus
1558 1129 1732 1183 sancti
1759 1127 1924 1195 dono,

296 1231 436 1271 cum
497 1218 715 1289 indigni
758 1235 1031 1287 essemus,
1088 1223 1414 1293 accepimus,
1450 1231 1560 1277 tam
1605 1223 1767 1290 bona,
1815 1230 1922 1278 tam

292 1318 531 1376 saneta,
567 1319 676 1365 tam
710 1313 972 1368 immensa
1000 1322 1100 1378 est,
1127 1322 1184 1367 ut
1212 1329 1331 1369 eam
1362 1314 1524 1369 etiam
1550 1314 1646 1384 qui
1674 1314 1837 1369 habet
1866 1316 1922 1369 in

297 1403 511 1472 corde,
548 1419 826 1473 nunquam
852 1407 1022 1476 possit
1051 1408 1388 1464 sermonibus
1416 1407 1708 1478 explicare.
1727 1405 1773 1462 0
1791 1423 1924 1477 qua-

291 1493 365 1550 lis
386 1497 626 1563 caritas,
653 1498 880 1553 multum
911 1500 1177 1565 miranda,
1210 1501 1438 1558 multum
1467 1502 1758 1572 laudanda,
1779 1504 1922 1559 mul-

290 1595 540 1659 tumque
571 1592 842 1660 diligenda
869 1594 882 1648 !
1766 1603 1771 1610 ’

364 1679 425 1734 5.
473 1681 770 1739 Caritatem
802 1703 907 1741 non
941 1688 1112 1760 diligit
1133 1691 1220 1759 qui
1241 1706 1357 1743 eam
1396 1707 1499 1744 non
1528 1690 1700 1744 habet.
1720 1724 1790 1733 —
1813 1691 1918 1746 Ve-

288 1779 624 1828 rumtamen
649 1791 757 1829 non
783 1791 975 1833 omnes
1003 1779 1094 1848 qui
1123 1779 1403 1835 caritatem
1430 1781 1698 1836 mirantur
1725 1791 1782 1837 et
1801 1783 1920 1837 lau-

293 1861 464 1927 dant,
527 1865 714 1918 statim
745 1866 975 1934 diligunt
1003 1870 1311 1938 caritatem;
1364 1879 1420 1926 et
1467 1871 1608 1938 ideo,
1650 1873 1753 1928 nisi
1794 1889 1915 1928 eam

2030 857 2199 904 autem
2228 853 2404 905 omnia
2427 864 2670 923 operatur
2692 873 2825 910 unus
2851 865 3004 928 atque
3031 857 3168 913 idem
3210 858 3460 931 Spiritus,
3491 866 3625 920 divi-

2030 943 2156 998 dens
2197 946 2420 1017 singulis
2443 957 2596 1018 prout
2623 949 2726 1002 vult
2757 948 2814 1020 (Ι
2838 948 2958 1004 Cor.
2990 967 3081 1016 xu,
3115 951 3168 1016 8,
3201 951 3251 1018 9,
3286 954 3374 1022 16,
3404 955 3516 1028 Η).

2100 1035 2152 1090 5.
2195 1035 2395 1090 Cretera
2426 1039 2566 1092 dona
2591 1040 2703 1093 sine
2722 1040 2855 1094 bona
2880 1041 3140 1096 voluntate
3163 1043 3344 1098 haberi
3371 1059 3622 1116 possunt;

2026 1130 2218 1182 caritas
2246 1132 2796 1203 nequaquam.—Cum
2821 1133 3004 1202 igitur,
3035 1142 3092 1187 ut
3115 1135 3182 1189 de
3206 1137 3415 1191 caeteris
3445 1146 3624 1194 tacea-

2026 1235 2146 1274 mus
2188 1221 2518 1291 spiritalibus
2545 1222 2724 1291 donis,
2754 1224 2926 1293 possit
2966 1223 3113 1293 diligi
3168 1227 3471 1296 prophetia,
3523 1247 3625 1286 nec

2026 1309 2249 1378 haberi;
2280 1313 2480 1367 caritas
2510 1321 2690 1368 tamen
2721 1329 2822 1370 nec
2850 1314 3080 1370 habetur
3107 1316 3153 1369 si
3201 1331 3308 1372 non
3349 1318 3619 1386 diligatur,

2025 1416 2126 1458 nec
2153 1403 2394 1474 diligitur
2412 1405 2457 1459 si
2480 1420 2586 1460 non
2617 1406 2898 1460 habeatur.
2928 1406 3056 1462 Ideo
3085 1415 3279 1462 caetera
3302 1411 3474 1466 sancti
3496 1409 3620 1481 Spi-

2021 1496 2156 1552 ritus
2179 1496 2339 1560 dona,
2373 1497 2426 1553 id
2455 1506 2557 1563 est,
2588 1498 2804 1567 lingute,
2828 1499 3131 1570 prophetia,
3157 1511 3620 1558 sacramentorum

2021 1589 2266 1655 scientia,
2324 1589 2475 1656 ﬁdes,
2525 1591 2838 1647 facultatum
2892 1593 2946 1646 in
2995 1608 3262 1663 pauperes
3289 1593 3618 1664 distributio,

2020 1684 2268 1752 corporis
2287 1699 2506 1754 quoque
2536 1684 2704 1754 ipsius
2725 1685 2956 1750 exustio,
3003 1695 3228 1755 possunt
3274 1688 3389 1741 haec
3431 1687 3630 1743 haberi

2017 1775 2135 1832 sine
2190 1777 2469 1832 voluntate
2506 1777 2669 1842 bona,
2717 1777 2786 1832 ad
2840 1778 2944 1832 hoc
2996 1777 3203 1833 scilicet
3242 1787 3299 1833 ut
3326 1779 3616 1833 habentem

2018 1880 2270 1936 onerent,
2318 1885 2428 1923 non
2478 1869 2779 1934 honorent;
2837 1869 3034 1924 caritas
3056 1884 3184 1923 vero
3214 1869 3330 1924 sine
3350 1869 3492 1924 bona
3523 1888 3617 1926 vo-

286 1956 542 2025 quisqne
571 1957 780 2026 diligat,
827 1961 960 2014 nihil
989 1962 1039 2017 ei
1074 1963 1314 2032 proderit
1355 1964 1498 2032 quod
1527 1980 1646 2019 eam
1689 1966 1916 2021 miratur
1951 1961 1991 2019 B
2019 1961 2225 2016 luntate
2278 1978 2385 2017 non
2429 1970 2611 2044 potest
2661 1961 2869 2028 haberi,
2913 1961 3038 2029 quia
3071 1961 3402 2016 voluntatem
3433 1961 3485 2014 in
3511 1977 3616 2030 qna

285 2055 345 2100 et
378 2047 597 2103 laudat.
632 2048 783 2105 Tunc
813 2060 993 2106 autem
1024 2052 1298 2109 fructuosa
1325 2063 1409 2108 est
1449 2054 1736 2111 admiratio
1766 2057 1908 2112 cari-

285 2139 445 2203 tatis,
483 2148 544 2194 et
573 2140 834 2206 laudatio,
873 2143 919 2198 si
966 2159 1074 2198 non
1125 2144 1264 2199 desit
1313 2145 1367 2199 in
1415 2145 1716 2202 admirante
1746 2156 1909 2216 atque

286 2228 566 2287 laudante
617 2233 858 2289 dilectio.
893 2233 1001 2290 Sed
1032 2236 1272 2305 nunquid
1324 2240 1464 2292 sicut
1516 2253 1636 2292 eam
1683 2247 1909 2308 possunt

283 2319 561 2376 admirari
591 2330 754 2394 atque
784 2325 1005 2380 laudare
1063 2327 1217 2398 183
1258 2327 1351 2396 qui
1397 2342 1515 2382 eam
1546 2343 1652 2383 non
1683 2329 1904 2392 habent,

285 2409 364 2463 ita
403 2420 641 2479 possunt
671 2431 793 2470 eam
820 2415 1046 2484 diligere
1093 2418 1186 2487 qui
1229 2433 1349 2472 eam
1389 2419 1618 2473 necdum
1667 2419 1908 2474 habent?

283 2498 687 2571 Nequaquam;
719 2507 916 2561 caritas
944 2507 1145 2578 quippe
1184 2509 1300 2577 ipsa
1340 2518 1424 2564 est
1471 2509 1728 2564 dilectio:
1761 2526 1903 2580 quo-

283 2592 465 2647 modo
503 2603 685 2649 autem
713 2595 1061 2652 dilectionem
1085 2597 1197 2667 jam
1219 2598 1408 2667 diligit,
1437 2600 1528 2670 qui
1558 2598 1905 2655 dilectionem

284 2683 509 2738 habere
539 2701 646 2739 non
678 2688 876 2756 coepit?
905 2688 1037 2742 Nam
1091 2705 1218 2744 ecce
1262 2691 1426 2744 multa
1471 2691 1589 2746 visu
1640 2706 1906 2760 corporeo

288 2770 570 2839 videmus,
616 2776 704 2830 ubi
737 2791 844 2830 non
885 2777 989 2833 hoc
1026 2787 1110 2832 est
1139 2779 1255 2848 ipse
1282 2781 1451 2845 visus,
1490 2780 1632 2850 quod
1655 2789 1738 2836 est
1777 2781 1905 2835 illud

287 2864 443 2934 quod
475 2881 545 2921 eo
578 2868 820 2924 videmus
847 2887 859 2922 :
889 2870 1016 2939 quia
1042 2871 1173 2925 illud
1189 2880 1273 2926 est
1291 2887 1482 2927 sensus
1509 2887 1619 2941 quo
1639 2873 1904 2942 videmus,

287 2955 428 3011 illud
451 2968 637 3013 autem
660 2961 916 3016 sensibile
931 2961 1077 3031 quod
1090 2961 1361 3029 videmus;
1388 2971 1441 3018 et
1459 2979 1582 3018 cum
1607 2963 1737 3018 illud
1760 2963 1906 3033 quod

289 3050 518 3114 videtur
546 3052 614 3107 ab
644 3053 817 3109 oculis
847 3054 1076 3121 tollitur,
1111 3055 1156 3111 si
1203 3057 1409 3110 sanitas
1437 3056 1578 3112 inest
1605 3057 1797 3122 oculis,
1829 3057 1906 3112 sic

291 3141 431 3197 illud
485 3143 632 3213 quod
681 3145 1022 3201 videbatura
1053 3162 1215 3202 sensu
1271 3147 1504 3204 videntis
1553 3148 1814 3214 aufertur,
1847 3158 1905 3203 ut

292 3233 412 3304 ipse
435 3251 632 3291 sensus
659 3251 689 3291 a
719 3237 938 3292 vidente
968 3237 1276 3293 nullatenus
1307 3239 1618 3294 auferatur:
1652 3240 1727 3293 ita
1758 3238 1817 3293 ﬁt
1847 3248 1904 3294 ut

291 3324 517 3379 videndi
548 3341 742 3381 sensus
796 3327 851 3381 in
897 3327 1119 3382 homine
1176 3335 1415 3397 maneat,
1462 3329 1710 3397 quamvis
1738 3329 1806 3383 ab
1835 3343 1900 3384 eo
1931 3354 1975 3418 ρ

287 3415 436 3486 quod
485 3418 772 3472 videbatur
807 3418 953 3473 visus
1001 3418 1118 3488 ipse
1148 3419 1411 3474 discedat.
1447 3419 1516 3472 At
1551 3435 1672 3474 cum
1704 3420 1902 3475 caritas

282 3509 560 3579 diligitur,
594 3513 718 3582 quia
746 3528 855 3567 non
908 3513 1010 3569 nisi
1043 3512 1340 3568 dilectione
1368 3513 1626 3582 diligitur,
1658 3529 1767 3567 non
1798 3528 1901 3583 po-

283 3611 388 3659 test
414 3606 486 3659 ho
509 3621 595 3660 mo
617 3613 873 3676 tanquam
907 3606 1122 3662 oculum
1151 3611 1398 3678 corporis
1425 3623 1454 3661 a
1485 3623 1810 3677 quacunque
1839 3623 1900 3662 re

283 3698 516 3762 visibili,
567 3700 646 3754 sic
674 3715 704 3754 a
727 3701 954 3755 caritate
985 3700 1341 3755 intentionem
1373 3709 1620 3756 avertere
1647 3701 1897 3756 dilectio-

282 3789 382 3854 nis,
413 3799 471 3844 ut
521 3791 689 3860 possit
719 3797 775 3844 et
827 3789 1109 3845 caritatem
1152 3807 1259 3844 non
1291 3790 1534 3858 diligere,
1566 3798 1622 3845 et
1654 3791 1897 3847 dilectio-

281 3895 401 3934 nem
431 3881 670 3935 hubere.
697 3879 912 3937 Caritas
949 3881 1168 3950 quippe,
1202 3880 1253 3934 id
1283 3888 1365 3934 est
1393 3879 1632 3944 dilectio,
1667 3881 1898 3936 nullate-

283 3986 382 4025 nus
409 3971 687 4040 diligitur,
724 3972 824 4025 nisi
851 3971 1067 4026 dilectio
1099 3971 1364 4025 habeatur
1388 3986 1494 4040 qua
1525 3970 1638 4040 ipsa
1677 3970 1894 4027 dilectio

281 4061 567 4130 diligatur.
625 4061 814 4133 Seipsa
866 4064 1027 4131 igitur
1073 4063 1290 4118 dilectio
1318 4062 1577 4132 diligitur,
1610 4064 1736 4132 quia
1769 4073 1895 4121 tunc

281 4150 538 4225 diligitur
568 4172 690 4211 cum
717 4156 966 4221 habetur,
1000 4166 1106 4211 nec‘
1128 4156 1369 4224 diligitur
1391 4156 1493 4212 nisi
1517 4155 1797 4211 habeatur.
1828 4156 1895 4212 Et

282 4247 510 4315 quidem
540 4255 720 4317 potest
742 4247 889 4316 diligi
918 4263 949 4302 a
979 4248 1156 4312 nobis,
1191 4248 1355 4302 etiam
1395 4263 1516 4302 cum
1571 4247 1803 4318 petimus
1835 4256 1894 4303 ut

283 4351 557 4409 augeatur
610 4343 662 4396 in
711 4343 886 4409 nobis,
918 4341 1013 4397 sed
1039 4359 1144 4397 non
1174 4342 1346 4412 diligit
1373 4343 1494 4413 ejus
1540 4352 1888 4412 augmentum

283 4434 368 4502 qui
398 4450 519 4489 non
553 4435 716 4488 habet
737 4435 966 4488 initium.
1278 4446 1279 4449 ‘

349 4525 402 4580 4.
446 4525 581 4581 Non
613 4527 848 4598 diligitur
877 4529 1067 4582 caritas
1103 4529 1235 4582 sicut
1260 4531 1496 4601 pecunia.
1532 4528 1658 4584 Non
1716 4531 1889 4603 diligi-

290 4627 367 4674 tur
395 4625 593 4676 caritas
614 4623 743 4674 sicut
773 4623 879 4675 alia
902 4623 1036 4677 dona
1066 4621 1495 4692 spiritus.—Non
1524 4638 1656 4693 ergo
1685 4623 1763 4679 sic
1792 4640 1886 4678 ca-

293 4711 418 4770 ritas
464 4715 724 4783 diligitur,
783 4713 923 4767 sicut
972 4729 1221 4767 nummus
1243 4722 1337 4767 aut
1364 4713 1568 4783 aliquid
1597 4713 1880 4784 ejusmodi.

296 4801 471 4862 Potest
500 4808 648 4862 enim
673 4806 900 4876 quisque
929 4821 1094 4859 unum
1120 4821 1225 4859 non
1257 4806 1460 4860 habere
1491 4822 1788 4871 nummum,
1833 4816 1889 4861 et

293 4897 685 4954 multitudinem
710 4898 934 4966 diligere
964 4913 1028 4952 ac
1049 4897 1359 4952 desiderare
1403 4914 1763 4953 nummorum.
1796 4899 1888 4953 Di-

294 4986 401 5058 ligit
453 5005 585 5060 ergo
639 4991 741 5046 iste
799 5004 1139 5044 nummorum
1193 4989 1617 5058 multitudinem,
1667 5007 1788 5046 cum
1821 5008 1888 5047 ne

292 5081 440 5136 unius
462 5083 680 5152 quidem
729 5082 935 5136 nummi
984 5081 1183 5135 habeat
1223 5079 1586 5136 facultatem:
1647 5081 1788 5151 apud
1829 5097 1890 5138 se

293 5185 449 5228 unum
481 5191 760 5230 nummum
793 5190 899 5228 non
923 5174 1152 5239 invenit,
1181 5184 1235 5228 et
1283 5171 1414 5228 foris
1447 5188 1698 5228 nummos
1728 5173 1887 5228 innu-

293 5269 574 5325 merabiles
599 5269 810 5338 quaerit.
836 5267 952 5323 Hoc
981 5275 1038 5323 et
1065 5268 1116 5321 in
1159 5266 1370 5321 caeteris
1417 5267 1580 5321 rebus
1609 5267 1886 5338 corporeis

296 5353 603 5426 invenimus,
628 5370 687 5415 ut
708 5360 910 5430 aliquid
936 5375 1125 5415 earnm
1149 5358 1320 5429 possit
1343 5357 1512 5428 diligi,
1556 5357 1629 5412 ita
1677 5366 1733 5412 ut
1779 5359 1886 5415 hoc

294 5445 460 5516 ipsum
485 5452 628 5523 quod
655 5453 892 5520 diligitur
917 5451 1059 5506 nulla
1085 5466 1152 5506 ex
1180 5459 1333 5522 parte
1352 5451 1636 5505 habeatur.
1661 5449 1757 5505 Est
1778 5452 1884 5507 tale

297 5540 541 5606 quiddam
562 5552 617 5598 et
641 5544 693 5597 in
718 5543 983 5614 plerisque
1014 5543 1345 5613 spiritalibus
1373 5541 1531 5598 donis
1562 5559 1574 5595 :
1634 5543 1782 5597 velut
1835 5544 1880 5598 si

295 5630 405 5695 quis
430 5632 610 5703 diligat
637 5633 809 5706 (verbi
838 5635 1033 5704 gratia)
1058 5641 1116 5688 ut
1144 5634 1339 5689 habeat
1377 5633 1734 5704 prophetandi
1779 5633 1881 5690 d0-

299 5735 437 5786 num,
469 5727 612 5795 quod
642 5727 818 5782 nullus
844 5733 1007 5796 negat
1035 5727 1176 5780 inter
1205 5725 1348 5780 dona
1375 5727 1633 5796 spiritalia
1690 5726 1882 5782 litteris

297 5817 593 5878 apostolicis
620 5818 888 5873 contineri
915 5835 928 5870 :
962 5816 1064 5870 Alii
1095 5817 1294 5886 quippe
1318 5816 1472 5870 datur
1493 5835 1583 5886 per
1625 5815 1879 5888 Spiritum

299 5910 740 5978 tennesapieutia:
790 5909 960 5979 (sicut
989 5907 1099 5962 Vas
1129 5907 1413 5962 electionis
1442 5905 1674 5962 afﬁrmat
1694 5911 1734 5975 ),
1785 5909 1881 5963 alii

299 6002 456 6052 autem
476 6016 639 6057 sermo
661 6001 890 6057 scientia:
910 5999 1190 6057 secundum
1221 5998 1454 6054 eumdem
1486 5997 1762 6065 Spiritum,
1792 6001 1875 6054 al-

2016 2054 2213 2110 caritas
2264 2052 2446 2120 fuerit,
2502 2054 2700 2107 malam
2750 2052 2867 2108 fieri
2913 2070 3020 2106 non
3069 2053 3376 2122 permittit:
3408 2053 3615 2108 Caritri

2015 2144 2160 2198 enim
2187 2161 2281 2197 nec
2301 2145 2409 2214 agit
2438 2161 2730 2214 perperam,
2761 2160 2854 2196 nec
2882 2144 3076 2214 cogitat
3097 2145 3324 2208 malum;
3381 2151 3436 2197 et
3488 2145 3613 2213 quia

2013 2250 2119 2288 non
2174 2233 2361 2304 gaudet
2408 2250 2560 2304 super
2616 2233 2890 2304 iniquitate
2946 2231 3001 2302 (Ι
3029 2231 3150 2286 Cor.
3182 2249 3298 2298 xm,
3330 2231 3382 2297 4,
3413 2231 3487 2302 5),
3517 2247 3614 2288 ne-

2014 2333 2168 2378 Ccsse
2194 2331 2278 2377 est
2302 2329 2361 2377 ut
2388 2325 2441 2376 in
2469 2338 2576 2394 qua
2602 2330 2684 2377 est
2702 2322 2899 2378 bonam
2926 2322 3084 2376 faciat
3110 2323 3464 2377 voluntatem.

2084 2413 2139 2468 6.
2182 2413 2470 2469 Malevolus
2517 2416 2723 2468 animus
2770 2417 3042 2468 caritatem
3081 2431 3173 2469 nec
3220 2417 3473 2486 impendit
3520 2433 3614 2471 nec

2012 2506 2560 2562 liabet.-—Malevolus
2581 2522 2709 2576 ergo
2731 2508 2944 2563 animus
2989 2524 3097 2562 non
3129 2508 3389 2579 impendit
3417 2511 3614 2565 carita-

2014 2606 2123 2652 tem
2144 2598 2319 2665 alteri,
2349 2599 2475 2668 quia
2501 2615 2608 2653 non
2639 2599 2804 2654 habet
2830 2600 2960 2666 sibi;
2993 2614 3115 2654 cum
3163 2608 3345 2654 autem
3388 2601 3614 2671 casperit

2011 2689 2212 2744 habere
2232 2680 2534 2756 exordium,
2568 2703 2626 2744 ut
2648 2691 2721 2744 ita
2748 2691 3000 2760 dixerim,
3031 2691 3293 2757 caritatis,
3325 2709 3426 2748 nec
3446 2693 3614 2749 maled

2010 2781 2166 2836 volus
2190 2789 2373 2851 potest
2402 2795 2543 2846 esse,
2569 2797 2672 2836 nec
2693 2782 2916 2836 sterilis.
2949 2781 3014 2835 Et
3037 2782 3160 2853 quia
3191 2783 3366 2838 donec
3393 2798 3611 2853 perma~

2011 2878 2108 2927 net
2151 2871 2204 2925 in
2259 2873 2510 2938 caritate,
2553 2872 2606 2926 in
2656 2871 2770 2927 Deo
2826 2880 3128 2942 permanet,
3160 2881 3216 2926 et
3244 2871 3386 2927 Deus
3434 2875 3488 2928 in
3517 2873 3612 2930 illo

2009 2969 2193 3017 manet
2223 2961 2277 3034 (1
2306 2961 2464 3017 Joau.
2490 2979 2558 3027 ιν,
2591 2961 2700 3032 16),
2725 2977 2942 3032 semper
2961 2963 3200 3029 habebit,
3241 2963 3398 3036 184
3418 2964 3463 3019 si
3490 2980 3610 3021 eam

2009 3068 2223 3124 semper
2248 3051 2845 3122 impenderit;quando
2866 3059 3046 3106 autem
3069 3067 3192 3107 eam
3247 3066 3356 3107 non
3399 3054 3610 3123 impen-

2006 3144 2169 3211 derit,
2202 3159 2308 3198 non
2332 3143 2570 3199 habebit.
2599 3142 2881 3215 Proprium
2904 3152 2988 3199 est
3008 3145 3152 3200 enim
3176 3145 3438 3212 caritatis,
3461 3146 3608 3216 quod

2007 3236 2074 3292 ad
2103 3253 2318 3293 cursum
2349 3237 2630 3308 praesentis
2651 3237 2845 3292 attinet
2871 3237 3018 3307 vitai,
3048 3245 3108 3293 ut
3153 3239 3208 3294 in
3252 3254 3320 3294 eo
3349 3240 3441 3309 qui
3487 3255 3607 3295 eam

2007 3328 2313 3398 erogaverit
2332 3335 2558 3396 crescat,
2589 3329 2656 3384 ab
2677 3344 2745 3384 eo
2773 3336 2956 3385 autem
2999 3329 3091 3399 qui
3117 3329 3219 3385 sibi
3247 3339 3453 3386 tantum
3505 3331 3606 3389 ha-

2003 3419 2136 3476 bere
2158 3420 2411 3490 voluerit,
2439 3420 2557 3476 sine
2579 3420 2837 3476 dilatione
2859 3420 3120 3477 discedat.
3152 3421 3250 3478 Ille
3271 3423 3434 3492 igitur
3482 3438 3605 3478 eam

2003 3512 2174 3581 magis
2201 3511 2442 3579 habebit,
2473 3513 2564 3582 qui
2589 3512 2844 3568 libentius
2874 3512 3197 3582 impenderit
3223 3533 3234 3567 :
3285 3515 3413 3584 quia
3465 3515 3605 3570 sicut

2002 3618 2124 3657 eam
2147 3618 2250 3659 nec
2271 3603 2586 3673 impendere
2607 3613 2806 3674 potest,
2842 3620 2943 3660 nec
2963 3593 3167 3661 habere
3190 3606 3508 3672 malevolus,
3527 3607 3605 3663 sic

2002 3715 2103 3755 nec
2127 3699 2290 3754 habet
2311 3714 2429 3754 eam
2459 3700 2760 3770 quisquam,
2786 3714 2886 3754 nec
2908 3699 3170 3768 impendit
3193 3699 3410 3754 invitus.
3430 3698 3604 3754 llomo

2001 3802 2131 3856 ergo
2156 3786 2452 3842 benevolus
2491 3793 2574 3841 est
2599 3785 2932 3841 domicilium
2987 3787 3247 3841 caritatis.
3279 3786 3394 3842 Hoc
3423 3795 3604 3842 autem

2001 3891 2219 3941 nomen,
2280 3875 2335 3930 id
2363 3881 2448 3930 est
2494 3874 2785 3939 benevolus,
2812 3888 2880 3928 ex
2912 3873 3048 3928 bene
3077 3881 3132 3928 et
3160 3874 3299 3929 velle
3326 3875 3601 3943 composi-

2001 3977 2112 4022 tum
2141 3977 2262 4023 est:
2295 3969 2339 4023 si
2369 3981 2498 4036 ergo
2527 3967 2682 4022 alteri
2708 3967 2990 4036 quisquam
3022 3967 3162 4021 male
3181 3967 3327 4030 velit,
3358 3968 3410 4022 in
3431 3984 3601 4037 quan-

2001 4067 2114 4112 tum
2142 4058 2282 4113 male
2313 4057 2426 4112 vult
2453 4057 2750 4111 benevolus
2793 4072 2899 4111 non
2931 4065 3032 4122 est,
3061 4073 3124 4112 ac
3149 4073 3248 4128 per
3276 4058 3379 4113 hoc
3433 4060 3601 4114 male-

1998 4150 2153 4204 volus
2177 4157 2260 4204 est
2286 4167 2297 4202 :
2336 4146 2402 4202 In
2422 4147 2728 4202 malevolam
2749 4154 2932 4202 autem
2981 4149 3211 4203 animam
3238 4164 3342 4203 non
3366 4149 3600 4206 introibit

1997 4242 2253 4313 sapientia
2277 4240 2432 4312 (Sap.
2459 4257 2498 4308 ι,
2529 4238 2616 4312 4);
2653 4239 2951 4295 malevolus
2980 4248 3160 4295 autem
3181 4241 3345 4296 homo
3378 4241 3468 4297 ille
3481 4259 3599 4312 pro-

1997 4333 2112 4402 prie
2152 4331 2365 4396 dicitur,
2395 4347 2499 4384 non
2533 4330 2708 4384 omnis
2733 4330 2825 4400 qui
2848 4331 2931 4385 vel
2961 4331 3062 4386 sibi
3091 4331 3176 4387 vel
3198 4332 3352 4388 alteri
3377 4344 3596 4390 contra-

1995 4421 2132 4476 rium
2157 4419 2357 4490 aliquid
2380 4420 2526 4490 cupit
2555 4427 2646 4473 aut
2674 4419 2868 4491 poscit,
2896 4420 2991 4475 sed
3021 4421 3113 4492 qui
3145 4422 3374 4478 nocendi
3402 4424 3596 4479 volun-

1996 4523 2160 4570 tatem
2189 4513 2347 4584 gerit,
2369 4514 2482 4569 sive
2509 4513 2732 4579 bonum,
2757 4513 2872 4568 sive
2893 4513 3092 4568 malum
3116 4515 3287 4585 possit
3309 4529 3429 4572 esse
3450 4517 3596 4586 quod

1993 4607 2163 4677 cupit.

2067 4697 2121 4752 7.
2171 4697 2423 4752 Voluntas
2451 4695 2604 4762 bona,
2637 4711 2739 4749 non
2770 4711 2835 4749 ea:
2861 4695 3047 4766 ofﬁcio,
3084 4695 3176 4750 sed
3201 4714 3267 4751 ea:
3292 4698 3399 4767 ﬁne
3423 4707 3594 4753 est.—

1997 4791 2255 4847 Voluntas
2282 4799 2461 4844 autem
2491 4789 2576 4844 vel
2621 4788 2784 4855 bona,
2813 4788 2900 4844 vel
2939 4789 3120 4854 noxia,
3153 4806 3262 4845 non
3291 4805 3357 4844 ex
3388 4789 3590 4860 oflicio,

1991 4884 2087 4939 sed
2114 4899 2181 4940 ex
2212 4883 2315 4937 ﬁne
2342 4882 2420 4938 rei
2445 4890 2529 4936 est
2553 4881 2812 4951 cujusque
2833 4881 3108 4952 pensanda
3136 4899 3149 4936 :
3177 4883 3302 4952 quia
3357 4899 3466 4939 non
3511 4899 3591 4939 ex

1992 4995 2058 5033 eo
2086 4977 2232 5048 quod
2259 4976 2402 5042 facit,
2432 4975 2524 5030 se'd
2548 4989 2616 5030 ex
2645 4990 2710 5029 eo
2737 4982 2959 5046 pr0pter
2987 4975 3130 5044 quod
3157 4975 3304 5042 facit,
3355 4976 3588 5045 qualita-

1995 5077 2100 5123 tem
2122 5084 2231 5123 sua:
2254 5067 2482 5139 quisque
2503 5066 2796 5121 voluntatis
2818 5065 3073 5121 ostendit.
3130 5065 3263 5120 Nam
3289 5073 3350 5121 et
3390 5063 3588 5121 Paulus

1991 5159 2321 5214 contrarium
2363 5157 2462 5212 sibi
2494 5156 2694 5228 aliquid
2739 5157 2974 5221 volebat,
3007 5172 3128 5211 cum
3157 5161 3403 5225 posceret
3430 5163 3487 5209 ut
3518 5157 3586 5210 ab

1992 5270 2058 5310 eo
2088 5252 2338 5309 stimulus
2367 5250 2690 5318 auferretur,
2723 5267 2883 5322 quem
2913 5249 3199 5306 salubriter
3220 5247 3477 5303 adversus
3499 5250 3584 5302 vi-

1990 5349 2120 5402 tium
2143 5345 2391 5402 elationis
2431 5355 2714 5416 acceperat
2744 5343 2833 5415 (Il
2874 5343 2996 5398 Cor.
3030 5357 3119 5406 xn,
3152 5339 3242 5409 8);
3276 5353 3376 5394 nec
3404 5348 3583 5397 tamen

1987 5441 2172 5496 habuit
2193 5439 2511 5496 malevolam
2535 5446 2794 5506 mentem,
2818 5435 3062 5508 quamvis
3084 5432 3298 5488 utilitati
3319 5449 3426 5488 sua:
3447 5450 3582 5489 con-

1987 5535 2204 5589 trariam
2235 5541 2448 5602 gereret
2466 5532 2820 5587 voluntatem.
2847 5528 2917 5584 Ut
2945 5528 3087 5583 enim
3140 5543 3168 5581 a
3198 5540 3256 5582 se
3305 5527 3580 5582 stimulum

1986 5643 2094 5697 quo
2117 5627 2556 5697 colapbizabatur
2584 5631 2802 5693 rogaret
2827 5621 3045 5687 auferri,
3075 5621 3306 5677 salutem
3336 5621 3582 5692 corporis

1984 5721 2065 5775 sui
2088 5720 2208 5792 plus
2229 5719 2445 5776 volebat
2473 5717 2834 5790 praedicationi
2860 5714 3115 5786 prodesse
3136 5731 3297 5786 quam
3327 5715 3449 5780 sibi,
3470 5729 3580 5768 non

1983 5827 2230 5882 quaerens
2279 5809 2423 5880 quod
2473 5809 2574 5864 sibi
2625 5807 2756 5862 utile
2783 5815 2946 5874 esset,
2997 5807 3090 5863 sed
3117 5806 3260 5877 quod
3288 5806 3489 5869 multis,
3519 5812 3580 5860 ut

1981 5904 2113 5960 salvi
2144 5903 2351 5959 ﬁerent.
2381 5901 2489 5956 Illis
2526 5913 2656 5970 ergo
2683 5898 2901 5953 volebat
2954 5898 3211 5968 prodesse
3261 5897 3576 5967 sospitatem

1979 6011 2155 6062 suam,
2185 5995 2378 6066 quibus
2407 6009 2557 6051 suam
2584 5977 2840 6064 prodesse
2867 5988 3072 6046 sciebat
3093 5996 3148 6046 ct
3191 5989 3375 6045 vitam.
3409 5987 3573 6044 Deni-
