4124 6492
567 449 671 507 N7
734 460 735 463 ‘

1597 445 1652 499 S.
1697 442 2061 501 FULGENTII
2100 444 2405 502 EPISCOPI
2446 444 2821 501 RUSI’ENSIS

3701 439 3899 504 ’518

566 583 671 638 que
715 580 838 621 cum
881 560 1207 620 desiderium
1255 561 1482 617 haberet
1536 561 1758 617 dissolvi
1811 571 2007 617 etesse
2039 578 2159 616 cum
2189 565 2241 625 Λ
2266 576 2366 617 nec
2411 562 2556 617 aliud
2609 562 2737 615 mihi
2786 560 2998 617 videtur
3025 573 3147 618 esse
3201 558 3342 616 ratio
3370 560 3662 632 praecipua,
3698 577 3886 634 quam

512 668 521 677 ‘
565 658 779 716 Christo
807 652 1026 726 (Philip.
1051 671 1086 721 ι,
1115 653 1228 724 25),
1261 653 1407 725 quod
1426 662 1569 708 esset
1596 654 1765 709 multo
1793 653 1999 720 melius,
2019 654 2159 709 scie-

563 749 659 806 bat
689 758 866 804 tamen
894 763 1115 803 manere
1137 747 1192 802 in
1213 761 1375 803 carne
1398 748 1760 802 necessarium
1807 763 1948 814 esse,
1996 763 2160 819 prop-

563 852 649 897 ter
675 841 796 897 illos
827 840 881 895 in
908 838 1102 909 quibus
1130 839 1466 910 apostolatus
1509 839 1850 895 ministrabat
1894 839 2151 896 ofﬁcium.

564 930 773 986 Caritas
795 943 925 998 ergo
953 945 1077 985 eum
1102 928 1303 985 Christi
1326 928 1568 997 urgebat,
1621 929 1735 984 sive
1761 945 1883 986 cum
1912 946 1941 984 a
1973 945 2031 986 se
2060 933 2157 986 sti-

563 1021 768 1075 mulum
796 1028 1014 1089 rogaret
1037 1019 1254 1083 auferri,
1282 1018 1396 1074 sive
1416 1034 1536 1074 cum
1586 1019 1640 1073 in
1687 1036 1869 1086 carne,
1913 1022 2156 1091 quamvis

562 1110 704 1163 aliud
757 1108 1091 1174 desiderans,
1149 1115 1374 1179 cuperet
1417 1109 1733 1164 immorari:
1783 1112 2158 1167 coarctabatur

562 1202 704 1256 enim
727 1201 1011 1257 latitudine
1031 1202 1289 1267 caritatis,
1324 1210 1382 1257 ut
1408 1210 1604 1258 etcum
1632 1202 1846 1260 Christo
1883 1205 2157 1262 desidera-

562 1303 646 1350 ret
675 1312 816 1363 esse,
847 1304 902 1351 et
950 1295 1184 1352 cilicium
1213 1298 1378 1351 vellet
1404 1298 1506 1367 piae
1536 1298 1872 1353 necessitatis
1899 1298 2151 1368 implere;

563 1387 839 1440 caritatem
898 1387 1058 1457 igitur
1115 1389 1402 1458 utrobique
1437 1389 1644 1458 dilexit,
1674 1404 1834 1459 quam
1858 1406 2074 1463 semper
2100 1392 2153 1446 in

560 1474 701 1530 bona
733 1478 1009 1532 voluntate
1031 1479 1277 1548 spiravit.
1608 1530 1613 1533 .
1935 1543 1938 1546 ,

630 1567 683 1621 8.
727 1566 791 1621 In
815 1568 1087 1624 dilectione
1108 1572 1336 1641 proximi
1362 1572 1599 1643 diligitur
1619 1582 1669 1628 et
1690 1576 1907 1631 caritas.
1931 1573 2153 1630 Dilectio

559 1654 660 1712 Dei
677 1666 726 1711 et
753 1657 982 1727 proximi
1000 1666 1081 1712 est
1105 1659 1312 1715 dilectio
1340 1662 1928 1738 caritatis.—Quisquis
1973 1664 2155 1734 itaque

556 1747 853 1801 secundum
893 1749 1174 1804 caritatem
1223 1751 1365 1821 (quae
1404 1751 1547 1809 Deus
1588 1753 1690 1825 est)
1712 1755 1886 1825 diligit
1908 1754 2152 1824 fratrem,

556 1837 730 1906 ipsam
761 1838 816 1892 in
845 1853 912 1894 eo
927 1854 1086 1908 quam
1105 1842 1337 1896 maxime
1359 1842 1529 1911 diligit
1553 1846 1853 1900 caritatem.
1881 1845 2009 1902 Ideo
2029 1861 2153 1903 cum

2263 664 2580 725 competens
2634 663 2796 724 atque
2860 654 3107 710 ordinata
3158 654 3381 711 dilectio
3402 668 3524 725 quze
3543 655 3613 710 ah
3633 656 3911 737 homine

2262 748 2363 804 soli
2387 749 2499 805 Deo
2529 749 2760 805 debetur
2788 758 2843 804 et
2871 750 3139 819 proximo.

2332 839 2418 894 11.
2460 840 2639 907 Vides,
2678 849 2864 896 sancte
2891 838 3074 906 frater,
3121 855 3284 909 quam
3332 839 3609 910 prolixum
3662 848 3877 894 tecum

2261 929 2507 983 conserui
2556 928 2623 984 de
2677 929 2903 984 caritate
2945 944 3274 992 sermonem,
3327 928 3455 983 dum
3503 929 3664 983 nimis
3722 928 3789 982 in
3826 936 3887 983 te

2261 1018 2429 1088 ipsam
2456 1019 2618 1088 diligo
2639 1020 2946 1085 caritatem,
2969 1035 3130 1089 quam
3160 1019 3344 1088 utique
3382 1019 3498 1089 ipse
3543 1033 3780 1089 quoque
3826 1019 3887 1073 in

2261 1111 2415 1166 nobis
2444 1110 2620 1180 diligis
2651 1128 2665 1177 ;
2709 1126 2811 1168 nec
2851 1112 2922 1165 ob
2973 1111 3137 1176 aliud,
3164 1111 3266 1165 nisi
3294 1110 3420 1180 quia
3444 1110 3587 1165 hanc
3614 1111 3667 1164 in
3702 1110 3886 1165 nobis

2258 1202 2337 1257 sic
2364 1216 2534 1269 amas,
2563 1216 2669 1270 qua
2697 1200 2841 1257 dono
2863 1200 2957 1256 Dei
2987 1200 3187 1271 plenus
3216 1216 3294 1265 es,
3320 1210 3379 1256 ut
3403 1200 3567 1255 etiam
3598 1217 3748 1272 quos
3792 1200 3883 1254 di-

2260 1292 2396 1361 ligis,
2428 1292 2675 1347 similiter
2702 1292 2890 1362 plenos
2942 1307 3063 1347 esse
3112 1291 3409 1347 desideres.
3444 1291 3560 1348 Hoc
3602 1307 3744 1362 ergo
3772 1306 3881 1345 su-

2259 1391 2462 1453 perest,
2492 1391 2552 1437 ut
2579 1382 2704 1452 quia
2736 1397 2836 1436 nos
2857 1397 2992 1451 pure
3041 1382 3239 1450 diligis,
3270 1383 3539 1437 instanter
3566 1398 3665 1452 pro
3700 1381 3880 1435 nobis

2259 1488 2415 1529 orare
2435 1473 2689 1541 digneris,
2710 1481 2767 1526 ut
2799 1473 2952 1536 Deus,
2979 1474 3071 1543 qui
3095 1474 3364 1545 nosprior
3388 1473 3580 1529 dilexit
3601 1472 3869 1545 (ιςιιοαη.

2259 1579 2330 1628 ιγ,
2360 1560 2469 1633 10),
2500 1570 2556 1618 et
2592 1563 2741 1618 dedit
2771 1562 2924 1618 nobis
2952 1563 3232 1619 caritatem
3275 1579 3382 1633 qua
3410 1564 3669 1633 diligatur
3695 1579 3729 1618 a
3764 1579 3876 1620 no-

2257 1654 2359 1721 bis,
2388 1656 2528 1734 sicut
2579 1670 2686 1710 non
2739 1655 3075 1719 habentibus,
3128 1656 3243 1726 ipse
3283 1669 3401 1711 eam
3454 1656 3627 1724 gratia
3649 1670 3876 1727 praeve-

2258 1746 2443 1801 niente
2471 1746 2714 1816 largitur,
2746 1746 2825 1801 sic
2862 1747 2915 1801 in
2940 1747 3094 1802 nobis
3123 1761 3313 1802 omnes
3338 1746 3597 1817 reliquias
3626 1747 3897 1802 munda-‘

2260 1852 2342 1892 nte
2388 1837 2696 1907 cupiditatis
2752 1837 3017 1903 absumat,
3051 1844 3108 1892 et
3162 1853 3262 1892 nos
3308 1837 3499 1907 spiritu
3550 1836 3871 1893 servientes

555 1925 808 1982 Salvator
838 1936 1026 1984 noster
1052 1930 1330 2000 apostolos
1353 1948 1481 1989 suos
1503 1950 1646 1990 novo
1674 1935 1988 2004 dignaretur
2008 1937 2156 1992 iuno.
2191 1956 2234 2015 Β
2262 1927 2444 2000 (Μαι,
2474 1929 2664 1999 spiritu
2682 1926 2977 1999 ferventes)
3006 1929 3058 1983 in
3082 1928 3309 1984 caritate
3329 1926 3589 1998 perﬁciat,
3605 1927 3871 1999 illiusque

556 2033 686 2075 vare
713 2020 985 2089 mandato,
1010 2022 1196 2076 dicens
1226 2040 1239 2075 :
1274 2022 1584 2079 Mandatum
1606 2018 1798 2080 novum
1821 2027 1888 2082 do
1916 2027 2075 2093 vobis,
2098 2036 2154 2081 ut

556 2110 773 2164 invicem
801 2110 1032 2183 diligatis
1055 2110 1235 2185 (Joan.
1261 2129 1373 2178 xm,
1399 2114 1509 2185 51),
1537 2114 1733 2183 jubens
1762 2132 1860 2187 per
1884 2132 1943 2171 se
1969 2115 2157 2171 frater—

558 2199 785 2256 nitatem
812 2200 979 2269 diligi,
1013 2203 1183 2271 ipsam
1212 2218 1427 2273 quoque
1478 2206 1758 2261 caritatem
1806 2204 2155 2262 fraternitatis

559 2304 658 2359 per
681 2290 989 2359 apostolum
1019 2289 1244 2346 Paulum
1277 2292 1517 2362 praecipit
1563 2293 1907 2363 diligendam.
1937 2296 2153 2352 Christo

557 2381 702 2436 enim
729 2382 782 2435 in
812 2382 1163 2450 selozguente,
1194 2384 1433 2452 gentium
1475 2382 1729 2452 Magister
1758 2386 1869 2441 vult
1922 2403 2022 2442 nos
2069 2387 2153 2443 di-

558 2472 846 2528 lectionem
870 2473 1070 2528 babere
1100 2474 1217 2529 sine
1244 2474 1586 2530 simulatione
1612 2494 1624 2528 :
1661 2473 1906 2532 Odit'ntes
1931 2479 2151 2549 malum,

558 2563 880 2618 adluerentes
926 2562 1079 2630 bono,
1109 2567 1326 2620 caritate
1374 2567 1720 2636 fraternitatis
1772 2570 1985 2625 invicem
2033 2572 2152 2626 dili-

558 2662 729 2725 gentes
752 2653 925 2724 (Rom.
960 2671 1050 2721 χιι,
1083 2655 1136 2720 9,
1164 2654 1271 2723 10;.

632 2743 684 2798 9.
726 2742 864 2798 Hinc
890 2751 974 2799 est
1001 2744 1146 2814 quod
1177 2745 1233 2799 in
1263 2746 1549 2802 undecimo
1573 2745 1985 2804 Confessionum
2015 2751 2153 2807 libro

559 2835 808 2904 egregius
832 2835 927 2890 ille
955 2834 1169 2904 doctor,
1200 2836 1389 2894 beatus
1418 2838 1625 2894 scilicet
1652 2838 2000 2909 Augustinus,
2029 2856 2152 2897 cum

558 2926 669 2981 Deo
697 2941 939 2982 amorem
967 2942 1123 2981 suum
1152 2941 1313 2997 quem
1344 2947 1361 2981 ι
1398 2936 1458 2983 ιιι
1485 2944 1609 2984 eum
1637 2929 1884 2998 diligeret
1929 2931 1995 2986 ab
2033 2932 2152 3001 ipso

557 3026 879 3089 acceperat,
931 3018 1283 3076 confiteretur
1304 3061 1319 3088 ,
1377 3022 1452 3077 ait
1494 3022 1649 3077 :Jam
1680 3023 1809 3089 dixi,
1842 3034 1898 3079 et
1926 3024 2100 3079 dicam
2134 3042 2147 3078 :

556 3124 761 3165 amore
792 3110 991 3166 amoris
1032 3111 1108 3165 tui
1129 3110 1268 3167 facio
1291 3112 1433 3168 istud
1455 3113 1542 3186 (S.
1566 3113 1784 3186 August.
1810 3131 1863 3168 ιι
1888 3114 2148 3187 Confess.,

556 3198 634 3271 1).
673 3218 691 3252 ι
727 3198 998 3256 Psalmum
1027 3218 1243 3272 quoque
1271 3206 1624 3261 centesimum
1654 3206 2149 3276 duodevigesimum

555 3307 851 3362 exponens,
883 3309 1007 3349 cum
1034 3294 1175 3349 illius
1222 3295 1327 3351 loci
1372 3297 1784 3368 intelligentiam
1831 3300 2147 3370 explanaret
2178 3343 2220 3370 ,η

555 3384 648 3439 ubi
669 3384 903 3440 dicitur:
940 3383 1121 3440 Incola
1147 3404 1243 3458 ego
1262 3405 1376 3443 sum
1403 3391 1459 3444 in
1482 3399 1639 3457 terra,
1677 3408 1742 3445 ne
1782 3391 2071 3449 abscondas
2120 3413 2153 3449 a

553 3490 637 3528 me
655 3475 904 3529 mandata
927 3486 1014 3530 tua
1038 3476 1213 3543 {PsaL
1229 3496 1414 3549 cxvm,
1433 3479 1545 3552 l9);
1573 3482 1726 3554 185
1747 3493 1871 3553 post
1886 3484 2062 3554 aliqua
2082 3485 2158 3539 sic

552 3566 627 3621 ait
653 3583 665 3618 :
699 3583 717 3618 ι
741 3564 879 3632 Quid
900 3576 1082 3623 autem
1105 3568 1434 3640 diligendum
1465 3572 1720 3642 diligitur,
1738 3576 1784 3630 si
1806 3575 1921 3646 ipsa
1940 3576 2157 3633 dilectio

551 3673 663 3712 non
689 3656 972 3728 diligatur?
993 3658 1148 3716 Unde
1167 3672 1565 3732 consequenter
1580 3665 1682 3721 iste
1698 3666 1874 3722 incola
1903 3670 1959 3723 in
1987 3673 2155 3736 terra,

554 3762 674 3803 cum
698 3747 795 3803 Dei
828 3750 1080 3806 mandata
1111 3768 1180 3807 ne
1208 3769 1238 3807 a
1268 3769 1326 3809 se
1349 3755 1811 3815 absconderentur
1838 3769 2075 3828 orasset,
2101 3761 2159 3817 in

553 3838 747 3907 quibus
775 3838 993 3896 dilectio
1023 3844 1349 3914 pnccipitur,
1398 3846 1482 3902 vel
1511 3848 1647 3917 sola,
1683 3851 1767 3906 vel
1814 3852 2069 3918 maxime,
2102 3861 2158 3909 et

552 3926 720 4001 ipsius
748 3929 1057 3988 dilectionis
1085 3934 1432 3992 dilectionem
1464 3953 1524 3994 se
1553 3940 1690 3995 velle
1721 3941 1922 3997 habere
1945 3943 2155 4013 procla-

550 4026 667 4073 mat
692 4019 876 4076 dicens
902 4038 914 4075 :
940 4020 1243 4095 Concupivit
1258 4028 1435 4082 anima
1456 4045 1572 4083 mea
1587 4030 1886 4087 desiderare
1900 4032 2159 4105 justi/ica-

547 4112 719 4166 tioncs
775 4122 913 4181 tuas,
943 4114 1165 4170 inomni
1223 4125 1450 4189 tempore
1497 4118 1670 4192 (Idem
1708 4124 1764 4177 in
1803 4124 1937 4195 psal.
1995 4140 2156 4180 cxvnt

548 4218 701 4258 conc.
732 4202 811 4274 8).
850 4223 869 4256 ι
890 4204 1093 4267 ,Νοιιηθ
1131 4208 1226 4263 tibi
1259 4209 1471 4264 videtur
1500 4220 1688 4280 aperte
1729 4213 1797 4268 de
1826 4215 2157 4285 propheticis

550 4299 717 4358 atque
772 4294 1086 4362 apostolicis
1129 4295 1287 4352 dictis
1340 4305 1509 4354 tracta
1556 4299 1709 4355 beati
1760 4303 2041 4372 Augustini
2086 4305 2155 4362 de

551 4378 818 4449 diligenda
844 4382 1131 4439 dilectione
1157 4387 1423 4441 sententia
1456 4389 1516 4443 οἳ

624 4470 713 4525 10.
755 4471 1046 4535 Conclusio,
1074 4483 1129 4527 ut
1152 4491 1216 4529 ea:
1243 4477 1460 4531 caritate
1479 4495 1572 4548 pro
1587 4481 1803 4536 invicem
1824 4499 2051 4538 oremus.
2080 4518 2152 4528 —

553 4558 817 4625 Quocirca
847 4560 1067 4616 dilectio
1097 4562 1192 4618 Dei
1238 4572 1294 4618 et
1334 4567 1583 4634 proximi.
1611 4584 1731 4638 quae
1753 4570 2033 4640 plenitudo
2057 4573 2138 4629 le-

556 4647 639 4716 gis
668 4645 897 4717 linisque
933 4651 1186 4720 pnccepti
1227 4659 1330 4717 est,
1354 4662 1409 4707 et
1457 4655 1510 4710 in
1564 4657 1676 4712 Deo
1716 4660 1996 4716 caritatem
2024 4662 2144 4717 dili-

2236 2035 2359 2075 cnos
2413 2019 2575 2075 faciat
2625 2019 2972 2075 beatitudinis
2991 2027 3301 2089 compotes,
3315 2019 3369 2073 in
3398 2033 3505 2088 qua
3529 2019 3672 2074 sicut
3704 2018 3866 2074 nulla

2255 2118 2339 2168 est
2366 2111 2654 2168 delectatio
2670 2127 2856 2183 prava,
2880 2113 2961 2168 sic
2983 2112 3127 2167 nulla
3148 2127 3294 2167 mors
3315 2112 3535 2166 tinuetur
3553 2125 3630 2166 ει·
3650 2126 3823 2181 ptena
3845 2127 3861 2163 :

2256 2201 2346 2256 ubi
2377 2201 2505 2255 nihil
2537 2201 2822 2271 quisquam
2873 2217 2942 2259 ex
2993 2201 3169 2258 carnis
3217 2200 3502 2270 fragilitate
3530 2200 3860 2271 perpetitur,

2255 2291 2352 2347 sed
2375 2292 2442 2347 ab
2464 2293 2711 2347 omnibus
2738 2295 2942 2350 sanctis
2988 2294 3040 2347 in
3095 2292 3191 2348 Dei
3242 2300 3297 2346 et
3344 2290 3583 2363 proximi
3615 2291 3861 2361 perfecta

2255 2395 2474 2450 semper
2501 2383 2739 2437 caritate
2760 2392 3039 2452 regnatur.

2328 2473 2414 2528 12.
2456 2474 2709 2533 Orantem
2751 2494 2849 2547 pro
2890 2478 3045 2534 nobis
3074 2477 3414 2533 sanctitatem
3438 2484 3582 2530 tuam
3622 2477 3857 2533 clemen-

2258 2566 2331 2620 tia
2384 2565 2563 2621 divina
2620 2566 2909 2634 custodiat,
2939 2566 3087 2636 quod
3125 2575 3276 2637 opto,
3304 2566 3527 2623 domine
3553 2575 3743 2622 sancte
3788 2583 3855 2623 ac

2255 2658 2566 2713 beatissime
2621 2658 2806 2713 frater.
2859 2659 3095 2714 Domnus
3167 2657 3455 2714 Januarius
3510 2660 3854 2714 sanctitatem

2257 2759 2405 2805 tuam
2436 2757 2553 2806 toto
2579 2750 2780 2806 salutat
2800 2751 3050 2820 puritatis
3071 2758 3129 2806 et
3157 2749 3522 2805 venerationis
3554 2748 3579 2787 δ
3610 2749 3851 2814 είΐθοὶιις

2256 2841 2689 2897 benedictionem
2730 2857 2761 2896 a
2807 2842 2960 2896 vobis
2987 2842 3267 2906 directam,
3300 2847 3415 2894 tota
3442 2854 3563 2895 cum
3611 2839 3851 2895 exsulta-

2258 2933 2404 2988 tione
2429 2933 2662 3003 suseepi.
2694 2931 2906 2996 Libros,
2937 2932 3078 2987 sicut
3117 2930 3441 3001 przecepisti,
3463 2928 3531 2984 ad
3558 2928 3853 2985 Monimum

2256 3023 2410 3080 datos
2441 3034 2484 3088 ε,
2518 3024 2568 3077 in
2625 3023 3072 3092 quaternionibus
3119 3021 3412 3088 destinavi,
3460 3020 3513 3074 in
3560 3020 3779 3089 qubus,
3807 3019 3852 3075 si

2255 3114 2456 3184 aliquid
2505 3113 2789 3183 placuerit,
2847 3114 3048 3168 utinam
3100 3111 3363 3177 veritatis,
3416 3119 3472 3165 et
3521 3126 3631 3165 non
3677 3109 3850 3166 solum

2254 3205 2455 3260 amoris
2480 3219 2600 3260 esse
2622 3218 2942 3274 cognoscam
2969 3205 2981 3256 l
3016 3203 3082 3258 lli
3112 3211 3237 3259 sunt
3265 3203 3427 3271 igitur
3453 3217 3587 3257 mete
3617 3202 3852 3272 parvita-

2256 3295 2325 3349 tis
2345 3296 2566 3362 oblatio,
2598 3311 2759 3365 quam
2807 3297 2961 3352 vobis
3008 3295 3169 3351 faciet
3232 3295 3438 3365 puritas
3477 3295 3645 3350 vestri
3673 3294 3850 3350 cordis

2257 3395 2555 3456 acceptam.
2605 3386 2963 3455 Suggestione
3017 3386 3199 3441 fratris
3250 3385 3554 3442 communis
3602 3393 3844 3455 accepta,

2257 3490 2442 3546 quaeso
2489 3484 2548 3531 ut
2588 3476 2823 3546 adjutrix
2852 3477 2993 3534 adsit
3021 3477 3047 3514 ά
3078 3484 3274 3532 vestrae
3298 3476 3536 3532 caritatis
3567 3476 3845 3532 industria.

2257 3566 2493 3623 Obsecro
2516 3576 2573 3623 ut
2601 3568 2769 3623 libros
2790 3584 2927 3639 quos
2955 3584 3101 3638 Opus
3130 3568 3409 3634 habemus,
3456 3568 3601 3622 servi
3648 3567 3726 3622 tui
3756 3565 3851 3621 de-

2258 3657 2496 3713 scribant
2528 3657 2595 3714 de
2616 3658 2892 3715 codicibus
2920 3659 3131 3715 vestris.

2830 3748 3160 3805 EPISTOLA
3201 3748 3283 3805 Vl.

2665 3858 2729 3895 AD
2759 3856 3079 3897 THEODORUI
3117 3856 3448 3898 SENATOREI.

2693 3932 2770 3986 De
2790 3933 3124 3988 conversione
3150 3950 3183 3986 a
3206 3934 3417 3989 alecula.

2333 4023 2561 4079 Domino
2591 4024 2805 4093 illustri,
2828 4033 2884 4080 et
2912 4025 3106 4081 merito
3155 4025 3372 4096 insigni,
3403 4041 3469 4081 ac
3515 4029 3846 4097 praestantis.

2257 4115 2395 4171 simo
2431 4114 2552 4190 lilio
2584 4115 2896 4182 Tueonono,
2928 4115 3306 4185 FULGENTIUS,
3334 4133 3613 4174 servorum
3651 4117 3847 4175 Christi

2261 4208 2510 4274 famulus,
2540 4209 2592 4263 in
2626 4208 2852 4264 Domino
2876 4209 3123 4264 salutem.

2314 4302 2470 4372 186
2488 4301 2668 4357 CAPUT
2689 4316 2905 4356 paruum.
2924 4300 3145 4354 Occasio
3161 4298 3445 4355 scribenda:
3458 4300 3786 4371 epistolaz.-—
3800 4301 3817 4353 l
3830 4336 3846 4354 .

2261 4389 2330 4444 Ut
2358 4391 2569 4459 ignotus
2588 4404 2817 4459 corpore
2834 4389 3070 4443 audeam
3092 4388 3370 4458 epistolari
3394 4389 3491 4443 tibi
3514 4404 3691 4443 meam
3715 4389 3847 4444 noti-

2262 4481 2387 4535 tiam
2417 4479 2613 4535 inferre
2633 4493 2901 4541 sermone,
2934 4490 3116 4548 quaeso
3147 4495 3213 4534 ne
3237 4478 3580 4551 impudentia:
3602 4480 3847 4550 deputes,

2257 4587 2395 4642 neve
2411 4570 2801 4640 importunitati
2820 4585 2956 4640 opus
2968 4570 3210 4626 caritatis
3231 4571 3488 4640 assignes.
3507 4571 3587 4626 Ad
3610 4572 3847 4628 scriben-

2261 4663 2385 4719 dum
2401 4677 2649 4731 namque,
2666 4662 2895 4731 primum
2918 4663 3088 4717 sancti
3104 4662 3283 4718 fratris
3298 4662 3513 4718 Romuli
3544 4663 3714 4719 dulcis
3741 4662 3847 4733 epi-

554 4737 651 4808 git,
677 4752 796 4807 quae
848 4738 988 4792 Deus
1038 4748 1139 4806 est,
1167 4749 1221 4796 et
1247 4742 1300 4795 in
1342 4744 1591 4813 proximo
1624 4747 1904 4804 caritatem
1947 4751 2140 4821 diligit,
2173 4736 2225 4795 D
2248 4755 2410 4823 stola,
2428 4753 2621 4809 deinde
2642 4752 2864 4809 fratrum
2882 4754 3075 4810 exinde
3092 4755 3441 4822 venientium,
3459 4755 3550 4826 qui
3574 4771 3606 4810 a
3628 4755 3778 4811 vobis
3797 4755 3848 4811 in

552 4841 673 4894 qua:
703 4841 769 4879 ex
800 4826 910 4880 Deo
932 4835 1013 4887 est
1047 4846 1058 4880 :
1085 4837 1212 4885 tunc
1240 4831 1384 4886 enim
1414 4842 1562 4889 recte
1592 4835 1732 4891 Deus
1751 4839 2143 4909 proximusque

552 4915 812 4982 diligitur,
842 4915 887 4969 si
911 4917 1036 4970 etin
1061 4918 1172 4974 Deo
1192 4928 1247 4975 et
1295 4920 1348 4975 in
1378 4923 1625 4991 proximo
1657 4925 1773 4996 ipsa
1800 4929 1998 4983 caritas
2026 4928 2159 4982 dili--

552 5015 726 5072 gntur.
755 5006 831 5061 ita
860 5007 917 5061 lit
940 5016 999 5062 ut
1027 5018 1079 5063 ct
1100 5010 1153 5064 in
1176 5009 1288 5067 Deo
1319 5011 1493 5083 ipsum
1514 5013 1705 5081 Deum,
1743 5018 1871 5072 etin
1898 5018 2145 5088 proximo

554 5093 721 5149 Deum
753 5096 869 5152 sine
897 5096 1059 5154 dubio
1088 5099 1389 5170 diligamus.
1420 5102 1606 5173 Neque
1632 5107 1774 5160 enim
1801 5106 1995 5163 frustra
2023 5117 2145 5179 post

556 5181 901 5242 dilectionem
930 5186 1045 5253 Dei,
1072 5206 1181 5244 non
1207 5191 1311 5245 alia
1342 5192 1442 5247 nisi
1483 5196 1714 5264 proximi
1744 5197 1858 5252 sola
1880 5199 2034 5255 nobis
2063 5209 2146 5255 est

556 5276 806 5331 mandata
849 5277 1088 5347 dilectio,
1116 5282 1324 5337 scilicet
1349 5291 1408 5337 ut
1436 5299 1792 5354 agnoscamus
1820 5276 1965 5343 illam
1989 5306 2145 5345 crea-

557 5376 732 5421 turam
754 5386 853 5425 nos
883 5372 1081 5427 debere
1108 5374 1351 5444 diligere,
1381 5376 1472 5431 ubi
1511 5382 1790 5435 caritatem
1812 5381 1982 5450 ipsam
2014 5399 2144 5453 pos-

557 5474 744 5516 sumus
787 5461 1046 5521 invenire.
1069 5465 1240 5522 Omne
1280 5483 1516 5538 namque
1562 5472 1761 5526 animal
1808 5473 2141 5545 irrationale,

556 5551 697 5606 sicut
727 5569 834 5609 non
864 5555 1025 5611 habet
1053 5557 1321 5614 rationem
1342 5599 1357 5626 ,
1395 5559 1472 5615 sic
1502 5576 1605 5615 non
1635 5561 1799 5617 habet
1826 5564 2102 5619 caritatem
2129 5585 2142 5632 ;

630 5737 654 5812 ξ
695 5729 792 5812 Ms.
816 5731 1000 5812 Corb.,
1034 5731 1221 5812 Nonne
1240 5745 1416 5812 aperte
1436 5740 1743 5812 propheticis
1772 5749 1924 5811 atque
1946 5753 2151 5812 aposto-

558 5799 673 5879 licis
706 5802 882 5879 ⁵ςιῇειξξ
930 5812 1098 5879 tracta
1125 5799 1287 5879 beati
1311 5799 1586 5879 Augustini
1598 5799 1902 5879 sententia?
1932 5799 2030 5869 nec
2063 5816 2157 5869 ha-

555 5868 644 5924 bet
680 5870 770 5924 tibi
799 5872 1013 5926 ridetur.
1042 5873 1232 5930 Colon.
1284 5885 1340 5931 et
1370 5868 1553 5937 Hasil..
1586 5878 1779 5935 Nonne
1828 5882 1918 5937 tibi
1950 5868 2149 5939 videtur

557 5949 735 5999 aperte
757 5942 1065 6004 montana
1093 5954 1242 6007 atque
1273 5947 1569 6009 ortastolicis
1615 5951 1766 6009 dictis
1799 5957 2008 6012 tracta?
2035 5957 2148 6015 An-

2250 4844 2478 4900 Domino
2512 4836 2756 4913 benigne
2807 4846 3042 4915 suscepti
3070 4853 3211 4910 sunt,
3245 4861 3312 4901 eo
3343 4860 3430 4901 me
3463 4847 3635 4916 magis
3661 4847 3841 4902 suasio

2249 4934 2530 5005 compulit,
2554 4950 2662 5005 quo
2702 4937 2866 4991 vestri
2912 4936 3167 5007 Spiritalis
3216 4936 3478 5008 propositi
3510 4939 3748 5007 cognitio
3785 4938 3847 4993 lin

2248 5025 2463 5081 bentius
2521 5027 2789 5082 invitavit.
2844 5027 3165 5083 Rctulerunt
3226 5029 3410 5107 luippe
3458 5031 3602 5099 quod
3649 5029 3848 5087 Christi

2249 5116 2562 5186 compulsus
2587 5116 2804 5186 allectu,
2836 5119 3008 5173 nostri
3053 5120 3288 5175 nominis
3320 5121 3371 5175 in
3402 5122 3673 5192 colloquio
3702 5124 3849 5179 beni-

2255 5220 2359 5276 gne
2408 5203 2599 5263 feceris
2657 5207 3008 5272 mentionem,
3039 5207 3225 5264 dicens
3273 5218 3327 5265 te
3382 5218 3567 5266 nostra
3624 5212 3848 5282 epistola

2254 5298 2534 5355 delectari.
2570 5298 2769 5356 Libens
2825 5300 2986 5369 igitur
3037 5299 3160 5368 feci,
3200 5303 3344 5372 quod
3376 5313 3429 5359 te
3461 5305 3603 5360 velle
3625 5305 3849 5361 libenter

2253 5389 2467 5457 agnovi,
2491 5391 2698 5447 malens
2749 5391 2984 5449 incultus
3012 5393 3181 5449 videri
3224 5410 3496 5461 sermone,
3529 5411 3692 5465 quam
3734 5411 3852 5455 esse

2254 5478 2476 5549 frigidus
2497 5481 2744 5546 caritate,
2773 5481 2991 5539 domine
3014 5483 3237 5540 illustris
3257 5528 3272 5554 ,
3304 5494 3358 5541 et
3386 5488 3580 5544 merito
3607 5488 3850 5560 insignis,
3942 5478 3949 5485 κ

2256 5586 2321 5626 ac
2350 5573 2792 5643 praestantissime
2824 5572 2912 5631 ﬁli.

2261 5756 2457 5819 tuerp.,
2476 5736 2547 5806 de.
2558 5754 2884 5823 propheticis.
2898 5797 2910 5809 .
2921 5797 2933 5809 .
2970 5766 3205 5814 tractata.

2338 5819 2365 5858 δ
2404 5820 2561 5876 Editi.
2589 5824 2758 5876 plena:
2787 5827 3022 5876 rationis.

2338 5837 2365 5858 υ
2404 5837 2561 5886 eoin,
2588 5837 2758 5893 plena:
2787 5837 3022 5881 rationis.

2332 5903 2354 5970 ξ
2527 5893 2713 5970 Corb,
2746 5896 2816 5949 ad
2842 5894 3129 5970 Monimnm
3153 5899 3368 5970 legatos.

2329 5958 2354 6000 ἀ
2395 5961 2492 6018 Ms.
2525 5958 2709 6031 Corb.,
2732 5983 2904 6033 quaso
2929 5978 2983 6022 ut
3008 5958 3239 6038 adjulrii:
3253 5974 3344 6028 sit.
