4124 6480
321 455 429 517 549

1733 459 2058 518 EPISTOLA
2098 442 2182 522 \‘i.

3491 469 3594 538 530

343 615 346 618 η
386 579 523 634 CAP.
551 594 606 633 ιι.
635 575 935 631 Gratulatur
957 594 1002 631 ei
1025 594 1089 631 ae
1102 577 1432 632 conversione
1451 589 1499 630 et
1528 588 1731 631 caecato
1755 595 1903 632 mun-
1931 580 1978 638 Α
2008 579 2410 647 opportunitate
2431 589 2749 652 temporum,
2775 597 2876 653 pro
2897 585 3154 640 varietate
3177 601 3480 659 causarum,
3505 591 3594 647 vel

271 669 408 724 140.
458 695 534 708 ——
585 668 638 721 2.
671 667 853 736 Itaque
908 667 1130 720 multum
1154 666 1362 734 gaudeo
1388 665 1531 735 quod
1548 666 1657 736 jam
1685 668 1906 722 sarcula-

313 759 392 812 ris
421 758 725 813 dilectionis
746 758 969 812 nexibus
1001 773 1104 811 non
1131 758 1346 822 teneris,
1377 767 1434 812 et
1483 759 1735 812 mundum
1777 774 1907 814 con-

312 851 615 906 temnendo
639 851 832 916 calcas,
863 866 893 904 a
921 866 1050 920 quo,
1080 865 1201 905 cum
1257 865 1379 904 eum
1425 850 1699 918 diligeres,
1728 851 1906 906 calca-

311 942 483 996 baris.
513 941 664 996 Nunc
706 956 836 996 vero
892 941 1175 995 consulatu
1223 941 1560 1010 proveheris,
1589 926 1731 996 nuiic
1761 941 1903 996 felici

309 1020 590 1101 iriumpho
642 1033 942 1088 certissime
988 1032 1291 1088 sublimaris
1323 1049 1336 1081 :
1370 1046 1476 1085 non
1535 1033 1620 1086 cui
1679 1033 1905 1102 populus

307 1122 594 1176 Romanus
616 1123 927 1192 applaudat,
961 1123 1055 1178 sed
1085 1124 1472 1193 cni_angelicus
1502 1131 1674 1178 cauus
1703 1124 1903 1193 adgau-

302 1213 433 1267 deat
465 1231 478 1266 :
515 1213 705 1268 Beatus
728 1232 800 1279 es,
828 1216 947 1286 quia
976 1215 1072 1268 hoc
1097 1232 1199 1268 non
1229 1231 1351 1270 caro
1379 1225 1429 1270 et
1456 1218 1670 1286 sanguis
1701 1216 1897 1270 revela-

300 1309 372 1362 vit
405 1307 523 1373 tibi,
550 1309 640 1362 sed
669 1308 755 1362 ille
775 1309 937 1362 Pater
958 1311 1042 1378 qui
1072 1318 1148 1363 est
1170 1311 1223 1363 in
1244 1309 1383 1362 cretis
1417 1307 1632 1377 (Matth.
1658 1325 1766 1376 xw,
1789 1310 1900 1380 l7),

269 1399 448 1454 inter
472 1415 615 1468 quos
638 1399 805 1455 caalos
845 1408 899 1454 et
946 1407 1003 1454 tu
1057 1400 1230 1454 lactus
1274 1415 1333 1455 es
1385 1400 1579 1454 ccelum
1631 1400 1901 1466 Quantum

266 1525 270 1528 -
297 1498 462 1559 putas
495 1490 678 1544 inesse
718 1489 920 1544 luctum
970 1490 1190 1545 diabolo
1217 1489 1362 1558 quod
1389 1505 1420 1542 a
1451 1498 1503 1544 te
1532 1498 1900 1560 contemptum

269 1579 570 1648 perspicit
622 1579 901 1645 mundum,
945 1587 998 1634 et
1056 1589 1109 1634 te
1163 1595 1483 1635 conversum
1513 1583 1790 1649 cognoscit
1832 1582 1901 1636 ad

293 1669 582 1724 Christum
613 1687 626 1723 :
657 1669 803 1738 quod
851 1677 904 1724 te
944 1670 1090 1724 videt
1130 1685 1194 1724 ea
1244 1670 1298 1724 in
1348 1670 1542 1739 quibus
1563 1671 1760 1725 videris
1781 1685 1902 1726 esse

264 1759 582 1826 deserere,
607 1768 662 1816 et
704 1761 772 1816 ab
817 1777 1003 1816 amore
1053 1763 1428 1831 temporalium
1459 1771 1900 1832 terrenarumque

292 1867 482 1908 rerum
519 1852 587 1906 ad
616 1852 704 1907 illa
733 1852 972 1908 caelestia
1002 1860 1058 1907 et
1083 1863 1284 1907 aeterna
1309 1853 1421 1928 jam
1444 1853 1606 1909 corde
1628 1854 1898 1921 migrare?

2009 668 2064 722 in
2115 669 2385 740 deterius,
2416 673 2502 726 vel
2552 672 2606 727 in
2635 673 2829 728 melius
2860 683 3280 746 commutentur,
3313 679 3457 735 illius
3506 683 3589 736 in-

2009 759 2374 814 commutabili
2394 761 2620 816 consilio
2643 762 2700 816 tit
2726 763 2816 833 qui
2839 779 2940 818 nec
2953 765 3264 819 melioribus
3284 768 3467 834 rebus,
3490 785 3593 826 nec

2007 847 2364 906 deterioribus
2393 860 2778 909 commutatur.
2802 855 2983 924 Neque
3007 855 3149 910 enim
3170 857 3333 912 habet
3356 845 3442 913 ubi
3473 874 3594 929 pro-

2008 939 2151 994 liciat
2194 939 2308 1008 ipse
2337 940 2390 994 in
2417 941 2636 1008 melius,
2668 951 2761 997 aut
2791 945 2930 998 unde
2972 945 3025 998 in
3065 946 3300 1002 deterius
3351 948 3587 1004 deticiat.

2005 1030 2100 1085 Ille
2127 1032 2272 1100 quod
2299 1042 2398 1098 est,
2417 1048 2632 1104 semper
2651 1044 2750 1102 est,
2778 1045 2833 1092 et
2858 1039 2996 1092 sicut
3024 1047 3125 1102 est,
3159 1040 3232 1093 ita
3261 1048 3364 1107 est,
3393 1057 3500 1096 non
3536 1043 3592 1098 in

2006 1135 2065 1175 se
2091 1121 2255 1176 habet
2283 1138 2391 1178 non
2438 1138 2561 1179 esse
2607 1141 2766 1195 posse
2811 1127 2953 1197 quod
2992 1137 3104 1197 est,
3135 1131 3258 1200 quia
3300 1146 3400 1186 nec
3429 1133 3483 1187 in
3532 1143 3592 1188 se

2006 1211 2171 1268 habet
2199 1228 2319 1268 esse
2348 1230 2508 1284 posse
2535 1217 2677 1284 quod
2700 1233 2806 1272 non
2837 1226 2938 1273 est.
2974 1217 3038 1272 Et
3067 1220 3168 1275 hoc
3205 1222 3350 1289 quod
3379 1223 3457 1277 sic
3485 1232 3588 1289 est,

2004 1317 2112 1356 non
2137 1303 2291 1358 initio
2315 1306 2660 1373 praevenitur,
2686 1322 2789 1360 non
2816 1307 2921 1362 line
2948 1309 3305 1376 concluditur,
3325 1327 3429 1366 non
3459 1321 3592 1366 tem-

2003 1393 2224 1462 poribus
2253 1394 2500 1460 volvitur,
2533 1411 2640 1450 non
2669 1396 2800 1450 locis
2829 1397 3156 1466 continetur,
3187 1415 3296 1454 non
3340 1402 3590 1456 aetatibus

2001 1483 2262 1537 variatur.
2295 1483 2435 1537 Nihil
2465 1485 2536 1538 ibi
2559 1483 2726 1549 deest,
2751 1485 2874 1554 quia
2899 1494 3071 1539 totum
3099 1487 3152 1541 in
3182 1489 3274 1542 illo
3304 1498 3418 1555 est;
3453 1476 3587 1545 nihil

2003 1571 2076 1626 ibi
2104 1581 2370 1642 superest,
2395 1575 2520 1643 quia
2550 1574 2680 1628 nihil
2709 1581 2905 1644 praeter
2930 1576 3077 1631 illum
3108 1586 3209 1632 est.

2075 1679 2127 1734 5.
2158 1679 2215 1742 Si
2254 1681 2528 1750 qui-ergo,
2553 1697 2732 1736 rerum
2763 1685 3141 1753 temporalium
3170 1693 3224 1741 et
3251 1687 3586 1743 mutabilium

2002 1785 2187 1826 amore
2207 1780 2544 1843 contempto,
2578 1773 2630 1827 in
2666 1774 2808 1830 illius
2834 1775 3175 1830 dilectionem
3203 1785 3498 1845 transeunt,
3533 1781 3587 1835 in

2003 1863 2121 1933 ipso
2143 1873 2300 1920 erunt
2326 1865 2492 1935 pleni,
2517 1866 2570 1920 in
2595 1881 2702 1936 quo
2726 1867 2860 1922 nihil
2886 1868 3182 1937 indigetur;
3210 1871 3263 1925 in
3293 1886 3359 1927 eo
3387 1874 3582 1939 securi,

292 1942 564 2008 Quamvis
607 1942 748 1997 enim
798 1941 1043 1998 Christus
1069 1943 1348 2013 mqualiter
1369 1943 1438 1997 sit
1467 1958 1565 2013 pro
1593 1946 1802 1998 cunctis
1830 1942 1891 1994 ﬁ-

2000 1955 2053 2009 in
2081 1970 2189 2024 quo
2217 1956 2348 2009 nihil
2372 1957 2662 2024 metuitur;
2687 1958 2740 2012 in
2764 1973 2830 2014 eo
2850 1974 2979 2014 vere
3003 1975 3320 2031 semperque
3342 1963 3582 2032 gloriosi,

293 2033 517 2089 delibus
539 2040 802 2097 mortuus,
822 2043 877 2088 et
890 2033 1095 2104 {equale
1116 2035 1326 2090 cunctis
1348 2034 1667 2090 beneficium
1684 2035 1899 2090 redem-

295 2123 506 2194 ptionis
557 2123 896 2192 impenderit,
943 2125 1155 2179 dicente
1205 2122 1466 2193 Apostolo
1523 2143 1537 2178 :
1594 2125 1896 2196 Quicunque

295 2215 438 2266 enim
469 2213 523 2267 in
565 2212 768 2269 Christo
813 2214 1062 2285 baptizati
1100 2217 1240 2280 estis,
1294 2215 1555 2270 Christum
1603 2217 1894 2270 induistis:

295 2321 404 2359 non
428 2315 508 2359 est
535 2304 749 2361 Judwus
775 2324 936 2377 neque
967 2307 1178 2362 Graecus
1204 2317 1250 2372 η,
1281 2325 1384 2362 non
1415 2319 1489 2362 est
1533 2326 1705 2364 servus
1734 2325 1896 2380 neque

295 2395 449 2463 liber,
475 2413 580 2452 non
611 2407 687 2452 est
713 2399 970 2453 masculus
1002 2415 1164 2471 neque
1190 2402 1418 2471 femina;
1449 2416 1624 2454 omnes
1645 2401 1782 2456 enim
1809 2416 1894 2454 vos

294 2502 460 2540 unum
483 2489 604 2542 estis
631 2490 685 2543 in
714 2489 919 2544 Christo
947 2488 1074 2544 Iesu
1108 2490 1249 2563 (Gal.
1283 2508 1359 2554 III,
1400 2490 1492 2560 ‘27)
1517 2508 1533 2551 ς
1567 2499 1745 2546 tamen
1771 2506 1896 2546 cou-

295 2578 482 2632 versio
525 2579 823 2648 potentium
865 2581 1044 2635 seculi
1072 2581 1295 2635 multum
1322 2581 1516 2635 militat
1535 2581 1898 2650 acquisitioni-

295 2664 402 2720 bus
423 2664 650 2721 Christi.

372 2754 506 2809 CAP.
541 2772 614 2810 III.
646 2755 902 2828 Exempla
928 2760 1230 2829 optimatem
1262 2761 1470 2815 trahunt
1491 2770 1606 2830 post
1634 2779 1688 2816 se
1716 2763 1893 2818 multi-

299 2844 555 2900 tudinem.
598 2875 671 2885 —
711 2847 764 2901 5.
797 2849 945 2903 Sicut
984 2850 1132 2911 enim
1189 2851 1342 2905 multi
1390 2851 1583 2907 fratres
1624 2861 1680 2907 et
1708 2853 1890 2923 amici,

297 2936 528 2992 clientes
549 2945 604 2992 et
631 2939 849 3004 subditi,
882 2941 994 2995 noti
1029 2941 1230 3010 pariter
1255 2950 1310 2997 et
1350 2942 1543 3012 ignoti,
1573 2945 1756 2998 talium
1798 2962 1895 3000 au-

297 3026 575 3092 ctoritate,
597 3027 666 3082 ad
686 3029 968 3084 mundana:
983 3030 1284 3087 dilectionis
1297 3034 1600 3088 excitantur
1621 3034 1890 3102 ardorem,

297 3123 354 3170 et
381 3130 450 3171 eo
473 3117 641 3185 magis
662 3117 782 3185 igne
801 3119 1072 3175 saecularis
1090 3121 1535 3192 concupiscentiae
1558 3124 1894 3179 succendun-

299 3215 404 3270 tur,
437 3223 545 3277 quo
574 3209 832 3265 sublimes
852 3211 1033 3266 saeculi
1061 3211 1349 3268 dilectione
1370 3214 1637 3268 mundana
1661 3216 1895 3272 libenter

297 3303 540 3372 captivos
573 3303 741 3358 teneri
766 3305 1104 3374 conspiciunt
1139 3323 1151 3358 :
1191 3307 1345 3377 187
1389 3307 1464 3361 ita
1513 3308 1768 3377 quotiens
1794 3309 1884 3364 ille
1914 3319 1958 3380 (ζ

293 3394 378 3463 qui
397 3395 609 3462 respicit
649 3395 702 3447 in
746 3402 957 3457 terram,
987 3404 1036 3448 et
1065 3397 1190 3466 facit
1231 3413 1344 3451 eam
1389 3406 1622 3460 tremere,
1656 3402 1741 3470 qui
1772 3410 1887 3454 tan-

297 3485 369 3554 git
409 3494 636 3551 montes,
667 3494 715 3539 et
762 3487 1018 3557 fumigant
1060 3486 1152 3558 (al.
1187 3486 1542 3560 fumigabunt]
1576 3487 1748 3562 (Psal.
1773 3506 1883 3556 Clll,

287 3573 395 3644 5'2),
423 3575 564 3629 dum
625 3577 850 3630 terrenis
906 3577 1066 3632 rebus
1109 3577 1313 3631 intenta
1361 3579 1526 3633 corda
1579 3580 1885 3634 miscricor-

284 3667 417 3722 diter
442 3669 698 3737 ruespicit,
743 3676 800 3722 et
849 3669 1283 3724 consideratione
1324 3669 1511 3738 judicii
1539 3672 1620 3725 sui
1653 3681 1887 3727 trcnzcre

282 3758 591 3828 compellit,
645 3758 878 3827 dumque
921 3760 1185 3828 contingit
1226 3761 1455 3830 superba
1507 3762 1669 3816 corda
1720 3763 1888 3817 subli-

280 3849 464 3918 mium,
518 3849 661 3903 velut
708 3849 1018 3905 altitudines
1040 3851 1324 3914 montium,
1352 3859 1409 3904 ut
1431 3850 1772 3906 coiifessioue
1806 3851 1888 3906 fu-

279 3943 494 4010 migenL
514 3951 859 4014 peccatorum
884 3961 899 4010 ;
931 3944 983 3998 in
1027 3945 1215 3998 talium
1245 3952 1482 3999 tremore
1504 3945 1722 4014 plurimi
1749 3963 1908 4008 c.in-.

286 4036 628 4096 tremiscunt,
661 4041 716 4088 et
743 4034 795 4087 in
829 4033 1010 4088 talium
1047 4034 1405 4089 conversione
1438 4035 1593 4089 multi
1623 4034 1692 4090 ad
1719 4036 1886 4091 subsi-

291 4123 431 4178 dium
477 4125 847 4179 miserationis
893 4125 1090 4178 divina:
1140 4123 1477 4194 confugiunt.
1508 4125 1586 4180 lta
1619 4124 1678 4179 tit
1702 4133 1760 4179 ut
1791 4126 1887 4196 qui

290 4218 487 4271 suntin
528 4215 714 4272 steculi
741 4216 972 4272 culmine
1017 4217 1316 4282 constituti,
1349 4225 1442 4272 aut
1497 4218 1767 4288 plurimos
1797 4235 1886 4275 se-

291 4321 403 4361 cum
432 4307 687 4378 perdant,
717 4316 809 4362 aut
835 4322 1018 4362 secum
1050 4308 1248 4364 multos
1275 4308 1330 4362 in
1357 4309 1442 4362 via
1471 4307 1662 4364 salutis
1689 4311 1884 4379 acqui-

291 4406 425 4453 rant.
482 4397 678 4466 Magna
726 4398 860 4454 tales
911 4407 1004 4453 aut
1043 4414 1200 4468 pmna
1229 4405 1433 4467 manet,
1463 4387 1508 4453 si
1538 4399 1720 4454 multis
1751 4416 1885 4470 pra:-

291 4483 444 4541 beant
465 4486 970 4542 malicimitationis
997 4487 1264 4557 laqueum,
1297 4494 1391 4541 aut
1435 4487 1626 4555 gloria,
1657 4488 1701 4542 si
1751 4488 1886 4542 mul-

291 4578 356 4632 tis
401 4579 694 4636 ostendant
733 4587 930 4634 sanctaa
977 4579 1403 4634 conversationis
1451 4580 1780 4649 exemplum.
1812 4609 1884 4620 -

1999 2045 2151 2114 cujus
2179 2061 2305 2101 vera
2328 2053 2383 2101 et
2412 2048 2738 2116 sempiterna
2765 2049 2934 2116 gloria
2959 2063 3059 2104 nec
3082 2048 3344 2120 aufertur,
3369 2068 3468 2107 nec
3493 2054 3588 2106 mi-
3606 2050 3620 2071 ‘

1999 2137 2201 2202 nuitur,
2246 2151 2348 2192 nec
2393 2145 2636 2207 augetur.
2669 2137 2798 2204 Quis
2841 2154 2947 2193 non
2995 2139 3135 2194 illius
3163 2141 3284 2194 vita:
3316 2143 3586 2198 desiderio

1997 2234 2319 2296 praesentem
2336 2227 2497 2280 vitam
2517 2228 2949 2298 despiciat?Quis
2966 2245 3070 2283 non
3088 2230 3229 2285 illius
3245 2231 3587 2287 abundantia:

1996 2318 2410 2384 delectamento,
2453 2319 2665 2373 divitias
2692 2321 2949 2389 temporis
2975 2320 3201 2378 labentis
3250 2322 3586 2379 exhorreat?

1997 2407 2128 2474 Quis
2152 2424 2261 2464 non
2290 2410 2433 2466 illius
2454 2412 2604 2479 regni
2634 2411 2922 2466 dilectione
2963 2413 3144 2467 omnia
3177 2423 3389 2469 terrena
3417 2430 3584 2485 1'ng3

1977 2511 1980 2514 ’
1999 2507 2310 2556 contemnat
2330 2503 2358 2556 ἰν

2068 2620 2122 2675 6.
2153 2622 2442 2676 Mamilium
2469 2631 2666 2677 tantum
2693 2623 2867 2693 futura
2895 2623 3254 2679 beatitudo.--—
3277 2624 3429 2679 Illam
3454 2639 3585 2691 ergo

2000 2713 2164 2769 vitam
2188 2722 2315 2769 tunc
2335 2715 2682 2784 accipiemus,
2706 2713 2751 2768 si
2772 2714 2897 2768 huic
2919 2730 3016 2769 nos
3038 2715 3159 2768 vitae
3180 2723 3422 2771 mortuos
3439 2717 3587 2771 testi-

1997 2820 2225 2870 memus;
2245 2814 2301 2860 et
2319 2807 2438 2861 illas
2458 2805 2671 2860 divitias
2693 2813 2820 2860 tunc
2840 2805 3250 2875 possidebimus,
3266 2807 3312 2861 si
3341 2807 3428 2862 hic
3449 2823 3584 2878 pau-

1996 2914 2156 2970 peres
2181 2899 2372 2969 spiritu
2399 2899 2674 2964 vivamus;
2698 2909 2752 2953 et
2780 2897 2846 2952 ad
2875 2899 3016 2954 illius
3041 2899 3193 2968 regni
3215 2900 3425 2954 culmen
3457 2908 3584 2960 tunc

1996 2993 2392 3064 perveniemus,
2415 2993 2460 3046 si
2481 2992 2569 3046 hic
2597 2991 2980 3056 humilitatem,
3009 3006 3170 3059 quam
3192 2990 3334 3046 Deus
3362 2991 3450 3046 ille
3471 2992 3584 3046 Μεισ-

1994 3087 2163 3154 gister
2182 3085 2382 3149 docuit,
2407 3099 2536 3138 vero
2565 3083 2730 3139 corde
2753 3092 3048 3139 teneamus.
3073 3114 3142 3124 —
3161 3082 3292 3138 Car.
3324 3101 3459 3140 v.—
3477 3083 3584 3138 Ta-

1994 3179 2135 3232 libus
2183 3177 2408 3231 mortuis
2448 3175 2579 3230 dicit
2622 3176 2813 3230 beatus
2857 3175 3190 3244 Apostolus:
3222 3173 3583 3229 Mortuieninn

1994 3271 2137 3334 estis,
2154 3281 2204 3322 et
2228 3271 2330 3323 vita
2359 3278 2523 3322 vestra
2550 3267 2853 3321 abscondita
2881 3275 2958 3320 est
2987 3282 3100 3319 cum
3129 3264 3332 3320 Christo
3361 3267 3416 3320 in
3445 3265 3579 3332 Deo,

1987 3380 2102 3416 cum
2125 3362 2356 3416 Christus
2390 3364 2688 3433 apparuerit
2717 3362 2819 3415 vita
2848 3371 3038 3426 vestra,
3071 3370 3190 3415 tunc
3219 3371 3267 3415 ct
3295 3379 3382 3416 vos
3411 3379 3578 3432 appa-

1987 3453 2167 3508 rebitis
2188 3469 2302 3506 cum
2329 3452 2417 3506 illo
2447 3454 2499 3505 in
2525 3453 2692 3523 gloria
2723 3449 2944 3522 (Coloss.
2979 3467 3054 3516 III,
3089 3450 3140 3516 5,
3172 3451 3250 3521 4).
3276 3451 3352 3506 De
3383 3452 3581 3508 talibus

1987 3545 2152 3599 etiam
2200 3543 2529 3614 pauperibus
2572 3543 2687 3612 ipse
2728 3543 2990 3598 Dominus
3027 3543 3295 3611 loquitur,
3343 3543 3574 3599 dicens:

1972 3633 2136 3688 Beati
2167 3651 2416 3704 pauperes
2445 3634 2629 3703 spiritu
2647 3674 2661 3698 ,
2710 3634 2956 3703 quoniam
2984 3633 3214 3702 ipsorum
3262 3641 3337 3686 est
3364 3650 3578 3702 regnum

1987 3723 2231 3778 caelorum
2262 3723 2476 3792 (Matth.
2509 3738 2562 3783 v,
2593 3721 2670 3792 5).
2701 3721 2777 3775 De
2805 3721 3002 3774 talibus
3031 3737 3246 3790 quoque
3284 3721 3576 3776 bumillms

1988 3814 2150 3868 dicit:
2179 3811 2434 3876 Quoniam
2463 3813 2548 3882 qui
2573 3828 2626 3864 se
2654 3811 2994 3864 humiliaverit
3017 3809 3330 3864 exaltabitur
3357 3811 3572 3881 (Matth.

1988 3922 2138 3969 XXIII,
2174 3905 2294 3976 12);
2325 3914 2381 3960 et
2405 3907 2511 3960 alio
2534 3907 2685 3960 loco:
2716 3905 2914 3959 Discite
2935 3922 2966 3957 a
2995 3923 3074 3959 me
3091 3907 3211 3976 quia
3231 3905 3369 3958 mitis
3391 3921 3502 3958 sum
3522 3914 3575 3957 et

1989 3995 2197 4048 humilis
2226 3995 2378 4049 corde
2400 4035 2414 4060 ,
2442 4005 2490 4048 et
2529 3995 2791 4050 invenietis
2834 3995 3058 4060 requiem
3088 3991 3360 4046 animabus
3394 3993 3574 4046 vestris

1991 4084 2206 4156 (Matth.
2238 4101 2312 4152 ιιι,
2341 4083 2456 4156 29).

2061 4197 2112 4251 7.
2142 4195 2289 4261 Hanc
2317 4195 2676 4250 humilitatem
2697 4210 2802 4250 non
2827 4195 3032 4249 habent
3055 4193 3170 4248 sive
3191 4192 3284 4262 qui
3311 4191 3571 4247 mundum

1987 4286 2232 4354 diligunt,
2262 4301 2358 4340 scu
2380 4286 2471 4354 qui
2499 4288 2658 4356 188
2683 4285 2796 4339 suis
2815 4283 3018 4339 viribus
3035 4282 3329 4352 assignant,
3356 4298 3479 4338 cum
3507 4297 3574 4338 ea

1987 4392 2108 4448 qua)
2128 4385 2254 4432 sunt
2279 4377 2330 4431 in
2352 4377 2551 4431 mundo
2575 4383 2946 4432 contemnunt.

2057 4489 2188 4545 Car.
2218 4507 2290 4545 vI.
2312 4488 2605 4560 ,Superbia:
2645 4489 2745 4543 duo
2775 4505 2983 4560 genera.
3019 4487 3186 4543 Omne
3213 4486 3400 4542 bonum
3426 4486 3570 4556 Deo,

1986 4599 2090 4636 non
2115 4582 2306 4638 viribus
2328 4583 2538 4647 nostris,
2571 4579 3166 4653 assignandum—limo
3181 4579 3288 4634 duo
3308 4579 3572 4649 superbiae

290 4667 411 4725 Car.
441 4689 513 4727 Iv.
547 4703 620 4713 ——
647 4669 776 4736 Quis
803 4670 944 4724 enim
976 4685 1081 4723 non
1115 4685 1335 4740 parvam
1361 4669 1622 4740 despiciat
1661 4671 1875 4734 cellam,
1917 4700 1962 4759 ι)
1985 4687 2204 4741 genera,
2237 4689 2345 4726 uno
2377 4673 2645 4726 versiculo
2671 4673 2900 4742 Spiritus
2929 4681 3145 4727 sanctus
3191 4669 3490 4738 designavit
3516 4670 3570 4725 in

289 4762 498 4827 quando
529 4769 748 4816 senator
776 4759 995 4814 domum
1043 4760 1265 4830 despicit
1306 4771 1688 4816 marmoratam
1707 4763 1729 4815 ?
1749 4761 1878 4828 Quis

292 4865 392 4905 non
421 4861 637 4908 terrena
666 4857 1020 4906 contemnens
1047 4848 1114 4902 ad
1143 4849 1469 4918 acquirenda
1497 4851 1743 4906 cmlestia
1773 4853 1877 4908 sibi

293 4947 550 5013 consulat,
582 4944 800 5015 quando
830 4944 896 4999 ad
938 4943 1135 4998 cadum
1164 4942 1442 4998 Romanus
1483 4945 1675 5000 consul
1706 4954 1876 5002 terre-

291 5047 474 5092 norum
504 5044 822 5106 contemptu
848 5036 1101 5090 festinat"

356 5127 405 5180 4.
439 5131 714 5186 Conversio
744 5128 839 5182 Dei
860 5145 986 5200 opus
1006 5136 1100 5182 est.
1136 5126 1482 5182 Immutabilis
1507 5126 1664 5196 Deus,
1690 5138 1740 5183 et
1761 5148 1877 5200 qua:

293 5221 656 5282 possidentium
681 5237 795 5275 eum
825 5223 1000 5292 futura
1031 5219 1309 5274 beatitudo.
1336 5218 1546 5275 —Vere
1575 5220 1628 5275 in
1661 5229 1714 5275 te
1744 5222 1874 5278 illud

294 5311 429 5376 quod
457 5317 722 5384 propheta
760 5314 955 5369 cecinit
983 5329 1149 5382 opere
1177 5313 1422 5369 videmus
1451 5314 1661 5384 impleri
1688 5333 1700 5368 :
1736 5315 1866 5370 IIa-c

293 5416 364 5459 est
395 5413 607 5466 mutatio
649 5411 876 5465 dexterae
913 5409 1123 5463 Επεείδὶ
1180 5407 1349 5480 (Psal.
1384 5425 1566 5476 LXXVI,
1598 5407 1708 5476 ll).
1742 5409 1873 5476 Quis

297 5502 429 5556 enim
460 5505 512 5559 in
545 5513 596 5561 te
635 5505 741 5562 hoc
768 5503 979 5574 operari
1020 5503 1212 5572 potuit,
1245 5502 1344 5556 nisi
1377 5501 1466 5556 ille
1505 5501 1597 5570 qui
1627 5501 1870 5557 ordinem

297 5595 619 5652 mutabilium
669 5610 852 5652 rerum
899 5593 1191 5650 secundum
1241 5593 1679 5650 incommutabile
1728 5595 1876 5648 novit

296 5693 477 5751 regere
505 5703 569 5743 ac
595 5687 908 5758 dispensare
937 5683 1258 5740 consilium?
1280 5681 1434 5750 Quia,
1459 5691 1520 5737 ut
1546 5683 1751 5752 singula
1775 5700 1874 5754 pro

365 5880 385 5902 ⁸
428 5870 627 5926 Absunt
657 5871 769 5925 brec
816 5884 920 5922 non
971 5876 1045 5920 est
1083 5865 1320 5928 Indicus,
1351 5881 1509 5934 neque
1535 5862 1765 5926 Graecus,
1799 5862 1866 5934 ab

305 5937 478 6006 editis;
509 5943 754 6014 leguntur
781 5956 835 5996 ιιι
861 5953 961 5994 ms.
1005 5936 1164 6013 Corb.
1198 5945 1250 5993 et
1279 5945 1428 5992 textu
1476 5933 1720 5991 Aoostoli
1747 5974 1760 6001 ,
1788 5933 1874 5988 alii

1984 4765 2212 4835 psalmo,
2250 4763 2464 4818 dicente
2493 4763 2658 4817 David
2686 4781 2698 4816 :
2734 4761 2833 4826 Qui
2863 4764 3128 4833 conﬁdunt
3157 4764 3210 4816 in
3238 4764 3421 4816 virtute
3449 4778 3564 4828 sua,

1979 4857 2163 4927 quique
2207 4856 2261 4909 in
2311 4853 2628 4907 abundantia
2680 4853 2974 4908 divitiarum
3022 4869 3233 4907 suarum
3279 4852 3570 4923 gloriantur

1981 4947 2153 5018 (Psal.
2186 4963 2364 5011 XLVIII,
2399 4946 2474 5017 7).
2507 4946 2563 5000 In
2595 4947 2921 5001 abundantia
2949 4947 3092 5002 enim
3113 4945 3422 5000 divitiarum
3443 4960 3569 4999 sua-

1979 5055 2097 5094 rum
2136 5039 2452 5107 gloriantur,
2479 5039 2571 5109 qui
2624 5040 2702 5095 sic
2745 5039 2959 5094 divitias
2985 5054 3107 5094 suas
3135 5039 3380 5105 diligunt,
3426 5045 3483 5090 ut
3513 5037 3568 5090 in

1979 5132 2108 5202 ipsis
2123 5147 2386 5185 summam
2411 5131 2756 5187 beatitudinis
2775 5133 3074 5196 collocent;
3104 5131 3156 5185 in
3184 5144 3281 5184 sua
3304 5143 3432 5182 vero
3459 5127 3568 5181 vir-

1981 5232 2096 5278 tute
2123 5222 2418 5291 conlidunt,
2443 5225 2534 5293 qui
2562 5225 2639 5280 sic
2668 5231 3021 5281 contemnunt
3049 5221 3284 5286 divitias,
3314 5227 3372 5273 ut
3392 5219 3566 5289 ipsum

1980 5322 2346 5385 contemptum
2377 5316 2578 5370 viribus
2606 5316 2715 5371 suis
2739 5317 3045 5384 assignent;
3089 5327 3152 5367 ac
3178 5326 3273 5382 per
3299 5311 3405 5367 hoc
3434 5311 3568 5366 utri.

1979 5422 2083 5476 que
2121 5407 2336 5476 superbi
2360 5417 2484 5463 sunt
2516 5427 2526 5460 ε
2559 5409 2658 5475 illi,
2682 5407 2804 5476 quia
2834 5409 2885 5461 in
2907 5405 3105 5460 divitiis
3124 5402 3420 5470 conﬁdunt,
3456 5418 3566 5457 non

1979 5496 2032 5550 in
2067 5495 2178 5550 Deo
2203 5513 2216 5561 ;
2244 5497 2327 5550 isti
2366 5505 2563 5562 autem,
2588 5499 2714 5566 quia
2740 5496 2883 5565 quod
2911 5495 3126 5550 divitias
3150 5502 3429 5565 spernunt,
3461 5492 3565 5547 sibi

1979 5589 2167 5645 volunt
2194 5591 2488 5658 assignare,
2514 5605 2620 5643 non
2651 5589 2788 5643 Deo:
2819 5588 2914 5653 illi,
2941 5588 3066 5656 quia
3096 5587 3236 5657 quod
3260 5587 3397 5664 bene
3417 5583 3564 5652 diligi

1981 5699 2086 5736 non
2114 5691 2314 5753 potest,
2339 5684 2476 5738 male
2497 5681 2750 5751 diligunt;
2775 5680 2883 5749 isti,
2905 5680 3030 5750 quia
3055 5679 3200 5750 quod
3222 5679 3361 5734 bene
3382 5675 3562 5748 sperni

1976 5861 2130 5917 cod-.l.
2165 5859 2367 5916 addunt
2393 5877 2494 5915 non
2522 5868 2595 5914 est
2621 5857 2870 5913 barbarus
2903 5872 3062 5929 neque
3095 5853 3311 5926 Scytha.
