4124 6472
616 394 713 448 331

612 601 753 654 male.
773 601 1002 678 faciunt,
1030 604 1117 660 isti
1143 605 1343 660 bonum
1371 608 1510 662 male
1541 617 1852 678 Operantur.

683 691 739 746 8.
773 672 1025 750 FProinde
1054 697 1327 765 quoniam,
1359 699 1587 754 Domino
1619 701 1670 754 in
1699 709 1751 756 te
1780 704 2199 762 misericorditer

612 792 895 852 operante,
914 784 1026 854 jam
1059 787 1292 844 didicisti
1317 791 1371 846 in
1398 793 1726 850 abundantia
1755 796 2060 853 divitiarum
2087 810 2200 855 tua-

613 887 730 926 rum
778 890 886 929 non
934 877 1172 947 gloriari,
1207 880 1310 936 hoc
1356 893 1602 953 superest
1631 894 1685 940 ut
1735 903 1840 941 non
1871 889 2109 945 conﬁdas
2139 892 2193 946 in

611 964 810 1022 virtute
838 975 944 1033 tua,
962 970 1014 1023 id
1040 980 1122 1025 cst
1143 988 1211 1028 ne
1237 973 1461 1045 deputes
1484 979 1684 1033 viribus
1711 981 1817 1035 tuis
1839 981 1986 1051 quod
2015 984 2194 1038 surculi

607 1057 893 1114 facultates
913 1059 1231 1134 divitiasque
1253 1069 1574 1140 contemnis,
1589 1070 1730 1139 quod
1753 1072 1987 1128 honores
2011 1074 2193 1128 mundi

607 1163 706 1218 pro
728 1150 896 1206 nihilo
918 1152 1084 1220 ducis,
1110 1157 1253 1226 quod
1275 1157 1542 1215 desiderio
1572 1163 1720 1230 regni
1749 1164 1984 1219 cmlestis
2003 1181 2192 1220 accen-

606 1239 772 1308 deris,
803 1245 946 1313 quod
980 1247 1119 1300 viam
1149 1250 1524 1306 mandatorum
1577 1253 1671 1308 Dei
1708 1271 1925 1311 currere
1951 1257 2189 1312 delecta-

604 1331 696 1385 ris.
741 1333 865 1390 Haec
891 1337 1031 1391 enim
1059 1341 1241 1395 omnia
1273 1342 1577 1398 nullatenus
1618 1347 1863 1412 haberes,
1896 1349 1998 1404 nisi
2026 1366 2056 1404 a
2081 1351 2190 1406 Deo

603 1439 826 1480 munere
852 1430 1098 1495 gratuita:
1122 1431 1429 1490 donationis
1461 1438 1736 1506 acciperes
1764 1459 1776 1492 ς
1808 1455 1916 1494 non
1946 1441 2049 1498 hoc
2085 1443 2188 1497 ho-

601 1514 731 1567 mini
753 1515 845 1570 dat
865 1526 1077 1586 natura,
1093 1521 1187 1576 sed
1216 1525 1417 1591 gratia;
1446 1541 1550 1580 non
1574 1527 1679 1582 hoc
1701 1544 1765 1583 ex
1789 1530 2045 1598 qualitate
2065 1547 2191 1588 con-

598 1604 815 1661 ditionis
841 1609 1086 1665 humanae
1127 1613 1375 1680 habetur,
1411 1617 1507 1672 sed
1536 1633 1599 1673 ex
1631 1619 1965 1689 benignitate
1994 1623 2188 1679 divinzc

597 1693 1004 1754 illuminationis
1035 1703 1346 1771 acquiritur.

669 1785 719 1839 9.
746 1785 920 1844 Homo
947 1792 1161 1859 quidem
1185 1794 1262 1850 sic
1286 1811 1314 1849 a
1337 1796 1450 1852 Deo
1473 1797 1644 1854 factus
1665 1809 1746 1856 est
1773 1811 1830 1856 ut
1852 1804 1965 1859 hzec
1983 1804 2186 1861 habere

596 1874 786 1942 possit,
840 1876 934 1932 sed
977 1879 1178 1936 habere
1211 1899 1318 1938 non
1361 1893 1539 1954 potest
1567 1888 1670 1942 nisi
1720 1891 1862 1946 dono
1892 1891 1988 1946 Dei
2017 1894 2182 1948 mise-
2218 1911 2262 1970 Β
2288 1905 2532 1964 effertur.

594 1963 762 2018 rantis
790 1969 1058 2036 acceperit
1083 1987 1095 2022 :
1127 1986 1250 2025 nam
1287 1981 1342 2027 et
1371 1974 1558 2030 oculus
1586 1977 1663 2033 sic
1703 1978 1873 2034 factus
1901 1989 1984 2035 est
2013 1988 2070 2035 ut
2099 1982 2180 2037 vi-

593 2051 724 2108 dere
750 2054 929 2110 lumen
956 2060 1146 2127 possit,
1177 2062 1275 2116 sed
1316 2063 1498 2120 videre
1541 2083 1646 2121 non
1677 2078 1859 2138 potest
1885 2071 1986 2125 nisi
2016 2087 2074 2127 se
2103 2073 2179 2126 illi

593 2139 772 2196 lumen
805 2143 1071 2201 infuderit.
1103 2148 1255 2215 Quod
1285 2167 1413 2220 ergo
1437 2154 1583 2210 videt
1612 2157 1822 2226 oculus,
1857 2159 2176 2216 benelicium

591 2239 674 2284 est
704 2231 952 2301 luminis;
984 2251 1090 2306 quo
1129 2241 1172 2295 si
1200 2244 1450 2309 caruerit,
1483 2261 1655 2302 caecus
1682 2250 1983 2305 remanebit
2007 2252 2059 2306 in
2093 2261 2179 2308 tc-

589 2321 790 2378 nebris.
821 2323 936 2380 Non
961 2343 1118 2383 omne
1146 2331 1289 2399 quod
1331 2333 1531 2407 aliquid
1560 2351 1676 2392 esse
1703 2348 1902 2408 potest,
1926 2343 2038 2411 jam
2074 2343 2178 2399 hoc

587 2421 672 2466 est
720 2415 865 2483 quod
893 2431 1012 2473 esse
1062 2429 1261 2489 potest,
1295 2423 1396 2479 nisi
1447 2426 1538 2497 (at.
1571 2428 1687 2498 sed)
1719 2430 1806 2484 cui
1857 2435 2178 2489 naturaliter

586 2502 691 2558 hoc
719 2513 801 2559 est
823 2521 941 2561 esse
971 2525 1126 2576 posse
1151 2513 1294 2580 quod
1324 2529 1538 2585 semper
1569 2526 1669 2572 est.
1706 2518 1804 2576 Hic
1829 2529 2007 2577 autem
2038 2541 2175 2580 unus

585 2591 728 2648 Deus
750 2595 862 2666 ipsa
895 2597 1125 2655 Trinitas
1151 2611 1250 2669 est,
1277 2603 1327 2658 id
1356 2613 1457 2669 est,
1489 2605 1668 2678 Pater,
1689 2619 1744 2665 et
1763 2610 1952 2680 Filius,
1975 2622 2030 2669 et
2058 2613 2176 2685 Spi-

582 2685 720 2741 ritus
744 2697 962 2746 sanctus
988 2709 1002 2745 :
1030 2694 1121 2761 qui
1148 2695 1294 2752 solus
1323 2705 1404 2753 est
1450 2701 1688 2756 omnium
1718 2718 1900 2758 rerum
1929 2717 2169 2780 creator,

578 2778 706 2845 quia
731 2779 878 2836 solus
906 2798 936 2836 a
968 2784 1116 2839 nullo
1144 2795 1355 2843 creatus
1389 2798 1491 2844 est.
1515 2789 1705 2848 Omnia
1738 2809 1884 2863 vero,
1915 2800 2168 2866 quoniam

579 2869 648 2923 ab
676 2870 769 2926 illo
797 2882 980 2930 creata
999 2886 1147 2947 sunt,
1179 2895 1287 2934 non
1316 2880 1384 2936 de
1413 2882 1524 2949 illo,
1551 2888 1874 2944 naturaliter
1901 2897 1955 2945 et
1998 2891 2168 2948 detri-

577 2973 764 3022 mento
793 2968 1074 3039 subiacent
1093 2979 1149 3028 et
1170 2983 1469 3032 cremento.
1485 2977 1555 3033 Ut
1573 2994 1702 3049 ergo
1723 2983 1968 3051 quaedam
1993 2985 2045 3039 in
2074 2987 2169 3042 de-

575 3057 777 3112 teriora
810 3075 915 3114 non
955 3063 1205 3118 recidant
1241 3073 1286 3132 ⁸,
1331 3071 1500 3137 gratia
1534 3071 1650 3140 ejus
1675 3073 1963 3141 gubernat;
2013 3086 2069 3132 et
2110 3089 2168 3134 ut

572 3149 818 3215 quzcdam
850 3153 917 3206 ad
957 3155 1179 3210 meliora
1211 3162 1606 3228 conscendant,
1653 3167 1822 3234 gratia
1854 3167 2020 3236 ipsius
2053 3170 2165 3225 ele-

569 3246 703 3300 Vat;
757 3250 814 3295 et
859 3251 917 3296 ut
955 3244 1008 3298 in
1058 3255 1322 3303 aeternum
1371 3264 1764 3322 permaneant,
1823 3257 1938 3328 ipsa
1991 3262 2162 3328 gratia
2193 3277 2236 3339 ρ

574 3326 806 3384 viviﬁcat
826 3339 880 3384 et
901 3344 1205 3389 conservat.

644 3417 774 3474 CAP.
809 3437 898 3475 vu.
933 3421 1116 3478 Gratia
1148 3423 1246 3480 Dei
1271 3444 1474 3500 semper
1499 3435 1760 3499 poscenda
1785 3438 1904 3508 quia
1933 3448 1983 3492 et
2010 3442 2167 3510 velle,

571 3517 622 3564 et
645 3512 890 3580 perﬁcere
918 3513 1102 3593 dat.—-
1125 3515 1212 3570 l0.
1247 3517 1413 3586 Hujus
1439 3523 1623 3590 gratim
1653 3525 1978 3594 adjutorium
2008 3546 2156 3586 sem-

569 3615 670 3672 per
697 3610 780 3657 est
809 3589 964 3658 nobis
988 3620 1017 3658 a
1048 3603 1160 3661 Deo
1190 3589 1516 3678 poscendum
1535 3654 1549 3678 ,
1582 3615 1677 3669 sed
1708 3589 1775 3670 ne
1805 3617 1980 3688 ipsum
2010 3623 2157 3690 quod

489 3743 496 3748 .
571 3693 844 3762 poscimus
895 3697 1093 3753 nostris
1132 3699 1334 3757 viribus
1381 3705 1711 3773 assignemus
1745 3727 1756 3761 :
1791 3726 1964 3780 neque
2011 3715 2155 3769 enim

569 3781 756 3839 haberi
784 3795 961 3855 potest
990 3789 1104 3858 ipse
1151 3791 1340 3846 saltem
1371 3797 1634 3853 orationis
1663 3798 1906 3870 allectus,
1942 3804 2041 3859 nisi
2071 3806 2152 3861 di-

567 3875 770 3933 vinitus
810 3875 968 3933 fuerit
1007 3882 1315 3940 attributus.
1351 3883 1420 3940 Ut
1448 3901 1576 3966 ergo
1605 3889 1975 3948 desideremus
2004 3897 2157 3966 adju-

566 3969 768 4024 torium
815 3972 999 4040 gratiae
1019 4014 1034 4039 ,
1090 3974 1192 4031 hoc
1222 3977 1393 4047 ipsum
1423 3995 1638 4050 quoque
1669 4000 1804 4054 opus
1827 3994 1909 4042 est
1946 3989 2151 4056 gratiae.

565 4055 685 4128 Ipsa
727 4076 958 4132 namque
995 4065 1183 4136 incipit
1212 4069 1438 4136 infundi,
1473 4080 1531 4126 ut
1559 4073 1778 4145 incipiat
1815 4055 1998 4146 posci;
2040 4080 2150 4150 ipsa

563 4163 779 4218 quoque
809 4155 1035 4222 amplius
1065 4156 1378 4228 infunditur,
1410 4177 1532 4216 cum
1574 4167 1921 4232 poscentibus
1973 4169 2148 4224 datur.

561 4238 694 4302 Quis
721 4254 852 4295 vero
881 4252 1060 4312 potest
1081 4249 1305 4314 gratiam
1335 4265 1580 4318 poscere,
1614 4254 1714 4307 nisi
1739 4256 1904 4310 velit?
1925 4258 2020 4312 sed
2049 4261 2150 4314 nisi

563 4327 617 4381 in
639 4344 704 4384 eo
729 4330 870 4386 Deus
900 4333 1066 4403 ipsam
1099 4337 1426 4393 voluntatem
1468 4350 1746 4411 operetur,
1793 4348 1933 4402 velle
1976 4349 2151 4404 nulla-

562 4428 720 4475 tenus
748 4424 965 4491 poterit.
1019 4426 1246 4497 Propter
1271 4430 1414 4498 quod
1443 4431 1634 4486 beatus
1681 4433 1973 4504 Apostolus
1994 4480 2009 4504 ,
2039 4455 2146 4494 non

559 4512 734 4566 solum
755 4513 897 4569 bona
923 4532 1086 4586 opera
1103 4518 1402 4586 hominum,
1427 4521 1522 4577 sed
1551 4523 1713 4578 etiam
1739 4525 1936 4582 bonam
1968 4530 2149 4585 volun-

560 4611 727 4658 tatem
754 4605 921 4661 Deum
966 4608 1017 4661 in
1045 4609 1198 4664 nobis
1241 4613 1455 4680 operari
1483 4621 1711 4669 testatur
1751 4617 1967 4673 dicens:
2002 4618 2144 4674 Deus

557 4703 630 4748 est
659 4697 796 4750 enim
824 4699 910 4769 qui
935 4709 1180 4769 operatur
1205 4703 1260 4755 in
1285 4703 1422 4758 vobis
1449 4713 1498 4758 et
1525 4706 1651 4759 velle
1677 4714 1727 4759 et
1767 4708 2013 4777 perﬁcere
2041 4728 2135 4780 pro

553 4784 691 4840 bona
720 4788 980 4842 voluntate
1006 4789 1222 4862 (Philip.
1257 4808 1314 4860 ιι,
1339 4793 1450 4864 15).
1476 4795 1592 4851 Hoc
1620 4805 1720 4862 est,
1767 4797 1909 4866 quod
1936 4799 2136 4855 sollici-

555 4879 792 4934 tudinem
816 4880 1057 4937 lidelibus
1072 4883 1534 4956 bumilitatemque
1555 4890 1712 4959 189
1731 4890 2131 4959 commendans,

554 4973 811 5041 praemisit
855 4974 957 5044 (al.
986 4976 1276 5049 praecipit),
1315 4977 1536 5034 dicens:
1570 4979 1695 5034 Cum
1721 4983 1904 5035 timore
1931 4991 1980 5035 et
2025 4991 2128 5036 tre-

550 5081 693 5119 more
716 5074 933 5121 vestram
963 5068 1184 5124 salutem
1209 5074 1522 5141 aperamini;
1555 5083 1608 5128 et
1630 5075 1701 5128 ibi
1730 5075 1925 5144 adjecit
1950 5093 1962 5128 :
1991 5075 2127 5130 Deus

548 5168 625 5210 est
648 5159 785 5212 enim
813 5161 897 5232 qui
928 5169 1173 5232 operatur
1200 5164 1252 5216 in
1279 5162 1418 5217 vobis
1446 5173 1496 5218 et
1523 5165 1646 5218 velle
1673 5176 1721 5219 et
1749 5169 1995 5238 perﬁcere
2031 5187 2124 5239 pro

549 5245 681 5313 bona
710 5248 986 5304 voluntate.
1025 5249 1094 5305 Ut
1130 5250 1196 5305 ad
1227 5267 1346 5307 eum
1384 5268 1601 5323 quoque
1629 5255 1926 5322 veniamus,
1956 5258 2126 5312 curri-

545 5352 703 5404 mus;
755 5349 812 5394 et
864 5341 984 5396 ideo
1013 5343 1304 5409 currimus,
1341 5345 1468 5414 quia
1497 5360 1716 5400 currere
1760 5345 2022 5402 volumus.

622 5425 752 5482 CAP.
770 5429 1063 5485 vnn—Sed
1083 5447 1152 5487 ne
1171 5433 1252 5487 vel
1265 5433 1614 5500 voluntatem,
1629 5434 1712 5489 vel
1726 5434 1896 5504 ipsum
1909 5451 2122 5490 cursum

542 5518 875 5586 assiguemus
901 5523 1103 5579 viribus
1131 5526 1360 5590 nostris,
1392 5527 1534 5582 idem
1565 5543 1663 5582 nos
1691 5526 1944 5582 informat
1968 5528 2118 5598 Apo-

535 5609 712 5663 stolus
760 5609 945 5667 dicens
977 5630 990 5666 :
1037 5612 1161 5670 Non
1199 5617 1442 5684 volentis,
1497 5634 1657 5690 neque
1701 5619 1991 5688 currentis,
2029 5617 2120 5672 sed

538 5698 825 5754 miserentis
851 5709 927 5755 est
957 5700 1054 5756 Dei
1087 5704 1263 5775 (Rom.
1293 5723 1368 5775 ix,
1401 5707 1513 5777 l6".

610 5885 632 5911 ἀί
659 5872 760 5933 Ms.
787 5873 976 5946 Corb.,
1008 5895 1111 5935 non
1142 5882 1402 5937 recedant.

1657 408 1712 464 S.
1753 408 2109 466 FULGENTII
2146 412 2443 474 EPISCOPI
2486 421 2850 484 RLSI’ENSIS

615 516 816 578 potest,
847 526 952 566 non
983 511 1119 568 bene
1157 524 1454 584 spernunt;
1495 532 1557 572 ac
1586 534 1684 588 per
1711 523 1833 584 hoc,
1877 523 1953 577 illi
2001 525 2200 580 malum
2231 535 2272 590 Α

3805 449 3906 505 352

2381 533 2464 586 ll.
2498 535 2760 602 Quocirca
2780 580 2795 604 ,
2822 548 2880 595 ut
2909 543 2960 596 in
2993 545 3075 599 his
3101 546 3258 604 bonis
3285 565 3404 620 quae
3434 569 3464 607 a
3495 553 3607 612 Deo
3627 559 3898 630 accepisti

2303 637 2619 692 permaneas
2639 638 2693 682 ct
2714 631 3000 699 proﬁcias;
3029 645 3086 690 ut
3114 653 3213 694 uec
3230 639 3283 694 in
3315 642 3399 696 via
3429 659 3721 704 remaneas
3744 691 3760 715 ,
3799 665 3897 709 nec

2302 723 2446 769 retro
2476 717 2682 787 redeas,
2715 737 2815 776 nec
2845 723 2895 778 in
2924 724 3202 784 dexteram
3233 732 3574 792 sinistramve
3602 739 3856 798 divertas
3879 784 3894 810 ,

2299 805 2554 873 quidquid
2585 809 2748 866 babes
2768 814 2923 869 bonae
2958 818 3274 888 voluntatis,
3307 825 3391 880 vel
3424 828 3582 884 home
3609 805 3895 901 operatio;

2299 895 2401 960 nis,
2429 896 2539 952 Deo
2569 902 2801 972 assigna,
2832 907 2922 974 qui
2953 907 3133 979 dedit,
3164 921 3220 968 et
3247 915 3419 985 ipsum
3446 895 3734 979 humiliier
3762 939 3894 992 roga

2299 997 2356 1040 ut
2393 996 2449 1042 et
2494 1005 2780 1049 conservet
2829 1007 2884 1052 et
2924 1011 3118 1071 augeat
3143 1007 3288 1074 quod
3325 1009 3565 1067 donavit.
3611 1016 3766 1073 Nihil
3799 1021 3894 1075 tibi

2296 1077 2423 1132 boni
2455 1088 2705 1150 tanquam
2735 1095 2881 1142 tuum
2913 1093 3183 1162 assignes,
3214 1113 3282 1152 ne
3333 1117 3439 1156 non
3467 1106 3708 1176 accipias
3742 1110 3890 1177 quod

2294 1173 2540 1241 accipere
2581 1188 2798 1246 poteras
2819 1223 2834 1247 ,
2875 1192 2930 1238 et
2958 1186 3102 1255 quod
3132 1204 3423 1262 acceperas
3451 1173 3668 1264 perdas.
3717 1173 3889 1256 Dete-

2293 1263 2500 1321 stabilis
2527 1278 2610 1323 est
2647 1272 2790 1327 enim
2826 1276 3004 1332 cordis
3029 1279 3248 1336 humani
3277 1289 3528 1355 superbia
3550 1331 3566 1356 ,
3614 1307 3727 1361 qua
3760 1294 3890 1350 facit

2293 1359 2457 1413 homo
2487 1362 2634 1429 quod
2662 1363 2804 1422 Deus
2827 1368 2879 1422 in
2912 1369 3217 1430 hominibus
3237 1376 3492 1446 damnat;
3535 1359 3760 1440 sed—illa
3786 1388 3886 1442 de-

2293 1453 2594 1510 testabilior
2625 1472 2730 1526 qua
2752 1460 2852 1516 sibi
2879 1463 3060 1520 tribuit
3086 1467 3250 1525 homo
3286 1473 3429 1541 quod
3458 1473 3601 1531 Deus
3636 1478 3886 1535 homini-

2290 1541 2390 1597 bus
2413 1545 2596 1601 donat.
2640 1548 2812 1607 Tanto
2837 1557 2979 1610 enim
3003 1557 3286 1617 deterioris
3315 1573 3530 1621 tenetur
3551 1567 3654 1623 iste
3679 1586 3883 1640 super-

2289 1635 2391 1689 bia:
2420 1652 2578 1704 reus,
2619 1651 2823 1709 quanto
2851 1645 2904 1699 in
2931 1648 3243 1706 melioribus
3269 1653 3430 1710 donis.
3474 1658 3660 1713 existit
3692 1635 3882 1729 ingra-

2289 1731 2394 1782 tus.
2435 1727 2764 1787 Damnabilis
2786 1743 2870 1789 est
2891 1738 2980 1806 qui
3003 1740 3300 1797 substantia
3321 1747 3499 1801 saeculi
3521 1751 3660 1805 male
3683 1727 3876 1818 utitur,

2289 1816 2382 1870 sed
2443 1817 2803 1879 damnabilior
2858 1827 2950 1896 qui
3009 1830 3337 1899 spiritalibus
3391 1835 3546 1893 donis
3605 1816 3880 1911 superbus

2353 2017 2483 2074 CAP.
2517 2039 2589 2076 Ix.
2635 2024 2922 2084 Humilitas
2951 2034 3111 2088 animi
3138 2035 3425 2094 sublimitas
3452 2051 3527 2095 est
3554 2043 3874 2103 Christiani.

2282 2112 2466 2168 -12,
2493 2113 2712 2172 Crescat
2744 2119 2906 2187 igitur
2934 2123 2986 2177 in
3019 2133 3070 2180 te
3101 2127 3373 2186 humilitas
3401 2134 3600 2203 animi,
3632 2154 3756 2208 quae
3787 2154 3873 2193 ve-

2282 2218 2341 2258 ra
2362 2213 2517 2260 estet
2542 2206 2748 2276 integra
2778 2213 3398 2286 sublimitasChristiani,
3434 2231 3489 2278 et
3512 2206 3664 2282 tanto
3693 2229 3872 2296 magis

2280 2296 2335 2350 in
2369 2304 2421 2351 te
2443 2311 2710 2366 cognosce
2739 2301 2834 2357 Dei
2864 2306 3093 2372 gratiam
3123 2323 3367 2366 crescere
3392 2355 3408 2380 ,
3460 2323 3664 2384 quanto
3693 2319 3868 2387 magis

2279 2386 2375 2440 tibi
2406 2387 2760 2446 humilitatem
2795 2395 2972 2449 cordis
3007 2396 3207 2453 videris
3243 2400 3536 2458 abundare.
3579 2403 3754 2471 Quam
3797 2386 3862 2462 ut

2277 2491 2492 2547 semper
2519 2479 2739 2545 habeas,
2775 2482 2826 2536 in
2857 2500 2962 2553 qua
2993 2494 3050 2540 ut
3080 2502 3294 2558 semper
3323 2491 3602 2561 proﬁcias,
3636 2513 3760 2552 eum
3789 2499 3860 2553 ti-

2276 2581 2430 2622 more
2463 2575 2518 2623 et
2560 2577 2794 2626 tremore
2823 2581 2968 2628 tuam
3003 2577 3230 2632 salutem
3272 2595 3512 2650 Operare.
3557 2585 3668 2642 Nec
3696 2587 3861 2644 lectio

2274 2657 2414 2712 desit
2441 2661 2694 2729 Operibus
2722 2664 2880 2720 bonis
2903 2708 2917 2732 ,
2970 2683 3073 2723 nec
3109 2669 3248 2725 bona
3277 2687 3440 2742 opera
3469 2675 3648 2733 desint
3677 2682 3858 2738 studio

2274 2749 2538 2807 lectionis.
2598 2751 2744 2810 Bona
2774 2772 2956 2812 coram
2987 2759 3098 2816 Deo
3147 2770 3202 2817 et
3252 2764 3562 2825 hominibus
3605 2774 3854 2841 provide.

2273 2838 2565 2912 Scripturis
2592 2847 2793 2901 sanctis
2837 2849 3074 2906 studium
3116 2854 3192 2908 tui
3237 2855 3416 2912 cordis
3463 2838 3757 2933 impende;
3797 2874 3854 2923 et

2271 2934 2345 2989 ibi
2372 2938 2461 3004 qui
2490 2935 2674 3002 fueris,
2705 2940 2796 3009 qui
2821 2941 2896 2996 sis
2915 2984 2930 3010 ,
2961 2944 3160 3014 quique
3186 2947 3384 3004 debeas
3412 2965 3532 3008 esse
3559 2969 3848 3024 cognosce.

2269 3026 2349 3082 Ad
2372 3028 2468 3083 bas
2497 3030 2542 3084 si
2571 3030 2784 3086 humilis
2812 3042 2868 3088 et
2896 3036 3039 3092 mitis
3063 3043 3373 3108 accesseris,
3405 3043 3476 3099 ibi
3505 3049 3749 3116 profecto
3771 3052 3851 3107 ἰη-

2266 3121 2452 3176 venies
2473 3163 2488 3188 ,
2527 3131 2583 3178 et
2609 3130 3020 3194 praevenientem
3049 3133 3270 3200 gratiam
3297 3177 3312 3203 ,
3341 3144 3445 3206 qua
3475 3148 3653 3209 potest
3687 3144 3848 3200 elisus

2267 3228 2487 3282 surgere
2511 3233 2526 3283 ;
2555 3225 2610 3271 et
2635 3220 3003 3294 comitantem,
3033 3238 3139 3292 qua
3167 3227 3308 3280 viam
3337 3232 3470 3285 recti
3497 3243 3661 3301 queat
3687 3236 3844 3292 itine-

2268 3304 2341 3358 ris
2368 3320 2624 3374 currere;
2679 3317 2734 3364 et
2769 3311 3184 3382 subsequentem
3208 3358 3222 3382 ,
3264 3332 3369 3388 qua
3402 3322 3579 3378 valeat
3602 3324 3671 3379 ad
3697 3328 3848 3396 regni

2263 3397 2497 3453 caelestis
2524 3399 2907 3457 beatitudinem
2938 3409 3238 3475 pervenire.

2337 3507 2420 3564 l5.
2463 3509 2715 3566 Sanctam
2744 3515 3079 3588 multumque
3129 3521 3181 3576 in
3225 3521 3439 3580 Christo
3479 3533 3836 3590 venerabi'em

2262 3609 2490 3656 matrem
2523 3615 2776 3674 vestram,
2809 3627 2928 3680 quze
2951 3621 3042 3667 tuo
3071 3615 3294 3684 spiritali
3330 3621 3507 3676 studio
3536 3621 3837 3683 Christiana

2262 3691 2364 3748 ﬁde
2402 3701 2456 3748 et
2483 3710 2610 3751 vere
2639 3707 2878 3755 materna
2909 3703 3135 3760 caritate
3161 3709 3488 3775 concordat,
3538 3715 3631 3769 sed
3667 3725 3722 3771 et
3749 3734 3839 3773 ve-

2259 3786 2553 3843 nerabilem
2603 3806 2845 3846 sororem
2894 3794 2989 3848 tibi
3033 3795 3144 3865 jam
3195 3799 3246 3853 in
3294 3798 3510 3857 Christo
3555 3806 3834 3876 conjugem

2259 3883 2433 3943 tuam,
2463 3878 2718 3949 obsecro,
2752 3883 2988 3940 salutare
3016 3885 3268 3956 digneris.
3313 3889 3689 3962 Inseparabilis
3717 3897 3837 3952 Tri-

2256 3968 2396 4023 nitas
2426 3972 2764 4040 protectione
2806 3990 2901 4028 vos
2935 3975 3144 4032 virtutis
3185 3994 3295 4033 suae
3333 3983 3640 4053 custodiat,
3691 3987 3835 4059 quod

2261 4072 2412 4132 Opto,
2439 4063 2656 4122 domine
2685 4067 2906 4122 illustris
2936 4068 3026 4122 ﬁli.

2797 4177 3131 4236 EPISTOLA
3169 4184 3274 4238 VII.

2831 4306 2899 4343 AD
2939 4307 3260 4350 VENANTIAII.

2402 4401 2482 4456 De
2513 4413 2649 4456 recta
2678 4402 3018 4472 Pwnitentia,
3051 4418 3101 4461 et
3129 4411 3303 4480 futura
3331 4415 3680 4473 retributione.

2322 4489 2557 4548 Dominm
2579 4495 2766 4551 illustri
2783 4504 2836 4551 et
2861 4500 3052 4552 merito
3073 4503 3357 4557 vemrabili
3383 4504 3498 4560 lilia:
3512 4507 3824 4580 νεΝΑΝτιε,

2249 4581 2601 4648 FCLGENTIUS,
2619 4602 2896 4642 servorum
2922 4587 3116 4645 Christi
3147 4591 3392 4661 famulus,
3411 4595 3461 4650 in
3486 4595 3711 4658 Domino
3738 4619 3822 4658 sae

2177 4655 2219 4712 ί)
2248 4676 2434 4731 lutem.

2320 4797 2476 4868 190
2503 4795 2817 4851 CAPUTI.—
2838 4795 2884 4851 l.
2918 4796 3067 4853 Sicut
3095 4815 3219 4854 vera
3252 4801 3340 4855 lux
3367 4804 3669 4863 nullatenus
3689 4809 3815 4865 obs-

2240 4895 2459 4941 curatur
2480 4927 2494 4952 ,
2528 4887 2598 4940 ita
2631 4903 2898 4956 nunquam
2929 4889 3124 4942 veritas
3149 4897 3346 4944 :cterua
3385 4895 3660 4951 mentitur.
3701 4896 3813 4955 Lux

2242 4986 2420 5031 autem
2465 4986 2520 5032 et
2564 4977 2761 5032 veritas
2807 4978 2946 5033 Deus
2975 4987 3094 5047 est,
3140 4979 3206 5034 de
3246 4996 3353 5050 quo
3396 4985 3653 5056 scriptum
3684 5000 3807 5045 est:

2239 5068 2370 5122 Erat
2399 5069 2488 5122 luas
2519 5085 2634 5122 vera
2659 5085 2772 5141 qua:
2798 5069 3058 5122 illuminat
3086 5088 3285 5124 omnem
3313 5073 3569 5130 hominem
3597 5081 3809 5136 venien-

2229 5171 2328 5215 tem
2351 5163 2406 5215 in
2435 5163 2566 5216 hunc
2594 5161 2839 5217 mundum
2877 5161 3053 5226 (Joan.
3085 5180 3122 5231 ι,
3155 5164 3230 5232 9).
3289 5163 3407 5234 ipsa
3454 5184 3669 5238 quoque
3714 5173 3802 5228 lux

2227 5261 2281 5306 et
2309 5254 2505 5308 veritas
2533 5253 2662 5308 dicit
2692 5271 2703 5306 :
2737 5251 2850 5324 Ego
2877 5271 2990 5307 sum
3016 5253 3106 5308 lux
3133 5256 3312 5309 mundi
3341 5257 3518 5326 (Joan.
3548 5278 3658 5326 vm,
3690 5262 3800 5335 12).

2225 5345 2292 5398 Et
2320 5359 2504 5398 rursus
2530 5345 2595 5398 de
2623 5359 2681 5399 se
2708 5343 2819 5397 ait:
2868 5341 2980 5416 Ego
3022 5361 3132 5399 sum
3171 5347 3250 5400 via
3273 5386 3288 5411 ,
3339 5351 3526 5404 veritas
3550 5390 3564 5418 ,
3606 5361 3655 5405 et
3701 5356 3805 5409 vita

2227 5437 2405 5508 (Joan.
2440 5454 2560 5500 xiv,
2605 5436 2678 5507 6).
2711 5435 2879 5505 Ipsius
2900 5449 3028 5490 vero
3057 5437 3297 5493 doctrina
3330 5456 3639 5509 monemur,
3671 5446 3795 5514 quia

2228 5528 2382 5583 arbor
2411 5529 2543 5582 bona
2574 5526 2731 5581 bonos
2765 5529 2960 5598 fructus
3000 5530 3128 5600 facit
3155 5571 3168 5595 ,
3219 5538 3273 5585 et
3301 5530 3425 5599 quia
3453 5548 3518 5586 ea:
3545 5534 3799 5605 fructibus

2227 5622 2382 5674 urbor
2409 5621 2704 5692 agnoscitur
2735 5619 2942 5690 (Matth.
2971 5637 3058 5687 vn,
3094 5621 3181 5684 17)
3209 5638 3223 5687 ;
3255 5621 3308 5676 in
3339 5623 3456 5693 ipso
3477 5631 3550 5690 te,
3580 5625 3796 5682 domina

2225 5711 2445 5769 illustris
2472 5722 2528 5767 et
2557 5712 2746 5768 merito
2777 5714 3095 5771 venerabilis
3127 5712 3230 5769 ﬁlia
3255 5756 3272 5784 ,
3319 5731 3442 5772 cum
3477 5732 3706 5790 corpore
3725 5720 3802 5776 sis
