4124 6486
296 388 414 444 535

1712 376 2041 433 EPISTULA
2084 379 2186 434 ΠΙ.

3484 377 3587 434 534

296 506 494 574 ignota
525 543 539 566 ,
577 499 690 568 jam
720 498 834 554 scio
860 513 874 562 ;
926 496 978 551 in
1017 494 1132 566 ipso
1163 493 1279 562 tibi,
1307 507 1428 549 cum
1461 493 1533 548 sis
1559 501 1667 548 tam
1699 493 1890 563 procul
1919 500 1967 556 Α
1996 493 2274 566 quitatibus
2300 494 2398 546 tuis
2417 487 2482 557 lt;
2515 493 2600 562 qui
2628 500 2782 546 sanat
2804 509 2982 547 omnes
3006 493 3284 565 languores
3316 502 3426 549 tuos
3452 514 3468 558 ;
3499 497 3587 566 qui

292 589 636 656 constituta,
657 587 991 657 congaudeo.

369 683 429 736 2.
478 682 586 736 Per
613 681 898 750 epistolam
925 677 1192 748 siquidem
1230 677 1512 732 clarissimi
1555 677 1646 731 ﬁlii
1676 677 1781 732 mei
1803 676 1897 731 Ju-

295 775 420 831 nilli
453 773 794 847 propositum
825 771 983 827 simul
1013 778 1067 826 et
1088 770 1320 825 studium
1352 780 1455 823 tua:
1481 769 1901 824 Christianitatis

296 865 531 935 agnovi,
565 865 657 933 qui
686 863 817 918 mihi
842 862 1069 930 gratiam
1098 877 1258 932 quam
1282 860 1377 914 tibi
1403 860 1626 928 largitus
1653 867 1736 914 est
1759 860 1901 914 Deus

296 958 354 1011 in
390 965 612 1011 tantum
636 953 938 1024 signiﬁcare
967 952 1205 1018 curavit,
1245 958 1303 1006 ut
1327 951 1378 1005 in
1409 951 1520 1006 suis
1561 950 1754 1005 litteris
1799 957 1902 1004 tua:

297 1064 536 1120 quoque
588 1045 926 1102 salutationis
980 1044 1111 1098 mihi
1171 1043 1567 1098 demonstraret
1615 1041 1898 1097 indicium.

296 1140 423 1195 Hoc
455 1139 651 1211 procul
679 1137 841 1193 dubio
887 1152 998 1192 non
1036 1135 1254 1190 fecisses
1280 1173 1296 1199 ,
1348 1134 1450 1188 nisi
1484 1133 1755 1187 Christum
1787 1140 1900 1186 tota

296 1231 552 1302 puritate
581 1229 778 1283 mentis
803 1228 856 1283 in
887 1227 996 1285 suis
1023 1225 1234 1280 famulis
1272 1223 1584 1289 dilexisses,
1619 1239 1720 1279 nec
1749 1223 1900 1278 inco—

297 1323 524 1392 gnitum
570 1336 784 1375 servum
833 1327 940 1373 tam
984 1317 1215 1386 benigne
1262 1317 1316 1371 in
1357 1316 1586 1371 Domino
1615 1315 1897 1381 salutares,

298 1412 408 1468 nisi
441 1411 737 1467 Dominum
785 1410 875 1480 pio
925 1407 1087 1464 corde
1128 1415 1390 1478 gestares.
1440 1405 1654 1461 Gratias
1693 1406 1770 1460 illi
1809 1406 1902 1474 qui

297 1502 642 1572 multiplicat
669 1499 920 1571 gaudium
953 1500 1195 1553 nostrum
1223 1497 1290 1554 de
1313 1498 1539 1552 caritate
1568 1496 1826 1552 ﬁdelium.

374 1594 517 1649 Car.
550 1611 608 1650 ιι.
637 1624 708 1634 -
735 1592 852 1662 Ipsa
881 1593 975 1663 (al.
1009 1591 1147 1661 Ipse)
1181 1598 1264 1646 est
1305 1590 1503 1645 caritas
1537 1604 1658 1659 qua:
1685 1588 1905 1644 credeno

299 1693 386 1741 tes
433 1684 694 1756 perducit
730 1683 797 1737 ad
828 1683 996 1737 Deum
1022 1724 1037 1751 ,
1083 1681 1209 1752 quia
1248 1681 1363 1750 ipsa
1402 1681 1600 1736 caritas
1627 1691 1709 1736 cst
1736 1681 1897 1735 Deus.

300 1759 466 1834 Unde
495 1777 736 1832 Joannes
777 1775 1054 1850 apostolus
1085 1773 1216 1829 dicit
1244 1791 1256 1826 :
1300 1772 1438 1828 Deus
1468 1775 1660 1827 caritas
1687 1781 1803 1839 est;
1853 1783 1903 1827 et

2005 588 2217 641 redimet
2241 586 2332 656 (al.
2359 584 2585 653 redimit)
2615 585 2678 638 de
2697 586 2905 640 interitu
2927 587 3082 639 vitam
3107 596 3276 650 tuam;
3307 588 3392 654 qui
3421 589 3584 641 satiat

2004 677 2056 730 in
2087 678 2232 731 bonis
2255 676 2559 730 desiderium
2576 684 2736 741 tuum,
2753 678 2836 748 qui
2858 685 3070 731 coronat
3103 689 3152 729 te
3176 678 3227 730 in
3253 677 3586 731 miseratione

2001 779 2049 824 et
2069 769 2458 824 misericordia:
2484 767 2808 822 renovabitur
2823 768 2958 821 sicut
2976 767 3262 839 aquila’(al.
3289 767 3485 836 aquila)
3497 766 3589 836 ju-

1999 871 2174 918 ventus
2195 860 2517 930 tua(Ps.c'1,
2536 860 2583 925 ’1,
2602 859 2655 926 Ξ,
2671 856 2826 931 seq.).
2852 857 2986 926 Quid
3000 872 3131 926 rogo
3161 859 3317 912 nobis
3339 866 3588 928 putemus

2001 953 2202 1008 remitti
2229 968 2334 1005 non
2364 967 2542 1021 posse,
2575 967 2695 1007 cum
2725 952 2988 1021 prepitius
3014 951 3082 1004 sit
3117 950 3377 1004 Dominus
3406 949 3588 1004 οιιιιιί-

2001 1044 2100 1099 bus
2130 1042 2494 1112 iniquitatibus
2523 1042 2763 1096 nostris?
2807 1050 2898 1096 aut
2922 1041 3049 1110 quid
3083 1041 3135 1094 in
3165 1041 3318 1095 nobis
3349 1042 3585 1095 aestime-

2001 1149 2122 1188 mus
2149 1133 2327 1187 sanari
2359 1149 2466 1186 non
2498 1148 2654 1202 posse
2678 1171 2694 1197 ,
2749 1148 2869 1187 cum
2915 1132 3171 1186 Dominus
3210 1142 3364 1185 sanet
3400 1145 3590 1185 omnes

2003 1224 2290 1294 languores
2319 1225 2578 1278 nostros?
2601 1232 2693 1277 aut
2713 1223 2984 1292 quomodo
3003 1230 3194 1278 sanato
3218 1231 3272 1276 et
3291 1221 3588 1290 justilicato

2002 1318 2306 1387 indigentia:
2336 1317 2531 1387 aliquid
2562 1317 2901 1386 relinquitur,
2932 1317 3083 1384 cujus
3114 1316 3166 1369 in
3197 1315 3351 1370 bonis
3376 1313 3590 1368 deside-

2001 1411 2139 1464 rium
2173 1410 2446 1465 satiatur?
2490 1409 2577 1462 vel
2608 1417 2872 1476 quatenus
2911 1409 3086 1477 plenm
3127 1406 3460 1462 remissionis
3490 1406 3588 1460 be-

2000 1501 2197 1556 neﬁcio
2226 1483 2388 1570 petiri
2414 1517 2519 1554 non
2552 1499 2816 1564 creditur,
2862 1499 2949 1554 cui
2979 1499 3139 1553 etiam
3171 1513 3369 1552 corona
3402 1496 3453 1550 in
3484 1496 3588 1550 mi-

2003 1593 2275 1648 seratione
2302 1601 2356 1647 et
2399 1591 2762 1646 misericordia
2793 1591 3149 1646 condonatur.
3213 1589 3380 1644 Nemo
3424 1589 3588 1658 igitur

2001 1685 2071 1740 de
2098 1685 2308 1740 medico
2338 1684 2634 1754 desperans
2658 1725 2673 1747 ,
2707 1684 2758 1737 in
2789 1681 3097 1737 inﬁrmitate
3125 1689 3436 1746 remaneat;
3491 1694 3588 1734 ne-

2003 1791 2093 1830 mo
2139 1775 2560 1830 misericordiam
2609 1774 2697 1828 Dei
2747 1775 3056 1835 minorans,
3112 1772 3164 1826 in
3219 1770 3590 1839 iniquitatibus

298 1871 390 1940 qui
414 1877 599 1922 manet
626 1868 678 1920 in
709 1867 929 1920 caritate
951 1905 965 1929 ,
1010 1865 1064 1937 in
1094 1862 1204 1918 Deo
1225 1873 1401 1918 manet
1422 1902 1437 1930 ,
1480 1872 1530 1919 et
1557 1862 1696 1918 Deus
1725 1865 1780 1918 in
1807 1865 1899 1920 illo
1932 1869 1978 1929 B
2005 1867 2369 1922 contabescat.
2431 1865 2720 1935 Apostolus
2765 1864 2960 1918 clamat
2985 1881 2997 1915 :
3047 1862 3170 1930 quia
3201 1861 3436 1915 Christus
3484 1877 3580 1930 pro

299 1970 489 2014 manet
515 1958 572 2029 (Ι
600 1957 761 2012 Joan.
794 1974 880 2022 Iv,
917 1955 1029 2024 16).

375 2050 433 2105 3.
478 2049 688 2104 Bonum
734 2048 970 2102 caritatis
1013 2045 1283 2117 multiplex
1320 2053 1506 2100 contra
1549 2055 1782 2117 peccata.
1829 2077 1903 2088 —

301 2141 435 2197 Haec
486 2142 578 2196 ubi
609 2141 854 2194 habitare
894 2137 1155 2207 coeperit,
1200 2153 1308 2192 non
1339 2138 1605 2207 permittit
1634 2137 1901 2192 dominari

300 2240 596 2304 peccatum
623 2273 637 2300 ,
668 2229 763 2285 sed
790 2229 1033 2299 cooperit
1061 2228 1458 2283 multitudinem
1496 2235 1851 2298 peccatorum
1882 2244 1897 2294 ;

301 2337 412 2378 nec
435 2321 616 2377 solum
646 2319 929 2390 pnesentia
957 2325 1175 2388 peccata
1202 2316 1331 2373 facit
1357 2318 1549 2384 vitari,
1579 2319 1710 2388 quin
1739 2319 1902 2374 etiam

301 2413 593 2486 prmterita
613 2412 740 2467 facit
766 2411 944 2466 omnia
974 2411 1226 2466 relaxari.
1279 2409 1430 2466 Hanc
1457 2411 1680 2481 superbi
1718 2419 1906 2467 contu-

302 2522 606 2576 macesque
651 2505 937 2576 repudiaut
980 2504 1072 2574 qui
1117 2503 1185 2558 de
1215 2510 1558 2573 peccatorum
1588 2504 1904 2559 remissione

302 2599 646 2669 desperant;
693 2605 750 2651 et
789 2611 897 2650 non
923 2594 1096 2649 solum
1119 2593 1309 2650 salutis
1334 2608 1446 2648 sua:
1471 2608 1654 2647 curam
1681 2633 1696 2659 ,
1737 2594 1904 2649 mise-

304 2687 486 2742 randa
518 2687 757 2742 caecitate
783 2685 1072 2755 rejiciunt;
1107 2685 1237 2753 quin
1266 2684 1429 2739 etiam
1462 2682 1646 2739 ﬁdeles
1671 2685 1900 2750 animas,

305 2780 353 2837 si
383 2785 703 2849 pervertere
731 2783 1003 2844 nequeunt
1033 2785 1079 2840 ει,
1123 2775 1440 2844 perturbare
1468 2773 1760 2830 mortiferis
1789 2790 1904 2830 ser-

303 2869 572 2926 monibus
598 2884 706 2924 non
731 2868 1017 2938 quiescunt
1043 2882 1056 2919 :
1088 2865 1171 2920 his
1199 2865 1400 2929 etenim
1428 2865 1778 2935 plerumque,
1811 2873 1906 2919 aut

303 2969 664 3034 peccatorum
694 2957 1031 3021 immanitas,
1063 2964 1158 3011 aut
1194 2956 1370 3011 :etatis
1397 2956 1646 3026 nequiter
1672 2964 1904 3026 peracta:

305 3050 631 3120 longaevitas
657 3064 809 3118 spem
839 3048 1029 3103 salutis
1056 3047 1277 3114 adimit,
1309 3054 1365 3102 et
1391 3047 1460 3101 ad
1487 3047 1758 3102 deteriora
1787 3061 1905 3117 per-

306 3140 580 3214 petranda
625 3139 940 3210 compellit;
1002 3140 1078 3193 ita
1121 3146 1182 3194 ut
1220 3139 1276 3193 in
1318 3139 1516 3194 talibus
1562 3139 1653 3194 illa
1699 3147 1902 3195 sancto:

2002 1959 2174 2028 impiis
2216 1967 2447 2012 mortuus
2483 1966 2558 2010 est
2589 1954 2765 2026 (Rom.
2811 1972 2872 2019 γ,
2907 1953 2981 2023 6).
3043 1953 3161 2023 Ipse
3203 1953 3386 2007 itidem
3415 1952 3585 2007 dicit:

2006 2046 2139 2112 Quia
2163 2047 2395 2101 Christus
2415 2047 2566 2100 Jesus
2597 2048 2732 2100 venit
2752 2047 2804 2098 in
2835 2045 3080 2099 mundum
3110 2056 3131 2082 ο
3159 2054 3450 2114 peccatores
3476 2045 3586 2098 sal-

2004 2156 2090 2194 vos
2121 2141 2290 2210 {acere
2320 2137 2373 2208 (1
2407 2137 2536 2190 Tim.
2570 2155 2604 2202 ι,
2639 2137 2746 2207 15).

2077 2233 2202 2286 (ΞΜ).
2219 2247 2289 2285 tv.
2309 2231 2530 2285 Peccata
2545 2231 2701 2284 etiam
2723 2239 2836 2300 post
2854 2230 3163 2300 baptismum
3173 2246 3448 2284 comnussa
3468 2238 3590 2283 sunt

2005 2319 2353 2375 remissibilia.
2408 2319 2606 2374 Multus
2652 2329 2728 2374 est
2773 2320 2843 2373 ad
2889 2319 3253 2391 ignoscendum
3307 2318 3463 2373 Deus.
3516 2348 3589 2360 —-

2008 2410 2059 2469 5.
2101 2412 2206 2469 Sed
2237 2412 2458 2468 forsitan
2490 2413 2687 2468 dicitur
2727 2413 2848 2468 illos
2876 2420 3191 2483 peccatores
3218 2428 3378 2482 posse
3410 2412 3590 2467 salvos

2006 2500 2118 2556 ﬁeri
2150 2501 2242 2570 qui
2272 2510 2393 2571 post
2411 2511 2636 2570 peccata
2660 2510 2934 2556 merentur
2953 2502 3294 2572 baptismatis
3314 2503 3591 2558 ablatione

2005 2593 2252 2646 mundari
2278 2610 2292 2658 ;
2323 2593 2577 2663 deinceps
2606 2603 2788 2648 autem
2819 2603 3042 2664 peccata
3070 2609 3189 2664 qua:
3219 2594 3430 2649 videtur
3457 2596 3593 2665 bap-

2007 2685 2200 2739 tizatus
2225 2685 2530 2750 admittere,
2556 2687 2940 2741 irremissibilia
2963 2703 3298 2757 permanere.
3342 2689 3592 2760 Nunquid

2016 2793 2124 2832 non
2156 2777 2440 2848 baptizatis
2470 2779 2790 2849 loquebatur
2818 2780 3055 2836 Joannes
3097 2784 3375 2853 apostolus
3398 2823 3412 2846 ,
3471 2785 3591 2854 qui-

2005 2868 2106 2924 bus
2133 2869 2344 2924 dicebat
2369 2887 2382 2922 :
2418 2869 2593 2926 Filioli
2621 2872 2739 2934 mei,
2764 2872 2874 2926 hwc
2895 2873 3061 2927 scribo
3083 2873 3242 2938 vobis,
3265 2883 3320 2928 ut
3349 2893 3452 2930 non
3475 2893 3592 2943 pec-

2005 2962 2167 3025 cetis;
2214 2970 2263 3014 et
2289 2964 2337 3016 si
2363 2964 2474 3033 quis
2496 2966 2778 3033 pecuarit
2800 3005 2815 3028 ,
2844 2965 3147 3020 advocatum
3177 2968 3418 3022 habemus
3449 2969 3590 3039 apud

2004 3051 2219 3105 Patrem
2245 3052 2423 3106 Iesum
2453 3053 2710 3108 Christum
2735 3056 2933 3126 justum
2956 3098 2970 3120 ,
3022 3066 3070 3111 et
3099 3060 3208 3113 iose
3248 3069 3324 3113 est
3351 3062 3588 3115 exoratio

2003 3160 2098 3213 pro
2118 3144 2340 3217 peccatis
2370 3145 2563 3199 nostris
2595 3144 2649 3216 (l
2676 3145 2836 3200 Joan.
2861 3163 2918 3215 ιι,
2943 3146 2994 3212 1,
3025 3147 3079 3218 ‘2)

308 3235 604 3306 Scriptura:
649 3233 917 3288 sententia
963 3232 1330 3303 compleatur:
1376 3231 1642 3287 -Peccator
1683 3249 1797 3288 cum
1845 3234 1900 3287 in
1927 3251 1972 3311 ο
2075 3232 2127 3287 6.
2170 3214 2554 3303 Qualecunque
2583 3214 2652 3290 sit
2677 3251 2808 3307 ergo
2835 3214 3134 3307 peccatum,
3176 3253 3208 3293 a
3239 3237 3352 3294 Deo
3373 3239 3590 3309 quidem
3630 3214 3632 3220 γ

309 3325 633 3402 profundpm
662 3324 918 3379 malorum
944 3323 1138 3378 venerit
1159 3365 1175 3390 ,
1225 3325 1508 3378 contemnit
1539 3323 1718 3397 (Prov.
1749 3341 1898 3393 xvm,

312 3414 367 3480 2,
398 3415 480 3485 5).
528 3413 597 3468 Et
636 3427 762 3468 vere
790 3412 1055 3467 malorum
1085 3411 1608 3482 profunditasnecat
1633 3455 1647 3480 ,
1692 3414 1737 3468 si
1766 3430 1904 3485 quos

309 3505 626 3576 desperatio
657 3503 1016 3572 indulgentiae,
1047 3503 1361 3560 detestanda
1387 3504 1566 3560 cordis
1593 3505 1906 3563 obduratio—

311 3611 399 3662 ne,
425 3595 774 3666 prmjudicat.

387 3689 548 3761 191
607 3684 736 3741 CAP.
789 3701 866 3740 tu.
916 3683 1263 3757 Nequaquam
1302 3686 1369 3741 de
1407 3686 1504 3741 Dei
1545 3687 1904 3743 misericordia

313 3777 716 3851 desperandum.
763 3809 835 3820 --
873 3776 927 3832 4.
973 3776 1106 3845 Quis
1129 3777 1271 3832 enim
1297 3793 1405 3832 non
1434 3778 1616 3833 videat
1642 3794 1806 3848 quam
1835 3781 1906 3835 sit

313 3872 541 3944 impium
586 3885 858 3942 quamque
897 3870 1221 3938 sacrilegum
1249 3910 1267 3938 ,
1310 3871 1356 3926 si
1390 3870 1595 3925 homini
1620 3886 1721 3942 per
1740 3873 1908 3942 pinni-

314 3965 540 4020 tentiam
588 3963 980 4033 prmteritorum
1027 3961 1292 4016 malorum
1339 3960 1406 4017 ad
1450 3961 1593 4016 bona
1642 3977 1906 4019 converso

314 4057 572 4113 credatur
591 4055 905 4125 cujusquam
934 4054 1143 4125 peccati
1165 4054 1281 4109 dari
1305 4070 1414 4110 non
1441 4069 1602 4125 posse
1620 4055 1905 4112 remissio?

314 4150 450 4218 Quid
480 4158 668 4206 autem
698 4147 843 4203 aliud
870 4148 954 4203 his
983 4148 1159 4204 verbis
1183 4149 1360 4218 agitur
1384 4190 1400 4215 ,
1449 4148 1551 4204 nisi
1579 4157 1636 4204 ut
1664 4151 1908 4221 omnipo-

317 4245 475 4304 tentis
499 4243 700 4300 medici
722 4257 940 4308 manus,
971 4243 1040 4298 ab
1066 4242 1315 4297 humanae
1343 4242 1533 4299 salutis
1557 4243 1774 4309 effectu,
1806 4245 1906 4300 de-

314 4334 644 4405 sperationis
685 4334 816 4389 vitio
858 4333 1196 4403 repellatur?
1249 4333 1370 4404 Ipse
1408 4335 1609 4406 quippe
1656 4336 1902 4393 medicus

318 4427 426 4480 ait:
459 4426 591 4481 Non
609 4425 842 4496 indigent
871 4426 957 4498 qui
988 4426 1104 4479 sani
1126 4434 1248 4479 sunt
1275 4424 1468 4480 medico
1490 4465 1504 4492 ,
1535 4426 1626 4481 sed
1649 4429 1738 4496 qui
1763 4428 1902 4482 male

320 4517 501 4574 habent
529 4515 684 4592 (Luc.
712 4533 762 4583 ν,
797 4517 907 4584 51).
969 4515 1027 4572 Si
1063 4517 1270 4586 peritus
1307 4526 1392 4573 est
1419 4517 1658 4573 medicus
1698 4527 1900 4585 noster,

2008 3336 2190 3399 potest
2217 3329 2420 3384 remitti
2449 3346 2710 3386 converso
2730 3369 2744 3395 ,
2778 3330 2872 3385 sed
2903 3331 2991 3386 ille
3020 3332 3121 3386 sibi
3150 3332 3352 3387 remitti
3381 3349 3487 3387 non
3523 3333 3594 3388 si-

2007 3422 2087 3476 nit
2112 3409 2150 3486 ,’
2176 3422 2266 3491 qui
2307 3421 2646 3491 desperando
2693 3431 2882 3478 contra
2927 3439 2987 3478 se
3028 3424 3370 3493 indulgentiae
3399 3425 3594 3483 ostium

2006 3516 2278 3572 clauserit.
2306 3513 2572 3570 Cmterum
2600 3515 2807 3571 Veritas
2827 3533 2934 3571 non
2957 3520 3236 3579 mentitur.
3269 3534 3388 3588 qua:
3414 3518 3586 3572 dixit:

2009 3608 2264 3674 Quwrite,
2296 3619 2345 3663 et
2369 3611 2676 3678 invenietis;
2707 3612 2866 3680 petite
2886 3651 2902 3676 ,
2937 3620 2987 3664 et
3015 3613 3319 3682 accipietis;
3367 3611 3592 3682 pulsate,

2005 3710 2054 3756 et
2103 3703 2363 3772 aperietur
2404 3701 2564 3756 vobis.
2619 3701 2798 3756 Omnis
2839 3703 2976 3756 enim
3021 3705 3107 3774 qui
3149 3704 3334 3774 quaerit
3358 3744 3373 3770 ,
3403 3704 3595 3756 invenit

2010 3791 2104 3862 (al.
2134 3792 2411 3860 inueniet);
2462 3792 2546 3862 qui
2575 3794 2718 3862 petit,
2753 3793 2940 3862 accipit
2970 3792 3065 3862 (al.
3091 3791 3361 3862 accipiet),
3405 3799 3454 3844 et
3479 3791 3596 3861 pul-

2006 3883 2147 3936 santi
2186 3884 2446 3950 aperietur
2483 3881 2696 3951 (Matth.
2742 3899 2812 3937 vn
2836 3923 2851 3947 ,
2905 3882 2980 3945 7).
3046 3880 3199 3936 Unde
3236 3890 3291 3937 et
3328 3882 3594 3950 propheta

2007 3973 2373 4028 sanctissimus
2401 3972 2590 4027 Esaias
2618 3973 2684 4026 ad
2713 3972 3084 4027 remissionem
3106 3980 3450 4042 peccatorum
3473 3971 3593 4025 nul-

2007 4064 2221 4119 latenus
2246 4063 2659 4134 desperandam,
2689 4063 2884 4132 impios
2911 4071 2967 4118 et
2995 4063 3208 4130 iniquos
3238 4062 3488 4116 hortatur
3513 4062 3596 4116 di-

2007 4171 2136 4211 cens
2166 4173 2178 4208 :
2208 4153 2435 4219 Quaerite
2464 4154 2745 4209 Dominum
2767 4195 2782 4219 ,
2811 4154 2933 4208 dum
2960 4153 3179 4208 inveniri
3204 4163 3410 4223 potest;
3451 4153 3596 4207 invo-

2008 4255 2122 4302 cate
2166 4264 2281 4300 eum
2325 4247 2446 4301 dum
2494 4264 2653 4318 prope
2692 4256 2787 4301 est.
2839 4245 3178 4317 Derelinquat
3223 4246 3410 4316 impius
3459 4245 3594 4300 viam

2007 4356 2174 4405 suam,
2200 4349 2250 4395 et
2279 4343 2356 4395 vir
2381 4342 2588 4413 iniquus
2618 4341 2980 4412 cogitationem
3008 4356 3187 4405 suam,
3231 4347 3280 4394 et
3309 4349 3596 4394 revertatur

2007 4431 2077 4485 ad
2090 4431 2391 4500 Dominum,
2414 4442 2462 4487 et
2484 4431 2808 4487 miserebitur
2827 4431 2969 4502 ejus;
2992 4441 3041 4485 et
3063 4430 3132 4484 ad
3146 4429 3312 4485 Deum
3334 4439 3593 4501 nostrum,

2007 4527 2129 4598 quia
2164 4528 2318 4597 192
2365 4527 2554 4580 multus
2598 4535 2676 4580 est
2716 4525 2787 4579 ad
2825 4525 3194 4597 ignoscendum
3246 4524 3381 4586 tlsa.
3412 4542 3508 4592 ιν,
3537 4527 3591 4592 6,

321 4623 504 4666 omnes
544 4617 728 4680 potest
755 4606 1090 4663 inﬁrmitates
1116 4622 1346 4674 sanare;
1395 4610 1440 4663 si
1477 4609 1789 4665 misericors
1820 4617 1901 4664 est
1933 4635 1985 4696 Β
2010 4617 2087 4686 7),
2129 4617 2418 4686 Relinquat
2445 4631 2573 4686 ergo
2598 4617 2794 4687 impius
2823 4617 2962 4671 viam
2993 4632 3178 4683 suam,
3223 4631 3329 4686 qua
3361 4625 3590 4688 peccat;

320 4698 456 4757 Deus
485 4709 694 4769 noster,
722 4700 971 4755 universa
999 4707 1180 4770 potest
1208 4708 1430 4770 peccata
1459 4699 1752 4757 dimittere.
1786 4699 1904 4757 Non

322 4798 398 4848 est
426 4791 668 4862 perfecta
697 4791 942 4858 bonitas,
972 4806 1002 4845 a
1027 4804 1133 4859 qua
1162 4806 1270 4845 non
1301 4791 1476 4846 omnis
1504 4793 1706 4847 malitia
1736 4793 1906 4848 vinci-

324 4897 442 4950 tur;
482 4899 588 4941 nec
614 4891 698 4939 est
725 4881 961 4954 perfecta
1001 4881 1264 4936 medicina
1289 4921 1305 4947 ,
1351 4883 1436 4938 cui
1463 4883 1684 4938 morbus
1711 4885 1905 4954 aliquis

324 4971 628 5030 incumbilis
654 4972 942 5028 invenitur.
985 4969 1256 5040 Scriptum
1280 4986 1412 5025 vero
1439 4979 1654 5027 tenetur
1683 4973 1735 5027 in
1758 4973 1907 5029 litte-

324 5063 394 5119 ris
419 5065 623 5123 sacris:
657 5063 982 5135 Sapientiam
1010 5073 1179 5116 autem
1208 5079 1311 5117 non
1334 5063 1489 5117 vincit
1508 5064 1710 5118 malitia
1741 5064 1896 5137 (Sap.

329 5167 424 5222 vn,
455 5156 546 5228 ω)
570 5197 586 5224 ,
634 5163 690 5211 et
730 5155 1119 5225 omnipotentia
1148 5153 1346 5209 medici
1389 5155 1560 5209 nostri
1606 5155 1802 5210 talibus
1847 5158 1900 5212 in

327 5248 528 5313 psalmo
558 5247 902 5319 sermonibus,
925 5247 1238 5300 intimatur:
1269 5245 1526 5314 Benedic,
1557 5248 1735 5302 anima
1763 5264 1900 5318 mea,

331 5338 617 5410 Dominum,
641 5353 690 5398 et
708 5345 883 5397 omnia
905 5344 1154 5398 interiora
1175 5359 1289 5398 mea
1307 5361 1492 5399 nomen
1513 5353 1748 5400 sanctum
1768 5346 1901 5417 ejus.

332 5430 564 5506 Benedic,
597 5440 778 5492 anima
807 5454 942 5505 mea,
975 5436 1275 5502 Dominum,
1313 5448 1362 5493 et
1393 5440 1502 5495 noli
1531 5439 1765 5496 oblivisci
1793 5459 1904 5496 om-

335 5539 417 5581 nes
444 5530 796 5586 retributiones
830 5531 962 5601 ejus.
1020 5529 1122 5594 Qui
1159 5532 1410 5602 propitius
1449 5533 1512 5604 ﬁt
1539 5531 1774 5587 omnibus
1799 5535 1904 5588 ini-

404 5721 426 5783 ξ
454 5712 545 5783 Ms.
575 5713 764 5780 Corb.,
791 5714 887 5768 etsi
915 5720 1200 5782 pervertere
1228 5722 1448 5783 queunt,
1469 5711 1889 5783 forteneqnennt.

373 5771 428 5818 ⁰δ
460 5782 548 5904 itis.
582 5771 780 5852 Corb.,
815 5771 928 5839 cuni
957 5771 1253 5854 μνονξεὶιὶυᾶ
1281 5783 1384 5844 sit.
1502 5801 1616 5839 cum
1650 5771 1901 5840 Dominus

373 5866 459 5904 una
485 5891 500 5904 .

338 5866 500 5906 οαηίιι.

2007 4711 2278 4781 relinquat
2303 4712 2516 4782 iniquus
2544 4710 2927 4781 cogitationem
2951 4726 3122 4774 suam,
3167 4725 3272 4780 qua
3301 4709 3368 4766 de
3398 4725 3592 4780 pecca-

2008 4813 2186 4860 torum
2230 4805 2550 4860 remissione
2577 4803 2858 4873 dcsperat,
2902 4811 2956 4858 et
2994 4803 3286 4858 secundum
3314 4802 3592 4873 propheta:

2009 4896 2228 4963 dictum,
2260 4905 2588 4950 convertatur
2613 4895 2682 4948 ad
2711 4893 3013 4962 Dominum,
3045 4896 3167 4966 quia
3197 4895 3384 4949 multus
3411 4901 3488 4947 est
3524 4891 3594 4946 ad

2007 4986 2393 5059 ignoscendum.
2449 4984 2508 5040 in
2550 4985 2654 5040 hoc
2699 4985 2868 5040 multo
2911 4985 3043 5040 nihil
3071 4985 3261 5051 deest,
3319 4985 3371 5038 in
3401 4998 3509 5053 quo
3538 4991 3594 5036 et

2007 5079 2349 5148 omnipotens
2376 5076 2762 5144 misericordia,
2794 5085 2849 5133 et
2869 5076 3258 5148 omnipotentia
3287 5073 3595 5129 misericors

2008 5177 2110 5224 est.
2153 5167 2324 5222 Tanta
2355 5175 2438 5223 est
2459 5175 2636 5223 autem
2667 5176 2720 5224 et
2743 5168 3046 5236 benignitas
3071 5164 3503 5235 omnipotentite,
3537 5172 3594 5220 et

2009 5258 2400 5329 omnipotentia
2428 5260 2771 5328 benignitatis
2811 5260 2864 5314 in
2898 5262 3006 5314 Deo
3029 5299 3044 5324 ,
3098 5264 3155 5311 ut
3183 5255 3318 5309 nihil
3346 5255 3418 5310 sit
3445 5255 3591 5325 quod

2010 5351 2144 5406 nolit
2171 5359 2265 5406 aut
2289 5367 2396 5406 non
2424 5352 2593 5423 possit
2620 5351 2864 5406 relaxare
2888 5364 3174 5405 converso.

2080 5441 2208 5498 CAP.
2239 5458 2294 5497 v.
2327 5441 2566 5497 Salubris
2595 5443 2857 5497 conversio
2893 5443 2946 5494 in
2975 5439 3172 5494 duobus
3200 5441 3457 5496 consistit.
3487 5439 3593 5497 De-

2011 5537 2238 5607 speratio
2265 5533 2418 5590 Judre
2444 5575 2460 5602 ,
2507 5533 2806 5606 poenitentia
2847 5534 2958 5588 sine
2990 5549 3100 5604 spe.
3131 5566 3203 5577 —
3249 5533 3299 5588 7.
3351 5532 3595 5589 Salubris

2079 5726 2098 5752 ε
2132 5713 2207 5768 Ita
2259 5729 2359 5768 ms.
2401 5712 2585 5785 Coth
2605 5720 2659 5785 et
2689 5711 2811 5767 Ant.
2859 5711 3015 5785 juxta
3065 5727 3297 5785 gmcum
3345 5713 3593 5785 Apostoli

2011 5792 2385 5909 conﬁnium;
2448 5795 2502 5838 at
2545 5781 2740 5839 Colon.
2787 5781 3300 5843 etBasithabent
3346 5781 3409 5842 in'
3456 5786 3593 5840 hunc

2016 5872 2136 5909 mun
2178 5872 2280 5909 unt.

2016 5872 2280 5910 mundum.
