4124 6614
506 398 572 491 955’
1513 425 1569 481 s.
1606 425 1965 482 FULGENTII
2003 421 2307 479 EPISCOPl
2348 421 2721 480 RUSPENSIS

3669 422 3797 483 556

469 556 647 604 autem
673 542 955 601 conversio
973 506 1174 612 duplici
1198 539 1408 595 ratione
1426 536 1701 593 subsistit:
1731 537 1777 591 si
1806 551 1905 591 nec
1927 550 2040 606 βω·
2068 541 2112 598 Α
2143 533 2312 588 sentis
2358 539 2573 603 tempus
2626 529 2967 587 conversioni
3007 529 3344 590 demonstrat
3371 536 3792 608 aptissimum,

470 628 694 696 nitentia
718 646 1024 709 sperantem
1051 679 1066 705 ,
1107 650 1209 691 nec
1250 648 1374 703 spes
1419 630 1631 707 deserat
1656 628 2043 700 poenitentem;

470 746 535 786 ac
562 746 660 801 per
686 730 790 784 hoc
813 770 828 796 ,
878 728 925 783 si
964 743 1032 783 ex
1082 734 1197 782 toto
1244 723 1410 781 corde
1447 721 1730 791 quisquam
1776 720 2048 775 renuntiet

471 828 694 893 peccato
725 836 823 875 suo
846 860 860 884 ,
914 828 969 873 et
999 826 1113 873 toto
1142 816 1305 872 corde
1333 829 1485 884 spem
1520 818 1687 883 ponat
1714 808 2047 866 remissionis

473 914 527 966 in
560 911 687 966 Deo.
714 910 922 965 Etenim
951 921 1332 977 nonnunquam
1358 912 1452 959 aut
1471 918 1621 973 spem
1653 900 1930 972 pmnitenti
1952 901 2050 954 ho-

471 1002 605 1055 mini
630 1001 875 1056 diabolus
903 999 1125 1063 adimit,
1159 1004 1251 1051 aut
1279 993 1515 1065 speranti
1546 991 1918 1062 ptenitentiam
1944 989 2049 1043 tol-

471 1090 569 1144 lit:
612 1105 776 1145 unum
821 1089 948 1144 dum
996 1095 1203 1153 onerat,
1253 1084 1594 1155 comprimit;
1642 1082 1871 1136 alterum
1920 1080 2047 1134 dum

472 1181 669 1247 elevat,
700 1180 899 1249 dejicit.
940 1164 1246 1247 Judas,vqui
1273 1176 1543 1231 Christum
1575 1172 1810 1233 tradidit,
1841 1171 2047 1240 peccati

472 1273 556 1329 sui
578 1272 942 1343 pmnitentiam
969 1271 1136 1341 gessit
1161 1312 1176 1338 ,
1225 1267 1319 1323 sed
1348 1266 1576 1321 salutem
1606 1262 1836 1333 perdidit
1860 1301 1874 1326 ,
1921 1261 2048 1330 quia

472 1364 854 1433 indulgentiam
884 1378 990 1418 non
1017 1360 1276 1432 speravit.
1315 1357 1552 1427 Denique
1578 1354 1655 1410 sic
1682 1353 1749 1408 de
1771 1353 1863 1407 illo
1883 1367 2051 1406 evan-

473 1456 663 1524 gelista
685 1454 920 1523 loquitur
944 1471 955 1506 :
991 1451 1133 1506 Tunc
1152 1450 1325 1504 ridens
1345 1447 1534 1514 ludas,
1559 1446 1645 1518 qui
1668 1461 1783 1498 eum
1810 1443 2046 1507 tradidit,

474 1547 591 1618 quia
621 1545 897 1598 damnatus
924 1553 1073 1607 esset,
1106 1540 1407 1611 paenitentia
1436 1538 1637 1600 ductus,
1670 1534 1845 1588 retulit
1875 1534 2059 1604 trigin-‘

476 1644 527 1689 ta
548 1643 819 1707 argenteos
841 1632 1158 1705 principibus
1189 1631 1511 1685 sacerdotum
1529 1668 1543 1693 ,
1574 1637 1623 1682 et
1651 1626 1936 1681 senioribus
1964 1624 2048 1678 di-

474 1743 592 1780 cens
610 1742 628 1779 :
661 1726 878 1779 Peccavi
908 1724 1115 1778 tradens
1138 1723 1438 1793 sanguinem
1454 1722 1672 1791 justum.
1715 1718 1781 1769 At
1804 1718 1883 1770 illi
1913 1717 2058 1770 αἰετοί

473 1827 622 1872 runt:
651 1817 788 1882 Quid
814 1818 883 1871 ad
912 1817 1051 1871 nos?
1093 1826 1144 1870 tu
1172 1815 1377 1870 videris.
1420 1812 1466 1866 Ε
1473 1824 1489 1865 ι
1519 1812 1761 1884 projectis
1792 1809 2051 1881 argenteis

2145 624 2329 703 dicens
2354 642 2367 678 :
2400 623 2639 696 Iniquus,
2669 624 2716 677 si
2741 639 2798 677 se
2826 632 3086 677 convertat
3121 626 3185 677 ab
3227 626 3458 683 omnibus
3483 629 3801 693 iniquita-

2144 714 2277 770 tibus
2298 716 2404 770 suis
2425 732 2553 787 quas
2582 718 2721 787 fecit,
2744 724 2796 770 et
2815 715 3113 769 custodierit
3133 719 3306 785 omnia
3327 722 3601 775 mandata
3628 736 3793 787 mea,

2144 813 2195 860 et
2222 807 2380 877 faciat
2392 805 2674 875 justitiam,
2707 814 2756 859 et
2778 805 3207 873 misericordiam,
3230 808 3334 861 vita
3372 810 3524 875 viret,
3580 818 3646 863 et
3670 826 3799 864 non

2146 898 2410 951 morietur.
2463 894 2656 950 Omnia
2703 896 2892 950 delicta
2938 896 3049 967 ejus
3100 913 3411 971 quascunque
3460 903 3609 973 fecit
3670 918 3801 956 non

2146 995 2297 1041 erunt
2347 988 2403 1041 in
2444 989 2707 1042 memoria.
2752 985 2818 1040 In
2844 1003 2939 1041 sua
2977 989 3185 1059 justitia
3220 1006 3373 1061 quam
3421 995 3551 1063 fecit
3600 994 3792 1047 vivet.

2148 1074 2402 1149 Nunquid
2459 1078 2721 1133 voluntate
2776 1079 2890 1133 volo
2945 1089 3168 1133 mortem
3222 1086 3545 1151 peccatoris,
3638 1085 3801 1139 dicit

2147 1169 2420 1237 Dominus,
2453 1188 2607 1241 quam
2632 1181 2688 1226 ut
2716 1181 2974 1227 avertatur
2994 1173 3058 1227 de
3085 1173 3168 1227 ria
3197 1191 3291 1229 sua
3321 1177 3480 1244 mala,
3505 1189 3561 1233 et
3588 1181 3799 1233 time

2148 1260 2302 1315 eum?
2330 1258 2458 1315 Cum
2498 1279 2553 1316 se
2579 1271 2747 1317 autem
2776 1265 3015 1317 averterit
3049 1264 3225 1335 justus
3254 1283 3286 1320 a
3304 1267 3512 1337 justitia
3530 1285 3694 1341 sua,
3734 1277 3796 1323 et

2149 1354 2327 1424 fecerit
2354 1353 2701 1425 iniquitatem,
2738 1355 3020 1409 secundum
3067 1372 3244 1412 omnes
3281 1360 3590 1429 iniquitates
3628 1375 3796 1431 quas

2149 1443 2272 1514 fecit
2315 1443 2403 1496 ille
2447 1443 2675 1515 iniquus,
2722 1460 2899 1498 omnes
2920 1444 3144 1515 justitite
3172 1447 3283 1517 ejus
3329 1465 3457 1520 quas
3486 1450 3627 1521 fecit
3654 1464 3781 1505 non

2149 1542 2297 1585 erunt
2346 1534 2402 1587 in
2448 1535 2726 1598 memoria;
2778 1535 2834 1589 in
2880 1534 3065 1590 delicto
3092 1554 3185 1592 suo
3212 1555 3311 1610 quo
3345 1539 3583 1611 deliquit,
3624 1551 3692 1595 et
3722 1542 3792 1595 iss

2148 1624 2374 1694 peccatis
2396 1625 2503 1679 suis
2524 1623 2705 1695 quibus
2734 1628 2981 1696 peccavit,
3006 1630 3059 1683 in
3080 1631 3206 1700 ipsis
3247 1633 3491 1686 morietur
3518 1632 3786 1704 (Ezech.

2152 1730 2300 1779 XVIII,
2342 1714 2432 1781 24,
2458 1715 2529 1769 22
2555 1724 2607 1770 et
2634 1717 2788 1791 seq.).
2818 1717 2886 1771 Et
2907 1719 3045 1774 infra
3086 1721 3213 1776 dicit
3239 1740 3251 1776 :
3285 1720 3354 1776 In
3380 1740 3439 1778 eo
3471 1742 3590 1779 cum
3628 1742 3788 1780 con-

2151 1816 2312 1862 vertet
2339 1826 2393 1863 se
2404 1809 2578 1880 justus
2604 1826 2636 1863 a
2657 1826 2750 1864 sua
2767 1812 2992 1883 justitia,
3019 1821 3074 1865 ut
3108 1815 3266 1885 faciat
3286 1815 3545 1882 delictum,
3571 1818 3634 1871 in
3666 1831 3785 1872 suo

475 1910 526 1961 in
558 1908 743 1977 templo
769 1946 782 1971 ,
816 1909 1062 1972 secessit,
1111 1913 1161 1959 et
1199 1903 1374 1957 abiens
1400 1942 1414 1968 ,
1462 1902 1643 1973 laqueo
1689 1916 1744 1954 se
1788 1896 2055 1966 suspendit
2085 1909 2133 1969 Β
2159 1897 2343 1953 delicto
2372 1899 2510 1971 quod
2537 1902 2678 1972 fecit,
2736 1901 2791 1954 in
2832 1902 2943 1972 ipso
2988 1904 3251 1959 morietur.
3302 1904 3373 1958 Et
3416 1908 3470 1960 in
3514 1922 3577 1963 eo
3606 1908 3786 1980 quod

477 1998 693 2072 (Matth.
725 2016 890 2067 xxvn,
923 2000 978 2068 5,
1009 1998 1063 2065 4,
1102 1998 1179 2068 5).
1223 1998 1389 2065 Digne
1418 1996 1635 2063 quidem
1682 1990 2053 2063 pmnitentiam

2157 1996 2416 2042 avertatur
2437 1990 2638 2062 iniquus
2667 1992 2731 2044 ab
2762 1992 3031 2064 iniquitate
3049 2011 3144 2048 sua
3158 2011 3312 2066 quam
3335 1998 3478 2068 fecit,
3501 2007 3558 2051 ut
3581 2001 3783 2069 faciat

397 2133 401 2143 .
477 2091 657 2160 gessit,
692 2091 817 2158 quia
846 2090 1094 2159 peccavit
1121 2089 1337 2143 tradens
1365 2087 1675 2155 sanguinem
1702 2084 1928 2153 justum,
1958 2082 2051 2137 sed
2148 2077 2404 2147 judicium
2432 2087 2481 2133 et
2502 2080 2783 2151 justitiam,
2809 2082 2891 2136 hic
2921 2085 3151 2137 animam
3180 2102 3327 2140 suam
3369 2089 3677 2153 custodiuit,
3716 2099 3779 2143 ει

479 2180 599 2235 ideo
625 2168 724 2235 sibi
760 2181 985 2235 fructum
1016 2179 1343 2249 pmnitentize
1372 2177 1674 2243 denegavit,
1703 2176 1828 2244 quia
1859 2189 2054 2243 pecca-

480 2276 591 2322 tum
618 2270 918 2324 traditionis
943 2284 1051 2323 suze
1092 2269 1211 2338 ipso
1238 2282 1396 2336 quem
1429 2265 1720 2319 tradiderat
1748 2264 2057 2318 diluendum

480 2358 737 2425 sanguine
764 2374 869 2413 non
890 2358 1143 2429 speravit.

552 2449 684 2506 CAP.
717 2466 786 2505 vr.
821 2449 951 2521 Spes
981 2451 1094 2504 sine
1119 2447 1420 2519 paenitentia
1444 2463 1577 2501 rana
1605 2455 1681 2499 est
1702 2446 2054 2515 prtesumptio.

483 2573 552 2584 —-
577 2540 631 2595 8.
672 2539 967 2609 Plerosque
989 2541 1091 2595 sub
1121 2553 1257 2595 vana
1286 2553 1381 2608 spe
1410 2536 1752 2605 indulgentiae
1782 2536 1836 2589 in
1867 2550 2061 2605 pecca—

484 2628 553 2683 tis
579 2628 822 2683 diabolus
849 2636 1013 2693 tenet,
1039 2635 1095 2682 et
1117 2627 1391 2697 compellit
1419 2641 1514 2681 eos
1541 2624 1636 2679 Dei
1660 2624 1920 2693 justitiam
1951 2639 2059 2679 non

486 2726 752 2783 metuere,
794 2733 930 2787 quos
959 2717 1194 2772 inaniter
1230 2715 1419 2771 suadet
1445 2714 1512 2770 de
1543 2714 1636 2768 Dei
1665 2715 1905 2769 bonitate
1929 2726 2061 2782 gau-

486 2808 634 2864 dere.
673 2807 830 2863 Tales
857 2808 1043 2864 dicunt
1069 2849 1085 2875 ,
1132 2806 1424 2862 secundum
1456 2804 1700 2875 Apostoli
1729 2803 2062 2873 objurgatio-

486 2914 609 2975 nem
634 2917 646 2952 :
676 2897 958 2953 Faciamus
983 2898 1144 2964 mala,
1175 2906 1230 2951 ut
1250 2897 1455 2951 veniant
1475 2896 1608 2951 bona
1629 2911 1649 2961 ;
1678 2911 1895 2967 quorum
1917 2895 2064 2948 dam-

487 2992 628 3047 natio
650 2990 796 3062 justa
824 3001 899 3048 est
930 2989 1104 3062 (Rom.
1129 3006 1208 3059 in,
1236 2989 1314 3061 8).

556 3080 608 3136 9.
649 3080 746 3137 His
771 3082 979 3137 indiciis
1016 3080 1294 3137 evidenter
1320 3080 1660 3151 agnoscimus
1700 3077 1931 3133 inaniter
1960 3077 2061 3131 ho-

488 3176 688 3231 minem
718 3177 1000 3246 poenitere,
1040 3176 1086 3231 si
1116 3175 1241 3231 dum
1269 3175 1588 3244 pmnitentia
1615 3175 1817 3242 geritur
1842 3214 1858 3241 ,
1887 3169 2063 3225 indul-

2156 2169 2337 2220 evertit
2361 2184 2416 2221 se
2436 2162 2501 2221 ub
2527 2169 2760 2224 omnibus
2785 2172 3141 2243 iniquitatibus
3164 2176 3270 2228 suis
3308 2192 3435 2246 quas
3463 2179 3609 2248 fecit,
3646 2179 3778 2233 vita

2157 2255 2301 2319 vivet,
2333 2264 2384 2310 et
2410 2272 2513 2311 non
2541 2260 2787 2313 morietur
2818 2259 3005 2332 (Ibid.,
3044 2261 3159 2333 2i).
3211 2263 3444 2334 Utraque
3473 2268 3773 2322 sententia

2156 2358 2285 2399 vera
2307 2354 2410 2411 est,
2440 2347 2565 2416 quia
2586 2358 2815 2418 utraque
2862 2350 3042 2406 divina
3072 2361 3176 2421 est,
3227 2355 3339 2410 sive
3362 2355 3588 2427 justum,
3620 2373 3775 2413 cum

2159 2449 2380 2493 aversus
2405 2436 2565 2492 fuerit
2591 2452 2622 2491 a
2640 2437 2846 2507 justitia
2873 2455 2988 2507 sua,
3007 2457 3197 2498 omnes
3207 2442 3442 2511 justitias
3460 2445 3579 2514 ejus
3600 2448 3732 2503 obli
3749 2478 3771 2489 -

2138 2524 2305 2579 'vioni
2335 2526 2656 2594 tradendus;
2696 2530 2809 2584 sive
2853 2530 3115 2601 iniquum,
3168 2549 3290 2588 cum
3341 2535 3409 2589 ab
3459 2537 3768 2606 iniquitate

2159 2616 2324 2671 fuerit
2350 2632 2643 2673 conversus
2686 2619 2753 2673 ad
2794 2619 3080 2690 justitiam,
3113 2624 3286 2692 ipsum
3317 2624 3663 2697 salvandum,
3698 2636 3765 2684 et

2160 2722 2348 2763 omnes
2369 2708 2678 2778 iniquitates
2704 2710 2820 2779 ejus
2841 2711 2894 2765 in
2923 2714 3178 2768 memoria
3208 2729 3315 2768 non
3339 2712 3562 2771 futuras.

2236 2798 2321 2855 tl.
2361 2798 2606 2871 Iniquum
2632 2817 2763 2858 vero
2783 2811 2885 2867 est,
2909 2804 2953 2859 si
2992 2813 3240 2875 putemus
3263 2806 3464 2874 justmn
3496 2809 3761 2877 quando-

2161 2904 2268 2960 que
2295 2904 2543 2945 aversum
2569 2906 2732 2961 posse
2753 2891 3027 2958 damnari;
3059 2902 3115 2948 et
3143 2902 3391 2963 putemus
3419 2905 3448 2935 ⁸
3502 2897 3759 2967 iniquum

2162 2980 2484 3051 quandoque
2513 2996 2837 3037 conversum
2864 2998 2971 3037 non
3017 2998 3178 3053 posse
3203 2985 3422 3040 salvari.
3452 2984 3638 3043 Justus
3664 2995 3758 3046 est

2163 3071 2305 3128 Deus
2332 3082 2387 3129 et
2425 3073 2755 3128 misericors.
2796 3072 2952 3129 Sicut
2995 3088 3126 3144 ergo
3154 3083 3333 3145 potest
3360 3091 3458 3146 per
3478 3077 3755 3147 justitiam

2164 3164 2421 3221 damnare
2445 3181 2713 3232 aversum,
2745 3167 2824 3222 sic
2843 3174 3023 3237 potest
3048 3182 3148 3237 per
3173 3169 3593 3225 misericordiam
3615 3187 3754 3227 sem-

488 3267 666 3335 gentia
693 3267 1045 3337 desperatur,
1097 3275 1153 3321 et
1180 3267 1374 3321 frustra
1426 3265 1810 3351 indulgentiam
1859 3263 2063 3332 sperari
2089 3279 2134 3341 C
2165 3279 2263 3334 per
2289 3264 2500 3319 salvare
2546 3278 2885 3319 conversum.
2934 3263 3089 3318 Nulla
3136 3263 3418 3334 prolixitas
3468 3269 3751 3338 temporis,

487 3360 604 3427 sine
626 3366 970 3429 peccatorum
998 3357 1315 3429 poenitentia
1337 3374 1352 3423 ;
1377 3372 1443 3412 ac
1463 3371 1561 3427 per
1583 3356 1704 3421 hoc,
1730 3369 1830 3409 nec
1849 3353 1949 3409 sub
1968 3368 2065 3422 spe

489 3450 818 3505 remissionis
844 3450 1005 3505 debet
1023 3449 1215 3518 aliquis
1237 3464 1461 3521 peccare
1481 3463 1723 3513 securus,
1753 3462 1853 3502 nec
1875 3461 2066 3516 pecca-

491 3548 666 3595 torum
695 3556 912 3596 suorum
940 3543 1290 3598 considerans
1317 3541 1711 3597 multitudinem
1732 3580 1748 3607 ,
1779 3554 2065 3596 remanere

491 3637 680 3685 catena
709 3628 1100 3700 desperationis
1142 3633 1448 3688 obstrictus.
1499 3630 1756 3686 Hortatur
1794 3630 1936 3685 enim
1964 3647 2065 3687 nos

491 3716 765 3789 Scriptura
791 3728 998 3791 sancta,
1030 3732 1087 3776 ut
1115 3736 1343 3793 peccare
1364 3720 1475 3791 jam
1494 3720 1819 3783 desinamus,
1853 3735 1951 3776 nec
1971 3723 2067 3775 de-

490 3822 768 3877 speremus
788 3809 942 3864 nobis
962 3810 1281 3865 remittenda
1308 3824 1428 3879 quae
1460 3807 1722 3875 fecimus;
1752 3807 1883 3864 dicit
1911 3808 2066 3879 quip-

492 3913 560 3970 pe
584 3917 597 3953 :
628 3897 763 3967 Fili,
793 3902 1057 3969 peccasti;
1088 3918 1152 3957 ne
1182 3902 1404 3973 adjicias
1430 3903 1635 3967 iterum,
1661 3900 1755 3955 sed
1777 3910 1826 3955 et
1844 3901 1907 3955 de
1929 3917 2066 3974 pra:-

492 3993 655 4048 teritis
693 3992 968 4065 deprecare
990 4035 1006 4061 ,
1042 4003 1099 4050 ut
1119 3994 1209 4051 tibi
1246 3995 1574 4049 dimittantur
1603 3991 1792 4065 (Eccli.
1820 4010 1913 4048 XXI
1936 4034 1951 4060 ,
1985 3993 2063 4063 1).

494 4079 790 4154 Utrumque
831 4094 1016 4142 sancta
1042 4085 1320 4157 Scriptura
1350 4086 1669 4156 praemonuit
1692 4127 1708 4154 ,
1746 4096 1802 4141 et
1829 4085 2068 4141 ostendit

493 4171 635 4239 quod
676 4187 776 4228 nec
801 4173 855 4227 in
885 4182 1110 4243 peccato
1154 4174 1445 4231 debeamus
1486 4190 1766 4231 remanere
1790 4218 1806 4243 ,
1853 4190 1953 4230 nec
1997 4174 2066 4231 de

493 4262 806 4317 remissione
832 4264 1115 4331 cujuslibet
1133 4264 1426 4333 iniquitatis
1453 4265 1743 4331 ambigere.
1784 4262 1894 4319 Cur
1920 4264 2063 4319 enim

495 4352 709 4421 iubetur
750 4367 819 4407 ne
867 4353 1179 4422 adjiciamus
1226 4364 1446 4424 peccata
1493 4354 1732 4424 peccatis
1758 4395 1774 4422 ,
1827 4354 2064 4409 siestin

494 4450 717 4513 peccato
740 4444 1103 4499 manendum?
1131 4452 1223 4499 aut
1248 4460 1345 4500 cur
1357 4444 1579 4513 jubetur
1606 4452 1665 4498 ut
1690 4444 1759 4499 de
1780 4444 2068 4513 prmteritis

498 4532 850 4603 deprecemur
873 4543 934 4589 ut
959 4536 1114 4590 nobis
1135 4535 1492 4602 dimittantur,
1522 4535 1566 4591 si
1592 4543 1717 4591 sunt
1743 4535 1918 4605 aliqua
1949 4549 2067 4605 quae

2162 3355 2249 3410 vel
2272 3354 2510 3424 aequitati
2539 3353 2750 3419 divinae,
2782 3354 2867 3409 vel
2898 3353 3085 3424 pietati
3115 3353 3443 3423 prtejudicat.
3474 3354 3753 3413 Pmiiiten-

2164 3447 2235 3502 tia
2260 3460 2537 3515 nunquam
2564 3452 2649 3500 est
2676 3444 2818 3514 apud
2848 3443 3015 3499 Deum
3045 3458 3183 3510 sera,
3204 3444 3256 3499 in
3277 3444 3431 3515 cujus
3456 3456 3752 3517 conspectu

2163 3553 2377 3610 semper
2424 3553 2524 3609 pro
2576 3537 2930 3608 praesentibus
2983 3537 3249 3592 habentur
3299 3544 3409 3591 tam
3475 3534 3751 3608 printerita

2163 3645 2323 3701 quam
2352 3628 2550 3685 futura.
2575 3628 2633 3684 Si
2664 3628 2992 3684 diuturnitas
3020 3636 3364 3699 peccatorum
3392 3629 3486 3684 Dei
3509 3630 3757 3688 vinceret

2163 3722 2608 3790 misericbrdiam,
2636 3738 2745 3777 non
2771 3722 2827 3775 in
2856 3728 3018 3776 aetate
3047 3720 3230 3775 mundi
3259 3721 3555 3790 novissima
3588 3721 3751 3778 Chri-

2163 3821 2279 3871 stus
2306 3814 2534 3881 veniret,
2564 3822 2623 3869 ut
2652 3820 2873 3885 peccata
2898 3811 3080 3868 mundi
3101 3812 3374 3883 pereuntis
3402 3812 3657 3879 auferret,
3682 3813 3753 3870 de

2163 3923 2272 3978 quo
2294 3906 2424 3963 dicit
2446 3905 2682 3963 Joannes
2704 3924 2717 3959 :
2747 3904 2879 3960 Ecce
2894 3904 3074 3976 Agnus
3094 3903 3214 3969 Dei,
3243 3920 3357 3958 ecce
3378 3905 3465 3976 qui
3486 3906 3621 3963 tollit
3640 3922 3753 3977 pee-

2166 4007 2337 4052 catum
2385 3997 2565 4053 mundi
2613 3996 2792 4068 (Joan.
2827 4012 2867 4064 t,
2898 3995 3011 4064 ‘29),
3064 4002 3119 4049 et
3148 3994 3262 4064 ipse
3288 3992 3539 4049 Salvator
3559 3994 3628 4051 de
3649 4009 3750 4050 se:

2175 4086 2330 4142 Venit
2349 4089 2485 4142 enim
2505 4085 2674 4141 Filius
2695 4084 2919 4140 hominis
2941 4100 3169 4150 quierere
3195 4094 3246 4139 et
3269 4084 3470 4139 sulcare
3494 4084 3632 4152 quod
3651 4101 3749 4158 pe-

2167 4179 2327 4232 rierat
2348 4177 2503 4249 (Luc.
2522 4193 2636 4245 xu,
2668 4175 2759 4247 10)

2237 4268 2368 4322 CAP.
2396 4283 2509 4322 vni.
2551 4265 2862 4338 Exemplum
2881 4266 3255 4322 misericordia
3280 4265 3397 4330 Dei,
3415 4282 3482 4320 ea:
3502 4265 3754 4337 parabola

2170 4360 2233 4413 de
2253 4358 2589 4414 Samaritana
2617 4367 2667 4411 et
2703 4357 3006 4413 Vulnerato.
3024 4390 3096 4401 ——
3115 4356 3202 4412 12.
3244 4356 3614 4413 Samaritanus
3631 4373 3753 4415 nos-

2170 4452 2254 4502 te'r
2273 4461 2544 4516 nunquam
2565 4447 2904 4502 vulneratum
2931 4446 2999 4502 ad
3024 4447 3295 4502 stabulum
3331 4447 3763 4502 misericorditer-

2172 4535 2480 4606 impositum
2504 4533 2749 4603 jumento
2776 4535 3116 4606 perduceret,
3145 4536 3190 4591 si
3219 4535 3434 4607 aliquod
3453 4536 3504 4590 iu
3535 4549 3604 4591 eo
3630 4535 3752 4591 vul—

495 4622 910 4694 deprecantibus
940 4622 1132 4697 dimitti
1162 4624 1466 4680 nullatenus
1494 4625 1761 4694 possunt?
1796 4625 1880 4680 An
1905 4623 2067 4681 l‘orsi-
2104 4644 2153 4705 ι)
2180 4641 2280 4681 nus
2326 4625 2619 4681 insanabile
2641 4625 2927 4695 judicaret.
2971 4625 3254 4695 Nunquam
3281 4626 3489 4682 duobus
3514 4626 3755 4683 denariis

498 4722 587 4768 tan
611 4722 913 4786 temporum
953 4713 1202 4785 cuiquam
1242 4721 1419 4784 potest
1447 4713 2073 4786 przejudicarelongaevi-

500 4814 599 4871 tas,
649 4812 708 4860 ut
735 4804 872 4859 sicut
894 4800 1110 4873 peracto
1140 4803 1415 4858 tricennali
1445 4802 1641 4873 spatio,
1673 4803 1851 4859 nullus
1878 4804 2073 4860 sinitur

500 4894 702 4965 legibus
722 4893 966 4948 humanis
993 4894 1169 4950 ablata
1197 4902 1442 4963 repetere
1460 4931 1477 4958 ,
1507 4892 1585 4949 sic
1611 4893 1817 4963 legibus
1855 4895 2069 4963 divinis,

500 4992 622 5055 post
647 4984 804 5053 longa
833 4976 1089 5056 peccandi
1116 4985 1317 5055 spatia,
1364 5000 1470 5039 non
1494 4984 1656 5040 liceat
1681 4985 2069 5056 indulgentiam

501 5074 810 5146 postulare?
852 5075 1004 5131 Absit
1048 5084 1107 5131 ut
1145 5076 1250 5131 hoc
1277 5075 1347 5131 sit
1389 5075 1442 5131 in
1471 5075 1582 5132 Deo
1612 5085 1798 5132 nostro
1842 5076 1985 5148 quod
2015 5077 2070 5131 in

502 5167 679 5224 litibus
710 5169 873 5224 habet
898 5169 1130 5224 humana
1159 5167 1414 5224 conditio.
1456 5166 1597 5223 Deus
1622 5170 1765 5224 enim
1792 5177 1978 5225 noster
1996 5169 2075 5225 sic

503 5268 580 5314 t'sl
606 5260 910 5316 misericors
930 5267 985 5315 et
1012 5260 1202 5327 bonus,
1226 5259 1363 5314 sicut
1384 5257 1621 5317 inﬁnitus
1643 5266 1725 5315 est
1747 5267 1802 5315 et
1821 5260 2069 5315 invictus.

504 5348 731 5404 Proinde
756 5350 969 5405 bonitas
997 5348 1178 5405 invicti
1204 5364 1311 5404 non
1339 5348 1586 5415 vincitur,
1614 5356 1669 5404 et
1693 5348 1884 5404 inliniti
1910 5349 2072 5404 mise-

505 5441 731 5496 ricordia
762 5457 867 5497 non
889 5440 1088 5497 ﬁnitur.

578 5534 730 5603 193
755 5532 884 5589 CAP.
916 5550 1003 5589 vn.
1046 5534 1210 5589 Omne
1238 5543 1431 5606 tempus
1460 5536 1727 5606 praesentis
1773 5534 1890 5590 vita:
1936 5551 2064 5590 con—

510 5625 721 5679 κοιντδὶοηί
766 5635 941 5694 aptum
972 5635 1068 5680 est.
1088 5658 1156 5668 —
1186 5625 1266 5680 10.
1310 5626 1548 5696 Denique
1589 5641 1749 5681 omne
1778 5627 1900 5681 vitae
1931 5641 2072 5697 pra:-

578 5838 600 5862 ι·
634 5826 757 5881 llaec
782 5826 940 5879 verba
962 5829 1159 5899 justum
1179 5828 1481 5899 quandoque
1507 5841 1740 5899 aversum
1764 5839 1913 5899 posse
1934 5824 2081 5877 dam-

509 5899 663 5953 nari:
695 5905 743 5950 et
766 5904 1017 5968 putemus,
1050 5896 1272 5952 aberant
1301 5898 1366 5951 ab
1396 5896 1634 5967 excusis;
1667 5896 1914 5950 restituta
1960 5900 2084 5948 sunt

2174 4715 2331 4781 datis,
2354 4714 2684 4771 redditurum
2703 4729 2763 4770 se
2788 4716 3045 4785 quidquid
3071 4724 3485 4786 supererogaret
3510 4716 3755 4772 stabula-

2173 4809 2256 4865 rio
2284 4806 2661 4879 spopondisset
2701 4806 2852 4881 (Luc.
2882 4824 2935 4875 ι,
2964 4806 3037 4863 30
3064 4818 3115 4862 et
3137 4807 3294 4881 seq.),
3326 4809 3372 4863 si
3399 4822 3755 4879 supereroga-

2175 4900 2377 4956 tionem
2402 4899 2549 4955 illam
2577 4915 2683 4954 non
2713 4900 2885 4971 plenae
2922 4900 3136 4955 sanitati
3166 4907 3527 4969 praenosceret
3568 4899 3755 4969 profu-

2173 4999 2369 5046 turam.
2404 4989 2474 5045 Ut
2497 4990 2625 5060 quid
2642 4991 2785 5047 enim
2804 4991 3128 5047 stabularios
3153 4989 3353 5059 aliquid
3381 4999 3754 5061 supererogat,

2174 5081 2220 5135 si
2243 5089 2327 5137 est
2354 5081 2407 5135 in
2427 5081 2611 5136 saucio
2637 5080 2833 5136 vulnus
2853 5079 2999 5149 quod
3025 5080 3201 5135 curari
3234 5094 3342 5134 non
3372 5080 3583 5134 valeat?
3605 5078 3759 5134 Sicut

2181 5186 2309 5240 ergo
2328 5170 2539 5227 medico
2559 5178 2744 5227 nostro
2772 5170 2916 5226 nulla
2935 5177 3019 5225 est
3040 5169 3347 5225 incurabilis
3368 5168 3540 5239 plaga,
3561 5169 3634 5223 ita
3658 5182 3761 5224 nec

2182 5264 2236 5318 in
2282 5263 2464 5332 aliquo
2510 5262 2752 5332 vulnere,
2806 5276 2907 5317 nec
2934 5261 2988 5316 in
3008 5261 3188 5330 aliquo
3216 5269 3482 5331 tempore,
3526 5258 3762 5316 celestis

2184 5363 2362 5427 potest
2387 5354 2621 5411 deiicere
2650 5353 2936 5409 medicina.
2966 5352 3094 5408 ldeo
3130 5352 3247 5422 ipse
3273 5351 3515 5417 medicus
3540 5364 3760 5418 semper

2184 5462 2245 5502 se
2267 5461 2426 5516 posse
2453 5459 2717 5504 converso
2756 5444 2985 5500 salutem
3024 5444 3228 5500 donare
3258 5450 3506 5509 testatur,
3533 5441 3761 5503 dicens:

2182 5535 2311 5591 Cum
2331 5551 2604 5592 conversus
2634 5534 2813 5606 fueris,
2843 5541 2893 5588 et
2920 5534 3251 5605 ingemueris,
3293 5532 3463 5587 salvus
3485 5530 3589 5585 eris
3619 5528 3757 5601 (Isa.

2182 5641 2311 5694 xxx,
2336 5622 2447 5698 i5).
2476 5623 2708 5696 Propter
2734 5622 2881 5693 quod
2907 5622 3159 5678 duritiam
3187 5618 3540 5691 quorumdam
3569 5618 3648 5677 sic
3668 5631 3763 5688 per

2193 5840 2256 5880 ex
2283 5841 2386 5882 ms.
2417 5824 2581 5881 Corb.
2616 5825 2878 5883 sermonis
2906 5829 3161 5880 contextu
3196 5820 3298 5877 hoc
3322 5818 3591 5890 exigente.
