4120 6458
276 394 394 457 357

1688 389 2019 446 EPISTOLA
2061 392 2163 448 Vll.

3458 399 3563 457 558

284 498 619 560 Hieremiam
638 508 780 557 deus
807 518 915 557 non
936 500 1127 557 desiuit
1157 502 1433 572 increpare
1461 519 1472 554 :
1504 498 1755 570 Nunquid
1783 503 1871 572 qui
1904 509 1945 565 Α
1976 506 2190 572 bantur,
2218 521 2382 576 quam
2426 522 2524 564 eos
2552 508 2644 578 qui
2675 515 3017 578 peccatorum
3047 525 3264 567 suorum
3295 513 3563 582 pmuiten.

283 596 433 651 cadit
464 611 567 650 non
598 602 847 665 resurget,
875 603 963 648 aut
984 595 1069 666 qui
1095 610 1302 649 aversus
1326 603 1403 648 est
1431 611 1532 648 non
1564 594 1877 647 revertetur?

287 686 473 753 Quare
518 705 639 759 ergo
689 702 897 741 aversus
938 697 1014 740 est
1042 686 1261 758 populus
1305 688 1402 740 iste
1444 687 1499 740 in
1549 685 1898 739 Hierusalem'

284 778 559 833 ’aversioue
579 777 936 832 contentiosa?
966 775 1346 830 Induraverunt
1374 776 1591 830 cervices
1614 791 1759 839 suas,
1780 790 1878 828 uo-

287 873 503 925 luerunt
551 872 733 924 reverti
786 868 932 937 (Jer.
976 856 1088 934 vui,
1117 868 1168 935 4,
1204 867 1301 939 5).
1352 868 1466 924 Non
1527 869 1683 940 ξιθᾷ
1726 867 1882 938 punit

290 962 442 1017 Deus
471 961 523 1014 in
555 968 840 1031 peccatore
867 966 1111 1031 peccata,
1141 959 1186 1016 si
1221 959 1523 1030 peccatoris
1558 958 1744 1015 cervix
1772 974 1880 1013 non

288 1051 458 1109 fuerit
486 1053 754 1107 indurata.

369 1145 498 1201 Car.
530 1161 603 1198 ix.
643 1144 855 1198 Iustitia
876 1142 974 1196 Dei
998 1159 1267 1218 conversos
1288 1150 1476 1207 salvat,
1506 1157 1712 1196 aversos
1740 1157 1883 1195 aum-

293 1247 413 1292 nat.
435 1234 615 1290 -15,
658 1236 864 1291 Bonum
897 1234 1053 1290 nobis
1081 1242 1165 1289 est
1202 1234 1384 1303 igitur,
1408 1234 1454 1288 si
1483 1233 1553 1288 ad
1570 1232 1687 1301 ejus
1714 1233 1881 1287 mise-

294 1328 586 1385 ricordiam
616 1326 990 1395 confugiamus
1015 1325 1168 1394 cujus
1207 1326 1446 1393 etlugere
1481 1324 1742 1393 justitiam
1771 1338 1882 1379 non

292 1422 558 1476 valemus.
591 1419 707 1489 Ipsa
733 1419 878 1474 enim
905 1416 1112 1487 justitia
1154 1417 1251 1472 Dei
1286 1418 1413 1472 talis
1443 1425 1549 1484 est,
1575 1426 1634 1471 ut
1661 1432 1883 1473 aversos

294 1513 538 1575 damnet,
568 1526 858 1567 conversos
886 1510 1076 1565 salvet.
1111 1508 1343 1579 Propter
1367 1510 1514 1580 quod
1542 1508 1674 1563 dicit
1697 1526 1711 1562 :
1740 1508 1882 1564 Con-

294 1602 556 1657 oertimini
576 1603 645 1657 ad
672 1618 771 1667 me,
797 1610 847 1655 et
875 1599 1085 1655 salvabo
1114 1617 1202 1655 vos
1222 1599 1365 1671 (Isa.
1390 1598 1640 1669 Liv,22);
1672 1614 1887 1668 semper

294 1703 481 1749 autem
529 1678 829 1748 delectatur
876 1690 1237 1746 conversione
1284 1697 1492 1756 nostra,
1522 1703 1625 1745 nec
1675 1697 1886 1758 tempus

296 1784 528 1848 homini,
581 1782 818 1854 quandiu
848 1782 901 1837 in
931 1782 1030 1838 hac
1057 1782 1165 1836 vita
1188 1789 1292 1849 est,
1334 1782 1533 1852 posuit,
1564 1796 1674 1851 quo
1696 1779 1884 1850 propi-

1982 598 2113 651 tiam
2154 612 2347 666 gerere
2398 601 2702 656 noluerunt.
2754 600 2997 670 Denique
3045 602 3175 659 dicit
3227 601 3563 662 Corinthiis:

1981 684 2067 741 Ne
2087 689 2273 743 iterum
2300 704 2414 745 cum
2434 709 2640 759 venero,
2693 694 2925 748 liumiliet
2953 710 3035 748 me
3063 694 3200 750 Deus
3228 697 3367 766 apud
3395 707 3570 764 vos,et

1982 781 2184 853 lugeam
2206 782 2394 839 multos
2414 801 2480 839 ex
2500 786 2580 840 liis
2609 787 2696 857 qui
2725 795 2845 841 ante
2864 796 3220 857 peccaverunt,
3252 798 3302 842 et
3322 805 3423 843 non
3445 807 3566 862 ege-

1983 879 2106 924 runt
2131 873 2481 941 penitentiam
2508 890 2661 944 super
2682 875 3031 943 immnnditia,
3053 884 3103 929 et
3128 877 3494 947 fornicatione,
3515 887 3565 933 et

1981 962 2324 1033 impudicitia,
2340 981 2501 1034 quam
2524 974 2789 1035 gesserunt
2815 963 2903 1036 (II
2932 964 3053 1020 Cor.
3078 982 3173 1031 xu,
3202 964 3450 1035 2|)..Nec
3472 969 3566 1023 im-

1983 1054 2177 1108 merito
2201 1053 2346 1122 luget
2367 1053 2654 1125 Apostolus
2680 1055 2772 1125 qui
2811 1054 3179 1126 pmnitentiam
3212 1070 3321 1111 non
3358 1064 3521 1125 agunt
3552 1077 3564 1110 :

1986 1145 2094 1200 scit
2142 1144 2287 1212 enim
2329 1146 2450 1214 plus
2494 1161 2614 1201 esse
2653 1147 2829 1218 gaudii
2855 1163 3031 1201 coram
3053 1148 3256 1219 angelis
3285 1146 3383 1201 Dei
3413 1164 3568 1217 super

1980 1224 2085 1292 uno
2115 1248 2386 1309 peccatore
2404 1239 2760 1309 paenitentiam
2800 1248 3002 1311 agente,
3046 1256 3199 1312 quam
3222 1255 3375 1310 super
3395 1254 3566 1293 nona-

1982 1333 2131 1402 ginta
2170 1347 2347 1386 novem
2386 1331 2566 1403 justis,
2597 1329 2786 1401 quibus
2830 1348 2934 1385 non
2973 1338 3049 1385 est
3089 1347 3219 1401 opus
3265 1332 3567 1402 paenitentia

1983 1419 2135 1490 (Luc.
2171 1438 2256 1486 xv,
2289 1421 2366 1492 7).
2400 1421 2567 1489 Digne
2588 1422 2748 1489 igitur
2776 1421 2897 1476 illos
2922 1438 3020 1492 pro
3044 1423 3432 1493 impmnitentia
3452 1439 3569 1479 cor-

1985 1508 2070 1565 dis
2118 1508 2267 1578 luget
2306 1508 2495 1563 beatus
2524 1509 2831 1579 Apostolus,
2858 1525 2958 1580 pro
2995 1510 3190 1580 quibus
3215 1527 3323 1567 non
3366 1511 3565 1580 gaudet

1985 1597 2259 1667 angelicus
2285 1598 2503 1654 chorus.

2062 1690 2217 1762 195
2243 1687 2371 1744 Cn.
2420 1705 2495 1744 ιιι.
2543 1688 2719 1744 Variis
2747 1690 2913 1745 modis
2960 1706 3054 1745 nos
3094 1690 3169 1743 ad
3214 1691 3567 1761 paenitentiam

1985 1790 2133 1835 vocat
2153 1779 2314 1835 Deus.
2337 1813 2409 1823 —
2433 1781 2519 1837 16.
2559 1780 2870 1852 Benignitas
2895 1793 3025 1849 ergo
3055 1781 3151 1836 Dei
3190 1780 3256 1835 ad
3293 1781 3565 1850 pmniteu-

294 1873 419 1928 tiari
448 1888 709 1929 converso
739 1888 847 1927 non
876 1872 1075 1942 possit;
1131 1872 1241 1927 imo
1292 1879 1504 1942 tempus
1550 1886 1712 1927 omne
1740 1887 1882 1942 prtea
1914 1876 1959 1937 Β
1987 1873 2116 1928 tiam
2144 1888 2245 1928 nos
2272 1872 2508 1938 adducit,
2532 1872 2654 1928 ideo
2678 1888 2778 1927 nos
2801 1871 3236 1928 tribulationibus
3261 1870 3467 1939 alﬂigit,
3495 1872 3570 1927 in-

295 1963 468 2021 sentis
480 1963 603 2018 vite
627 1961 967 2039 conversioni
996 1970 1195 2017 nostra:
1217 1962 1556 2030 cognoscitur
1574 1960 1882 2030 deputasse.

296 2051 493 2106 Beatus
521 2052 663 2105 enim
693 2048 887 2104 Petrus
914 2048 1044 2104 dicit
1070 2066 1083 2102 :
1115 2047 1240 2103 Non
1284 2049 1456 2102 tardat
1486 2046 1741 2104 Dominus
1763 2065 1885 2119 pro-

296 2144 510 2196 missum
530 2156 696 2205 suum,
726 2140 856 2193 sicut
891 2138 1102 2210 quidam
1131 2139 1429 2194 tarditatem
1451 2140 1770 2204 existimant,
1794 2139 1887 2193 sed

296 2233 552 2301 patienter
587 2232 687 2301 [ert
717 2238 926 2301 propter
958 2246 1065 2295 vos,
1091 2228 1272 2284 nolens
1319 2228 1543 2300 aliquem
1572 2229 1763 2299 perire,
1792 2227 1887 2283 sed

298 2334 477 2376 omnes
506 2320 575 2373 ad
598 2319 946 2391 paenitentiam
968 2320 1193 2374 converti
1225 2315 1313 2389 (II
1338 2317 1484 2372 Petr.
1516 2334 1599 2386 ιιι,
1629 2317 1706 2388 9).

267 2412 272 2421 ’
372 2411 502 2467 Car.
527 2429 582 2467 ι.
625 2409 890 2466 Parabola
920 2410 982 2464 de
1007 2402 1260 2482 operariis
1288 2411 1342 2464 in
1371 2410 1540 2464 vinea.
1570 2408 1710 2465 Deus
1745 2425 1887 2465 sem-

299 2523 394 2576 per
443 2506 724 2559 delectatur
762 2504 1099 2558 conversione
1145 2501 1520 2557 nostra—M.
1559 2500 1616 2558 Si
1653 2502 1889 2571 aliquam

300 2602 517 2651 :etatem
582 2594 851 2664 judicaret
910 2593 1170 2648 Dominus
1222 2593 1598 2648 conversionis
1651 2592 1890 2648 remedio

305 2689 567 2758 ineptam,
612 2703 720 2742 non
752 2685 978 2742 diversis
1004 2685 1336 2755 temporibus
1373 2685 1652 2755 operarios
1674 2695 1892 2741 vocaret

303 2778 372 2833 ad
400 2772 637 2833 vineam’.
666 2776 726 2831 lu
755 2775 1068 2831 diversitate
1104 2775 1305 2845 quippe
1344 2774 1600 2830 horarum
1648 2791 1755 2830 non
1804 2776 1889 2830 iu-

240 2880 251 2893 ‘
303 2885 543 2940 congrue
591 2870 855 2940 accipitur
905 2876 1123 2923 celatum
1170 2864 1485 2932 diversitas;
1526 2868 1603 2922 ita
1652 2877 1711 2922 ut
1759 2876 1892 2924 tetas

304 2963 526 3035 puerilis
554 2962 846 3033 accipiatur
875 2960 930 3015 in
962 2976 1139 3025 mane,
1169 2961 1426 3030 pubertas
1475 2961 1528 3015 in
1581 2960 1760 3025 tertia,
1799 2959 1891 3029 ju-

300 3061 499 3110 ventus
546 3053 599 3107 iu
646 3059 818 3118 sexta,
849 3049 1085 3119 gravitas
1113 3048 1430 3105 declinantis
1462 3051 1635 3106 aetatis
1667 3051 1721 3105 in
1749 3066 1891 3105 nona

306 3156 364 3203 et
392 3148 444 3201 in
474 3145 773 3211 undecima,
803 3143 988 3199 senilis
1013 3151 1144 3198 tetas
1176 3143 1292 3214 ipsa
1320 3144 1631 3200 novissima.
1656 3143 1715 3199 lu
1754 3158 1890 3213 qua-

1987 1963 2328 2019 lirmitatibus
2359 1964 2603 2035 corripit,
2664 1964 2927 2033 angustiis
2962 1964 3159 2031 erudit,
3188 1971 3250 2019 ut
3276 1964 3369 2034 qui
3396 1964 3449 2018 in
3476 1979 3568 2019 sa-

1986 2055 2155 2110 nitate
2182 2055 2428 2125 corporis
2455 2053 2817 2125 peccavimus,
2854 2054 2907 2109 in
2938 2053 3255 2109 inﬁrmitate
3278 2069 3310 2109 a
3332 2056 3571 2125 peccatis
3652 2048 3657 2057 ’

1986 2143 2258 2198 abstinere
2285 2124 2552 2198 discamus
2579 2159 2591 2194 :
2623 2142 2713 2212 qui
2741 2142 2796 2196 in
2821 2142 3003 2196 laetitia
3032 2141 3455 2199 misericordiam
3474 2142 3572 2210 Dei

1987 2233 2427 2302 contempsimus,
2479 2232 2715 2303 correpti
2771 2229 2982 2301 ﬂagello
3033 2232 3265 2287 tristitia:
3304 2232 3572 2302 justitiam

1988 2325 2156 2396 ipsius
2185 2323 2552 2380 tormidemus.
2582 2324 2661 2378 Ita
2685 2323 2763 2391 lit,
2789 2332 2845 2378 ut
2873 2325 2964 2393 qui
2991 2324 3170 2389 nobis,
3185 2324 3456 2381 abutendo
3484 2340 3574 2381 sa-

1990 2416 2177 2482 nitate,
2200 2415 2564 2470 inlirmitatem
2592 2415 2918 2486 peperimus,
2934 2415 3416 2485 pertintirmitatem
3437 2415 3573 2470 sani-

1990 2507 2115 2561 tatis
2142 2504 2403 2561 benelicia
2432 2519 2778 2576 reparemus;
2809 2514 2865 2562 et
2885 2507 2978 2575 qui
3008 2521 3106 2575 per
3132 2507 3373 2561 laetitiam
3400 2507 3456 2561 in
3479 2507 3574 2561 tri-
3612 2540 3615 2542 ›

1989 2596 2295 2653 bulationes
2341 2597 2640 2663 incidimus,
2690 2612 2789 2667 per
2831 2597 3208 2655 tribulationes
3236 2597 3305 2653 ad
3330 2597 3574 2655 ltetitiam

1990 2702 2351 2742 recurramus.
2385 2696 2411 2723 ιι
2439 2686 2683 2758 Denique
2714 2688 2883 2756 magis
2916 2701 3046 2757 erga
3087 2704 3188 2744 nos
3232 2689 3575 2748 dilectionem

1993 2776 2087 2831 Dei
2117 2774 2341 2846 ﬂagellis
2367 2787 2425 2833 et
2448 2779 2882 2848 correptionibus
2918 2780 3194 2850 Scriptura
3238 2789 3425 2837 sancta
3471 2791 3576 2839 tes-
3662 2800 3673 2811 ο

1994 2876 2139 2924 tatur
2166 2869 2409 2936 ostendi;
2440 2870 2570 2925 dicit
2614 2871 2757 2925 enim
2785 2889 2798 2924 :
2827 2870 2956 2937 Fili,
2988 2888 3053 2925 ne
3076 2872 3288 2942 deﬁcias
3329 2874 3384 2925 in
3417 2873 3576 2928 disci-

1993 2964 2139 3033 plina
2181 2960 2414 3027 Domini,
2458 2978 2619 3034 neque
2664 2963 2895 3032 fatigeris
2925 2978 3040 3016 cum
3080 2962 3146 3016 ab
3171 2979 3230 3017 eo
3257 2964 3576 3034 increparis;

1994 3070 2140 3126 quem
2165 3055 2303 3109 enim
2327 3053 2500 3127 diligit
2545 3053 2822 3122 Dominus,
2868 3057 3108 3124 corripit;
3149 3055 3380 3128 ﬂagellat
3406 3065 3578 3112 autem

1995 3164 2196 3201 omnem
2224 3147 2392 3218 ﬁlium
2417 3164 2563 3219 quem
2585 3149 2766 3218 recipit
2791 3146 2972 3216 (Prov.
3004 3163 3080 3213 ιιι,
3108 3146 3217 3218 11).

308 3251 520 3307 cunque
558 3235 717 3305 igitur
753 3235 872 3304 quis
917 3241 1078 3289 aetate
1123 3242 1367 3302 vocatus,
1417 3235 1464 3290 si
1508 3235 1893 3303 benignitatem
1920 3239 1966 3302 ρ
2067 3237 2596 3294 Cinnam—Sedet
2623 3237 3212 3308 ipseSalvatorillosse
3238 3238 3367 3296 dicit
3393 3255 3580 3298 amare

312 3327 553 3383 vocantis
594 3326 803 3381 Domini
831 3341 940 3381 non
962 3333 1202 3396 spernat,
1231 3341 1451 3382 necesse
1486 3336 1571 3382 est
1609 3325 1893 3382 denarium

312 3419 433 3472 vitm
467 3417 717 3488 perennis
737 3417 983 3487 accipiat.
1017 3415 1201 3486 Neque
1229 3417 1371 3471 enim
1416 3433 1522 3472 non
1552 3433 1766 3488 semper
1793 3418 1890 3473 de-

312 3509 536 3580 lectatur
564 3507 916 3567 conversione
964 3514 1169 3571 nostra,
1224 3506 1293 3561 de
1340 3522 1449 3576 quo
1497 3507 1654 3563 nobis
1696 3508 1896 3564 clamat

311 3599 428 3655 .loel
453 3600 716 3668 propheta
741 3616 753 3651 :
788 3598 917 3653 Ηωσ
945 3598 1067 3651 dicit
1087 3597 1341 3654 Dominus
1366 3598 1507 3653 Deus
1533 3608 1696 3654 vester
1718 3616 1738 3656 :
1760 3599 1897 3656 Con-

314 3688 568 3742 vertimini
604 3686 672 3740 ad
702 3703 781 3739 me
803 3704 868 3740 ea:
889 3696 995 3740 toto
1017 3686 1173 3740 corde
1210 3696 1398 3753 vestro,
1430 3688 1486 3741 in
1504 3687 1730 3758 jejunio,
1762 3699 1812 3743 et
1836 3690 1893 3745 in

317 3778 456 3849 ﬂetu,
486 3785 533 3830 et
562 3777 615 3829 in
640 3776 871 3846 planctu,
896 3783 945 3827 et
979 3775 1285 3846 disrumpite
1314 3776 1474 3831 corda
1502 3787 1692 3845 vestra,
1715 3788 1895 3834 etnon

316 3866 609 3921 vestimenta
637 3875 822 3930 vestra,
846 3874 895 3919 et
917 3866 1271 3920 convertimini
1309 3865 1379 3919 ad
1418 3866 1702 3921 Dominum
1728 3867 1897 3924 Deum

315 3968 566 4021 vestrum;
597 3957 717 4028 quia
745 3956 1057 4023 misericors,
1087 3965 1137 4009 et
1156 3954 1359 4027 patiens
1396 3967 1494 4022 est,
1532 3969 1582 4012 et
1615 3962 1895 4031 magnani-

317 4051 433 4116 mis,
464 4056 512 4102 et
540 4048 754 4101 multum
777 4049 1087 4115 misericors,
1109 4056 1160 4101 et
1182 4049 1486 4119 patientiam
1500 4049 1693 4104 habens
1711 4051 1766 4105 in
1786 4067 1899 4105 ma-

316 4140 378 4194 lis
413 4139 549 4209 (Joel
577 4157 657 4208 ιι,
691 4139 757 4193 12
781 4149 830 4194 et
856 4139 1008 4212 soq.).

391 4231 479 4286 15.
508 4230 736 4302 Propter
778 4231 922 4302 quod
969 4231 1244 4301 apostolus
1274 4230 1471 4289 Paulus
1498 4232 1748 4289 duritiam
1775 4250 1899 4290 eor-

320 4324 400 4378 dis
429 4325 670 4394 increpat
699 4324 752 4378 in
774 4325 859 4379 his
873 4324 963 4394 qui
980 4325 1349 4394 paenitentiam
1374 4341 1597 4382 suorum
1624 4328 1899 4397 negligunt

320 4436 479 4491 agere
505 4428 879 4491 peccatorum;
908 4418 1039 4475 dicit
1063 4420 1207 4475 enim
1233 4439 1245 4474 :
1276 4420 1500 4493 Propter
1520 4421 1657 4494 quod
1683 4422 1898 4477 inexcu-

318 4510 495 4573 sabilis
515 4527 589 4575 es,
610 4527 640 4564 ο
668 4511 818 4564 homo
840 4511 1005 4563 omnis
1033 4511 1118 4580 qui
1134 4510 1361 4580 jndicas.
1388 4510 1455 4566 In
1484 4529 1583 4585 quo
1602 4513 1738 4566 enim
1750 4512 1898 4584 judi-

1996 3348 2135 3402 quos
2162 3333 2339 3402 arguit
2364 3350 2377 3385 :
2408 3330 2546 3403 Ego,
2597 3332 2864 3400 inquiens,
2891 3348 3017 3405 quos
3054 3348 3172 3386 amo
3199 3348 3362 3404 arguo
3387 3340 3435 3386 et
3464 3347 3580 3390 cas-

1998 3426 2103 3496 tigo
2135 3425 2316 3495 (Apoc.
2349 3441 2427 3493 ut,
2460 3424 2571 3497 19).
2622 3424 2688 3479 Et
2714 3426 3081 3496 apostolorum
3111 3425 3355 3481 doctrina
3384 3426 3581 3496 νηπίη-ι

1997 3531 2122 3572 care
2149 3532 2259 3573 non
2287 3527 2484 3585 cessat,
2507 3518 2633 3588 quia
2668 3528 2869 3590 oportet
2896 3536 2990 3574 nos
3024 3536 3117 3590 per
3148 3521 3338 3575 multas
3361 3521 3584 3575 tribula-

1999 3609 2161 3663 tiones
2181 3610 2398 3663 introire
2422 3610 2477 3663 in
2507 3624 2722 3683 regnum
2740 3610 2839 3665 Dei
2868 3612 3006 3683 (Act.
3035 3627 3146 3680 11v,
3177 3611 3291 3683 2|).
3315 3611 3434 3683 Ipse
3455 3626 3585 3682 quo-

1998 3716 2106 3771 que
2133 3701 2392 3756 Dominus
2417 3709 2623 3757 arctam
2665 3702 2807 3758 viam
2854 3711 2913 3758 et
2959 3712 3242 3774 angustam
3290 3705 3423 3761 dicit
3466 3719 3586 3761 esse

1999 3800 2231 3860 portam,
2262 3807 2383 3863 quae
2407 3792 2554 3848 ducit
2583 3793 2651 3848 ad
2676 3794 2864 3850 vitam.

2072 3879 2159 3933 17.
2203 3879 2273 3935 Ut
2310 3890 2488 3937 autem
2515 3883 2830 3939 noverimus
2857 3883 2980 3939 illos
3014 3884 3104 3954 qui
3134 3884 3343 3954 gaudiis
3371 3894 3584 3956 tempo-

2000 3970 2202 4025 ralibus
2255 3971 2627 4038 oblectamur,
2685 3979 2741 4028 et
2781 3973 2930 4043 jussa
2976 3973 3155 4028 divina
3202 3982 3582 4040 contemnunt,

1999 4058 2217 4113 :nternis
2245 4058 2461 4129 ignibus
2489 4060 2939 4130 concremandos,
2968 4061 3091 4116 illos
3131 4076 3263 4118 vero
3302 4062 3395 4133 qui
3442 4065 3584 4121 mala

2001 4148 2318 4219 temporalia
2342 4164 2464 4204 cum
2494 4149 2691 4206 timore
2718 4149 2813 4206 Dei
2835 4150 3102 4221 patienter
3123 4151 3357 4207 tolerant
3378 4162 3583 4211 aeterna

2000 4241 2181 4310 quiete
2223 4241 2526 4311 petituros;
2558 4240 2903 4298 attendamus
2942 4242 3164 4299 divitem
3208 4252 3585 4316 purpuratum,

1989 4337 2057 4386 ἐι
2076 4346 2368 4401 pauperem
2399 4330 2680 4399 Lazarum,
2711 4332 2859 4387 illum
2886 4341 3009 4405 post
3036 4334 3222 4406 epulas
3242 4334 3470 4391 ﬂammis
3489 4352 3586 4409 pe-

1999 4421 2255 4478 rennibus
2308 4422 2579 4489 traditum,
2614 4423 2773 4479 istum
2812 4412 2938 4495 post
2973 4440 3238 4481 mrumnas
3285 4426 3337 4482 in
3382 4436 3584 4485 aeterna

2001 4510 2148 4565 sinus
2175 4510 2403 4567 Abrahae
2422 4514 2605 4582 quiete
2631 4529 2879 4570 securum
2905 4533 2918 4568 :
2952 4516 3039 4571 ubi
3069 4533 3191 4572 cum
3219 4518 3418 4573 stillam
3437 4520 3587 4576 dives

319 4622 405 4659 cas
446 4606 680 4668 alterum,
733 4614 780 4656 te
823 4604 990 4673 ipsum
1020 4603 1367 4669 condemnas;
1415 4605 1592 4659 eadem
1620 4606 1757 4659 enim
1785 4607 1898 4676 agis
1930 4620 1972 4677 ι)
2002 4600 2197 4658 ardens
2224 4602 2393 4670 digito
2421 4604 2566 4659 beati
2598 4606 2848 4675 pauperis
2876 4605 3075 4676 lingua:
3102 4623 3214 4663 sua:
3235 4620 3483 4678 posceret
3513 4613 3586 4666 ir-

319 4710 432 4766 quaz
451 4692 679 4764 judicas.
713 4690 917 4745 Scimus
940 4701 1105 4745 autent
1135 4694 1375 4762 quoniam
1397 4694 1652 4765 judicium
1696 4694 1791 4748 Dei
1823 4703 1901 4749 est

321 4776 595 4843 secundum
622 4784 884 4837 veritatem
921 4782 977 4835 in
1014 4799 1099 4836 eos
1121 4784 1206 4853 qui
1237 4784 1363 4837 talia
1400 4794 1580 4855 agunt.
1612 4784 1899 4840 Eaistimas

321 4885 490 4930 autem
518 4875 634 4940 hoc,
669 4891 698 4928 ο
726 4873 878 4928 homo
924 4873 1088 4927 omnis
1135 4873 1220 4944 qui
1258 4872 1467 4943 judicas
1510 4891 1597 4929 eos
1644 4878 1730 4947 qui
1774 4876 1902 4930 talia

323 4974 506 5037 agunt,
537 4972 585 5017 et
615 4963 745 5035 facis
768 4980 849 5028 ea,
879 4964 999 5033 quia
1035 4970 1089 5016 tu
1118 4963 1333 5033 effugies
1350 4962 1605 5034 judicium
1646 4966 1783 5019 Dei?
1820 4967 1900 5021 An

320 5056 524 5111 divitias
571 5053 812 5109 bonitatis
855 5054 966 5124 ejus
1010 5062 1059 5109 et
1102 5054 1365 5123 patientia:
1406 5062 1456 5107 et
1496 5054 1905 5126 longanimitatis

323 5146 630 5213 contemnis,
659 5146 905 5216 ignorans
932 5146 1173 5217 quoniam
1202 5144 1489 5217 benignitas
1519 5144 1618 5200 Dei
1647 5147 1716 5200 ad
1733 5149 1901 5218 poeni-

323 5240 535 5293 tentiam
569 5248 616 5292 te
653 5237 902 5292 adducit?
948 5236 1244 5293 Secundum
1288 5236 1533 5292 duritiam
1561 5251 1733 5293 autem
1758 5249 1900 5295 tuam

321 5339 371 5385 et
400 5331 721 5402 itupaznitens
751 5346 840 5384 cor
878 5329 1190 5384 tltesaurizas
1220 5329 1310 5385 tibi
1335 5330 1469 5385 iram
1497 5332 1550 5385 in
1591 5331 1673 5386 die
1707 5333 1821 5401 ine,
1849 5342 1900 5388 et

323 5423 645 5478 reuelationis
677 5421 808 5492 justi
842 5420 1024 5492 judicii
1051 5419 1169 5485 Dei,
1201 5426 1286 5493 qui
1320 5421 1496 5476 reddet
1522 5423 1900 5495 unicuiquese-

324 5513 547 5567 cundum
574 5529 730 5584 opera
760 5528 854 5566 sua
882 5509 1057 5580 (Rom.
1102 5527 1160 5579 tt,
1209 5511 1260 5578 1,
1290 5512 1344 5578 2,
1369 5522 1419 5566 et
1437 5516 1594 5582 seq.).
1620 5513 1738 5568 Alio
1764 5530 1900 5584 quo-

325 5618 431 5673 que
459 5603 582 5660 loco
608 5614 720 5661 non
749 5610 860 5657 tam
896 5600 1100 5672 plangit
1123 5601 1219 5671 qui
1241 5616 1467 5675 peccare
1493 5603 1731 5671 graviter
1750 5604 1902 5659 vide-

396 5793 422 5820 ⁸·
451 5782 512 5839 In
538 5798 638 5839 ms.
669 5781 833 5838 Corb.
863 5779 1127 5834 adduntur
1153 5777 1239 5833 hic
1267 5778 1428 5833 verba
1448 5779 1588 5847 hrcc,
1616 5779 1852 5834 ausculta
1872 5797 1903 5836 ο

329 5861 565 5913 vcccator
591 5862 639 5910 et
666 5852 850 5925 gaude,
876 5866 1058 5908 verum
1081 5865 1180 5907 nec
1210 5850 1457 5919 leguntur
1485 5849 1539 5907 in
1560 5850 1787 5917 excusis,
1809 5866 1908 5910 nec

2003 4692 2194 4757 rorari,
2226 4692 2339 4748 haec
2365 4692 2431 4747 ad
2454 4708 2575 4748 eum
2591 4695 2737 4751 beati
2756 4695 2984 4753 Abrahm
3007 4699 3255 4770 protinus
3281 4709 3364 4755 est
3382 4701 3585 4759 directa

2002 4783 2282 4851 responsio
2308 4800 2321 4835 :
2357 4780 2487 4852 Fili,
2513 4786 2789 4843 recordare
2814 4789 2935 4861 quia
2963 4790 3200 4857 recepisti
3240 4789 3375 4845 bona
3399 4792 3454 4846 in
3483 4793 3584 4847 vita

2004 4877 2110 4936 tua,
2135 4881 2183 4925 et
2208 4870 2442 4929 Lazarus
2471 4876 2711 4930 similiter
2732 4879 2901 4943 mala;
2932 4895 3066 4933 nunc
3107 4889 3280 4934 autem
3308 4891 3357 4934 tu
3386 4882 3586 4934 crucia-

2006 4962 2098 5029 ris,
2122 4962 2206 5017 hic
2233 4981 2350 5018 vero
2379 4967 2646 5037 requiescit
2677 4968 2826 5040 (Luc.
2852 4987 2982 5037 JH,
3020 4969 3134 5038 25).
3180 4971 3297 5027 Non
3340 4971 3439 5026 fuit
3483 4972 3587 5027 alia

2006 5067 2168 5107 causa
2197 5069 2303 5123 qua
2329 5055 2479 5112 dives
2508 5074 2697 5128 pinnas
2724 5059 2917 5128 lueret,
2942 5070 2997 5117 et
3016 5078 3223 5134 pauper
3243 5063 3439 5132 gaudio
3458 5065 3590 5134 poti-

2005 5150 2156 5198 retur
2194 5158 2257 5200 ac
2284 5148 2491 5217 requie,
2523 5149 2625 5206 nisi
2664 5152 2790 5222 quia
2838 5154 2926 5209 ille
2956 5156 3097 5209 bona
3127 5156 3330 5224 recepit
3378 5156 3429 5210 in
3478 5157 3588 5211 vita

2003 5252 2118 5303 sua,
2151 5237 2240 5294 ille
2264 5248 2445 5296 autem
2470 5243 2630 5300 mala.
3246 5264 3251 5268 ‘

2078 5330 2207 5387 Cu).
2242 5350 2351 5391 xm.
2396 5334 2450 5391 Ν
2453 5354 2519 5392 an
2541 5339 2677 5392 idem
2704 5347 2781 5393 est
2807 5340 2939 5393 bona
2967 5341 3239 5409 praesentis
3269 5340 3386 5395 vita:
3406 5342 3592 5398 habere

2008 5432 2057 5478 et
2080 5427 2324 5497 recipere.
2351 5428 2527 5484 -18,
2570 5430 2686 5485 Non
2715 5445 2903 5486 omnes
2944 5439 3123 5485 autem
3153 5432 3244 5501 qui
3284 5433 3424 5487 bona
3456 5449 3593 5504 pnu-

2010 5516 2179 5572 sentis
2228 5518 2350 5573 vitae
2398 5520 2619 5595 habent,
2669 5520 2809 5575 bona
2839 5524 3116 5592 praesentis
3143 5524 3268 5591 vita:
3306 5525 3590 5595 recipiunt,

2012 5625 2111 5666 nec
2132 5626 2321 5668 omnes
2347 5614 2438 5682 qui
2468 5612 2606 5667 mala
2633 5612 2791 5681 hujus
2817 5615 2937 5669 vita:
2954 5616 3250 5687 patiuntur,
3274 5608 3413 5673 mala
3438 5618 3594 5684 hujus

2013 5786 2303 5857 quidquam
2324 5788 2391 5845 ad
2420 5802 2634 5843 sensum
2665 5790 2912 5846 conferre
2944 5790 3203 5848 videnlur.
