4120 6494
547 404 651 460 559
1569 401 1624 455 s.
1666 400 2022 456 ratos-mu
2063 399 2362 455 l-LPISCUPI
2405 401 2764 460 RL’SPENSIS
3702 411 3838 465 560

545 521 668 574 vim;
696 516 990 588 recipiunt;
1021 515 1116 572 sed
1155 516 1226 569 illi
1272 515 1529 585 rccipiunt
1569 516 1708 569 bona
1755 516 1806 569 in
1851 515 1958 569 vita
2001 531 2118 581 sua,
2152 520 2191 573 A
2227 516 2531 568 continetur
2571 517 2621 569 in
2665 518 2909 586 psalmo:
2944 519 3271 590 Sacri/icium
3301 519 3408 576 Dco
3437 522 3650 591 spiritus
3681 542 3835 579 con-

545 613 637 680 qui
669 612 720 666 in
751 609 947 678 gaudio
977 617 1031 664 et
1058 608 1260 664 deliciis
1288 609 1410 662 vita!
1442 608 1717 677 pmsentis
1744 609 2034 675 exsultant,
2065 615 2120 662 et
2221 603 2510 668 tribulaltts,
2561 623 2649 658 cor
2669 610 2940 662 contritum
2963 620 3011 664 et
3041 611 3364 664 humiliatum
3393 611 3534 666 Deus
3575 631 3682 669 non
3711 621 3828 670 de—

554 705 606 758 in
637 719 706 758 eo
731 717 790 757 se
829 702 1017 756 beatos
1045 700 1289 764 credunt,
1331 699 1471 768 quod
1498 714 1556 754 se
1593 700 1735 753 nulla
1762 699 1973 754 concuti
2018 697 2118 752 ad--
2192 693 2394 759 'spiciel
2423 692 2592 759 (Psal.
2630 711 2678 758 ι..
2715 696 2827 765 19).

547 794 802 849 versitate
830 791 1208 862 conspiciunt:
1242 790 1314 844 illi
1362 799 1538 843 autem
1592 789 1732 842 mala
1772 789 2036 859 recipiunt
2065 789 2116 842 in
2291 781 2416 836 CAP.
2463 800 2551 838 xv.
2593 785 2902 843 Exhortatio
2950 791 3020 844 ad
3063 804 3349 863 promptam
3396 800 3819 852 conversionem.

549 886 657 940 vita
702 900 816 949 sua,
865 884 956 953 qui
1004 897 1280 953 pressurus
1319 889 1373 934 et
1420 880 1789 936 tribulationes
1832 880 2108 948 prtcscutis
2217 871 2394 926 —2l.
2439 873 2532 927 llis
2559 884 2612 928 et
2635 876 2926 934 innumeris
2955 881 3321 949 hujuscemodi
3369 889 3692 942 testimoniis
3723 891 3826 943 iu-

547 978 671 1031 vita:
716 991 837 1031 cum
883 976 1075 1028 timore
1112 973 1206 1026 Dei
1244 972 1496 1036 tolerant,
1527 978 1583 1024 et
1611 969 1774 1024 corde
1801 969 2036 1023 contrito
2066 978 2121 1023 et

548 1067 847 1132 humiliato,
881 1081 987 1119 non
1015 1061 1326 1132 temporalia
1355 1061 1566 1129 gaudia,
1598 1058 1691 1114 sed
1719 1067 1918 1112 :eterna
1947 1060 2120 1128 suspi-

549 1167 699 1224 rant;
741 1173 842 1213 nec
877 1157 1164 1212 transitura
1205 1155 1366 1218 bona,
1398 1154 1490 1211 sed
1528 1167 1876 1223 permansura
1902 1151 2119 1207 deside-

548 1257 686 1302 rant.

620 1336 706 1391 19.
748 1337 984 1406 Denique
1012 1336 1116 1392 illis
1143 1336 1235 1405 qui
1275 1335 1328 1390 in
1371 1333 1526 1390 bonis
1566 1333 1906 1404 przesentium
1936 1349 2116 1388 rerum

546 1430 734 1484 volunt
780 1429 978 1482 habere
1025 1427 1289 1489 ltetitiam,
1333 1425 1460 1480 dicit
1487 1425 1760 1494 psalmus:
1794 1423 1922 1478 Filii
1954 1425 2120 1476 homi-

544 1537 685 1585 num,
717 1535 971 1591 usquequo
1001 1535 1183 1589 graves
1213 1518 1398 1580 corde;
1438 1515 1618 1585 utquid
1669 1515 1887 1584 diligitis
1916 1515 2120 1568 vanita-

536 1621 641 1668 tem
661 1620 710 1664 et
729 1609 958 1681 quaeritis
988 1609 1305 1662 mendacium
1332 1606 1502 1677 (Psal.
1528 1623 1600 1673 ιν,
1627 1605 1722 1674 3)?
1751 1614 1806 1658 et
1832 1604 1936 1658 alio
1967 1605 2116 1657 loco:

553 1700 723 1756 ’Volite
743 1718 952 1771 sperare
977 1701 1030 1754 in
1051 1701 1322 1772 iniquitate
1353 1709 1399 1765 ⁸,
1430 1708 1479 1752 et
1507 1699 1558 1752 in
1586 1699 1772 1767 rapina
1795 1696 1952 1749 nolite
1994 1711 2120 1748 con—

540 1797 817 1864 cupiscere.
838 1792 1042 1847 Divitiae
1060 1794 1104 1846 si
1133 1793 1362 1862 affluant,
1388 1790 1544 1844 nolite
1558 1805 1647 1842 cor
1667 1803 1922 1857 apponere
1948 1785 2115 1855 (Psal.

2220 959 2456 1026 formati,
2496 964 2862 1035 principaliter
2889 969 2955 1022 ad
2985 970 3151 1026 Deum
3187 978 3447 1041 converti,
3480 985 3824 1046 quantocius

2221 1055 2558 1124 festinemus;
2592 1059 2719 1115 dicit
2744 1062 2883 1115 enim
2905 1062 3180 1134 Scriptura
3207 1085 3219 1120 :
3252 1065 3336 1121 Ne
3361 1070 3650 1125 tardav‘eris
3679 1091 3824 1126 con-

2218 1148 2346 1201 verti
2366 1148 2435 1200 ad
2452 1147 2749 1218 Dominum,
2765 1162 2886 1206 etne
2898 1154 3110 1222 differas
3129 1157 3194 1210 de
3213 1157 3295 1211 die
3306 1158 3360 1212 in
3376 1160 3528 1225 diem,
3546 1179 3608 1215 ne
3635 1164 3752 1216 subi
3759 1175 3822 1217 to

2220 1238 2387 1290 veniat
2423 1240 2504 1292 ira
2551 1241 2680 1305 eius,
2726 1251 2776 1294 et
2815 1243 2869 1294 in
2915 1253 3138 1314 tempore
3186 1248 3431 1302 vindicta
3459 1251 3730 1317 disperdat
3760 1264 3820 1306 te

2224 1327 2408 1398 (Eccli.
2439 1346 2492 1394 γ,
2531 1331 2608 1398 8).
2640 1331 2894 1388 Conversi
2926 1343 3125 1401 autem,
3166 1337 3234 1392 de
3262 1340 3580 1396 remissione
3608 1359 3820 1412 pecca-

2223 1424 2395 1471 torum
2421 1419 2722 1475 nullatenus
2751 1422 3118 1493 desperemus,
3145 1435 3391 1482 tenentcs
3409 1429 3618 1484 Domini
3644 1430 3816 1486 ﬁdele

2222 1509 2562 1577 promissum,
2591 1511 2681 1579 qui
2711 1513 2825 1566 ait:
2858 1513 2984 1568 Cum
3026 1533 3294 1573 conversus
3333 1523 3510 1591 fueris,
3559 1531 3608 1576 et
3654 1526 3817 1593 inge-

2222 1600 2430 1664 mueris,
2463 1602 2632 1656 salvus
2662 1604 2763 1657 eris
2796 1603 2928 1671 (Isa.
2965 1623 3072 1661 xxx
3101 1609 3380 1664 secundum
3422 1610 3619 1683 LXX).
3646 1612 3814 1667 Pres-

2221 1705 2375 1745 suras
2403 1692 2882 1764 tribulationesque
2910 1700 3184 1767 praesentis
3209 1702 3463 1771 temporis
3491 1702 3812 1771 longanimi-

2226 1791 2307 1836 ter
2333 1784 2642 1850 toleremus,
2676 1795 2732 1842 et
2778 1803 2807 1841 a
2837 1789 3032 1846 timore
3069 1791 3162 1846 Dei
3209 1793 3513 1850 nullatenus
3555 1795 3811 1850 disceda-

541 1862 652 1950 ui,
679 1883 787 1951 ll).
818 1883 974 1938 Tales
1003 1883 1164 1937 etiam
1195 1882 1384 1937 beatus
1418 1880 1648 1935 Jacobus
1686 1879 1964 1946 increpare
2007 1892 2114 1929 non
2150 1862 2190 1920 Β
2221 1888 2364 1937 mus;
2397 1875 2635 1944 pra-cipit
2681 1878 2824 1931 enim
2873 1897 2972 1935 nos
3018 1883 3323 1952 Apostolus,
3355 1902 3473 1940 esse
3500 1888 3553 1940 in
3587 1887 3810 1940 tribula-

540 1983 736 2038 cessat,
750 1974 958 2029 dicens:
982 1974 1129 2044 Agite
1152 1989 1304 2038 nunc,
1332 1972 1528 2031 divites,
1545 1970 1761 2040 plorate,
1787 1967 2044 2021 ululantes
2064 1967 2118 2019 in

535 2065 762 2118 miseriis
791 2078 904 2134 qum
933 2063 1208 2116 advenient
1251 2061 1412 2114 vobis.
1461 2059 1668 2114 Divitice
1717 2068 1895 2113 vestra:
1940 2068 2118 2130 putre-

543 2157 696 2223 facta:
723 2162 859 2218 sunt,
890 2160 938 2206 et
970 2153 1263 2205 vestimenta
1295 2160 1460 2204 vestra
1489 2167 1520 2202 a
1549 2150 1699 2202 tineis
1726 2157 1949 2204 comesta
1977 2156 2116 2203 sunt.

541 2246 738 2300 Aurum
749 2252 798 2297 et
814 2251 1078 2315 argentum
1095 2251 1314 2295 vestrum
1333 2239 1659 2312 ceruginavit.
1682 2249 1729 2292 et
1751 2256 1926 2311 aerugo
1945 2255 2121 2293 eorum

549 2339 706 2411 196
725 2339 780 2391 in
811 2337 1155 2390 testimonium
1182 2335 1319 2391 vobis
1352 2335 1469 2398 erit,
1498 2342 1547 2388 et
1573 2334 1902 2387 manducabit
1940 2349 2120 2386 carnes

543 2441 735 2488 vestras
756 2432 887 2486 sicut
914 2431 1070 2501 ignis.
1090 2429 1502 2484 Thesaurizastis
1530 2428 1583 2481 in
1612 2428 1899 2482 novissimis
1921 2426 2116 2481 diebus.

544 2525 677 2578 Ecce
697 2540 887 2578 merces
916 2523 1268 2592 operariorum
1291 2523 1378 2589 qui
1405 2529 1726 2575 messuerunt
1755 2521 1986 2590 regiones
2007 2535 2121 2572 ves-

545 2626 674 2681 tras,
695 2631 808 2686 qua:
835 2614 1081 2684 fraudata
1108 2625 1184 2666 est
1203 2630 1235 2666 a
1261 2612 1420 2676 vobis,
1437 2612 1644 2677 clamat,
1662 2620 1711 2665 et
1735 2611 1929 2665 clamor
1948 2627 2122 2664 eorum

546 2709 597 2761 in
619 2723 770 2760 aures
797 2705 1009 2760 Domini
1041 2703 1272 2760 Sabaoth
1301 2705 1548 2758 introivit.
1581 2703 1794 2774 Epulati
1819 2705 1942 2757 estis
1971 2721 2145 2786 super.

547 2808 754 2859 terram,
785 2803 834 2850 et
862 2795 1085 2848 luxuriis
1103 2794 1369 2848 enutristis
1398 2793 1556 2848 corda
1581 2803 1749 2846 vestra
1779 2792 1918 2858 (Jac.
1943 2809 1996 2858 ν,
2025 2793 2048 2846 l
2074 2801 2123 2847 et

546 2887 699 2958 seq.).
731 2885 936 2941 Talium
965 2901 1178 2955 quoque
1211 2885 1374 2939 risum
1421 2892 1478 2938 et
1526 2883 1782 2952 gaudium
1827 2885 1881 2938 in
1922 2884 2121 2940 luctum

547 2978 788 3034 converti
825 2977 1081 3047 praecepit
1125 2984 1181 3030 et
1221 2990 1530 3039 maerorem,
1575 2976 1795 3030 dicens:
1830 2975 2124 3030 Emundate

547 3085 745 3133 unctius,
777 3078 1087 3138 peccatores,
1115 3075 1164 3120 et
1189 3066 1460 3136 puriﬁcate
1484 3066 1642 3119 corda
1671 3067 1898 3137 duplices
1920 3068 2122 3132 animo;

547 3160 718 3213 miseri
746 3167 926 3227 estote,
967 3168 1016 3213 et
1064 3159 1248 3229 lugete,
1298 3167 1348 3212 et
1393 3158 1612 3227 plorata.
1665 3157 1822 3212 Risus
1861 3167 2023 3211 vester
2067 3159 2122 3212 in

2221 1963 2358 2017 tione
2385 1966 2631 2034 patientes
2657 1966 2832 2036 (Rom.
2852 1987 2942 2036 xu,
2960 1971 3068 2042 η).
3092 1973 3192 2040 Qui
3217 1976 3377 2030 etiam
3403 1980 3808 2047 correptionem

2221 2057 2500 2122 praesentis
2539 2058 2820 2126 temporis,
2851 2059 2917 2114 ad
2957 2063 3259 2122 evitandam
3288 2065 3446 2121 futuri
3470 2067 3654 2137 judicii
3685 2086 3806 2139 pos-

2221 2157 2366 2206 nam,
2406 2143 2632 2198 multum
2661 2147 2817 2204 nobis
2860 2151 3117 2220 prodesse
3142 2162 3389 2223 testatur,
3417 2158 3635 2212 dicens:
3671 2159 3804 2213 Cum

2214 2232 2514 2303 judicamur
2561 2245 2750 2302 autem,
2792 2254 2824 2290 a
2864 2239 3088 2297 Domino
3115 2245 3439 2315 corripiatur,
3470 2258 3526 2300 ut
3553 2265 3654 2302 non
3685 2266 3803 2303 cum

2221 2322 2316 2376 hoc
2343 2323 2533 2378 mundo
2560 2324 2862 2380 damnentur
2881 2326 2935 2398 (1
2955 2327 3073 2384 Cor.
3103 2348 3174 2397 ιι,
3204 2332 3315 2404 52).

2291 2412 2419 2469 CAP.
2442 2433 2551 2471 va.
2595 2416 2659 2471 In
2686 2418 3100 2478 tribulationibus
3123 2429 3314 2480 nostris
3333 2430 3530 2498 gratias
3555 2430 3659 2486 Deo
3681 2449 3802 2504 aga-

2224 2504 2558 2560 mus.—22.
2601 2507 2796 2563 Veram
2845 2510 2896 2564 in
2947 2511 3076 2582 ipsis
3123 2515 3555 2574 tribulationibus
3601 2523 3800 2590 gratias

2223 2611 2444 2665 agamus
2471 2597 2723 2667 Domino,
2753 2610 2807 2656 et
2835 2602 2937 2657 hoc
2979 2605 3120 2672 quod
3158 2615 3376 2662 sanctus
3423 2609 3638 2666 Azarias
3664 2612 3798 2667 dixit

2223 2685 2278 2739 in
2310 2687 2548 2757 fornace,
2597 2704 2694 2744 nos
2724 2691 2776 2744 in
2808 2692 3152 2750 tribulatione
3182 2696 3421 2754 dicamus
3448 2717 3460 2753 :
3496 2700 3797 2757 Benedictus

2223 2796 2296 2845 cs,
2329 2779 2550 2834 Domine
2578 2781 2718 2836 Deus
2757 2794 2960 2854 patrum
3004 2797 3317 2854 nostrorum,
3345 2802 3395 2845 et
3422 2794 3715 2861 laudabilis,
3748 2806 3798 2850 et

2225 2871 2502 2941 gloriosum
2539 2888 2723 2926 nomen
2766 2881 2906 2927 tuum
2946 2877 2998 2930 in
3027 2880 3215 2933 scecula
3237 2896 3256 2934 :
3284 2884 3527 2952 quoniam
3549 2886 3719 2954 justus
3743 2903 3794 2940 es
3851 2867 3854 2872 I

2223 2960 2276 3012 in
2307 2959 2542 3013 omnibus
2568 2978 2680 3032 qua:
2704 2964 2870 3034 fecisti
2896 2965 3063 3033 nobis,
3092 2979 3140 3020 et
3168 2972 3342 3024 omnia
3368 2989 3522 3043 opera
3553 2983 3638 3027 tua
3658 2993 3790 3039 vera,

2225 3058 2274 3102 et
2305 3059 2457 3103 recta:
2477 3051 2570 3103 vite
2597 3060 2716 3114 τηαν,
2743 3061 2790 3104 et
2816 3055 2990 3106 omnia
3015 3055 3217 3124 judicia
3238 3067 3324 3113 tua
3351 3064 3568 3124 veritas;
3597 3075 3645 3118 et
3661 3065 3793 3134 judi-

2226 3140 2361 3192 cium
2401 3142 2626 3194 veritatis
2662 3143 2846 3212 fecisti,
2890 3147 3168 3201 secundum
3213 3154 3385 3205 omnia
3415 3171 3530 3224 qua:
3553 3157 3793 3211 indun'sti

546 3249 737 3304 luctum
766 3227 1200 3314 convertaturfet
1238 3247 1482 3318 gaudium
1521 3250 1576 3302 in
1616 3264 1902 3302 maerorem.
1937 3245 2126 3302 Humi-

2229 3232 2394 3296 nobis,
2429 3243 2479 3285 et
2500 3250 2651 3298 super
2679 3235 2932 3291 civitatem
2974 3250 3208 3295 sanctam
3251 3253 3456 3314 patrum
3508 3259 3792 3303 nostrorum

549 3340 752 3394 liamini
797 3340 852 3393 in
898 3347 1173 3408 conspectu
1223 3337 1456 3400 Domini,
1501 3345 1550 3392 et
1592 3338 1843 3393 exaltabit
1871 3355 1954 3392 vos
1985 3339 2124 3396 (Jac.

551 3446 620 3488 tv.
645 3428 698 3491 8,
731 3427 808 3497 9).

621 3519 751 3575 Csp.
786 3537 892 3575 xw.
937 3519 1286 3574 Retributione
1317 3521 1492 3592 futura
1518 3536 1610 3574 nec
1633 3518 1751 3574 boni
1769 3537 1862 3574 nec
1886 3521 2010 3574 mali
2031 3521 2132 3592 pri-

552 3611 985 3667 vabuntur.-—20.
1029 3610 1213 3680 Neque
1241 3625 1368 3666 vero
1384 3617 1635 3680 putemus
1661 3610 1930 3664 tristitiam
1959 3610 2132 3664 humi-

555 3703 705 3767 lium,
753 3709 808 3757 et
853 3702 1090 3756 lzetitiam
1131 3701 1507 3770 superborum,
1559 3700 1761 3754 luctum
1807 3700 2040 3769 piorum,
2077 3707 2134 3755 et

555 3793 802 3860 gaudium
826 3793 1129 3863 impiorum,
1163 3795 1337 3848 lutura
1358 3808 1517 3864 posse
1537 3794 1885 3849 retributione
1913 3795 2128 3864 privari.

554 3882 734 3938 Manet
757 3884 1032 3952 utriusque
1071 3884 1166 3952 (al.
1199 3883 1463 3952 utrisque)
1508 3884 1768 3953 condigna
1797 3900 2025 3947 merces,
2053 3885 2135 3939 di-

555 3973 677 4027 vino
704 3972 972 4028 reddenda
990 3972 1211 4041 judicio,
1235 3989 1394 4042 quam
1420 3973 1581 4042 judex
1605 3975 1718 4045 ipse
1740 3974 1833 4028 tali
1856 3977 2135 4044 cognosci-

553 4070 641 4115 tur
669 4062 969 4118 decrevisse
995 4065 1258 4118 sententia
1285 4083 1298 4117 :
1340 4063 1432 4120 Vw
1457 4064 1616 4124 vobis,
1638 4067 1722 4137 qui
1750 4069 1967 4120 saturati
1989 4068 2130 4133 estis,

555 4153 676 4222 quia
703 4155 964 4218 esurietis;
986 4171 1062 4209 va:
1090 4155 1228 4210 vobis
1253 4158 1338 4220 qui
1363 4155 1540 4210 ridetis
1569 4173 1720 4221 nunc,
1751 4159 1868 4228 quia
1899 4158 2134 4229 lugebitis

547 4250 607 4319 iet
634 4241 841 4310 flebitis.
868 4243 1014 4298 Beati
1052 4245 1136 4315 qui
1175 4262 1309 4298 nunc
1329 4247 1554 4311 esuritis,
1606 4249 1724 4317 quia
1751 4248 2130 4310 saturabiznini.

561 4332 706 4386 Beati
733 4335 819 4404 qui
854 4351 990 4388 nunc
1024 4337 1176 4404 ﬂetis,
1208 4337 1330 4406 quia
1368 4335 1616 4390 ridebit's.
1650 4337 1794 4391 Beati
1823 4340 1909 4410 qui
1936 4341 2131 4411 lugent,

555 4425 798 4495 quoniam
826 4425 925 4495 ipsi
946 4425 1344 4479 consolabuntur
1363 4425 1514 4494 (Luc.
1548 4443 1615 4490 v1,
1643 4427 1742 4491 25;
1773 4427 1960 4482 Matth.
1985 4431 2130 4501 v.5).

559 4517 718 4572 Tales
754 4518 916 4572 etiam
969 4517 1137 4573 David
1165 4518 1373 4573 semina
1400 4518 1614 4587 quidem
1654 4519 1782 4575 dicit
1828 4521 1880 4575 in
1925 4520 2134 4579 fletibus

554 4607 756 4678 jacere,
799 4623 899 4663 nec
925 4616 1104 4662 tamen
1133 4607 1254 4663 silet
1288 4623 1410 4663 cum
1441 4608 1633 4676 gaudio
1677 4620 1731 4664 et
1775 4612 2133 4668 exsultatione
2168 4604 2214 4664 Ι)

556 4712 860 4762 messuros;
902 4697 978 4752 sic
1019 4697 1160 4751 enim
1197 4698 1308 4751 ait:
1356 4696 1456 4760 Qui
1501 4701 1758 4753 seminant
1785 4703 1838 4754 in
1870 4703 2131 4774 lacrymis,

556 4790 610 4841 in
645 4789 830 4858 gaudio
861 4797 1064 4842 metant.
1096 4787 1291 4844 Euntes
1337 4790 1483 4843 ibant
1527 4801 1576 4844 et
1621 4792 1835 4861 ﬂebant,
1875 4795 2134 4850 mittentes

557 4881 752 4934 semina
780 4896 892 4934 sua.
934 4879 1204 4936 Venientes
1248 4891 1418 4937 autem
1460 4886 1657 4938 venient
1685 4887 1738 4939 in
1768 4886 2131 4952 exsultatione,

556 4978 819 5041 portantes
869 4971 1157 5040 manipulos
1196 4989 1315 5028 suos
1364 4973 1535 5045 (Psal.
1585 4991 1745 5039 cxxv,
1800 4975 1874 5046 5).
1917 4976 2133 5033 Talibus

557 5062 719 5115 etiam
767 5077 908 5118 nunc
935 5064 1128 5119 asserit
1169 5065 1450 5121 Dominum
1494 5067 1874 5136 propinquare,
1907 5067 2129 5124 dicens:

559 5151 732 5222 Prope
756 5163 832 5207 est
858 5153 1112 5210 Dominus
1136 5156 1212 5210 his
1241 5159 1325 5224 qui
1355 5155 1595 5210 tribulato
1624 5165 1742 5209 sunt
1769 5157 1938 5222 corde,
1963 5167 2011 5212 et
2041 5161 2134 5213 hu-

562 5244 702 5296 miles
728 5245 909 5313 spiritu
937 5250 1105 5300 salvos
1135 5248 1285 5317 faciet
1310 5245 1480 5315 (Psal.
1503 5261 1690 5312 χχχιιι,
1717 5245 1823 5312 l9).
1844 5247 1898 5301 In
1929 5257 2133 5303 tantum

559 5349 689 5388 vero
718 5336 936 5404 prodest
963 5338 1238 5392 tribulatio
1266 5337 1604 5398 Christianis,
1641 5348 1698 5390 ut
1735 5354 1832 5406 per
1866 5339 2001 5394 hanc
2029 5341 2138 5410 spi-

561 5425 695 5480 ritus
740 5435 926 5482 noster
966 5428 1077 5483 Deo
1113 5431 1434 5485 sacriﬁcium
1466 5428 1576 5483 liat.
1609 5427 1746 5498 Scri‘
1769 5438 1880 5484 tum
1907 5447 2137 5501 namque

635 5587 659 5652 ξ
691 5577 852 5652 Editi,
886 5578 1062 5633 Nolite
1089 5597 1295 5649 sperare
1324 5581 1666 5652 iniquitatem.

634 5647 660 5686 δ
691 5649 873 5710 Basil.,
897 5651 1026 5725 sicut
1049 5647 1522 5725 prleceptumnobis
1544 5660 1713 5725 esset,
1728 5661 1776 5704 et
1798 5653 1970 5725 omnia
1993 5672 2134 5725 qua:-

560 5735 760 5791 cunque
812 5721 980 5790 feciin
1027 5721 1190 5783 nobis,
1218 5719 1297 5771 'tu
1350 5719 1473 5774 bene
1521 5719 1750 5774 nobisin
1797 5739 1912 5776 vero
1934 5719 2136 5791 judicio

615 5790 749 5841 risti.

564 5791 844 5926 (“radat
876 5870 923 5914 ιι
953 5861 1187 5913 timemus
1215 5860 1396 5929 faciem
1425 5871 1595 5930 tutam;
1638 5879 1738 5923 nec
1784 5864 1981 5922 habent
2018 5863 2133 5921 haec

2233 3325 2579 3379 Hierusalem.
2616 3327 2870 3391 Quoniam
2893 3333 2944 3384 in
2975 3335 3184 3388 veritate
3219 3345 3268 3389 et
3306 3337 3505 3407 judicio
3551 3342 3793 3396 induxisti

2232 3419 2339 3472 [nec
2367 3422 2558 3480 omnia,
2601 3430 2808 3492 propter
2835 3435 3042 3499 peccata
3066 3435 3259 3482 nostra.
3292 3427 3548 3492 Quoniam
3573 3435 3792 3502 peccavi-

2232 3525 2362 3572 mus,
2397 3520 2446 3563 et
2472 3511 2642 3582 inique
2669 3513 2881 3582 egimus,
2911 3516 3224 3572 discedentes
3245 3537 3275 3571 a
3298 3529 3361 3586 te,
3394 3530 3442 3574 et
3463 3525 3675 3576 multum
3694 3541 3793 3596 peo-

2231 3602 2458 3654 cavimus
2487 3604 2539 3655 in
2569 3603 2835 3670 omnibus;
2862 3615 2911 3659 et
2939 3609 3197 3664 mandatis
3220 3613 3317 3666 tuis
3343 3630 3445 3668 non
3475 3602 3792 3680 obedirimus,

2233 3709 2325 3746 nec
2351 3700 2777 3764 conservarimus,
2815 3700 2968 3772 197
2993 3700 3164 3774 neque
3193 3705 3424 3774 fecimus,
3456 3709 3585 3761 sicut
3613 3724 3794 3780 praeco

2234 3784 2356 3854 pisti
2383 3787 2548 3851 nobis,
2577 3787 2605 3826 δ
2633 3799 2687 3843 ut
2713 3791 2839 3845 bene
2862 3791 3007 3846 nobis
3037 3805 3185 3848 esset.
3221 3795 3288 3848 Et
3315 3799 3486 3851 omnia
3515 3815 3629 3870 qui:
3654 3799 3793 3852 indu-

2234 3876 2358 3928 xisti
2379 3876 2544 3944 nobis,
2575 3888 2623 3930 et
2651 3881 2823 3934 omnia
2853 3898 3160 3953 quacunque
3197 3886 3366 3956 fecisti
3395 3887 3558 3954 nobis,
3596 3890 3650 3943 in
3691 3905 3792 3943 vero

2230 3967 2428 4036 judicio
2454 3971 2622 4040 fecisti
2647 3970 2810 4041 (Dan.
2835 3989 2906 4038 ιιι,
2937 3972 3006 4027 26
3037 3985 3085 4028 et
3115 3977 3352 4045 scq.).Et
3373 3979 3530 4048 paulo
3552 3989 3672 4050 post
3690 3982 3790 4035 ait:

2243 4056 2304 4109 Et
2327 4075 2462 4112 nunc
2487 4063 2743 4131 sequimur
2763 4065 2814 4117 in
2843 4073 2949 4119 toto
2979 4067 3128 4121 corde
3169 4080 3366 4134 nostro,
3405 4080 3454 4123 et
3483 4072 3709 4124 timemus
3734 4080 3789 4135 te,

2237 4155 2284 4200 et
2314 4151 2585 4219 quwrimus
2612 4153 2793 4222 facient
2821 4163 2959 4208 luant
2992 4166 3036 4221 ε,
3069 4174 3132 4211 ne
3155 4156 3444 4230 confundas
3479 4179 3571 4218 nos
3617 4161 3790 4232 (Ibid.,

2238 4235 2350 4308 ιι).

2783 4333 3110 4392 EPISTOLA
3148 4337 3276 4392 Vill.

2695 4461 2792 4502 εει)
2813 4464 2963 4502 LIBER
2989 4466 3056 4503 AD
3085 4467 3349 4505 ΠΟΝΑἸἹᾺΙ.

2242 4533 2320 4588 De
2356 4535 2460 4604 ﬁde
2489 4537 2775 4590 orthodoxa
2803 4553 2852 4592 et
2894 4539 3103 4594 diversis
3130 4543 3388 4597 erroribus
3433 4544 3787 4601 luereticorum.

2308 4627 2534 4680 Domino
2581 4628 2812 4692 eximio,
2845 4638 2898 4684 et
2945 4631 2996 4684 in
3028 4630 3224 4686 Christi
3270 4634 3494 4689 caritate
3528 4636 3791 4705 plurimum

2235 4715 2570 4771 dcsiderabili
2603 4717 2710 4772 lilio
2740 4717 2974 4782 Dorsuo,
3009 4719 3368 4790 Fchaarws,
3400 4740 3674 4780 servorum
3712 4724 3791 4780 Dei

2233 4805 2478 4870 famulus,
2513 4807 2564 4860 in
2594 4807 2817 4863 Domino
2845 4809 3086 4865 salutem.

2303 4892 2482 4950 Csrur
2513 4913 2546 4950 ι.
2583 4895 2708 4961 Quis
2737 4900 2854 4952 vita:
2879 4903 3152 4970 particeps.
3180 4899 3307 4966 Quis
3334 4921 3594 4974 expers.-
3620 4905 3792 4959 LMUI-

2234 4991 2348 5038 tum
2374 4983 2398 5022 ἀ
2427 4986 2686 5042 benedico
2706 4987 3004 5053 Dominum,
3037 4989 3376 5046 dilectissime
3407 4991 3499 5058 fili,
3529 4993 3676 5061 cujus
3696 5009 3793 5060 gra-

2232 5074 2308 5128 tia
2339 5076 2459 5131 talis
2488 5094 2546 5132 es
2571 5117 2585 5141 ,
2620 5087 2675 5131 ut
2705 5094 2823 5132 cum
2853 5079 2926 5132 sis
2953 5087 3111 5132 aetate
3135 5080 3319 5148 junior
3341 5098 3384 5147 ν,
3409 5099 3514 5136 non
3545 5099 3663 5152 quzc
3684 5093 3792 5137 sunt

2234 5165 2410 5219 carnis
2436 5208 2450 5232 ,
2480 5165 2575 5219 sed
2611 5183 2729 5237 qua:
2763 5175 2885 5222 sunt
2924 5169 3141 5236 spiritus
3189 5173 3564 5241 concupiscas;
3597 5182 3652 5227 et
3689 5171 3793 5228 ﬁdei

2234 5252 2446 5309 fervore
2479 5271 2791 5322 succensus,
2833 5257 2919 5310 illa
2950 5258 3289 5315 laudahiliter
3311 5262 3419 5329 jam
3445 5263 3664 5333 incipias
3692 5280 3793 5316 me-

2237 5344 2424 5411 ditari,
2446 5347 2636 5415 quibus
2657 5363 2762 5400 non
2783 5349 3029 5418 voluptas
3057 5367 3273 5406 carnem
3305 5354 3675 5408 damnabiliter
3709 5371 3793 5407 nu-

2238 5439 2362 5493 triat
2382 5483 2396 5507 ,
2422 5439 2518 5494 sed
2548 5441 2726 5508 agnita
2746 5441 2941 5497 veritas
2979 5444 3212 5498 animum
3258 5446 3570 5516 spiritaliter
3597 5453 3787 5516 pascat;

2244 5593 2436 5668 verba,
2460 5603 2510 5647 et
2527 5596 2841 5668 qua-rimus,
2870 5609 2991 5664 qua:
3020 5599 3269 5668 leguntur
3295 5602 3345 5654 in
3377 5602 3472 5657 Ms.
3503 5602 3648 5659 Corb

2315 5660 2491 5742 άιΜε.
2518 5660 2649 5719 Cod.
2699 5660 3037 5742 Qolher'tinus
3074 5660 3241 5742 habet
3291 5671 3530 5742 Multum,
3566 5674 3789 5742 idemque

2242 5733 2454 5810 przrlert
2479 5735 2537 5810 iri
2555 5736 2789 5810 margine
2812 5735 3069 5810 Antuerp.
3099 5741 3226 5796 edit.
3252 5758 3267 5807 ;
3298 5741 3393 5797 rel.
3426 5733 3570 5810 edd.,
3598 5733 3781 5800 Multis.

2316 5817 2338 5841 υ
2369 5803 2467 5858 us.
2499 5804 2648 5860 Coll).
2661 5803 2691 5873 ,_
2705 5806 2892 5861 minor.
