4120 6522
312 496 411 553 ’561

1724 509 2044 568 EPISTOLA
2082 514 2210 571 VIII.

3449 524 3564 584 '39!

319 617 486 692 ipsius
507 625 646 677 enim
692 621 889 676 factum
916 619 1272 689 inspiratione
1301 635 1404 675 non
1434 621 1638 686 dubito,
1684 632 1742 676 ut
1769 638 1890 677 cum
1998 624 2150 694 (forte
2172 626 2502 697 unum).esse
2534 628 2719 694 Deum,
2745 645 3029 699 summum,
3061 650 3245 690 verum
3267 646 3321 692 et
3341 639 3558 708 bonum,

309 716 508 770 studiis
536 713 776 768 insistere
805 713 978 766 soleas
1002 713 1332 767 szceularium
1355 713 1671 776 litterarum,
1695 728 1837 768 nunc
1861 724 1888 751 ι

321 807 511 863 divinis
539 801 764 875 eloquiis
813 803 1094 872 impendas
1121 803 1367 858 affectum
1401 823 1411 856 :
1444 805 1570 857 illud
1594 805 1777 873 utique
1802 820 1892 858 vo-

321 912 434 952 .ens
461 896 627 965 magis
652 893 1079 963 apprehendere,
1105 911 1212 948 non
1241 894 1382 948 unde
1404 894 1604 948 tumida
1634 895 1892 962 eloquen-

317 987 390 1040 tia
419 985 641 1039 discitur
661 1025 677 1048 ,
710 985 803 1038 sed
843 983 981 1037 unde
1028 984 1150 1037 vitm
1187 983 1494 1052 perennitas
1524 991 1901 1051 comparatur.‘

231 1069 240 1079 ’
314 1076 573 1145 Quisquis
602 1076 743 1130 enim
775 1074 931 1130 ﬁdem
965 1089 1144 1128 veram
1175 1082 1323 1128 tenet
1346 1113 1362 1135 ν
1401 1074 1564 1127 vitam
1603 1075 1840 1143 possidet
1873 1093 1884 1126 :

313 1166 494 1222 Iustus
525 1169 660 1220 enim
681 1183 749 1220 ea:
776 1167 880 1236 ﬁde
907 1167 1025 1220 riuit
1050 1165 1226 1237 (Rom.
1261 1183 1300 1232 ι,
1323 1166 1412 1237 17)
1436 1184 1449 1229 ;
1493 1175 1547 1222 ct
1575 1167 1814 1235 quisquis
1838 1167 1887 1221 in

314 1253 570 1327 ejusdem,
594 1255 716 1310 ﬁdei
747 1257 1002 1325 mysterio
1027 1257 1172 1325 cupit
1199 1257 1385 1314 instrui
1413 1299 1426 1322 ,
1450 1258 1571 1313 vitae
1610 1257 1892 1320 scientiam

313 1348 582 1403 desiderat
625 1347 876 1415 adipisci;
917 1347 972 1399 in
1013 1363 1119 1415 qna
1158 1355 1367 1402 tantum
1415 1348 1639 1416 quisque
1677 1347 1888 1412 crescit,

310 1447 517 1508 quanto
539 1437 706 1504 magis
727 1437 870 1505 quod
892 1452 1074 1491 verum
1106 1444 1160 1491 et
1185 1437 1418 1493 salutare
1442 1445 1545 1504 est,
1578 1437 1751 1492 discit.
1780 1435 1888 1492 Hu-

310 1529 397 1598 ju$
425 1528 667 1596 scientiae
701 1527 792 1595 qui
820 1528 1054 1581 tenuerit
1100 1527 1462 1589 indubitanter
1491 1529 1696 1582 initium
1721 1567 1736 1595 ,
1769 1543 1891 1599 per-

312 1621 492 1675 veniet
521 1619 588 1674 ad
616 1620 926 1688 perfectura,
950 1627 1004 1672 et
1031 1619 1250 1688 quinon
1279 1619 1539 1688 spreverit
1561 1619 1642 1683 lac
1667 1627 1889 1688 aposto-

314 1713 398 1768 lici
427 1711 691 1766 sermonis
729 1710 1002 1774 humiliter
1031 1711 1308 1780 accipere,
1340 1710 1453 1780 ipse
1487 1709 1776 1764 merebitnr
1795 1725 1887 1765 so-

314 1802 404 1858 lidi
429 1801 536 1856 cibi
579 1801 926 1870 perceptione
964 1800 1212 1868 gaudere.
1245 1799 1370 1855 Sive
1399 1809 1578 1855 autem
1599 1801 1718 1869 quis
1748 1800 1887 1855 intra

312 1893 606 1950 Ecclesiam
643 1892 1018 1948 catholicamb
1075 1893 1212 1948 lacte
1263 1894 1549 1959 nutriatur,
1599 1893 1712 1948 sive
1765 1893 1885 1948 cibo

311 1993 593 2055 pascatur;
615 1982 662 2037 si
691 1990 870 2036 tamen
893 1998 923 2035 a
942 1983 1062 2037 sinu
1091 1982 1276 2036 matris
1304 1981 1555 2037 Ecclesiae
1579 1998 1685 2037 non
1705 1998 1888 2038 reces-

310 2074 473 2136 serit,
507 2073 628 2127 vita:
668 2073 937 2142 particeps
962 2073 1330 2142 permanebit;
1379 2074 1504 2144 quia
1546 2081 1734 2129 tenens
1766 2072 1888 2128 lidci

310 2161 566 2231 justitiam
590 2203 605 2228 ,
637 2161 933 2232 possidebit
961 2169 1015 2216 et
1043 2162 1226 2215 vitam.
1271 2161 1439 2228 Quam
1463 2163 1628 2217 vitam
1662 2178 1761 2216 nec
1800 2163 1890 2219 ille

310 2252 604 2322 possidebit
632 2252 723 2320 qui
769 2259 1048 2326 permanet
1095 2252 1148 2305 in
1180 2250 1487 2306 inﬁdelitate
1509 2291 1524 2317 ,
1559 2267 1658 2307 nec
1689 2253 1777 2307 ille
1797 2253 1890 2322 qui

309 2350 619 2413 perseverat
647 2343 698 2396 in
722 2342 944 2398 crimine
968 2361 982 2395 :
1007 2343 1260 2412 quoniam
1290 2352 1514 2414 uterque
1544 2344 1610 2399 de
1637 2343 1742 2399 illis
1770 2359 1888 2400 esse

309 2433 646 2490 convincitur
659 2424 767 2502 qui,
783 2434 1068 2488 secundum
1081 2436 1235 2506 198
1246 2434 1488 2504 Apostoli
1501 2447 1524 2475 θ
1543 2437 1885 2504 sententiam,

307 2523 576 2580 ambulant
614 2525 666 2577 in
691 2527 917 2579 vanitate
945 2542 1122 2580 sensus
1152 2526 1261 2594 sui,
1296 2524 1518 2580 tenebris
1560 2528 1889 2583 obscuratum

309 2614 553 2668 habentes
580 2615 910 2686 intellectum,
937 2615 1148 2670 alienati
1174 2632 1204 2667 a
1230 2616 1334 2669 vita
1354 2615 1377 2651 ά
1407 2615 1507 2669 Dei
1527 2633 1620 2686 per
1644 2617 1890 2687 ignoran-

309 2705 437 2759 tiam
458 2747 472 2772 ,
495 2721 608 2775 quae
635 2713 711 2758 est
736 2705 790 2759 in
816 2705 919 2758 illis
943 2745 956 2770 ,
986 2715 1196 2776 propter
1241 2707 1520 2760 ueritatem
1549 2707 1717 2762 cordis
1747 2707 1888 2775 ipso-

309 2812 422 2848 rum
455 2793 667 2865 (Ephes.
711 2811 794 2860 iv,
827 2795 894 2847 l7
920 2834 936 2860 ,
965 2794 1054 2863 l8)
1085 2813 1097 2847 :
1125 2795 1236 2864 ipsa
1280 2795 1422 2850 enim
1451 2794 1628 2851 cordis
1654 2797 1883 2862 accitas,

309 2895 366 2940 ct
395 2885 520 2953 quid
550 2885 760 2951 credat,
785 2893 840 2940 et
867 2884 994 2954 quid
1023 2893 1164 2953 agat,
1193 2885 1421 2953 ignorat.

327 3047 330 3052 _
378 2976 505 3032 CAP.
531 2994 586 3032 ιι.
618 2977 852 3031 Donatus
885 2987 1065 3031 contra
1099 2976 1255 3046 ﬁdem
1279 2975 1548 3030 Trinitatis
1570 2987 1792 3032 tentatus
1821 2979 1888 3032 ab

311 3070 534 3128 Arionis.
568 3068 647 3121 Ad
668 3068 1073 3138 respondendum
1096 3068 1159 3120 de
1168 3068 1272 3138 fide
1295 3068 1466 3134 parati
1493 3083 1602 3121 esse
1625 3068 1885 3123 debemus.

312 3162 469 3218 Fides
499 3163 558 3217 S.
595 3163 866 3217 Trinitatis
893 3157 1473 3231 erponitur.-—2.Dicis
1502 3159 1682 3228 itaque
1711 3175 1739 3212 a
1769 3158 1888 3230 qui-

313 3253 536 3309 busdam
586 3252 794 3306 Arianis
833 3251 899 3306 de
931 3249 1088 3306 Patre
1125 3258 1179 3304 et
1220 3247 1354 3303 Filio
1385 3247 1713 3319 propositam
1741 3264 1888 3317 quae-

1991 716 2148 770 unius
2174 725 2396 784 naturae,
2441 721 2597 776 unius
2624 724 2868 778 essentia;
2891 766 2906 791 ,
2939 727 3096 781 unius
3128 730 3527 800 omnipotentim
3545 775 3561 801 ,

1991 805 2146 860 unius
2168 806 2435 874 bonitatis,
2469 811 2624 865 unius
2649 809 2981 879 atternit'atis,
3005 816 3563 887 uniusimmensitatis;

1991 909 2054 949 ac
2091 897 2167 951 sic
2193 913 2314 952 cum
2341 915 2502 954 unum
2539 900 2703 956 Deum
2734 903 2886 958 audis
2917 903 3157 972 Patrem,
3178 918 3238 963 et
3262 909 3484 977 Filium,
3512 923 3567 968 et

1991 983 2246 1053 Spiritum
2297 991 2578 1057 sanctum,
2637 1007 2797 1047 unam
2852 1005 3092 1052 naturam
3150 1013 3371 1054 summa:
3427 1001 3568 1058 illius

1993 1071 2264 1130 Trinitatis
2301 1079 2568 1147 intellige;
2600 1091 2656 1136 et
2694 1092 2815 1138 eum
2852 1086 3185 1142 Trinitatem
3236 1090 3415 1157 audis,
3473 1092 3569 1147 Pa-

1991 1168 2146 1228 trem,
2180 1175 2242 1218 et'
2263 1166 2474 1234 Filium,
2508 1177 2562 1224 et
2591 1171 2845 1240 Spiritum
2875 1184 3137 1241 sanctum,
3171 1189 3280 1234 tres
3308 1196 3568 1251 personas

1991 1253 2145 1308 unius
2199 1269 2420 1310 summa:
2467 1259 2607 1314 illius
2633 1263 2936 1320 divinitatis
2960 1279 3208 1333 agnosce.
3247 1268 3381 1325 Tres
3421 1273 3564 1327 enim

1990 1357 2233 1413 personae
2261 1357 2401 1413 sunt,
2433 1347 2591 1403 Pater
2612 1386 2628 1415 ,
2669 1361 2725 1405 et
2745 1353 2926 1418 Filius,
2941 1365 3008 1410 'et
3035 1356 3266 1426 Spiritus
3297 1370 3554 1428 sanctus;

1991 1430 2110 1491 ideo
2135 1432 2366 1490 Trinitas
2411 1437 2606 1492 dicitur
2630 1456 2643 1491 :
2673 1440 2768 1495 sed
2807 1458 2910 1496 una
2938 1445 3232 1501 substantia
3261 1456 3342 1502 est
3370 1447 3564 1513 Patris,

1988 1531 2044 1576 et
2070 1522 2222 1592 Filii,
2268 1535 2322 1580 et
2349 1525 2580 1598 Spiritus
2607 1535 2806 1595 sancti;
2831 1533 2953 1589 ideo
3001 1535 3113 1604 ipsa
3154 1537 3388 1595 Trinitas
3429 1558 3568 1598 unus

1988 1609 2128 1665 Deus
2168 1615 2430 1670 veraciter
2481 1631 2512 1670 a
2544 1617 2786 1674 lidelibus
2809 1622 3148 1690 praedicatur.

2057 1700 2186 1758 CAP.
2213 1721 2288 1759 ni.
2326 1706 2448 1761 Tres
2468 1726 2722 1778 personat,
2751 1728 2856 1766 non
2879 1722 2979 1767 tres
3010 1724 3229 1770 naturai.
3263 1717 3566 1786 xEqualitas

1985 1793 2039 1846 in
2082 1792 2353 1850 Trinitate.
2399 1798 2686 1868 Scriptura:
2723 1804 3015 1858 testimonia
3055 1805 3191 1875 quod
3233 1805 3459 1862 Trinitas
3499 1809 3568 1862 sit

1985 1899 2117 1968 unus
2147 1884 2304 1942 Deus.
2333 1887 2646 1944 Testimonia
2675 1909 2768 1962 pro
2814 1894 2975 1948 tribus
3018 1897 3250 1964 personis
3295 1914 3565 1968 perperam

1921 1989 1964 2048 Β
1992 1965 2324 2044 assignantur
2352 1979 2449 2032 soli
2481 1978 2630 2034 Patri
2659 1981 2722 2033 ab
2744 1982 3016 2036 haereticis.
3045 1982 3215 2038 Filius
3244 1965 3438 2056 quoque
3465 1986 3565 2043 Do.

1991 2071 2159 2124 minus
2200 2069 2342 2125 Deus
2370 2073 2573 2126 dicitur.
2608 2071 2734 2137 Quis
2762 2074 2906 2129 debet
2928 2076 3030 2129 dici
3050 2073 3391 2131 Christianus.
3423 2078 3564 2132 Atto-

1990 2161 2184 2216 randus
2212 2171 2286 2216 est
2327 2173 2378 2218 et
2413 2163 2731 2220 Filius—4.
2763 2165 2894 2220 Tres
2939 2167 3118 2235 itaque
3156 2181 3415 2237 personas
3443 2183 3565 2223 esse

1994 2249 2203 2306 Patrem
2229 2294 2246 2320 ,
2275 2261 2332 2308 et
2357 2252 2577 2320 Filium,
2607 2263 2663 2308 et
2685 2253 2943 2324 Spiritum
2972 2263 3244 2320 sanctutn,
3275 2255 3565 2312 ostendunt

1989 2345 2153 2415 ipsius
2179 2346 2394 2415 eloquia
2434 2346 2708 2402 Veritatis.
2743 2346 2896 2402 Unde
2945 2347 3192 2403 Salvator
3230 2355 3414 2402 noster
3441 2348 3559 2402 ait:

1991 2433 2112 2489 Non
2134 2451 2249 2489 sum
2278 2435 2438 2500 solus,
2471 2436 2561 2490 sed
2586 2454 2678 2507 ego
2707 2445 2756 2490 et
2787 2439 2872 2507 qui
2898 2438 3037 2491 misit
3068 2453 3148 2490 me
3201 2435 3357 2490 Pater
3380 2435 3559 2508 (Joan.

1988 2540 2098 2589 vin,
2127 2524 2236 2596 l6).
2259 2525 2336 2580 De
2363 2525 2562 2595 Spiritu
2585 2538 2771 2581 sancto
2794 2541 3009 2596 quoque
3034 2527 3162 2581 dicit
3191 2545 3204 2580 :
3237 2526 3349 2598 Ego
3371 2529 3563 2598 rogabo

1989 2615 2233 2680 Patrem,
2283 2627 2333 2670 et
2371 2617 2529 2672 alium
2556 2619 2873 2686 paracletum
2902 2619 3044 2672 dabit
3091 2619 3256 2682 robis,
3307 2619 3562 2689 Spiritum

1987 2707 2212 2760 veritatis
2233 2705 2410 2778 (Joan.
2436 2723 2541 2770 xiv,
2576 2708 2660 2771 16,
2694 2706 2804 2777 l7).
2834 2705 3094 2778 Prmcepit
3113 2708 3272 2762 etiam
3300 2707 3568 2778 baptizari.

1987 2802 2174 2864 gentes
2218 2798 2271 2849 in
2326 2797 2528 2849 nomine
2556 2794 2730 2850 Patris
2754 2836 2769 2861 ,
2795 2807 2844 2850 et
2872 2796 3000 2850 Filii
3025 2837 3040 2861 ,
3063 2807 3112 2850 et
3138 2796 3366 2867 Spiritus
3392 2797 3563 2852 sancti

1986 2883 2201 2955 (Matth.
2238 2901 2397 2940 xxvnt
2417 2925 2432 2950 ,
2466 2885 2575 2954 l9).
2607 2885 2700 2940 llis
2728 2893 2887 2955 atque
2907 2885 3210 2954 hujusmodi
3241 2886 3563 2942 testimoniis

1987 2978 2309 3045 ostenditur,
2334 2979 2546 3032 Patrem
2565 3017 2580 3044 ,
2604 2987 2654 3032 et
2685 2978 2898 3043 Filium,
2929 2986 2984 3032 et
3005 2977 3260 3048 Spiritum
3289 2986 3557 3046 sanctum,

1987 3073 2098 3122 tres
2135 3081 2253 3121 esse
2298 3081 2585 3136 personas,
2616 3066 2711 3121 sed
2732 3082 2840 3120 non
2868 3074 2978 3122 tres
3003 3081 3121 3121 esse
3143 3075 3378 3120 naturas.
3408 3065 3560 3121 Unde

1989 3155 2221 3212 Trinitas
2249 3155 2338 3210 illa
2363 3163 2550 3210 sancta
2577 3156 2734 3224 digne
2755 3154 2992 3220 creditur
3016 3153 3036 3193 ί
3069 3156 3122 3209 in
3141 3156 3388 3225 personis
3405 3197 3420 3223 ,
3449 3162 3561 3210 tres

1988 3259 2169 3306 autem
2198 3250 2329 3306 deos
2384 3248 2512 3317 dici,
2565 3249 2800 3318 Patrem,
2845 3261 2901 3306 et
2943 3251 3155 3317 Filium,
3203 3260 3261 3306 et
3301 3251 3559 3322 Spiritum

310 3345 559 3409 stionem,
590 3344 642 3398 in
665 3358 767 3412 qua
798 3342 1010 3396 Patrem
1035 3339 1292 3410 majorem
1316 3347 1371 3394 et
1397 3339 1657 3394 minorem
1691 3338 1882 3394 Filium
1912 3354 1956 3416 ρ
1987 3347 2231 3394 sanctum
2256 3379 2270 3404 ,
2314 3355 2420 3394 non
2461 3341 2720 3410 permittit
2747 3341 2923 3394 unitas
2953 3341 3226 3397 naturalis.
3257 3340 3325 3395 Et
3351 3342 3476 3410 quia
3505 3341 3560 3396 in

311 3433 656 3492 asserebant;
691 3439 743 3486 te
775 3445 929 3498 vero,
961 3440 1181 3501 propter
1207 3430 1506 3485 divinarum
1534 3429 1888 3497 ignorantiam

314 3524 637 3587 litterarum,
667 3522 858 3592 quibus
878 3522 1053 3576 minus
1082 3521 1367 3575 instructus
1387 3535 1463 3585 es,
1491 3535 1597 3576 non
1624 3520 1891 3575 invenisse

316 3618 446 3689 quid
473 3618 551 3672 eis
586 3618 638 3670 in
684 3615 1048 3670 defensionem
1069 3628 1210 3668 vera:
1233 3613 1349 3667 lidei
1378 3611 1752 3683 responderes.
1777 3611 1891 3668 Hoc

315 3712 368 3765 in
401 3718 452 3763 te
481 3709 660 3776 itaque
681 3707 926 3776 primitus
946 3706 998 3760 in
1021 3705 1237 3759 nomine
1262 3705 1466 3759 Domini
1492 3703 1671 3770 laudo,
1693 3705 1816 3774 quia
1845 3704 1891 3760 si

320 3800 418 3854 tibi
448 3815 554 3854 non
576 3797 674 3852 luit
703 3805 848 3851 tanta
873 3795 1230 3865 respondendi
1271 3793 1363 3864 (αι.
1396 3795 1764 3864 respondenti)
1813 3796 1890 3850 ta-

320 3889 520 3953 cultas,
548 3887 842 3958 permansit
871 3893 1048 3940 tamen
1078 3883 1129 3937 in
1168 3883 1330 3937 corde
1361 3891 1453 3936 tuo
1480 3884 1718 3937 veritatis
1741 3883 1892 3939 lira

325 3982 423 4056 (αι.
474 3977 814 4048 ﬁrmissima)
862 3975 1170 4032 credulitas.
1215 3974 1330 4028 Non
1371 3975 1512 4028 enim
1566 3989 1754 4028 omnes
1799 3975 1892 4042 qui

314 4071 515 4128 Christi
555 4069 840 4140 participes
882 4074 1036 4132 sunt,
1067 4064 1231 4120 etiam
1257 4063 1632 4133 reSpondendo
1670 4071 1892 4132 possunt

317 4164 596 4219 defensare
623 4161 765 4230 quod
793 4159 1044 4224 credunt;
1075 4157 1169 4212 sed
1197 4157 1358 4212 etiam
1389 4156 1475 4209 illa
1511 4170 1633 4224 pars
1662 4163 1745 4210 est
1765 4170 1892 4224 pro-

317 4255 459 4311 fecto
485 4253 723 4309 victoria:
744 4293 760 4318 ,
803 4261 862 4306 ut
889 4250 1122 4320 quandiu
1151 4249 1271 4318 quis
1295 4263 1548 4304 sermone
1575 4263 1684 4303 non
1714 4255 1893 4316 potest

318 4345 604 4402 defendere
634 4345 932 4408 veritatem,
960 4339 1101 4395 ﬁdeli
1132 4350 1308 4394 tamen
1336 4337 1499 4393 corde
1520 4337 1721 4392 devitet
1747 4352 1893 4392 erro-

317 4453 452 4493 rem.
487 4436 726 4506 Expedit
763 4442 942 4489 autem
981 4439 1039 4486 ut
1086 4429 1435 4484 saluberrima
1466 4427 1611 4483 Petri
1659 4428 1889 4496 apostoli

317 4527 476 4581 verba
491 4535 778 4589 sectemur,
811 4522 1178 4593 praecipientis
1207 4527 1266 4573 ut
1301 4519 1468 4574 simus
1495 4519 1665 4587 parati
1695 4534 1892 4588 semper

315 4615 382 4672 ad
411 4612 822 4683 respondendum
846 4611 984 4665 omni
1021 4609 1248 4678 poscenti
1278 4623 1368 4660 nos
1397 4608 1649 4661 rationem
1690 4607 1754 4660 de
1785 4608 1890 4677 ﬁde

1991 3445 2098 3484 una
2128 3439 2315 3485 natura
2348 3440 2372 3478 ις
2395 3430 2673 3486 Trinitatis
2711 3430 2851 3484 nulla
2877 3439 3055 3499 potest
3081 3446 3200 3486 esse
3241 3430 3560 3499 diversitas,

1989 3520 2112 3578 ideo
2150 3521 2204 3576 in
2247 3524 2416 3579 tribus
2445 3509 2688 3593 personis
2733 3534 2917 3578 manet
2953 3524 3230 3579 inconfusa
3260 3525 3561 3595 proprietas

1988 3621 2043 3668 et
2097 3613 2151 3668 in
2179 3615 2382 3668 unitate
2411 3623 2614 3669 natura:
2652 3622 2841 3682 regnat
2888 3614 3393 3669 inconnnutabiliter
3430 3614 3559 3668 sub-

1989 3703 2256 3757 stantialis
2281 3704 2576 3772 inqualitas.
2600 3701 2724 3756 Ideo
2752 3702 2820 3756 de
2846 3703 3000 3773 199
3027 3702 3159 3757 Filio
3189 3701 3384 3757 dicitur
3415 3720 3427 3755 :
3461 3702 3562 3766 Qui

1990 3809 2105 3846 cum
2145 3794 2200 3845 in
2230 3795 2396 3863 forma
2435 3792 2532 3847 Dei
2579 3803 2738 3858 esset,
2772 3809 2874 3845 non
2903 3795 3142 3863 rapinam
3181 3793 3457 3848 arbitratus
3485 3803 3564 3848 est

1990 3899 2101 3936 esse
2121 3899 2174 3936 se
2202 3883 2449 3952 a’qualem
2481 3881 2586 3936 Deo
2611 3883 2828 3951 tl’ltilip.
2864 3897 2919 3948 ιι,
2950 3880 3025 3950 6).
3057 3880 3125 3934 Et
3156 3900 3167 3933 :
3200 3880 3333 3946 Quia
3352 3899 3457 3935 non
3477 3899 3563 3936 so-

1957 3978 1971 3987 ‘
1991 3971 2095 4023 lum
2126 3971 2349 4024 solvebat
2387 3970 2654 4023 sabbatum
2678 4013 2694 4038 ,
2725 3971 2814 4023 sed
2858 3982 2908 4024 et
2950 3971 3159 4024 Patrem
3187 3988 3334 4024 suum
3361 3971 3563 4024 dicebat

1991 4057 2176 4122 Deum,
2201 4059 2444 4128 aqualem
2458 4075 2512 4111 se
2543 4060 2738 4128 faciens
2763 4058 2870 4112 Deo
2895 4058 3072 4126 (Joan.
3100 4075 3152 4122 v,
3181 4057 3291 4128 18).
3322 4058 3401 4112 Ad
3423 4059 3563 4114 hanc

1991 4149 2348 4217 aequalitatem
2380 4157 2581 4201 natum
2619 4149 2953 4216 virtutisque,
2985 4147 3146 4202 etiam
3169 4147 3302 4201 .illud
3333 4147 3566 4218 pertinet

1991 4239 2133 4308 quod
2181 4239 2292 4308 ipse
2321 4237 2484 4293 Filius
2531 4239 2607 4292 ait
2639 4254 2652 4290 :
2706 4235 2838 4302 Quia
2868 4253 3176 4309 quwcunque
3225 4237 3380 4290 Pater
3419 4236 3563 4307 facit,
3597 4279 3612 4289 .

1993 4327 2102 4382 haec
2127 4328 2308 4382 eadem
2335 4336 2385 4380 et
2413 4325 2459 4378 F
2464 4327 2583 4381 ilius
2610 4327 2846 4380 similiter
2882 4328 3016 4398 facit
3044 4323 3091 4379 ιι.
3139 4323 3207 4378 Et
3244 4327 3375 4380 sicut
3402 4324 3567 4380 Pater

1989 4420 2207 4473 suscitat
2246 4427 2472 4472 mortuos
2503 4425 2553 4470 et
2589 4416 2834 4488 rivi/Scal,
2863 4417 2939 4469 sic
2957 4424 3007 4469 et
3028 4414 3198 4470 Filius
3217 4433 3341 4486 quos
3361 4416 3464 4470 vult
3492 4418 3567 4470 vi-

1990 4511 2166 4580 viﬁcat
2197 4507 2386 4578 (lbid.,
2420 4507 2488 4562 19
2511 4547 2527 4574 ,
2557 4507 2668 4578 21).
2719 4507 2777 4561 In
2808 4507 2895 4560 illa
2923 4522 3052 4577 ergo
3098 4506 3114 4545 ί
3150 4507 3425 4563 Trinitatis
3465 4524 3564 4562 na-

1991 4608 2111 4654 tura
2135 4641 2150 4665 ,
2181 4601 2260 4656 sic
2287 4608 2458 4655 totum
2495 4616 2658 4654 unum
2685 4605 2797 4663 est,
2829 4608 2888 4654 ut
2921 4600 3054 4654 nihil
3083 4599 3152 4654 ibi
3183 4601 3352 4670 possit
3375 4599 3459 4654 vel
3487 4613 3567 4654 sc-

311 4712 361 4758 et
401 4719 492 4773 spe
529 4719 642 4773 qua:
668 4703 722 4756 in
750 4702 896 4754 nobis
921 4708 998 4754 est
1024 4697 1081 4768 (1
1118 4697 1232 4752 Pet.
1261 4713 1336 4761 tu,
1368 4695 1478 4763 l5}.
1536 4696 1732 4752 Valens
1759 4711 1889 4765 ergo
1917 4724 1970 4783 Ι)
1992 4692 2170 4762 parari
2211 4692 2295 4745 vel
2325 4691 2485 4746 dividi
2519 4709 2531 4783 ξ
2559 4692 2650 4783 sic,
2666 4700 2838 4746 totum
2875 4692 3081 4783 aequale
3109 4700 3220 4760 est,
3248 4700 3308 4746 ut
3335 4691 3466 4746 nihil
3492 4691 3565 4746 ibi

320 4793 378 4848 ιιι
408 4790 836 4862 respondendum
862 4788 1096 4858 paratior
1133 4786 1396 4850 inveniri,
1423 4785 1559 4854 petis
1589 4793 1648 4839 ut
1694 4794 1885 4841 nostro

313 4890 603 4940 instructus
613 4895 861 4936 sermone
871 4891 1130 4957 agnoscas
1141 4874 1586 4944 quemadmodum
1604 4874 1890 4943 haareticis,

312 4971 472 5026 ﬁdem
505 4980 742 5027 nostram
786 4971 1097 5038 impugnare
1126 4963 1453 5030 volentibus,
1486 4963 1679 5018 divinis
1707 4963 1889 5020 valeas

310 5053 548 5120 armatus
563 5063 791 5133 eloquiis
821 5071 845 5099 ε
869 5059 1106 5116 obviare.

381 5155 434 5209 5.
467 5154 695 5211 Proinde
727 5154 852 5209 illud
891 5152 1155 5207 admoneo
1187 5149 1276 5219 (al.
1307 5143 1648 5215 commoneo)
1680 5143 1882 5214 princi-

309 5229 505 5318 paliter
534 5255 718 5320 teneas
743 5264 755 5298 :
799 5252 1038 5298 sanctam
1078 5240 1418 5299 Trinitatem,
1441 5236 1494 5292 id
1524 5244 1623 5301 est,
1647 5236 1883 5304 Patrem,

309 5343 367 5388 et
406 5333 634 5400 Filium,
665 5341 720 5388 et
747 5333 999 5404 Spiritum
1039 5342 1282 5386 sanctum
1311 5368 1325 5390 .
1357 5327 1672 5384 naturaliter
1697 5340 1881 5382 verum

381 5488 405 5514 ⁸
430 5475 587 5531 Abest
621 5491 752 5528 nunc
779 5474 844 5526 ab
866 5472 1045 5536 editis,
1078 5470 1268 5536 legitur
1295 5467 1348 5520 in
1377 5481 1479 5520 ms.
1509 5463 1668 5520 Colb.

375 5547 404 5585 δ
437 5547 531 5601 Ms.
563 5546 737 5604 Colb.,
769 5544 822 5596 in
853 5552 989 5595 terra
1020 5539 1264 5592 Ecclesia:
1285 5537 1572 5591 catholicae.

382 5629 404 5655 ε
438 5615 506 5670 Μ.
533 5616 711 5681 Colb.,
742 5612 874 5666 beati
899 5609 1045 5682 Pauli
1076 5607 1337 5682 apostoli._
1579 5676 1588 5682 ἱ

378 5684 404 5723 ά
435 5670 724 5753 Λιιιιιθνρί,
757 5699 788 5734 a
816 5683 896 5753 uia
923 5679 1048 5742 Det;
1079 5670 1130 5753 i_n
1175 5676 1412 5753 margine
1440 5670 1876 5753 vero'przeferta

307 5760 406 5812 vita
437 5755 552 5808 Dei.
588 5741 657 5807 Δί
684 5741 782 5806 ms.
814 5749 967 5804 Colb.
1001 5741 1054 5803 et
1085 5747 1242 5801 anil.
1289 5745 1486 5798 habent
1514 5760 1546 5795 α
1577 5745 1696 5803 vita,
1722 5741 1874 5810 juxta

308 5841 536 5897 grtceum
568 5821 1081 5897 apostolitestuma
1353 5882 1382 5897 Δ.
1467 5883 1479 5897 ¹
1588 5883 1617 5894 Η

380 5908 402 5934 ε
431 5895 528 5949 Ms.
558 5883 749 5954 Cdlb.,.
767 5890 853 5942 diu
883 5889 979 5941 hiis
1002 5887 1169 5956 valerios
1198 5883 1410 5956 armatis
1431 5883 1644 5954 eloquiis

383 5966 401 6007 ‘
426 5966 522 6024 Ms.
555 5963 706 6017 Colb.
725 6003 738 6024 ,
772 5959 999 6012 Trinitas
1026 5959 1118 6010 illa
1141 5955 1380 6016 creditur.

599 6059 861 6120 Ριτιιοι.
913 6050 1075 6116 LXV

1991 4780 2164 4849 majus
2191 4788 2281 4834 aut
2310 4780 2486 4834 minus
2516 4779 2530 4829 l
2569 4779 2743 4834 valeat
2771 4780 3014 4835 inveniri.
3039 4779 3200 4834 Istum
3228 4780 3382 4835 nobis
3402 4796 3564 4834 unutn

1991 4874 2160 4930 Deum
2209 4873 2345 4928 Novi
2373 4880 2430 4928 et
2463 4871 2673 4927 Veteris
2721 4872 3047 4928 Testamenti
3085 4873 3314 4927 veridica
3342 4873 3561 4927 demon-

1988 4976 2124 5024 strat
2151 4966 2476 5030 auctoritas;
2499 4963 2566 5019 de
2587 4965 2691 5019 hoc
2711 4965 2850 5019 enim
2872 4980 2979 5018 uno
3013 4964 3122 5018 Deo
3147 4965 3334 5020 beatus
3357 4964 3565 5035 Moyses

1991 5058 2121 5114 dicit
2150 5076 2163 5110 :
2214 5056 2381 5119 Audi,
2432 5053 2595 5108 Israel
2624 5071 2641 5107 :
2681 5054 2932 5109 Dominus
2961 5053 3099 5107 Deus
3133 5055 3256 5108 'tuus
3297 5053 3436 5108 Deus
3467 5055 3559 5124 (al.

1993 5146 2269 5214 Dominus)
2297 5160 2427 5198 unus
2448 5154 2523 5198 est
2544 5162 2561 5208 ;
2583 5151 2639 5198 et
2656 5162 2675 5196 ί
2705 5143 2983 5199 Dominum
3016 5142 3180 5197 Deum
3208 5152 3350 5197 tuum
3373 5143 3564 5196 adora-

1991 5236 2086 5302 bis,
2143 5246 2193 5290 et
2229 5236 2309 5290 illi
2353 5235 2451 5290 soli
2497 5236 2686 5289 servies
2737 5234 2909 5307 (Deut.
2936 5251 3008 5298 vi,
3045 5233 3119 5302 4).
3148 5232 3212 5286 Et
3241 5234 3353 5302 ipse
3375 5233 3556 5287 Domi-

1989 5344 2090 5383 nus
2109 5326 2236 5381 dicit
2261 5325 2327 5380 de
2353 5340 2439 5380 se:
2465 5325 2803 5397 Videte-quod
2826 5342 2918 5396 ego
2945 5340 3058 5378 sum
3083 5323 3214 5377 Deus
3235 5321 3256 5359 ¹ε
3280 5333 3327 5376 et
3355 5340 3454 5378 non
3485 5332 3560 5378 est

2064 5475 2088 5512 tt
2116 5463 2212 5519 Ms.
2237 5463 2370 5519 Colb
2398 5503 2412 5527 ,
2435 5464 2488 5516 in
2507 5473 2715 5518 natura.

2015 5607 2024 5616 .
2059 5531 2085 5570 ¹³
2115 5533 2210 5616 Ms
2233 5533 2418 5614 .Colb.,
2448 5547 2756 5604 quaecunque
2793 5529 2945 5582 Pater
2974 5528 3117 5599 facit,
3136 5538 3184 5581 et
3213 5527 3260 5579 F
3265 5529 3383 5581 ilius
3411 5530 3556 5582 simi-

1989 5604 2113 5658 liter
2141 5605 2284 5674 facit.

2061 5674 2073 5712 ί
2111 5673 2276 5742 Abest
2303 5689 2421 5742 ergo
2452 5673 2518 5725 ab
2545 5669 2734 5742 editis;
2764 5669 2957 5742 legitur
2977 5669 3027 5723 in
3055 5684 3156 5723 ms.
3188 5667 3322 5722 Coll:

2060 5746 2073 5794 l
2113 5743 2208 5798 Ms.
2231 5741 2389 5796 Colb.
2408 5781 2421 5802 ,
2452 5741 2616 5810 magis
2653 5749 2740 5810 aut
2767 5741 2954 5792 minus.

2058 5813 2080 5850 ¹ι
2106 5813 2276 5876 Editi,
2311 5811 2418 5884 Ego
2448 5807 2560 5864 sum
2587 5809 2724 5863 solus
2771 5819 2818 5862 et
2862 5827 2963 5864 non
2995 5818 3069 5862 est
3097 5809 3230 5862 alius
3263 5807 3398 5860 Deus
3425 5823 3552 5862 ηηικ

1988 5893 2064 5936 ter
2092 5899 2188 5936 mc.

3086 6023 3159 6085 12
