4120 6406
620 451 731 508 565

1651 455 1705 508 s.
1747 441 2106 540 ruLGEﬁTn
2150 445 2448 508 setscopt
2489 442 2856 508 RUSPENSIS

623 573 761 628 alius
804 581 989 641 praeter
1018 588 1095 625 me
1146 570 1321 643 (Deut.
1349 588 1510 634 uxn,
1545 571 1651 625 59).
1683 569 1755 623 De
1785 570 1888 624 hoc
1917 577 1976 626 et,
1999 569 2186 622 beatus
2217 572 2266 630 Α
2291 565 2447 631 Quod
2476 582 2598 621 cum
2634 566 2904 632 dixerint,
2929 578 3202 634 nunquam
3242 579 3306 622 se
3326 564 3640 621 audebunt
3667 575 3894 620 asserere

625 661 790 716 David
835 661 965 718 dicit
1008 680 1019 714 :
1055 659 1180 725 Quis
1227 662 1358 714 Deus
1392 671 1576 728 prwter
1604 659 1901 723 Dominum,
1946 667 2036 712 aut
2080 658 2190 728 quis

625 753 762 806 Deus
790 764 976 824 praeter
998 752 1161 807 Deum
1199 762 1427 806 nostrum
1453 750 1621 819 (Psal.
1650 767 1772 814 xvu,
1806 749 1893 818 5'2)
1918 751 1940 803 ?
1967 749 2194 804 Sanctus

624 858 841 912 quoque
869 841 1100 898 Iacobus
1127 841 1400 911 apostolus
1425 881 1439 906 ,
1471 841 1628 893 istum
1661 855 1822 893 unum
1859 839 2022 892 Deum
2055 851 2192 906 pra:-

623 933 826 996 dicans,
855 934 947 998 ait,
991 933 1064 986 Tu
1089 933 1252 986 credis
1279 934 1398 1002 quia
1421 948 1551 984 unus
1575 939 1652 984 est
1684 917 1848 994 Deus,
1873 929 1998 982 bene
2024 928 2152 998 facis
2174 942 2193 992 ;

622 1035 670 1078 et
721 1026 977 1080 dmuanes
1006 1025 1249 1091 credunt,
1307 1034 1356 1077 et
1400 1025 1794 1077 contremiscunt
1827 1020 1962 1092 (Jac.
1993 1034 2048 1080 tr,
2081 1020 2193 1084 19).

693 1114 744 1169 5.
770 1116 1146 1170 Verumtamen
1175 1130 1280 1168 non
1312 1115 1618 1182 ignoramus
1648 1113 1746 1165 ista
1777 1110 2074 1164 testimonia
2094 1149 2109 1174 ,
2141 1116 2197 1163 et

621 1206 663 1258 si
692 1221 796 1274 qua
826 1206 1016 1258 similia
1045 1205 1097 1257 in
1146 1203 1340 1258 divinis
1366 1212 1390 1238 ι
1423 1202 1764 1272 reperiuntur
1784 1199 2043 1266 eloquiis,
2075 1199 2194 1268 qui-

623 1297 721 1349 bus
767 1310 902 1348 unus
948 1303 1004 1348 et
1043 1294 1190 1348 solus
1235 1293 1490 1347 asseritur
1521 1292 1690 1356 Deus,
1725 1305 1829 1343 non
1869 1289 1966 1357 ipsi
1995 1297 2194 1342 sancta:

628 1385 893 1448 Trinitati,
951 1383 1044 1437 sed
1078 1383 1170 1436 uni
1199 1390 1402 1435 tantum
1449 1393 1692 1449 persona:
1715 1419 1731 1444 ,
1768 1377 1818 1431 id
1847 1385 1930 1432 est
1957 1376 2056 1429 soli
2084 1375 2195 1430 Deo

623 1476 766 1530 Patri
803 1475 849 1540 δ,
889 1474 955 1528 ab
985 1472 1250 1528 hmreticis
1278 1472 1557 1539 assignari.
1589 1469 1817 1526 Proinde
1838 1469 2048 1522 illorum
2077 1479 2195 1536 quae

621 1568 997 1638 proposuimus
1036 1565 1459 1619 testimoniorum
1496 1575 1516 1601 ε
1534 1605 1547 1628 ,
1582 1563 1632 1616 id
1660 1572 1742 1617 est
1771 1563 1910 1616 illius
1930 1577 2037 1630 quo
2064 1559 2196 1612 dici-

620 1670 704 1713 tur
729 1677 741 1712 :
772 1658 926 1723 Audi,
964 1657 1129 1710 Israel
1160 1673 1176 1710 :
1214 1655 1466 1710 Dominus
1495 1653 1629 1707 Deus
1653 1663 1766 1706 tuus
1786 1651 1926 1706 Deus
1956 1651 2046 1723 (al.
2081 1649 2161 1703 Do
2189 1685 2196 1692 ο

619 1749 812 1818 minus)
845 1764 977 1800 unus
1005 1757 1119 1810 est;
1168 1754 1222 1800 et
1251 1745 1470 1799 alterius
1493 1783 1507 1806 ,
1549 1759 1655 1812 quo
1686 1743 1878 1811 legitur
1917 1741 2194 1795 Dominum

620 1839 785 1894 Deum
814 1849 955 1892 tuum
983 1838 1248 1902 adorabis,
1271 1848 1319 1892 et
1346 1836 1424 1890 illi
1453 1837 1549 1890 soli
1579 1836 1768 1890 servies
1789 1851 1807 1899 ;
1831 1835 1883 1889 in
1911 1841 2192 1902 quantum,

621 1931 739 1999 ipso
770 1928 994 1983 Domino
1026 1927 1136 1981 Deo
1161 1926 1424 1989 donante,
1459 1939 1760 1994 possumus,
1793 1921 2193 1989 intelligentiam
2226 1930 2273 1990 Β

621 2021 972 2090 requiramus.
1026 2017 1258 2072 Primum
1315 2016 1512 2084 quippe
1565 2029 1663 2068 nos
1702 2012 2060 2078 testimonium
2096 2027 2195 2082 po-

622 2116 791 2170 suisse
836 2112 1173 2167 meminimus
1221 2109 1344 2164 illud
1373 2124 1481 2178 quo
1529 2107 1724 2161 dicitur
1757 2105 1947 2169 :Audi,
1982 2103 2148 2157 Israel
2175 2117 2194 2157 :

623 2202 874 2256 Dominus
897 2201 1034 2256 Deus
1055 2209 1188 2264 tuus,
1214 2199 1351 2252 Deus
1379 2197 1469 2257 (al.
1504 2195 1778 2266 Dominus)
1801 2211 1930 2248 unus
1951 2203 2046 2248 est.
2081 2192 2195 2248 Hoc

623 2293 804 2360 itaque
834 2290 909 2344 sic
936 2289 1149 2358 utrique
1178 2285 1201 2324 ἀ
1237 2285 1464 2340 fatemur
1486 2299 1606 2339 esse
1639 2283 2014 2346 ﬁrmissimum,
2049 2291 2106 2335 ut
2129 2281 2196 2335 ab

623 2383 726 2436 hoc
758 2379 1064 2435 testimonio
1084 2377 1260 2432 nullus
1282 2375 1552 2430 existimet
1575 2373 1909 2442 aliquatenus
1940 2369 2195 2426 receden-

623 2470 770 2523 dum.

691 2561 747 2614 6.
779 2558 1010 2613 Proinde
1035 2557 1286 2626 quoniam
1329 2556 1464 2611 duos
1487 2556 1618 2610 deos
1646 2570 1675 2608 a
1708 2553 1948 2607 fidelibus
1975 2551 2075 2605 coli
2123 2565 2200 2603 re-

624 2657 740 2727 gula
756 2655 1003 2726 pnecepti
1019 2653 1178 2723 hujus
1193 2653 1335 2708 nulla
1348 2653 1554 2707 ratione
1568 2649 1826 2720 permittit
1845 2666 1857 2700 :
1873 2655 1964 2701 aut
1983 2645 2194 2700 Patrem

624 2757 676 2803 ct
717 2747 905 2801 Filium
929 2745 1151 2800 credant
1183 2759 1342 2798 unum
1373 2741 1688 2797 naturaliter
1721 2737 1911 2804 Deum,
1951 2737 1995 2790 si
2015 2736 2200 2788 volunt

623 2839 735 2892 sine
764 2836 921 2905 hujus
973 2834 1395 2902 transgressione
1437 2830 1675 2886 mandati
1716 2842 1879 2883 unum
1911 2826 2076 2880 Deum
2119 2824 2198 2878 sic

622 2926 817 2987 oolere,
851 2936 909 2978 ut
950 2939 1048 2979 nec
1096 2922 1308 2977 Patrem
1338 2921 1520 2976 colant
1549 2920 1665 2974 sine
1693 2917 1860 2984 Filio,
1887 2931 1986 2970 nec
2004 2914 2197 2968 Filium

621 3019 733 3072 sine
766 3016 941 3082 Patre;
974 3023 1085 3079 aut,
1111 3015 1235 3084 quia
1249 3012 1388 3067 Deus
1416 3012 1591 3081 major
1612 3018 1667 3064 et
1686 3008 1826 3062 Deus
1838 3007 2036 3074 minor,
2059 3005 2199 3059 Deus

622 3124 755 3162 unus
781 3122 900 3162 esse
934 3121 1039 3160 non
1071 3112 1294 3174 possunt
1324 3103 1418 3173 (al.
1445 3118 1550 3155 non
1581 3098 1842 3170 possent),
1871 3111 2089 3152 necesse
2118 3101 2201 3151 est

621 3183 818 3261 ut,‘sut
846 3194 1060 3249 Patrem
1105 3194 1277 3248 solum
1306 3192 1588 3246 Dominum
1618 3189 1784 3244 Deum
1813 3205 1967 3242 suum
1995 3187 2196 3254 dicant,

2293 655 2624 712 Christianos
2645 674 2657 709 :
2681 673 2801 712 cum
2820 659 3000 728 utique
3026 655 3361 713 Christianus
3385 673 3421 712 a
3449 657 3686 712 Christo
3709 674 3889 714 ιιυιυεη

2293 748 2594 816 acceperit;
2625 747 2956 802 Christianus
2975 757 3154 803 autem
3187 741 3514 803 nullatenus
3545 762 3674 802 esse
3703 749 3889 816 possit,

2293 838 2533 907 quisquis
2560 840 2730 906 ipsum
2757 837 3025 894 Christum
3059 839 3338 894 Dominum
3367 827 3566 894 Deum
3595 853 3759 894 suum
3782 847 3890 895 esse

2294 942 2400 983 non
2429 930 2638 986 dixerit.

2366 1041 2419 1096 8.
2453 1043 2743 1099 Fateantnr
2765 1060 2896 1114 ergo
2923 1048 3132 1100 Patrem
3155 1055 3209 1101 et
3238 1047 3441 1100 Filium
3489 1061 3612 1100 non
3641 1043 3783 1099 duos
3803 1045 3886 1101 do-

2295 1135 2472 1189 minos
2500 1137 2629 1190 deos
2675 1145 2721 1201 ε,
2751 1137 2843 1191 sed
2879 1153 3039 1191 unum
3082 1137 3365 1192 Dominum
3405 1137 3604 1192 Deum
3633 1154 3788 1191 suum
3811 1178 3826 1203 ,
3847 1139 3887 1192 si

2294 1228 2483 1282 volunt
2513 1230 2790 1283 veritatem
2824 1237 3008 1284 tenere
3038 1229 3175 1293 fidei,
3200 1238 3252 1284 et
3278 1231 3484 1284 nolunt
3517 1228 3754 1284 rebelles
3775 1245 3889 1300 prte-

2203 1371 2206 1373 ,
2296 1321 2466 1390 ceptis
2504 1322 2759 1390 legalibus
2786 1331 2945 1391 atque
2974 1323 3294 1391 evangelicis
3325 1323 3608 1376 inveniri.
3641 1320 3733 1376 Sic
3760 1318 3887 1375 enim

2296 1420 2548 1482 poterunt
2571 1408 2668 1481 (al.
2693 1414 3004 1483 potuerunt)
3031 1422 3085 1467 et
3112 1413 3253 1467 illius
3273 1409 3633 1476 testimonii,
3657 1425 3764 1480 quo
3786 1410 3885 1466 dic-

2297 1514 2409 1558 tum
2437 1513 2518 1558 est
2549 1521 2561 1556 :
2595 1503 2869 1558 Dominum
2897 1503 3061 1558 Deum
3091 1513 3231 1557 tuum
3261 1504 3526 1558 adorabis
3549 1545 3566 1569 ,
3611 1512 3663 1555 et
3690 1501 3765 1555 illi
3801 1502 3884 1554 soli

2295 1597 2510 1660 servies,
2535 1595 2859 1649 intellectum
2901 1595 3102 1666 pariter
3129 1593 3487 1664 ofﬁciumque
3517 1591 3760 1648 servare.
3795 1591 3882 1647 Ne-

2295 1701 2402 1755 que
2431 1686 2571 1739 enim
2599 1685 2845 1754 cuiquam
2873 1683 2952 1740 ias
2971 1693 3054 1740 est
3081 1687 3159 1741 sic
3177 1685 3411 1740 adorare
3443 1685 3627 1739 Deum
3654 1681 3880 1744 Patrem.

2298 1789 2356 1836 ut
2383 1781 2547 1834 Deum
2578 1779 2767 1834 Filium
2797 1795 2906 1835 non
2933 1779 3120 1834 adoret
3149 1779 3242 1848 (el.
3273 1777 3536 1845 adores),
3566 1791 3693 1830 cum
3723 1774 3882 1844 utique

2299 1872 2365 1927 de
2394 1873 2511 1942 ipso
2537 1872 2672 1927 Filio
2719 1874 2976 1943 scriptum
3003 1872 3074 1926 sit
3117 1872 3170 1925 iu
3207 1869 3654 1925 Deuteronomio
3685 1886 3700 1922 :
3727 1866 3878 1921 Latn-

2299 1965 2425 2018 mini
2443 2005 2456 2025 ,
2489 1964 2600 2017 certi
2621 2005 2635 2029 ,
2667 1965 2818 2018 simul
2844 1980 2959 2017 cum
2982 1980 3042 2018 eo
3059 2002 3073 2026 ,
3103 1969 3152 2016 et
3179 1961 3404 2016 adorent
3446 1977 3571 2014 eum
3599 1975 3775 2013 omnes
3799 1974 3876 2009 ann

2296 2057 2398 2128 geli
2421 2056 2538 2112 Dei.
2576 2057 2649 2111 De
2687 2057 2804 2126 ipso
2831 2071 3045 2126 quoque
3064 2055 3251 2110 beatus
3279 2053 3460 2108 David
3488 2054 3641 2107 dicat
3668 2053 3719 2106 in
3748 2050 3873 2104 Psal~

2296 2149 2397 2204 mis
2420 2148 2442 2183 ⁸³
2469 2167 2482 2201 :
2514 2148 2818 2202 Adorabunt
2841 2163 2956 2201 eum
2981 2162 3154 2200 omnes
3178 2159 3320 2216 reges
3350 2150 3544 2210 terra,
3568 2157 3745 2195 omnes
3768 2155 3874 2210 gen-

2296 2247 2372 2292 tes
2392 2240 2607 2292 serrient
2625 2239 2673 2292 ei
2703 2237 2874 2308 (Psal.
2907 2253 3055 2304 LXII,
3079 2235 3188 2305 Η).

2366 2352 2493 2407 CAP.
2523 2369 2592 2407 Iv.
2619 2352 2868 2406 Creatura
2889 2367 3208 2422 nequaquam
3237 2349 3548 2405 adoranda.
3592 2346 3872 2400 Idololatrts

2296 2447 2555 2499 veritatem
2586 2444 2680 2497 Dei
2703 2448 3015 2497 comniutant
3042 2444 3096 2497 in
3137 2442 3492 2496 mendacium.
3523 2469 3596 2478 —
3635 2439 3687 2492 9.
3734 2432 3867 2501 Quod

2299 2539 2393 2608 (al.
2443 2539 2588 2608 quia)
2639 2539 2683 2592 si
2732 2536 2895 2590 Filius
2942 2535 3233 2592 secundum
3285 2534 3644 2589 divinitatem
3687 2531 3702 2567 ί
3751 2541 3868 2582 unus

2299 2629 2438 2686 Deus
2483 2644 2603 2683 cum
2646 2627 2803 2682 Patre
2853 2643 2959 2682 non
3014 2633 3182 2689 esset,
3217 2625 3376 2679 unius
3414 2639 3545 2678 cum
3579 2636 3648 2676 eo
3688 2629 3864 2675 natura:

2298 2721 2481 2790 utique
2509 2735 2616 2775 non
2639 2718 2852 2785 fuisset;
2876 2727 2931 2774 et
2949 2719 2994 2774 si
3025 2725 3229 2773 uatum
3255 2716 3492 2771 alterius
3519 2719 3702 2774 esset,
3732 2722 3863 2765 crea-

2299 2820 2418 2865 tura
2445 2811 2559 2866 sine
2584 2810 2746 2866 dubio
2774 2819 2934 2865 esset.
2969 2807 3027 2864 Si
3055 2819 3235 2863 autem
3263 2815 3525 2862 creatura
3563 2810 3738 2866 esset,
3766 2812 3861 2854 ser-

2300 2902 2546 2958 viendum
2589 2903 2638 2958 ei
2676 2912 2981 2957 sanctarum
3023 2901 3423 2970 Scriptuzarum
3457 2894 3746 2952 auctoritas
3773 2905 3859 2945 non

2292 2993 2521 3062 juberet,
2551 2993 2643 3049 sed
2671 2993 2850 3062 potius
2876 2991 3205 3062 prohiberet.
3239 2989 3296 3043 ln
3328 2988 3514 3058 primo
3543 2984 3684 3040 enim
3721 2981 3856 3034 deca-

2299 3084 2405 3153 logi
2441 3084 2694 3138 mandato
2719 3124 2733 3148 ,
2761 3083 2898 3137 sicut
2927 3082 3081 3136 unius
3111 3080 3318 3134 Domini
3343 3078 3446 3132 Dei
3478 3077 3689 3132 cultura
3713 3068 3860 3126 servi-

2301 3188 2491 3248 tusque
2520 3176 2949 3232 manifestissime
2975 3174 3275 3246 praecipitur
3299 3215 3316 3239 ,
3349 3172 3424 3225 ita
3448 3169 3599 3225 omni
3628 3173 3855 3221 creatura

623 3298 675 3342 et
701 3288 892 3340 Filium
919 3285 1198 3339 Dominum
1227 3283 1392 3337 Deum
1421 3297 1574 3335 suum
1609 3279 1930 3334 omnimodis
1967 3287 2191 3346 negent;
2222 3299 2265 3360 C
2301 3269 2542 3324 adoratio
2563 3284 2626 3324 ac
2651 3269 2880 3323 servitus
2905 3283 2935 3320 a
2960 3265 3196 3321 fidelibus
3238 3263 3553 3318 exhibenda
3601 3259 3854 3312 vehemen-

623 3387 714 3432 aut
750 3377 923 3431 solum
966 3374 1158 3428 Filium
1191 3373 1472 3426 Dominum
1505 3372 1671 3424 Deum
1703 3375 1946 3423 asserant
1977 3377 2000 3404 ο
2023 3410 2038 3435 ,
2081 3375 2134 3420 et
2163 3383 2193 3421 a

624 3471 716 3524 Dei
745 3469 918 3523 Patris
945 3467 1152 3521 cultura
1184 3465 1457 3520 recedant.
1505 3463 1611 3517 Sed
1641 3462 1803 3515 Deum
1841 3459 2054 3515 Patrem
2086 3459 2194 3512 Do-

625 3563 825 3616 minum
847 3560 1013 3614 Deum
1041 3573 1196 3613 suum
1227 3569 1421 3625 negare
1448 3570 1554 3609 non
1587 3560 1824 3623 possunt,
1853 3565 2010 3619 quem
2029 3563 2196 3617 usque

596 3654 758 3709 adeo
786 3653 1070 3707 Dominum
1111 3650 1273 3704 Deum
1323 3649 1562 3702 omnium
1609 3661 1728 3700 esse
1756 3642 2104 3704 confirmant,
2138 3648 2196 3693 ut

596 3772 598 3774 τ
623 3747 779 3799 etiam
810 3746 856 3798 ei
887 3743 1218 3798 divinitatem
1242 3739 1378 3804 Filii,
1398 3747 1650 3808 tanquam
1672 3736 1913 3798 minoris,
1936 3735 2055 3804 jure
2083 3748 2196 3787 ser-

624 3834 809 3889 vltntis
842 3831 860 3870 ῖ
895 3831 1180 3900 ειιιῄυείιη
1209 3827 1539 3883 contendant
1571 3843 1583 3878 :
1614 3825 1773 3896 200
1810 3822 1999 3875 Filium
2031 3837 2192 3884 vero,

620 3925 658 3978 si
689 3923 972 3977 Dominum
996 3918 1168 3974 Deum
1198 3933 1350 3971 suum
1380 3929 1577 3982 negare
1596 3911 1880 3974 voluerint,
1910 3909 2074 3978 ipsius
2098 3925 2195 3978 pa-

620 4026 780 4067 terna:
821 4010 970 4065 vocis
1011 4005 1318 4062 testimonio
1365 4006 1610 4074 protinus
1649 4008 1981 4069 arguuntur;
2011 4013 2108 4068 per
2134 4013 2196 4052 os

621 4103 757 4156 enim
788 4100 1060 4169 propheuc
1083 4139 1097 4162 ,
1148 4114 1211 4150 ex
1245 4109 1474 4165 persona
1523 4094 1614 4145 Dei
1656 4089 1826 4143 Patris
1866 4088 2060 4141 dicitur
2089 4104 2102 4139 :
2127 4085 2195 4138 Et

621 4194 792 4248 domui
819 4191 956 4245 Juda
986 4187 1260 4243 miserebor
1291 4187 1383 4259 (al.
1415 4183 1699 4252 misereor),
1724 4191 1772 4236 et
1800 4180 2008 4235 saluabo
2029 4197 2114 4234 eos
2143 4180 2196 4233 in

623 4281 844 4336 Domino
890 4280 996 4335 Deo
1045 4296 1135 4333 suo
1178 4277 1325 4348 (Ose;
1377 4293 1412 4338 ι,
1445 4275 1520 4346 7).
1566 4273 1741 4343 Ipsum
1774 4271 2052 4326 Dominun
2079 4285 2198 4326 esse

622 4371 786 4426 Deum
842 4378 1083 4423 nostrum
1134 4366 1466 4435 Evangelicze
1513 4377 1727 4432 quoque
1769 4351 2008 4414 veritatis
2049 4374 2197 4413 com-

619 4463 835 4520 mendat
863 4463 1174 4524 auctoritas,
1211 4460 1297 4512 ubi
1322 4457 1462 4511 beati
1485 4455 1704 4508 Thomas
1725 4451 1956 4522 apostoli
1985 4450 2199 4506 confes-

621 4559 698 4613 sio
728 4556 976 4630 pravitati
1006 4552 1267 4608 haeretica:
1291 4562 1507 4618 prorsus
1527 4543 1863 4610 contradicit,
1888 4541 2197 4597 exclaman-

2299 3363 2496 3416 tissime
2527 3361 2856 3431 prohibetur.
2881 3359 2956 3412 lbi
2983 3359 3122 3412 enim
3144 3358 3336 3412 dicitur
3367 3374 3380 3409 :
3417 3356 3535 3426 Ego
3563 3368 3674 3407 sum
3703 3346 3852 3402 Domi-

2296 3470 2393 3508 nus
2422 3453 2559 3506 Deus
2584 3463 2716 3517 tuus,
2741 3451 2826 3524 qui
2846 3451 3000 3504 eduxi
3025 3460 3070 3503 te
3096 3450 3158 3503 de
3180 3459 3316 3502 terra
3347 3445 3606 3518 Egypti,
3643 3441 3702 3495 de
3727 3438 3852 3491 domo

2296 3544 2550 3597 servitutis
2579 3559 2597 3595 :
2633 3540 2752 3596 Non
2799 3550 2949 3595 erunt
2975 3541 3062 3593 tibi
3115 3540 3186 3592 dii
3225 3537 3420 3608 absque
3449 3553 3532 3590 me
3567 3529 3751 3607 (Ex-od.
3773 3539 3847 3589 xx,

2294 3637 2347 3702 2,
2376 3636 2453 3705 ὅ).
2499 3634 2556 3690 Si
2587 3636 2687 3690 hoc
2723 3634 2930 3688 simula
2950 3632 3103 3686 Patre
3124 3640 3177 3686 et
3203 3631 3336 3685 Filio
3364 3630 3570 3685 dictum
3601 3621 3846 3705 accipitur.

2298 3703 2432 3779 unus
2457 3724 2714 3778 Dominus
2739 3722 2879 3775 Dens
2906 3720 3156 3775 credatur
3198 3717 3356 3772 Pater
3384 3726 3442 3773 et
3472 3716 3636 3770 Filius
3659 3731 3672 3765 :
3707 3707 3786 3764 sed
3810 3703 3848 3758 si

2296 3818 2398 3871 hoc
2421 3823 2512 3868 aut
2539 3813 2698 3868 Pater
2711 3815 2825 3867 sine
2854 3811 3006 3876 Filio,
3030 3817 3122 3865 aut
3135 3810 3250 3863 sine
3265 3803 3428 3861 Patre
3441 3797 3849 3860 crediturdixisso

2295 3907 2478 3972 Filius,
2511 3919 2729 3961 necesse
2754 3912 2838 3958 est
2885 3912 2941 3957 ut
2982 3910 3074 3956 aut
3121 3899 3279 3954 Pater
3318 3899 3579 3953 Dominus
3603 3894 3734 3948 Dens
3768 3899 3846 3940 ne-

2295 4005 2483 4063 getur,
2529 4001 2620 4048 aut
2659 3993 2840 4046 Filius.
2890 3991 2964 4045 De
2994 3991 3084 4044 illo
3121 3989 3274 4044 enim'
3293 3989 3383 4057 qui
3415 3986 3552 4041 dixit
3583 4002 3596 4036 :
3629 3979 3731 4050 Ego
3752 3987 3844 4063 sunt

2295 4062 2548 4141 Dominus
2579 4085 2712 4138 Deus
2730 4094 2862 4144 tuus,
2894 4083 2978 4154 qui
2998 4082 3151 4135 eduxi
3191 4089 3241 4134 te
3274 4080 3338 4133 de
3368 4089 3510 4133 terra
3548 4069 3772 4144 Egypt!)
3796 4062 3846 4114 ἀι

2295 4178 2448 4232 domo
2493 4177 2750 4231 servitutis
2779 4191 2797 4229 :
2829 4153 2952 4228 Non
3004 4180 3151 4227 erunt
3183 4170 3271 4225 tibi
3301 4171 3373 4224 dii
3419 4168 3609 4240 absque
3651 4176 3756 4222 me;
3789 4153 3843 4207 de

2297 4270 2412 4339 ipso
2440 4276 2657 4322 sanctus
2683 4266 2892 4336 Moyses
2919 4265 3020 4317 ait:
3044 4263 3198 4327 Audi,
3225 4261 3427 4316 Israel:
3459 4256 3704 4314 Dominus
3727 4248 3842 4339 De?

2299 4331 2414 4412 tuus
2436 4357 2575 4410 Deus
2607 4355 2698 4427 (al.
2733 4331 3006 4424 Dominus)
3038 4367 3171 4406 unus
3206 4361 3282 4405 est
3329 4348 3511 4421 (Deut.
3555 4361 3626 4407 VI.
3675 4339 3744 4408 4).
3788 4331 3840 4385 El

2296 4451 2421 4520 quia
2470 4449 2562 4519 (at.
2613 4455 2669 4502 et
2725 4446 2890 4517 quod)
2929 4447 3042 4516 ipse
3096 4444 3236 4500 Deus
3281 4443 3383 4498 sibi
3426 4441 3528 4496 soli
3567 4428 3842 4520 praecipiens

2300 4519 2667 4596 tantummodo
2719 4537 3088 4602 serviendum,
3129 4551 3292 4606 seque
3332 4535 3531 4604 jubens
3565 4545 3595 4584 a
3634 4519 3838 4606 fidelibus

620 4650 686 4703 tis
728 4604 900 4717 Iatque
951 4643 1177 4698 dicentis
1212 4660 1223 4693 :
1277 4604 1529 4694 Dominus
1584 4653 1744 4699 mem,
1800 4641 1850 4687 et
1888 4632 2026 4688 Dens
2056 4649 2195 4687 meus
2226 4671 2272 4730 υ
2299 4630 2656 4695 adorandum,
2708 4645 2925 4699 prorsus
2966 4604 3240 4682 interdixit
3271 4639 3340 4679 ne
3379 4624 3502 4694 quis
3529 4604 3839 4712 audenti“-

621 4739 801 4809 (Joan.
827 4753 918 4801 xx,
949 4732 1062 4802 28).

693 4830 743 4882 7.
786 4828 926 4894 Ergo
964 4823 1179 4894 qrando
1215 4831 1272 4876 et
1320 4821 1534 4875 Patrem
1577 4819 1855 4873 Dominum
1893 4818 2007 4871 sine
2036 4814 2196 4869 dubio

621 4923 966 4986 confitentur,
990 4926 1043 4973 et
1071 4917 1261 4972 Filium
1291 4917 1572 4970 Dominum
1599 4915 1760 4970 Deum
1783 4912 1935 4966 fateri
1960 4909 2193 4978 prophe-

620 5014 719 5067 lica
759 5019 922 5079 atque
953 5007 1258 5076 evangelica
1281 5005 1505 5059 veritate
1537 5013 1826 5073 coguntur,
1859 5012 1949 5055 aut
1982 4999 2193 5054 Patrem

619 5109 672 5153 et
726 5100 915 5154 Filium
939 5141 954 5163 ,
994 5112 1340 5168 personarum
1379 5095 1708 5166 proprietate
1750 5100 1980 5148 servata.
2031 5105 2194 5144 unum

623 5192 908 5246 Dominum
956 5189 1121 5244 Deum
1167 5188 1482 5242 naturaliter
1516 5187 1697 5242 dicant
1720 5226 1734 5251 ,
1761 5192 1854 5239 aut
1878 5180 2196 5237 confitentes

626 5281 792 5334 solum
835 5278 1048 5332 Patrem
1090 5293 1243 5330 suum
1273 5277 1554 5332 Dominum
1584 5276 1749 5330 Deum
1768 5315 1782 5339 ,
1807 5280 2200 5341 consequenter

588 5390 590 5392 τ
628 5364 801 5418 tlicaut
839 5365 1028 5420 Filium
1058 5381 1158 5420 nec
1203 5365 1483 5422 Dominum
1513 5379 1666 5421 suum
1695 5377 1814 5441 esse
1841 5404 1857 5430 ,
1879 5377 1979 5417 nec
2007 5361 2194 5415 Deum.

699 5527 725 5593 ξ
871 5517 1046 5593 C_olb.,
1082 5523 1158 5576 vel
1187 5526 1236 5593 si
1270 5540 1369 5593 qua
1393 5529 1509 5576 sunt
1536 5517 1726 5571 similia
1764 5533 1877 5589 qua:
1905 5517 1958 5569 in
1985 5517 2190 5570 divinis.

702 5588 730 5626 ι’
760 5588 857 5643 Ms.
890 5588 1064 5654 Colb.,
1089 5593 1184 5646 soli
1210 5588 1379 5646 Patri.

704 5671 725 5696 ε
755 5659 831 5712 lta
859 5675 959 5713 ms.
986 5659 1137 5716 Colb.
1169 5661 1237 5715 At
1259 5661 1386 5716 editi
1407 5659 1627 5722 habent,
1651 5657 1854 5712 illorum
1875 5673 1998 5728 quia
2015 5672 2202 5726 prepo-

613 5733 821 5786 miimus
856 5731 1166 5786 testimonia.

700 5802 726 5840 ά
758 5799 852 5853 Ms.
877 5799 1030 5855 Colb.
1063 5809 1118 5854 et
1141 5803 1286 5864 Ant.,
1317 5811 1602 5867 utrumque.

701 5883 732 5910 ⁸
749 5869 857 5925 Ms.
881 5869 1065 5926 Colb..
1086 5869 1244 5925 Deum
1272 5887 1414 5924 suum
1445 5879 1700 5923 asserunt.

2303 4720 2517 4794 audeat)
2557 4727 2856 4776 creaturam
2902 4719 3164 4781 adorare,
3215 4723 3581 4782 creatumque
3631 4700 3834 4794 servits:

2303 4783 2589 4883 PPOPlel‘ea
2645 4813 2802 4883 201
2859 4810 2912 4865 in
2954 4807 3060 4863 ﬁne
3108 4807 3247 4860 illius
3292 4804 3449 4875 primi
3498 4783 3837 4883 praeceptisdlo

2301 4873 2548 4958 omnibus
2593 4873 2742 4972 qua;
2759 4873 2962 4956 creavit
3012 4900 3083 4952 ita
3132 4873 3415 4966 loquitur:
3461 4890 3582 4946 Non
3624 4873 3833 4938 adorabit

2299 5011 2382 5057 ea,
2412 5010 2502 5047 nec
2526 4995 2710 5047 servies
2747 4993 2820 5045 eis
2849 5007 2866 5045 :
2897 5007 2989 5062 ego
3011 4990 3144 5043 enim
3169 5003 3280 5040 sum
3313 4983 3565 5040 Dominus
3589 4975 3718 5030 Deut
3739 4975 3834 5019 καί

2303 5083 2495 5156 (Exod.
2523 5099 2612 5147 xx,
2645 5081 2719 5152 5).
3758 5143 3787 5156 ἢ
3818 5141 3829 5153 θ

2372 5175 2458 5229 10.
2495 5143 2646 5241 Quod
2673 5143 2855 5242 utique
2883 5175 3054 5228 sciens
3074 5172 3261 5226 beatus
3285 5166 3586 5239 Apostolus,
3611 5161 3730 5213 iram
3746 5143 3831 5242 Dei

2303 5239 2852 5337 revelari—pronuntiat
2879 5280 3031 5334 super
3055 5279 3256 5317 omnem
3286 5260 3596 5330 impietatem
3617 5256 3664 5301 et
3685 5239 3826 5311 ὑείαν

2302 5359 2465 5412 titiam
2493 5373 2666 5411 eorum
2688 5357 2773 5427 qui
2800 5362 3232 5409 committam-unt
3257 5353 3515 5407 ueritatem
3530 5342 3622 5397 Dei
3638 5339 3686 5392 in
3706 5342 3826 5386 πιεηο

2379 5514 2394 5550 ί
2429 5512 2504 5567 lta
2537 5528 2635 5567 ms.
2666 5510 2853 5576 Colb.;
2884 5517 2939 5564 at
2967 5509 3094 5564 editi
3123 5507 3353 5573 habent,
3385 5513 3619 5574 tanquam
3644 5483 3824 5548 minori!

2303 5582 2401 5637 Dei
2426 5583 2604 5637 inuitae
2633 5581 2889 5634 servitutis
2909 5621 2925 5647 ,
2945 5587 3037 5632 aut
3065 5580 3236 5634 inrita:
3263 5577 3506 5632 servituti.

2378 5665 2401 5700 ις
2433 5652 2528 5706 Ms.
2559 5651 2739 5712 Colb.,
2763 5666 2862 5704 non
2885 5651 3012 5703 duos
3033 5652 3172 5703 deos.
3648 5705 3656 5716 ,

2879 5685 3182 5783 ἶιῖιῗῖἳὲ
3205 5720 3314 5788 ipso
3342 5727 3614 5787 quaque....
3641 5705 3688 5757 iu
3707 5685 3820 5768 Pwl‘

2377 5810 2386 5842 ι
2458 5807 2524 5842 m
2552 5831 2564 5842 .

2304 5809 2393 5897 moi
2421 5809 2729 5926 Ἡέιὶίοιὺη
2757 5861 3081 5926 dignitatern;
3107 5869 3161 5915 at
3189 5857 3337 5923 editi,
3362 5851 3673 5910 divinitatea.
