4120 6510
317 553 426 614 365

1700 558 2027 616 EPISTOLA
2066 556 2196 615 Vill.

3479 517 3587 613 δοῖϐ

315 673 545 740 dacium,
564 681 612 729 et
635 671 963 728 colueruutet
989 679 1268 727 serm'eruut
1295 685 1548 730 creatura:
1567 666 1736 747 potius
1752 695 1904 748 quam
1933 681 1978 736 Α
2009 692 2114 730 una
2143 654 2374 742 veritas,
2394 677 2531 731 unus
2554 652 2713 747 202
2743 651 2901 731 verus
2943 674 3114 744 Deus,
3161 690 3268 730 non
3324 669 3588 744 permittit

315 768 558 832 creatori,
577 766 669 841 qui
695 777 770 822 est
799 765 1090 822 benedictus
1119 771 1172 823 in
1195 770 1385 824 sarcula
1411 769 1588 842 (Rom.
1619 788 1656 836 ι,
1683 771 1768 839 18,
1783 769 1896 838 9.5).

317 855 614 912 Veritatem
646 857 742 913 Dei
775 867 959 915 tenere
987 869 1069 914 est
1097 876 1258 915 unum
1290 859 1454 915 Deum
1487 859 1700 928 colere;
1723 857 1728 859 ’
1753 861 1901 916 veri-

316 956 483 1002 tatem
530 946 621 1003 Dei
665 965 718 1003 in
763 951 1099 1006 mendacium
1146 961 1464 1008 convertere
1523 960 1606 1008 est
1643 959 1903 1008 creatura:

314 1040 542 1094 servire.
575 1039 718 1095 Vera
759 1040 902 1096 enim
932 1039 1122 1111 religio
1151 1043 1206 1097 in
1236 1044 1390 1098 unius
1431 1051 1645 1100 constat
1674 1044 1784 1099 veri
1806 1040 1908 1099 Dei

314 1130 561 1185 servitio.
586 1129 705 1202 lpsa
738 1147 970 1204 namque
986 1133 1191 1190 veritas
1213 1151 1348 1190 unus
1369 1142 1452 1189 est
1473 1133 1648 1201 Deus;
1681 1144 1735 1188 et
1763 1129 1910 1188 sicut

314 1230 545 1290 excepta
577 1237 682 1276 una
724 1223 954 1278 veritate
983 1240 1090 1278 non
1130 1232 1208 1278 est
1237 1223 1343 1278 alia
1373 1225 1599 1290 veritas,
1657 1224 1733 1279 sic
1783 1223 1905 1277 abs-

314 1325 422 1377 que
454 1326 559 1364 uno
588 1309 699 1366 Deo
751 1327 881 1366 vero
937 1328 1047 1367 non
1078 1322 1160 1368 est
1192 1313 1328 1368 alius
1359 1330 1518 1368 verus
1556 1313 1699 1369 Deus
1731 1333 1747 1368 :
1789 1315 1902 1384 ipsa

316 1397 463 1452 enim
496 1413 601 1454 una
630 1386 832 1455 veritas
863 1406 947 1455 est
975 1402 1291 1456 naturaliter
1319 1419 1425 1457 una
1461 1418 1587 1457 vera
1631 1404 1899 1460 divinitas.

317 1486 382 1541 Et
405 1490 478 1544 ita
509 1506 615 1546 non
647 1502 870 1562 possunt
905 1493 1012 1550 duo
1052 1492 1162 1549 veri
1201 1494 1273 1549 dii
1313 1497 1576 1552 veraciter
1601 1497 1725 1564 dici,
1760 1499 1906 1554 sicut

320 1582 433 1650 ipsa
465 1597 569 1637 una
602 1585 798 1639 veritas
830 1594 855 1622 λ
886 1587 1203 1642 naturaliter
1233 1605 1339 1643 non
1366 1598 1548 1660 potest
1575 1590 1758 1646 dividi.

389 1674 518 1730 CAP.
543 1693 596 1730 v.
629 1671 903 1748 Scriptura
924 1688 972 1733 et
996 1677 1208 1734 Patrem
1224 1690 1278 1734 vet
1301 1678 1518 1748 Filium,
1542 1675 1906 1746 verumDeum

319 1765 591 1834 praedicat.
625 1765 876 1823 Homines
905 1771 1073 1824 sancti
1095 1769 1199 1840 ﬁlii
1228 1769 1327 1826 Dei
1355 1782 1477 1826 sunt
1507 1790 1610 1826 non
1640 1790 1701 1828 eo
1752 1774 1904 1829 modo

316 1872 417 1925 quo
439 1853 693 1910 Christus.
722 1854 848 1921 Quis
879 1869 1158 1914 commutat
1193 1861 1451 1916 veritatem
1478 1861 1577 1916 Dei
1607 1863 1663 1916 in
1689 1863 1906 1916 menda-

318 1945 474 1998 cium.
513 1945 651 2012 Quid
674 1949 743 2000 sit
765 1964 829 2001 ex
873 1949 1221 2020 superioribus
1251 1955 1569 2023 argumentis
1591 1953 1904 2008 concluden-

2004 768 2318 822 servitutem
2347 775 2509 837 atque
2555 767 2819 822 culturam
2861 767 2976 823 veri
3003 767 3101 824 Dei
3147 771 3410 824 creaturae
3457 781 3590 823 con-

1999 857 2151 927 jungi
2177 867 2224 911 κ.
2253 856 2388 912 Vera
2420 873 2636 928 quoque
2664 858 2872 927 religio,
2906 867 3136 930 excepto
3163 874 3270 913 uno
3296 872 3424 912 vero
3454 856 3588 922 Deo,

2005 948 2136 1003 nulli
2166 948 2268 1003 deo
2299 949 2427 1004 sinit
2461 951 2684 1006 culturae
2713 967 2776 1006 ac
2802 951 3075 1008 servitutis
3125 950 3442 1021 obsequium
3471 965 3503 1004 a
3530 949 3592 1003 li-

2003 1038 2214 1111 delibus
2243 1039 2502 1095 exhiberi.

2078 1127 2213 1182 (ΖΑΡ.
2251 1145 2319 1182 v1.
2347 1125 2512 1182 Nulla
2542 1138 2779 1183 creatura
2803 1137 2878 1184 est
2901 1129 3110 1194 veritas,
3139 1128 3232 1184 sed
3258 1146 3394 1183 vera.
3422 1125 3592 1182 Filius

2004 1225 2056 1277 in
2079 1241 2177 1295 quo
2207 1221 2359 1277 Patri
2387 1225 2620 1294 aqualis.
2657 1222 2720 1277 In
2751 1241 2848 1296 quo
2877 1223 3065 1279 minor.
3099 1222 3305 1296 Duplex
3349 1223 3592 1276 nativitas

2005 1305 2218 1382 Christi,
2250 1317 2452 1368 arterna'
2467 1325 2515 1368 et
2540 1315 2853 1385 temporalis.
2885 1299 2951 1356 -ὲ
2971 1313 3157 1371 Omnis
3196 1324 3375 1370 autem
3399 1321 3590 1369 natura

2004 1409 2122 1476 qum
2149 1407 2324 1460 minor
2345 1415 2430 1462 est
2458 1412 2647 1460 natura
2677 1407 2772 1461 Dei
2820 1407 3019 1476 Patris,
3054 1409 3169 1463 siue
3197 1407 3362 1463 dubio
3411 1415 3594 1470 creata

2005 1484 2196 1553 natura
2245 1495 2400 1553 esth.
2452 1498 2590 1565 Quid
2618 1506 2704 1553 est
2758 1510 2940 1554 autem
2994 1509 3175 1555 creata
3235 1508 3460 1564 natura,
3494 1498 3594 1552 nisi

2006 1579 2288 1652 creatura?
2317 1589 2501 1644 Omnis
2530 1605 2694 1660 porro
2723 1599 2970 1644 creatura
3003 1588 3016 1627 ί
3053 1591 3307 1661 quoniam
3351 1606 3486 1662 opus
3514 1596 3600 1662 est

2000 1681 2266 1744 veritatis,
2299 1691 2381 1737 est
2426 1683 2642 1751 quidem
2673 1691 2918 1736 creatura
2975 1697 3125 1746 vera,
3169 1697 3275 1736 non
3305 1675 3486 1736 tamen
3513 1687 3596 1736 est

2004 1773 2220 1828 veritas.
2256 1773 2384 1828 Sola
2414 1773 2556 1828 enim
2585 1773 2682 1844 (al.
2732 1776 2935 1840 autem)
2967 1773 3293 1827 naturaliter
3318 1779 3403 1828 est
3449 1761 3598 1827 veri4
3619 1760 3632 1769 ’

1991 1871 2108 1934 με,
2141 1879 2258 1934 quae
2290 1863 2603 1917 naturaliter
2631 1870 2714 1917 est
2733 1878 2861 1917 vera
2890 1861 3160 1918 divinitas.
3194 1862 3273 1916 llli
3299 1877 3428 1932 ergo
3457 1862 3596 1916 veri-

2010 1963 2172 2008 tatem
2214 1953 2308 2008 Dei
2343 1969 2456 2008 non
2487 1961 2824 2008 commutant
2853 1952 2906 2007 in
2936 1952 3294 2017 mendacium,
3319 1953 3414 2007 sed
3457 1969 3597 2007 vera:

319 2035 464 2090 dum.
488 2068 558 2077 —
585 2037 672 2092 Η.
702 2037 904 2094 Sancta
934 2057 1064 2096 vero
1095 2040 1532 2128 Scripturapquze
1561 2045 1716 2101 nobis
1745 2062 1906 2101 unum
1940 2043 1987 2104 Β
2016 2043 2135 2100 lidei
2154 2041 2346 2108 tenent
2373 2044 2609 2099 salutare
2639 2043 2975 2115 mysterium,
3006 2037 3095 2112 qui
3128 2039 3232 2096 uec'
3271 2043 3445 2097 solum
3495 2043 3596 2096 Pa-

320 2128 606 2208 Dominum
637 2129 804 2185 Deum
835 2135 1099 2189 veraciter
1118 2133 1511 2206 salubriterque
1534 2138 1904 2208 commendat,

319 2219 461 2276 sicut
515 2221 726 2276 Patrem
775 2239 960 2278 verum
997 2225 1200 2293 Deum,
1252 2228 1330 2283 sic
1379 2236 1435 2283 et
1479 2228 1673 2284 Filium
1719 2240 1934 2286 verum‘

320 2308 492 2364 Deum
519 2309 759 2367 fidelibus
787 2315 995 2370 cunctis
1024 2316 1277 2373 insinuat.
1307 2317 1384 2373 De
1417 2317 1574 2375 Patre
1604 2321 1803 2393 quippe
1825 2321 1909 2376 di-

317 2399 399 2454 cit
422 2400 610 2455 beatus
641 2400 838 2459 Paulus
859 2406 1156 2476 apostolus,
1179 2407 1756 2466 Thessalonicensibus
1778 2414 1910 2468 scri-

317 2489 458 2545 bens
489 2510 502 2544 :
529 2490 771 2547 Conversi
790 2495 912 2550 estis
943 2495 1011 2549 ad
1037 2495 1316 2552 Dominum
1338 2516 1376 2550 .a
1397 2499 1692 2555 simulacris
1722 2501 1773 2569 δ,
1797 2520 1911 2556 ser-

319 2585 431 2640 vire
458 2583 567 2639 Deo
610 2587 717 2640 vivo
760 2596 812 2640 et
855 2605 1012 2654 vero;
1041 2600 1091 2643 et
1112 2602 1422 2660 exspectare
1449 2591 1646 2647 Filium
1691 2594 1800 2665 eius
1847 2595 1911 2648 de

323 2677 487 2741 caelis,
519 2694 666 2748 quem
704 2680 976 2733 suscitavit
1029 2698 1060 2734 a
1105 2681 1320 2736 mortuis
1367 2680 1564 2748 Jesum,
1595 2686 1682 2756 qui
1725 2681 1925 2756 eripuit-

326 2783 423 2844 nos
477 2765 540 2818 ab
574 2769 661 2820 ira
707 2779 924 2823 ventura
977 2769 1032 2842 (Ι
1063 2770 1244 2826 Thess.
1285 2789 1326 2837 ι,
1362 2772 1413 2840 9,
1465 2773 1574 2846 10).
1621 2774 1720 2831 Hic
1758 2774 1913 2832 Jesus

325 2849 574 2913 Christus
604 2875 712 2914 non
757 2861 835 2916 sic
864 2869 947 2916 est
963 2859 1064 2917 Dei
1096 2862 1268 2917 Patris
1314 2863 1473 2926 ﬁlius,
1500 2865 1642 2920 sicut
1687 2883 1787 2921 nos
1817 2883 1912 2921 su-

328 2963 449 3002 mus
480 2965 493 3000 :
520 2949 609 3004 ille
638 2961 720 3005 est
744 2951 888 3007 enim
914 2953 1182 3023 proprius,
1213 2969 1314 3009 nos
1360 2955 1654 3026 redempti;
1681 2957 1776 3012 ille
1808 2974 1914 3013 na-

325 3033 436 3107 tus,
468 3057 566 3097 nos
594 3041 756 3109 facti;
791 3043 881 3098 ille
910 3059 1087 3111 verus,
1121 3061 1221 3100 nos
1253 3045 1510 3116 adoptivi.
1559 3046 1654 3102 Ille
1711 3056 1912 3117 autem,

329 3134 425 3204 qui
458 3151 616 3190 verus
645 3145 728 3191 est
761 3133 920 3204 ﬁlius,
956 3136 1069 3207 ipse
1108 3125 1270 3192 etiam
1314 3153 1474 3193 verus
1504 3146 1587 3192 est
1619 3138 1778 3204 Deus,
1807 3155 1913 3195 non

337 3225 628 3296 adOptione
657 3236 964 3296 generatus.
995 3228 1089 3286 sed
1113 3227 1180 3284 de
1207 3225 1366 3283 Patre
1389 3229 1706 3283 naturaliter
1730 3237 1911 3285 natus.

328 3314 388 3395 In
419 3332 526 3386 quo
554 3333 685 3373 vero
719 3317 840 3374 Deo
861 3333 1103 3390 veroque
1121 3319 1281 3383 Filio,
1314 3319 1437 3375 ideo
1469 3328 1550 3376 est
1604 3336 1727 3374 vera
1771 3319 1912 3374 divi-

2008 2132 2169 2205 trem,
2197 2155 2298 2196 nec
2327 2139 2497 2194 solum
2519 2138 2731 2204 Filium,
2757 2137 2851 2193 sed
2873 2137 3030 2193 simul
3063 2135 3275 2191 Patrem
3299 2123 3596 2202 et'Filium,

2010 2248 2173 2286 unum
2203 2230 2489 2285 Dominum
2541 2229 2714 2283 Deum
2759 2244 2913 2283 suum
2965 2228 3120 2283 corde
3160 2228 3389 2282 credunt
3419 2227 3485 2280 ad
3521 2227 3600 2290 iu.

2008 2313 2224 2388 silitiam,
2265 2331 2314 2376 et
2357 2337 2446 2376 ore
2491 2317 2819 2374 conﬁtentur
2845 2317 2914 2371 ad
2939 2318 3160 2374 salutem
3191 2316 3364 2386 (Rom.
3403 2334 3454 2382 κ,
3485 2311 3595 2386 10).

2011 2414 2148 2482 Quia
2196 2429 2304 2469 non
2334 2414 2511 2468 solum
2553 2413 2718 2467 Pater
2744 2412 2907 2473 Deus,
2941 2410 3034 2465 sed
3063 2411 3224 2465 etiam
3262 2409 3428 2465 Filius
3457 2408 3598 2466 Deus

2012 2489 2331 2560 naturaliter
2347 2510 2434 2558 est
2459 2519 2624 2558 verax
2663 2502 2829 2566 Dens,
2867 2501 3068 2556 veritas
3087 2500 3248 2564 Dens,
3281 2515 3600 2570 permanens

2013 2609 2134 2667 cum
2158 2591 2319 2648 Patre
2342 2592 2660 2646 naturaliter
2691 2607 2827 2646 unus
2859 2606 3044 2657 verax,
3074 2605 3215 2643 unus
3259 2605 3441 2654 verus,
3465 2604 3601 2652 una-

2013 2699 2120 2754 que
2153 2684 2353 2737 veritas
2387 2700 2400 2735 :
2430 2683 2555 2752 quia
2613 2681 2751 2736 duos
2779 2681 2909 2736 deos
2937 2678 3082 2757 credi
3115 2674 3333 2734 vel-dici
3383 2672 3602 2738 omnino

2015 2775 2265 2850 prohibet
2291 2791 2398 2829 una
2432 2774 2645 2836 veritas,
2678 2787 2798 2842 qua:
2827 2772 2940 2827 sola
2972 2787 3098 2825 vera
3141 2763 3224 2825 est
3252 2769 3524 2825 divinitas.

2002 2895 2012 2904 -
2089 2866 2175 2920 l3.
2203 2864 2432 2921 Proinde
2462 2865 2601 2921 Deus
2649 2861 2816 2917 Filius
2854 2859 3148 2917 secundum
3179 2860 3416 2915 divinam
3446 2869 3608 2914 natu-.

2016 2975 2130 3034 ram
2162 2975 2268 3014 non
2293 2965 2376 3013 est
2405 2958 2580 3011 minor
2607 2956 2785 3020 Patre,
2814 2955 2910 3011 sed
2934 2949 3265 3024 aequalisest
3293 2945 3454 3017 Patri,
3478 2952 3602 3020 quia

2017 3053 2182 3108 Filius
2199 3052 2278 3104 ita
2303 3064 2464 3106 verus
2512 3049 2656 3104 Deus
2686 3049 2900 3114 dicitur,
2943 3055 3002 3101 ut
3050 3045 3210 3101 Pater
3240 3045 3380 3100 Deus
3425 3045 3602 3100 verior

2018 3121 2125 3215 non
2155 3141 2393 3204 dicatur;
2427 3139 2479 3193 in
2528 3139 2638 3193 Deo
2661 3137 2804 3192 enim
2854 3151 2984 3192 vero
3027 3135 3154 3189 nihil
3183 3129 3362 3190 minus
3415 3134 3604 3188 existi-

2018 3235 2153 3292 mari
2183 3234 2311 3289 sinit
2335 3233 2449 3302 ipsa
2481 3231 2723 3286 veritatis
2745 3229 2966 3299 agnitio.
2999 3228 3289 3284 Permanet
3337 3227 3521 3296 itaque
3552 3225 3604 3279 in

2019 3317 2178 3382 Patre
2199 3336 2254 3381 et
2275 3324 2412 3380 Filio
2437 3323 2752 3378 naturaliter
2781 3337 2886 3376 una
2915 3335 3058 3375 vene
3097 3318 3395 3374 divinitatis
3420 3311 3608 3386 atqua-'

330 3408 492 3487 nitas,
518 3410 644 3477 quia
666 3411 924 3467 naturalis
965 3419 1047 3467 est
1075 3412 1152 3466 illi
1181 3413 1247 3468 de
1276 3411 1435 3467 Patre
1460 3413 1730 3470 nativitas.
1783 3412 1914 3469 Pro—
1941 3409 1994 3471 C'
2021 3421 2162 3485 litas,
2195 3427 2251 3474 et
2282 3432 2384 3473 una
2411 3403 2864 3476 incommutabilis
2893 3428 2956 3468 ac
2977 3413 3302 3482 sempiterna
3329 3409 3605 3479 majestas.

330 3507 452 3569 pter
480 3499 625 3569 quod
645 3516 768 3556 eum
794 3512 825 3541 τ
857 3518 1042 3558 verum
1074 3502 1248 3558 Patris
1277 3493 1490 3568 Filium,
1514 3520 1698 3559 verum
1725 3503 1911 3568 Deum,

329 3591 607 3660 vitamque
635 3601 913 3657 aeternam,
942 3594 1131 3649 beatus
1179 3594 1414 3650 Joannes
1464 3596 1517 3650 in
1547 3594 1785 3666 Epistola
1818 3612 1915 3651 sua

332 3675 637 3747 proﬁtetur,
662 3680 845 3738 dicens
885 3701 897 3735 :
936 3684 1142 3738 Scimus
1184 3687 1307 3756 quia
1355 3684 1526 3739 Filius
1553 3685 1654 3740 Dei
1691 3687 1846 3752 venit,
1869 3694 1917 3740 et

331 3769 474 3822 dedit
517 3769 664 3823 nobis
712 3772 1048 3839 intellectum,
1075 3783 1133 3828 ut
1178 3777 1402 3830 sciamus
1433 3793 1622 3842 verum,
1655 3787 1704 3831 et
1757 3778 1916 3832 simus

329 3865 387 3912 tu
421 3875 534 3913 vero
563 3856 608 3910 F
612 3860 703 3914 ilio
750 3861 862 3932 ejus
889 3861 1015 3916 Jesu
1046 3855 1278 3917 Christo.
1330 3862 1434 3917 Hic
1476 3875 1553 3918 est
1581 3881 1725 3918 verus
1755 3864 1916 3930 Deus,

328 3963 379 4008 et
400 3955 504 4007 vita
535 3966 730 4010 (eterna
781 3956 835 4027 (Ι
863 3956 1023 4013 Joan.
1051 3975 1104 4023 v,
1132 3956 1244 4030 20).
1276 3959 1477 4014 Verum
1544 3961 1725 4028 itaque
1752 3961 1918 4016 Deum

330 4048 536 4113 colere,
568 4063 805 4118 veroque
835 4050 946 4105 Deo
976 4050 1200 4114 servire,
1227 4066 1336 4105 non
1366 4059 1450 4106 est
1492 4052 1677 4121 utique
1724 4052 1920 4106 verita-

333 4146 444 4192 tem
476 4138 570 4193 Dei
597 4139 649 4193 in
680 4141 1018 4197 mendacium
1041 4150 1397 4197 commutare.
1433 4141 1525 4196 ille
1568 4151 1747 4197 autem
1775 4144 1917 4198 veri-

337 4229 503 4275 tatem
528 4220 620 4275 Dei
647 4233 944 4278 commutat
968 4223 1020 4277 in
1051 4224 1420 4293 mendacium,
1447 4225 1538 4295 qui
1557 4223 1670 4280 Deo
1700 4241 1806 4279 non
1832 4241 1920 4280 ve-

333 4327 399 4366 ro
428 4313 703 4367 existimat
750 4315 1092 4370 serviendum
1121 4314 1181 4381 τίς
1216 4316 1305 4371 ille
1348 4326 1530 4372 autem
1583 4315 1753 4372 Deum
1811 4334 1920 4372 non

336 4416 519 4456 verum
549 4404 698 4475 colit,
730 4414 786 4460 et
814 4406 924 4461 Deo
955 4423 1062 4462 non
1086 4423 1218 4463 vero
1246 4409 1414 4463 servit
1443 4418 1498 4476 ο,
1521 4408 1612 4478 qui
1660 4421 1924 4466 creatura:

335 4493 600 4558 servierit,
632 4504 1041 4567 creaturamque
1063 4499 1295 4554 coluerit
1327 4518 1338 4552 :
1372 4501 1498 4571 quia
1522 4501 1610 4555 ubi
1645 4501 1782 4556 Deus
1813 4519 1921 4556 non

337 4595 496 4639 verus
526 4585 740 4652 colitur,
773 4596 830 4641 et
858 4589 969 4644 Deo
994 4606 1100 4644 non
1120 4606 1252 4646 vero
1273 4592 1505 4646 servitur
1537 4591 1580 4658 τ,
1613 4592 1684 4646 ibi
1711 4592 1808 4648 Dei
1831 4609 1923 4648 ve-

336 4673 469 4728 ritas
490 4675 542 4728 in
573 4675 909 4732 mendacium
939 4689 1322 4734 commutatur.

2021 3510 2110 3570 Sic
2135 3518 2314 3564 autem
2342 3507 2535 3562 Filium
2564 3499 2709 3559 Patri
2731 3497 2994 3573 tequalem
3039 3501 3324 3577 veraciter
3354 3499 3603 3565 dicimus,

2020 3611 2081 3657 ut
2111 3601 2275 3656 etiam
2307 3587 2574 3654 minorem
2619 3596 2884 3652 veraciter
2927 3610 3036 3648 non
3083 3593 3360 3662 negemus.
3396 3589 3606 3646 Scimus

2019 3675 2163 3750 enim
2193 3693 2361 3746 Deum
2382 3689 2574 3744 Filium
2598 3696 2780 3741 natum
2807 3685 2874 3740 de
2919 3683 3108 3738 natura
3137 3682 3231 3737 Dei
3262 3681 3461 3748 Patris,
3513 3695 3606 3734 na-

2020 3767 2132 3841 tum
2155 3785 2316 3838 etiam
2348 3781 2415 3836 de
2438 3788 2629 3834 natura
2662 3775 2893 3845 Virginis
2923 3773 3128 3838 matris,
3158 3774 3347 3842 ac'per
3388 3771 3490 3825 hoc
3517 3783 3608 3823 ve-

2016 3890 2137 3930 rum
2161 3874 2330 3927 Deum
2352 3871 2419 3926 de
2446 3868 2675 3924 veritate
2702 3874 2939 3936 pateram
2963 3872 3190 3930 naturae,
3225 3877 3407 3916 verum
3431 3859 3608 3914 humi.

2021 3982 2142 4021 nem
2165 3965 2231 4020 de
2250 3962 2478 4018 veritate
2528 3965 2787 4013 maternae
2815 3955 3132 4011 substantia:
3163 3972 3174 4004 :
3211 3968 3372 4022 quem
3416 3951 3608 4005 divini-

2021 4059 2148 4114 tatis
2175 4055 2450 4112 :eteruitas
2481 4049 2855 4106 ostenditsiue
2885 4047 3036 4103 initio
3064 4054 3272 4106 uatum,
3305 4052 3360 4097 et
3401 4050 3608 4111 tempo-

2021 4137 2150 4206 ralis
2179 4123 2452 4215 susceptio
2480 4141 2661 4199 carnis
2701 4139 2861 4194 docet
2889 4139 3008 4193 sine
3063 4135 3226 4191 dubio
3255 4134 3606 4189 minoratum.

2029 4237 2274 4311 Equalis
2301 4242 2387 4290 est
2415 4233 2584 4287 Filius
2605 4229 2776 4296 Patri,
2801 4237 2856 4283 et
2880 4227 3056 4282 minor
3078 4235 3162 4280 est
3190 4224 3356 4280 Filius
3405 4222 3567 4278 Patre
3593 4241 3608 4276 :

2022 4329 2244 4402 aequalis
2295 4342 2421 4382 vera
2475 4324 2787 4389 divinitate,
2836 4321 3012 4375 minor
3065 4334 3190 4373 vera
3255 4317 3608 4372 humanitate.

2027 4420 2294 4492 IEqualis,
2319 4418 2443 4488 quia
2477 4414 2541 4468 In
2562 4415 2818 4487 principio
2849 4421 2962 4465 erat
3001 4408 3242 4474 Verbum,
3287 4420 3336 4463 et
3388 4407 3608 4463 Verbum

2023 4523 2136 4568 erat
2175 4509 2315 4582 apud
2358 4507 2544 4573 Deum,
2575 4516 2623 4558 et
2653 4503 2790 4557 Deus
2841 4512 2952 4557 erat
3003 4501 3226 4556 Verbum
3248 4500 3427 4570 (Joan.
3458 4517 3496 4568 ι,
3525 4500 3610 4570 1);

2028 4595 2202 4660 minor
2249 4610 2452 4664 autem,
2481 4598 2605 4668 quia
2663 4595 2883 4650 Verbum
2914 4612 3036 4648 caro
3085 4597 3279 4666 factum
3309 4602 3407 4660 est,
3439 4603 3486 4645 et
3517 4593 3611 4645 ha-

2029 4697 2207 4750 bitavit
2254 4695 2309 4747 in
2360 4690 2507 4745 nobis
2559 4687 2746 4759 (Ibid.,
2784 4687 2894 4755 id).
2931 4685 3196 4755 .Equalis,
3226 4684 3349 4754 quia
3400 4699 3515 4736 cum
3563 4685 3611 4736 iu

407 4773 492 4826 12.
522 4774 785 4842 Quoniam
816 4793 963 4846 ergo,
995 4788 1050 4834 et
1076 4781 1243 4838 Deum
1266 4781 1483 4838 Patrem
1511 4783 1678 4839 Deum
1700 4801 1909 4852 verum,
1954 4765 2205 4859 Dforma
2233 4782 2328 4836 Dei
2349 4789 2509 4846 esset,
2541 4796 2641 4833 non
2683 4777 2923 4847 rapinam
2973 4777 3254 4829 arbitratus
3305 4773 3382 4829 est
3409 4790 3519 4828 esse
3563 4791 3611 4827 se

337 4873 392 4920 et
420 4867 587 4922 Deum
645 4867 838 4924 Filium
883 4871 1051 4926 Deum
1079 4888 1287 4937 verum,
1319 4875 1620 4930 cmlestium
1672 4878 1916 4947 eloquio-

339 4971 456 5012 rum
503 4963 851 5017 attestatione
907 4965 1318 5031 cognoscimus;
1366 4975 1458 5020 aut
1520 4982 1686 5020 unum
1730 4983 1920 5022 verum

340 5039 511 5104 Deum
542 5052 862 5128 naturaliter
901 5051 1116 5110 Patrem
1144 5042 1200 5110 et
1226 5055 1426 5110 Filium.
1467 5072 1590 5112 cum
1640 5057 1925 5113 catholicis

341 5149 610 5212 asset-ant,
643 5151 738 5196 aut
763 5143 899 5198 duos
922 5161 1080 5200 veros
1103 5146 1242 5219 deos
1266 5163 1295 5200 a
1323 5161 1380 5202 se
1411 5147 1536 5208 coli,
1569 5155 1758 5202 contra
1780 5149 1923 5203 veri-

343 5237 510 5286 tatem
560 5242 759 5288 sancue
809 5233 930 5291 ﬁdei
983 5237 1192 5304 dicant;
1228 5247 1321 5293 aut
1375 5246 1637 5294 creaturze
1691 5239 1924 5296 cultores

342 5323 549 5393 seipsos
572 5323 812 5394 proﬁteri
834 5343 942 5382 non
973 5337 1233 5395 metuant,
1270 5338 1327 5384 ut
1355 5330 1636 5385 veritatem
1666 5330 1759 5384 Dei
1788 5346 1845 5386 se
1869 5331 1920 5384 in

344 5416 685 5473 mendacium
737 5429 1095 5476 commutasse
1125 5421 1236 5491 ipsa
1263 5437 1444 5478 rerum
1496 5422 1925 5478 manifestatione

344 5519 692 5585 cognoscant.
721 5509 835 5566 Una
865 5512 1064 5582 quippe
1093 5514 1290 5569 veritas
1313 5514 1470 5586 unius
1499 5514 1609 5569 veri
1656 5513 1782 5578 Dei,
1819 5514 1924 5569 imo

422 5658 445 5683 ⁸·
479 5647 575 5702 Ms.
609 5648 783 5714 Colb.,
812 5665 916 5701 una
939 5665 1056 5702 vera
1085 5650 1291 5702 veritas.

420 5715 448 5755 ιδ
481 5718 600 5786 Ms.,
633 5718 696 5772 ab
725 5718 959 5773 omnibus
981 5719 1291 5772 simulacris.

423 5801 448 5860 ξ
474 5786 595 5860 Ms,
621 5788 844 5860 Propter
870 5805 1014 5860 eum,
1040 5798 1147 5844 etc.
1500 5859 1503 5860 ν
1557 5839 1559 5842 .

421 5857 448 5895 ἀ
482 5858 556 5929 Ms
591 5899 602 5922 ,
632 5857 854 5929 quiiero
877 5859 986 5913 Deo
1016 5877 1117 5913 non
1143 5860 1362 5913 mstimat
1379 5859 1718 5929 serviendum.

429 5939 451 5966 ε
484 5927 604 5990 Mr...
645 5927 823 5983 Deum
865 5946 1034 5984 rerum
1085 5946 1190 5983 nou
1221 5929 1374 5992 colit,
1409 5940 1458 5982 et
1509 5928 1618 5985 Deo
1669 5946 1784 5985 vero
1829 5945 1929 5982 non

350 6000 526 6056 servit.

433 6069 452 6110 ί
481 6069 604 6137 Ms,
630 6079 680 6122 et
713 6069 817 6124 Deo
840 6086 953 6124 vero
985 6087 1083 6129 uou
1106 6071 1337 6124 seri-itur.

2040 4877 2287 4950 (aqualem
2318 4873 2426 4926 Deo
2471 4870 2692 4940 (Philip.
2718 4885 2774 4932 ιι,
2801 4866 2887 4939 6);
2922 4867 3097 4920 minor
3140 4874 3340 4929 autem,
3371 4865 3493 4934 quia
3539 4881 3594 4916 se

2030 4956 2305 5036 ’καίρια
2320 4961 2630 5026 exinauivit,
2653 4960 2881 5030 formam
2897 4957 3304 5028 semiaccipiens
3329 4954 3512 5038 ,Ibid”
3541 4952 3612 5023 7).

2034 5056 2282 5129 Equalis
2310 5061 2396 5108 est
2425 5050 2568 5104 Patri
2596 5049 2782 5111 Filius,
2814 5049 2943 5119 quia
2982 5048 3050 5100 de
3082 5047 3316 5100 Domino
3353 5054 3514 5098 natus
3537 5051 3620 5098 est

2032 5149 2318 5211 Dominus;
2351 5146 2526 5198 minor
2551 5151 2633 5198 est
2653 5152 2833 5196 autem
2853 5140 3015 5194 Patre
3047 5137 3242 5202 Filius,
3271 5138 3394 5206 quia
3425 5137 3494 5191 de
3522 5153 3608 5190 an-

2032 5240 2154 5295 cilla
2179 5237 2350 5292 iactus
2381 5225 2464 5290 est
2490 5249 2694 5290 servus.
2743 5231 2872 5286 lude
2912 5241 2993 5285 est
3025 5229 3166 5298 quod
3192 5229 3321 5282 dicit
3349 5229 3362 5279 ‘:
3392 5227 3469 5282 De
3508 5246 3596 5283 ven

2035 5343 2109 5386 tre
2130 5331 2311 5385 matris
2356 5345 2504 5393 mea,
2537 5325 2675 5380 Deus
2717 5340 2857 5378 meus
2901 5340 2954 5376 es
3012 5331 3060 5373 tu
3112 5319 3283 5389 (Psal.
3332 5336 3445 5387 xu,
3505 5319 3592 5387 Η)

2034 5420 2100 5476 Et
2124 5421 2316 5476 iterum
2348 5437 2361 5472 :
2388 5419 2432 5472 Ο
2459 5418 2695 5479 Domine,
2712 5432 2803 5486 ego
2826 5429 2998 5467 servus
3025 5420 3159 5475 tuus,
3182 5419 3230 5464 et
3254 5411 3394 5480 ﬁlius
3414 5411 3610 5465 ancilla

2037 5524 2137 5567 tute
2185 5510 2357 5583 (Psal.
2393 5526 2514 5573 ων,
2548 5507 2623 5578 6).
2655 5504 2899 5574 Ᾱῐίιιιίιιίε
2944 5509 3026 5557 est
3084 5499 3230 5556 Patri
3260 5499 3460 5565 Filius,
3493 5503 3612 5570 quia

2105 5657 2132 5694 α
2164 5647 2260 5701 Ms.
2294 5644 2559 5700 Culturam
2604 5645 2707 5698 veri
2739 5641 2833 5696 De:
2887 5650 3136 5694 creatura:
3165 5638 3440 5710 conjungi;
3466 5637 3611 5703 editi,

2035 5716 2145 5790 Deo
2165 5726 2572 5790 creatura:qu
2715 5783 2726 5790 _
2772 5785 2782 5790 Α
2926 5782 2937 5790 ι
3013 5770 3017 5775 .

2111 5785 2134 5823 ὺ
2165 5787 2346 5850 Basi|.,
2380 5777 2507 5841 tntilli
2530 5783 2641 5839 Deo
2682 5783 2806 5837 sinit
2850 5782 3069 5838 cultura:
3095 5797 3155 5834 ac
3184 5779 3438 5833 servitutis
3468 5777 3637 5833 obse-.

2038 5857 2210 5926 quium
2239 5858 2338 5910 nisi
2362 5859 2448 5926 qui
2470 5866 2658 5909 natura
2686 5851 2940 5926 Deusqest.
2976 5850 3076 5916 Qui
3119 5862 3286 5906 autem
3327 5866 3429 5902 non
3471 5859 3545 5900 est
3583 5865 3609 5902 α

2033 5923 2223 5997 natura
2256 5927 2353 5980 Dei
2375 5923 2583 5987 il’alris,
2615 5926 2726 5977 sine
2751 5923 2903 5977 dubio
2933 5933 3105 5997 creata
3127 5932 3313 5997 matura
3340 5928 3463 5997 est.

2118 5999 2129 6031 ί
2163 5996 2310 6059 Αηι.,
2344 5999 2508 6050 omnis
2531 6004 2699 6048 autem
2723 6005 2978 6048 creatura.
3014 5991 3108 6045 Ms.
3142 5991 3293 6045 Coll».
3323 5991 3608 6066 orrmisau.

2043 6075 2138 6120 tem
2167 6076 2371 6124 natura.
2389 6077 2392 6085 ’
