  <div class='ocr_page' id='page_1' title='image "/cluster/home/n/w/nwhite01/storage/ocr_20150623/65/hvd.32044015469315/191.png"; bbox 0 0 4120 6502; ppageno 0'>
   <div class='ocr_carea' id='block_1_1' title="bbox 599 462 701 523">
    <p class='ocr_par' dir='ltr' id='par_1_1' title="bbox 599 462 701 523">
     <span class='ocr_line' id='line_1_1' title="bbox 599 462 701 523; baseline 0.049 -6"><span class='ocrx_word' id='word_1_1' title='bbox 599 462 701 523; x_wconf 72' lang='grc' dir='ltr'><strong>5ῢῖ</strong></span> 
     </span>
    </p>
   </div>
   <div class='ocr_carea' id='block_1_2' title="bbox 1634 465 2832 526">
    <p class='ocr_par' dir='ltr' id='par_1_2' title="bbox 1634 465 2832 526">
     <span class='ocr_line' id='line_1_2' title="bbox 1634 465 2832 526; baseline 0.003 -6"><span class='ocrx_word' id='word_1_2' title='bbox 1634 471 1684 520; x_wconf 86' lang='lat' dir='ltr'><strong>S.</strong></span> <span class='ocrx_word' id='word_1_3' title='bbox 1732 466 2089 523; x_wconf 57' lang='lat' dir='ltr'><strong>l’IILCE-NTII</strong></span> <span class='ocrx_word' id='word_1_4' title='bbox 2132 465 2431 524; x_wconf 79' lang='lat' dir='ltr'><strong>EPISCOI&#39;I</strong></span> <span class='ocrx_word' id='word_1_5' title='bbox 2469 467 2832 526; x_wconf 71' lang='lat' dir='ltr'><strong>ill&#39;SPENSlS</strong></span> 
     </span>
    </p>
   </div>
   <div class='ocr_carea' id='block_1_3' title="bbox 3777 469 3872 526">
    <p class='ocr_par' dir='ltr' id='par_1_3' title="bbox 3777 469 3872 526">
     <span class='ocr_line' id='line_1_3' title="bbox 3777 469 3872 526; baseline 0 -1"><span class='ocrx_word' id='word_1_6' title='bbox 3777 469 3872 526; x_wconf 78' lang='lat'><strong>358</strong></span> 
     </span>
    </p>
   </div>
   <div class='ocr_carea' id='block_1_4' title="bbox 597 581 3868 655">
    <p class='ocr_par' dir='ltr' id='par_1_4' title="bbox 597 581 3868 655">
     <span class='ocr_line' id='line_1_4' title="bbox 597 581 3868 655; baseline 0.002 -24"><span class='ocrx_word' id='word_1_7' title='bbox 597 582 783 633; x_wconf 79' lang='lat' dir='ltr'><strong>Omnia</strong></span> <span class='ocrx_word' id='word_1_8' title='bbox 809 595 898 650; x_wconf 88' lang='lat' dir='ltr'><strong>per</strong></span> <span class='ocrx_word' id='word_1_9' title='bbox 927 583 1094 650; x_wconf 85' lang='lat' dir='ltr'><strong>ipsum</strong></span> <span class='ocrx_word' id='word_1_10' title='bbox 1124 583 1263 652; x_wconf 80' lang='lat' dir='ltr'><strong>facta</strong></span> <span class='ocrx_word' id='word_1_11' title='bbox 1313 592 1454 650; x_wconf 79' lang='lat' dir='ltr'><strong>sunt,</strong></span> <span class='ocrx_word' id='word_1_12' title='bbox 1481 594 1530 637; x_wconf 83' lang='lat' dir='ltr'><strong>et</strong></span> <span class='ocrx_word' id='word_1_13' title='bbox 1554 599 1666 638; x_wconf 80' lang='lat' dir='ltr'><strong>sine</strong></span> <span class='ocrx_word' id='word_1_14' title='bbox 1711 592 1822 654; x_wconf 71' lang='lat' dir='ltr'><strong>ipso</strong></span> <span class='ocrx_word' id='word_1_15' title='bbox 1872 587 2064 655; x_wconf 76' lang='lat' dir='ltr'><strong>factum</strong></span> <span class='ocrx_word' id='word_1_16' title='bbox 2094 593 2168 637; x_wconf 82' lang='lat' dir='ltr'><strong>est</strong></span> <span class='ocrx_word' id='word_1_17' title='bbox 2197 591 2240 646; x_wconf 80' lang='grc' dir='ltr'>Α</span> <span class='ocrx_word' id='word_1_18' title='bbox 2272 602 2433 654; x_wconf 82' lang='lat' dir='ltr'><strong>super</strong></span> <span class='ocrx_word' id='word_1_19' title='bbox 2479 589 2656 640; x_wconf 91' lang='lat' dir='ltr'><strong>oumia</strong></span> <span class='ocrx_word' id='word_1_20' title='bbox 2697 586 2839 641; x_wconf 90' lang='lat' dir='ltr'><strong>Dcus</strong></span> <span class='ocrx_word' id='word_1_21' title='bbox 2885 585 3197 640; x_wconf 75' lang='lat' dir='ltr'><strong>benedictus</strong></span> <span class='ocrx_word' id='word_1_22' title='bbox 3250 585 3302 638; x_wconf 89' lang='lat' dir='ltr'><strong>in</strong></span> <span class='ocrx_word' id='word_1_23' title='bbox 3348 583 3590 640; x_wconf 71' lang='lat' dir='ltr'><strong>saecula.</strong></span> <span class='ocrx_word' id='word_1_24' title='bbox 3647 581 3725 638; x_wconf 86' lang='lat' dir='ltr'><strong>De</strong></span> <span class='ocrx_word' id='word_1_25' title='bbox 3765 585 3868 653; x_wconf 81' lang='lat' dir='ltr'><strong>ipso</strong></span> 
     </span>
    </p>
   </div>
   <div class='ocr_carea' id='block_1_5' title="bbox 595 671 2167 742">
    <p class='ocr_par' dir='ltr' id='par_1_5' title="bbox 595 671 2167 742">
     <span class='ocr_line' id='line_1_5' title="bbox 595 671 2167 742; baseline 0.004 -19"><span class='ocrx_word' id='word_1_26' title='bbox 595 671 725 725; x_wconf 89' lang='lat' dir='ltr'><strong>nihil</strong></span> <span class='ocrx_word' id='word_1_27' title='bbox 747 671 926 740; x_wconf 85' lang='lat' dir='ltr'><strong>(Joan.</strong></span> <span class='ocrx_word' id='word_1_28' title='bbox 964 688 1000 737; x_wconf 89' lang='lat' dir='ltr'><strong>I,</strong></span> <span class='ocrx_word' id='word_1_29' title='bbox 1027 672 1114 742; x_wconf 79' lang='lat'><strong>5);</strong></span> <span class='ocrx_word' id='word_1_30' title='bbox 1139 674 1318 728; x_wconf 91' lang='lat' dir='ltr'><strong>minor</strong></span> <span class='ocrx_word' id='word_1_31' title='bbox 1342 685 1422 729; x_wconf 90' lang='lat' dir='ltr'><strong>est</strong></span> <span class='ocrx_word' id='word_1_32' title='bbox 1450 684 1625 729; x_wconf 90' lang='lat' dir='ltr'><strong>autem</strong></span> <span class='ocrx_word' id='word_1_33' title='bbox 1652 674 1809 730; x_wconf 90' lang='lat' dir='ltr'><strong>Patre</strong></span> <span class='ocrx_word' id='word_1_34' title='bbox 1840 677 2018 742; x_wconf 66' lang='lat' dir='ltr'><strong>l-‘ilius,</strong></span> <span class='ocrx_word' id='word_1_35' title='bbox 2043 677 2167 742; x_wconf 86' lang='lat' dir='ltr'><strong>quia</strong></span> 
     </span>
    </p>
   </div>
   <div class='ocr_carea' id='block_1_6' title="bbox 594 763 2167 838">
    <p class='ocr_par' dir='ltr' id='par_1_6' title="bbox 594 763 2167 838">
     <span class='ocr_line' id='line_1_6' title="bbox 594 763 2167 838; baseline 0.003 -24"><span class='ocrx_word' id='word_1_36' title='bbox 594 765 760 832; x_wconf 79' lang='lat' dir='ltr'><strong>{actus</strong></span> <span class='ocrx_word' id='word_1_37' title='bbox 789 771 865 815; x_wconf 89' lang='lat' dir='ltr'><strong>est</strong></span> <span class='ocrx_word' id='word_1_38' title='bbox 891 780 956 816; x_wconf 78' lang='lat' dir='ltr'><strong>ex</strong></span> <span class='ocrx_word' id='word_1_39' title='bbox 996 763 1226 830; x_wconf 79' lang='lat' dir='ltr'><strong>muliere,</strong></span> <span class='ocrx_word' id='word_1_40' title='bbox 1257 768 1423 837; x_wconf 81' lang='lat' dir='ltr'><strong>[actus</strong></span> <span class='ocrx_word' id='word_1_41' title='bbox 1469 765 1560 820; x_wconf 89' lang='lat' dir='ltr'><strong>sub</strong></span> <span class='ocrx_word' id='word_1_42' title='bbox 1589 767 1698 838; x_wconf 83' lang='lat' dir='ltr'><strong>lege</strong></span> <span class='ocrx_word' id='word_1_43' title='bbox 1720 765 1862 837; x_wconf 84' lang='lat' dir='ltr'><strong>(Gal.</strong></span> <span class='ocrx_word' id='word_1_44' title='bbox 1887 781 1960 830; x_wconf 81' lang='lat' dir='ltr'><strong>tv,</strong></span> <span class='ocrx_word' id='word_1_45' title='bbox 1991 766 2068 836; x_wconf 70' lang='grc'><strong>4).</strong></span> <span class='ocrx_word' id='word_1_46' title='bbox 2101 767 2167 819; x_wconf 76' lang='lat' dir='ltr'><strong>Et</strong></span> 
     </span>
    </p>
   </div>
   <div class='ocr_carea' id='block_1_7' title="bbox 593 852 2164 912">
    <p class='ocr_par' dir='ltr' id='par_1_7' title="bbox 593 852 2164 912">
     <span class='ocr_line' id='line_1_7' title="bbox 593 852 2164 912; baseline 0.003 -7"><span class='ocrx_word' id='word_1_47' title='bbox 593 853 714 906; x_wconf 90' lang='lat' dir='ltr'><strong>ideo</strong></span> <span class='ocrx_word' id='word_1_48' title='bbox 742 852 880 907; x_wconf 80' lang='lat' dir='ltr'><strong>sicut</strong></span> <span class='ocrx_word' id='word_1_49' title='bbox 903 854 1167 909; x_wconf 73' lang='lat' dir='ltr'><strong>veraciter</strong></span> <span class='ocrx_word' id='word_1_50' title='bbox 1194 855 1290 910; x_wconf 89' lang='lat' dir='ltr'><strong>Dei</strong></span> <span class='ocrx_word' id='word_1_51' title='bbox 1339 856 1502 912; x_wconf 84' lang='lat' dir='ltr'><strong>Filius</strong></span> <span class='ocrx_word' id='word_1_52' title='bbox 1529 856 1640 911; x_wconf 92' lang='lat' dir='ltr'><strong>Deo</strong></span> <span class='ocrx_word' id='word_1_53' title='bbox 1693 855 1837 911; x_wconf 91' lang='lat' dir='ltr'><strong>Patri</strong></span> <span class='ocrx_word' id='word_1_54' title='bbox 1867 865 2164 912; x_wconf 73' lang='lat' dir='ltr'><strong>coaeternus</strong></span> 
     </span>
    </p>
   </div>
   <div class='ocr_carea' id='block_1_8' title="bbox 591 945 2162 1019">
    <p class='ocr_par' dir='ltr' id='par_1_8' title="bbox 591 945 2162 1019">
     <span class='ocr_line' id='line_1_8' title="bbox 591 945 2162 1019; baseline 0.004 -22"><span class='ocrx_word' id='word_1_55' title='bbox 591 945 919 1012; x_wconf 75' lang='lat' dir='ltr'><strong>agnoscitur,</strong></span> <span class='ocrx_word' id='word_1_56' title='bbox 949 945 1026 1000; x_wconf 88' lang='lat' dir='ltr'><strong>sic</strong></span> <span class='ocrx_word' id='word_1_57' title='bbox 1054 948 1315 1003; x_wconf 73' lang='lat' dir='ltr'><strong>veraciter</strong></span> <span class='ocrx_word' id='word_1_58' title='bbox 1343 957 1517 1004; x_wconf 88' lang='lat' dir='ltr'><strong>matre</strong></span> <span class='ocrx_word' id='word_1_59' title='bbox 1565 949 1831 1019; x_wconf 71' lang='lat' dir='ltr'><strong>posterior</strong></span> <span class='ocrx_word' id='word_1_60' title='bbox 1877 949 2162 1003; x_wconf 71' lang='lat' dir='ltr'><strong>invenitur.</strong></span> 
     </span>
    </p>
   </div>
   <div class='ocr_carea' id='block_1_9' title="bbox 661 1036 2165 1111">
    <p class='ocr_par' dir='ltr' id='par_1_9' title="bbox 661 1036 2165 1111">
     <span class='ocr_line' id='line_1_9' title="bbox 661 1036 2165 1111; baseline 0.006 -22"><span class='ocrx_word' id='word_1_61' title='bbox 661 1036 748 1090; x_wconf 74' lang='grc' dir='ltr'><strong>Η.</strong></span> <span class='ocrx_word' id='word_1_62' title='bbox 783 1036 1017 1092; x_wconf 86' lang='lat' dir='ltr'><strong>Primam</strong></span> <span class='ocrx_word' id='word_1_63' title='bbox 1065 1041 1264 1111; x_wconf 85' lang='lat' dir='ltr'><strong>quippe</strong></span> <span class='ocrx_word' id='word_1_64' title='bbox 1308 1043 1638 1098; x_wconf 85' lang='lat' dir='ltr'><strong>nativitatem</strong></span> <span class='ocrx_word' id='word_1_65' title='bbox 1685 1043 1804 1098; x_wconf 84' lang='lat' dir='ltr'><strong>Filii</strong></span> <span class='ocrx_word' id='word_1_66' title='bbox 1860 1043 2165 1098; x_wconf 74' lang='lat' dir='ltr'><strong>nullatenus</strong></span> 
     </span>
    </p>
   </div>
   <div class='ocr_carea' id='block_1_10' title="bbox 589 1130 2164 1225">
    <p class='ocr_par' dir='ltr' id='par_1_10' title="bbox 589 1130 2164 1225">
     <span class='ocr_line' id='line_1_10' title="bbox 589 1130 2164 1225; baseline 0.004 -43"><span class='ocrx_word' id='word_1_67' title='bbox 589 1130 862 1196; x_wconf 78' lang='lat' dir='ltr'><strong>praecessit</strong></span> <span class='ocrx_word' id='word_1_68' title='bbox 917 1133 1188 1189; x_wconf 56' lang='lat' dir='ltr'><strong>aeternitas</strong></span> <span class='ocrx_word' id='word_1_69' title='bbox 1235 1130 1427 1201; x_wconf 79' lang='lat' dir='ltr'><strong>Patris,</strong></span> <span class='ocrx_word' id='word_1_70' title='bbox 1460 1134 1842 1225; x_wconf 50' lang='lat' dir='ltr'><strong>cujus.tamen</strong></span> <span class='ocrx_word' id='word_1_71' title='bbox 1871 1134 2164 1189; x_wconf 87' lang='lat' dir='ltr'><strong>secundam</strong></span> 
     </span>
    </p>
   </div>
   <div class='ocr_carea' id='block_1_11' title="bbox 593 1221 2161 1299">
    <p class='ocr_par' dir='ltr' id='par_1_11' title="bbox 593 1221 2161 1299">
     <span class='ocr_line' id='line_1_11' title="bbox 593 1221 2161 1299; baseline 0.007 -28"><span class='ocrx_word' id='word_1_72' title='bbox 593 1221 930 1279; x_wconf 79' lang='lat' dir='ltr'><strong>nativitatem</strong></span> <span class='ocrx_word' id='word_1_73' title='bbox 951 1225 1221 1295; x_wconf 77' lang='lat' dir='ltr'><strong>praecessit</strong></span> <span class='ocrx_word' id='word_1_74' title='bbox 1247 1227 1559 1296; x_wconf 86' lang='lat' dir='ltr'><strong>temporalis</strong></span> <span class='ocrx_word' id='word_1_75' title='bbox 1582 1221 1832 1280; x_wconf 57' lang='lat' dir='ltr'><strong>na&#39;tivitas</strong></span> <span class='ocrx_word' id='word_1_76' title='bbox 1857 1227 2014 1299; x_wconf 74' lang='lat'><strong>203</strong></span> <span class='ocrx_word' id='word_1_77' title='bbox 2044 1241 2161 1280; x_wconf 87' lang='lat' dir='ltr'><strong>ma-</strong></span> 
     </span>
    </p>
   </div>
   <div class='ocr_carea' id='block_1_12' title="bbox 590 1313 2160 1386">
    <p class='ocr_par' dir='ltr' id='par_1_12' title="bbox 590 1313 2160 1386">
     <span class='ocr_line' id='line_1_12' title="bbox 590 1313 2160 1386; baseline 0.004 -22"><span class='ocrx_word' id='word_1_78' title='bbox 590 1313 703 1367; x_wconf 86' lang='lat' dir='ltr'><strong>tris.</strong></span> <span class='ocrx_word' id='word_1_79' title='bbox 729 1313 787 1369; x_wconf 89' lang='lat' dir='ltr'><strong>In</strong></span> <span class='ocrx_word' id='word_1_80' title='bbox 818 1315 906 1370; x_wconf 91' lang='lat' dir='ltr'><strong>illa</strong></span> <span class='ocrx_word' id='word_1_81' title='bbox 951 1317 1148 1386; x_wconf 87' lang='lat' dir='ltr'><strong>quippe</strong></span> <span class='ocrx_word' id='word_1_82' title='bbox 1198 1325 1386 1371; x_wconf 84' lang='lat' dir='ltr'><strong>natura</strong></span> <span class='ocrx_word' id='word_1_83' title='bbox 1416 1317 1510 1372; x_wconf 88' lang='lat' dir='ltr'><strong>Dci</strong></span> <span class='ocrx_word' id='word_1_84' title='bbox 1541 1316 1732 1383; x_wconf 81' lang='lat' dir='ltr'><strong>Patris,</strong></span> <span class='ocrx_word' id='word_1_85' title='bbox 1763 1332 1884 1386; x_wconf 76' lang='lat' dir='ltr'><strong>quae</strong></span> <span class='ocrx_word' id='word_1_86' title='bbox 1905 1332 2024 1371; x_wconf 88' lang='lat' dir='ltr'><strong>esse</strong></span> <span class='ocrx_word' id='word_1_87' title='bbox 2053 1332 2160 1371; x_wconf 90' lang='lat' dir='ltr'><strong>non</strong></span> 
     </span>
    </p>
   </div>
   <div class='ocr_carea' id='block_1_13' title="bbox 586 1404 2163 1472">
    <p class='ocr_par' dir='ltr' id='par_1_13' title="bbox 586 1404 2163 1472">
     <span class='ocr_line' id='line_1_13' title="bbox 586 1404 2163 1472; baseline 0.003 -16"><span class='ocrx_word' id='word_1_88' title='bbox 586 1404 768 1472; x_wconf 73' lang='lat' dir='ltr'><strong>cmpit,</strong></span> <span class='ocrx_word' id='word_1_89' title='bbox 796 1405 862 1461; x_wconf 93' lang='lat' dir='ltr'><strong>de</strong></span> <span class='ocrx_word' id='word_1_90' title='bbox 881 1415 1086 1462; x_wconf 85' lang='lat' dir='ltr'><strong>aeterno</strong></span> <span class='ocrx_word' id='word_1_91' title='bbox 1112 1406 1270 1462; x_wconf 85' lang='lat' dir='ltr'><strong>Patre</strong></span> <span class='ocrx_word' id='word_1_92' title='bbox 1296 1416 1602 1462; x_wconf 72' lang='lat' dir='ltr'><strong>coaeternus</strong></span> <span class='ocrx_word' id='word_1_93' title='bbox 1629 1415 1710 1462; x_wconf 89' lang='lat' dir='ltr'><strong>est</strong></span> <span class='ocrx_word' id='word_1_94' title='bbox 1738 1407 1903 1462; x_wconf 83' lang='lat' dir='ltr'><strong>Filius</strong></span> <span class='ocrx_word' id='word_1_95' title='bbox 1949 1407 2163 1460; x_wconf 84' lang='lat' dir='ltr'><strong>inenar-</strong></span> 
     </span>
    </p>
   </div>
   <div class='ocr_carea' id='block_1_14' title="bbox 587 1492 2162 1566">
    <p class='ocr_par' dir='ltr' id='par_1_14' title="bbox 587 1492 2162 1566">
     <span class='ocr_line' id='line_1_14' title="bbox 587 1492 2162 1566; baseline 0.003 -23"><span class='ocrx_word' id='word_1_96' title='bbox 587 1492 827 1548; x_wconf 89' lang='lat' dir='ltr'><strong>rabiliter</strong></span> <span class='ocrx_word' id='word_1_97' title='bbox 848 1497 1121 1562; x_wconf 81' lang='lat' dir='ltr'><strong>natus;.iu</strong></span> <span class='ocrx_word' id='word_1_98' title='bbox 1152 1506 1342 1550; x_wconf 89' lang='lat' dir='ltr'><strong>natura</strong></span> <span class='ocrx_word' id='word_1_99' title='bbox 1375 1497 1624 1566; x_wconf 77' lang='lat' dir='ltr'><strong>Virginis,</strong></span> <span class='ocrx_word' id='word_1_100' title='bbox 1665 1513 1785 1566; x_wconf 83' lang='lat' dir='ltr'><strong>quae</strong></span> <span class='ocrx_word' id='word_1_101' title='bbox 1833 1511 1950 1551; x_wconf 89' lang='lat' dir='ltr'><strong>esse</strong></span> <span class='ocrx_word' id='word_1_102' title='bbox 1997 1496 2162 1564; x_wconf 61' lang='lat' dir='ltr'><strong>coepit</strong></span> 
     </span>
    </p>
   </div>
   <div class='ocr_carea' id='block_1_15' title="bbox 583 1585 2160 1657">
    <p class='ocr_par' dir='ltr' id='par_1_15' title="bbox 583 1585 2160 1657">
     <span class='ocr_line' id='line_1_15' title="bbox 583 1585 2160 1657; baseline 0.003 -21"><span class='ocrx_word' id='word_1_103' title='bbox 583 1595 650 1636; x_wconf 81' lang='lat' dir='ltr'><strong>ex</strong></span> <span class='ocrx_word' id='word_1_104' title='bbox 690 1590 953 1654; x_wconf 90' lang='lat' dir='ltr'><strong>tempore,</strong></span> <span class='ocrx_word' id='word_1_105' title='bbox 993 1585 1061 1640; x_wconf 90' lang='lat' dir='ltr'><strong>de</strong></span> <span class='ocrx_word' id='word_1_106' title='bbox 1116 1587 1396 1656; x_wconf 85' lang='lat' dir='ltr'><strong>temporali</strong></span> <span class='ocrx_word' id='word_1_107' title='bbox 1451 1596 1621 1640; x_wconf 87' lang='lat' dir='ltr'><strong>matre</strong></span> <span class='ocrx_word' id='word_1_108' title='bbox 1671 1587 2036 1657; x_wconf 87' lang='lat' dir='ltr'><strong>temporaliter</strong></span> <span class='ocrx_word' id='word_1_109' title='bbox 2079 1593 2160 1641; x_wconf 87' lang='lat' dir='ltr'><strong>est</strong></span> 
     </span>
    </p>
   </div>
   <div class='ocr_carea' id='block_1_16' title="bbox 583 1671 2158 1747">
    <p class='ocr_par' dir='ltr' id='par_1_16' title="bbox 583 1671 2158 1747">
     <span class='ocr_line' id='line_1_16' title="bbox 583 1671 2158 1747; baseline 0.004 -22"><span class='ocrx_word' id='word_1_110' title='bbox 583 1671 723 1727; x_wconf 90' lang='lat' dir='ltr'><strong>idem</strong></span> <span class='ocrx_word' id='word_1_111' title='bbox 749 1673 914 1730; x_wconf 87' lang='lat' dir='ltr'><strong>Filius</strong></span> <span class='ocrx_word' id='word_1_112' title='bbox 970 1677 1384 1731; x_wconf 86' lang='lat' dir='ltr'><strong>misericorditer</strong></span> <span class='ocrx_word' id='word_1_113' title='bbox 1412 1686 1713 1744; x_wconf 82' lang='lat' dir='ltr'><strong>generatus.</strong></span> <span class='ocrx_word' id='word_1_114' title='bbox 1758 1677 1816 1731; x_wconf 88' lang='lat' dir='ltr'><strong>In</strong></span> <span class='ocrx_word' id='word_1_115' title='bbox 1865 1693 1927 1732; x_wconf 88' lang='lat' dir='ltr'><strong>ea</strong></span> <span class='ocrx_word' id='word_1_116' title='bbox 1976 1678 2158 1747; x_wconf 84' lang='lat' dir='ltr'><strong>itaque</strong></span> 
     </span>
    </p>
   </div>
   <div class='ocr_carea' id='block_1_17' title="bbox 582 1766 2155 1838">
    <p class='ocr_par' dir='ltr' id='par_1_17' title="bbox 582 1766 2155 1838">
     <span class='ocr_line' id='line_1_17' title="bbox 582 1766 2155 1838; baseline 0.004 -20"><span class='ocrx_word' id='word_1_117' title='bbox 582 1774 773 1820; x_wconf 87' lang='lat' dir='ltr'><strong>natura</strong></span> <span class='ocrx_word' id='word_1_118' title='bbox 802 1766 896 1821; x_wconf 89' lang='lat' dir='ltr'><strong>Dei</strong></span> <span class='ocrx_word' id='word_1_119' title='bbox 926 1766 1090 1822; x_wconf 86' lang='lat' dir='ltr'><strong>Filius</strong></span> <span class='ocrx_word' id='word_1_120' title='bbox 1110 1769 1330 1838; x_wconf 75' lang='lat' dir='ltr'><strong>aequalis</strong></span> <span class='ocrx_word' id='word_1_121' title='bbox 1357 1777 1439 1823; x_wconf 92' lang='lat' dir='ltr'><strong>est</strong></span> <span class='ocrx_word' id='word_1_122' title='bbox 1465 1767 1627 1834; x_wconf 89' lang='lat' dir='ltr'><strong>Patri,</strong></span> <span class='ocrx_word' id='word_1_123' title='bbox 1661 1769 1712 1822; x_wconf 93' lang='lat' dir='ltr'><strong>in</strong></span> <span class='ocrx_word' id='word_1_124' title='bbox 1737 1783 1840 1838; x_wconf 91' lang='lat' dir='ltr'><strong>qua</strong></span> <span class='ocrx_word' id='word_1_125' title='bbox 1867 1779 1993 1824; x_wconf 86' lang='lat' dir='ltr'><strong>ante</strong></span> <span class='ocrx_word' id='word_1_126' title='bbox 2041 1785 2155 1824; x_wconf 84' lang='lat' dir='ltr'><strong>om-</strong></span> 
     </span>
    </p>
   </div>
   <div class='ocr_carea' id='block_1_18' title="bbox 582 1854 2158 1925">
    <p class='ocr_par' dir='ltr' id='par_1_18' title="bbox 582 1854 2158 1925">
     <span class='ocr_line' id='line_1_18' title="bbox 582 1854 2158 1925; baseline 0.005 -17"><span class='ocrx_word' id='word_1_127' title='bbox 582 1854 668 1909; x_wconf 88' lang='lat' dir='ltr'><strong>nia</strong></span> <span class='ocrx_word' id='word_1_128' title='bbox 697 1864 995 1911; x_wconf 75' lang='lat' dir='ltr'><strong>coaeternus</strong></span> <span class='ocrx_word' id='word_1_129' title='bbox 1024 1864 1106 1912; x_wconf 91' lang='lat' dir='ltr'><strong>est</strong></span> <span class='ocrx_word' id='word_1_130' title='bbox 1159 1857 1331 1925; x_wconf 90' lang='lat' dir='ltr'><strong>Patri;</strong></span> <span class='ocrx_word' id='word_1_131' title='bbox 1363 1867 1417 1913; x_wconf 90' lang='lat' dir='ltr'><strong>et</strong></span> <span class='ocrx_word' id='word_1_132' title='bbox 1443 1859 1496 1912; x_wconf 88' lang='lat' dir='ltr'><strong>in</strong></span> <span class='ocrx_word' id='word_1_133' title='bbox 1541 1875 1603 1913; x_wconf 89' lang='lat' dir='ltr'><strong>ea</strong></span> <span class='ocrx_word' id='word_1_134' title='bbox 1633 1869 1820 1914; x_wconf 89' lang='lat' dir='ltr'><strong>natura</strong></span> <span class='ocrx_word' id='word_1_135' title='bbox 1870 1867 1952 1915; x_wconf 93' lang='lat' dir='ltr'><strong>est</strong></span> <span class='ocrx_word' id='word_1_136' title='bbox 1993 1860 2158 1916; x_wconf 86' lang='lat' dir='ltr'><strong>Filius</strong></span> 
     </span>
    </p>
   </div>
   <div class='ocr_carea' id='block_1_19' title="bbox 2271 674 3862 749">
    <p class='ocr_par' dir='ltr' id='par_1_19' title="bbox 2271 674 3862 749">
     <span class='ocr_line' id='line_1_19' title="bbox 2271 674 3862 749; baseline -0.001 -19"><span class='ocrx_word' id='word_1_137' title='bbox 2271 678 2411 730; x_wconf 83' lang='lat' dir='ltr'><strong>enim</strong></span> <span class='ocrx_word' id='word_1_138' title='bbox 2461 693 2570 731; x_wconf 91' lang='lat' dir='ltr'><strong>uno</strong></span> <span class='ocrx_word' id='word_1_139' title='bbox 2609 676 2823 730; x_wconf 85' lang='lat' dir='ltr'><strong>Christo</strong></span> <span class='ocrx_word' id='word_1_140' title='bbox 2871 676 2962 730; x_wconf 90' lang='lat' dir='ltr'><strong>Dci</strong></span> <span class='ocrx_word' id='word_1_141' title='bbox 3013 675 3383 738; x_wconf 78' lang='lat' dir='ltr'><strong>Filiobeatus</strong></span> <span class='ocrx_word' id='word_1_142' title='bbox 3405 674 3719 749; x_wconf 79' lang='lat' dir='ltr'><strong>Apostolus</strong></span> <span class='ocrx_word' id='word_1_143' title='bbox 3764 677 3862 729; x_wconf 83' lang='lat' dir='ltr'><strong>ait:</strong></span> 
     </span>
    </p>
   </div>
   <div class='ocr_carea' id='block_1_20' title="bbox 2272 765 3864 837">
    <p class='ocr_par' dir='ltr' id='par_1_20' title="bbox 2272 765 3864 837">
     <span class='ocr_line' id='line_1_20' title="bbox 2272 765 3864 837; baseline -0.002 -17"><span class='ocrx_word' id='word_1_144' title='bbox 2272 765 2499 830; x_wconf 83' lang='lat' dir='ltr'><strong>Quorum</strong></span> <span class='ocrx_word' id='word_1_145' title='bbox 2527 777 2701 836; x_wconf 86' lang='lat' dir='ltr'><strong>patres</strong></span> <span class='ocrx_word' id='word_1_146' title='bbox 2719 808 2732 830; x_wconf 95' lang='lat'><strong>,</strong></span> <span class='ocrx_word' id='word_1_147' title='bbox 2773 777 2820 820; x_wconf 83' lang='lat' dir='ltr'><strong>et</strong></span> <span class='ocrx_word' id='word_1_148' title='bbox 2849 783 2912 821; x_wconf 73' lang='lat' dir='ltr'><strong>ex</strong></span> <span class='ocrx_word' id='word_1_149' title='bbox 2940 765 3121 837; x_wconf 88' lang='lat' dir='ltr'><strong>quibus</strong></span> <span class='ocrx_word' id='word_1_150' title='bbox 3152 765 3393 819; x_wconf 73' lang='lat' dir='ltr'><strong>Christus</strong></span> <span class='ocrx_word' id='word_1_151' title='bbox 3439 765 3740 820; x_wconf 67' lang='lat' dir='ltr'><strong>secundum</strong></span> <span class='ocrx_word' id='word_1_152' title='bbox 3763 783 3864 818; x_wconf 89' lang='lat' dir='ltr'><strong>car-</strong></span> 
     </span>
    </p>
   </div>
   <div class='ocr_carea' id='block_1_21' title="bbox 2269 857 3860 930">
    <p class='ocr_par' dir='ltr' id='par_1_21' title="bbox 2269 857 3860 930">
     <span class='ocr_line' id='line_1_21' title="bbox 2269 857 3860 930; baseline 0.001 -20"><span class='ocrx_word' id='word_1_153' title='bbox 2269 875 2383 912; x_wconf 91' lang='lat' dir='ltr'><strong>nem</strong></span> <span class='ocrx_word' id='word_1_154' title='bbox 2406 899 2420 922; x_wconf 93' lang='lat'><strong>,</strong></span> <span class='ocrx_word' id='word_1_155' title='bbox 2453 860 2540 930; x_wconf 89' lang='lat' dir='ltr'><strong>qui</strong></span> <span class='ocrx_word' id='word_1_156' title='bbox 2569 870 2643 912; x_wconf 90' lang='lat' dir='ltr'><strong>est</strong></span> <span class='ocrx_word' id='word_1_157' title='bbox 2668 877 2819 930; x_wconf 80' lang='lat' dir='ltr'><strong>super</strong></span> <span class='ocrx_word' id='word_1_158' title='bbox 2845 860 3018 912; x_wconf 83' lang='lat' dir='ltr'><strong>omnia</strong></span> <span class='ocrx_word' id='word_1_159' title='bbox 3059 857 3199 913; x_wconf 90' lang='lat' dir='ltr'><strong>Deus</strong></span> <span class='ocrx_word' id='word_1_160' title='bbox 3227 857 3546 914; x_wconf 82' lang='lat' dir='ltr'><strong>benedictus</strong></span> <span class='ocrx_word' id='word_1_161' title='bbox 3576 860 3632 911; x_wconf 82' lang='lat' dir='ltr'><strong>iu</strong></span> <span class='ocrx_word' id='word_1_162' title='bbox 3665 860 3860 912; x_wconf 62' lang='lat' dir='ltr'><strong>secula.</strong></span> 
     </span>
    </p>
   </div>
   <div class='ocr_carea' id='block_1_22' title="bbox 2271 948 3864 1022">
    <p class='ocr_par' dir='ltr' id='par_1_22' title="bbox 2271 948 3864 1022">
     <span class='ocr_line' id='line_1_22' title="bbox 2271 948 3864 1022; baseline 0.002 -21"><span class='ocrx_word' id='word_1_163' title='bbox 2271 948 2503 1006; x_wconf 85' lang='lat' dir='ltr'><strong>Proinde</strong></span> <span class='ocrx_word' id='word_1_164' title='bbox 2533 966 2656 1004; x_wconf 85' lang='lat' dir='ltr'><strong>vera</strong></span> <span class='ocrx_word' id='word_1_165' title='bbox 2689 951 2819 1005; x_wconf 88' lang='lat' dir='ltr'><strong>tides</strong></span> <span class='ocrx_word' id='word_1_166' title='bbox 2843 991 2856 1015; x_wconf 95' lang='lat'><strong>,</strong></span> <span class='ocrx_word' id='word_1_167' title='bbox 2901 965 3020 1019; x_wconf 82' lang='lat' dir='ltr'><strong>quac</strong></span> <span class='ocrx_word' id='word_1_168' title='bbox 3068 950 3120 1004; x_wconf 89' lang='lat' dir='ltr'><strong>in</strong></span> <span class='ocrx_word' id='word_1_169' title='bbox 3153 965 3257 1004; x_wconf 88' lang='lat' dir='ltr'><strong>uno</strong></span> <span class='ocrx_word' id='word_1_170' title='bbox 3301 948 3638 1022; x_wconf 82' lang='lat' dir='ltr'><strong>eodemque</strong></span> <span class='ocrx_word' id='word_1_171' title='bbox 3662 949 3864 1004; x_wconf 84' lang='lat' dir='ltr'><strong>Christo</strong></span> 
     </span>
    </p>
   </div>
   <div class='ocr_carea' id='block_1_23' title="bbox 2268 1041 3860 1111">
    <p class='ocr_par' dir='ltr' id='par_1_23' title="bbox 2268 1041 3860 1111">
     <span class='ocr_line' id='line_1_23' title="bbox 2268 1041 3860 1111; baseline 0 -15"><span class='ocrx_word' id='word_1_172' title='bbox 2268 1041 2545 1111; x_wconf 89' lang='lat' dir='ltr'><strong>utriusque</strong></span> <span class='ocrx_word' id='word_1_173' title='bbox 2563 1043 2741 1098; x_wconf 88' lang='lat' dir='ltr'><strong>credit</strong></span> <span class='ocrx_word' id='word_1_174' title='bbox 2785 1051 2840 1097; x_wconf 90' lang='lat' dir='ltr'><strong>et</strong></span> <span class='ocrx_word' id='word_1_175' title='bbox 2869 1041 3155 1097; x_wconf 77' lang='lat' dir='ltr'><strong>conﬁtetur</strong></span> <span class='ocrx_word' id='word_1_176' title='bbox 3201 1041 3538 1096; x_wconf 75' lang='lat' dir='ltr'><strong>substantiae</strong></span> <span class='ocrx_word' id='word_1_177' title='bbox 3569 1042 3860 1108; x_wconf 78' lang='lat' dir='ltr'><strong>veritatem,</strong></span> 
     </span>
    </p>
   </div>
   <div class='ocr_carea' id='block_1_24' title="bbox 2266 1132 3863 1204">
    <p class='ocr_par' dir='ltr' id='par_1_24' title="bbox 2266 1132 3863 1204">
     <span class='ocr_line' id='line_1_24' title="bbox 2266 1132 3863 1204; baseline 0 -19"><span class='ocrx_word' id='word_1_178' title='bbox 2266 1148 2431 1187; x_wconf 88' lang='lat' dir='ltr'><strong>unum</strong></span> <span class='ocrx_word' id='word_1_179' title='bbox 2460 1133 2814 1204; x_wconf 89' lang='lat' dir='ltr'><strong>eumdemque</strong></span> <span class='ocrx_word' id='word_1_180' title='bbox 2841 1134 3112 1192; x_wconf 85' lang='lat' dir='ltr'><strong>Christum</strong></span> <span class='ocrx_word' id='word_1_181' title='bbox 3152 1133 3245 1187; x_wconf 87' lang='lat' dir='ltr'><strong>Dei</strong></span> <span class='ocrx_word' id='word_1_182' title='bbox 3277 1132 3532 1197; x_wconf 71' lang='lat' dir='ltr'><strong>Filium,</strong></span> <span class='ocrx_word' id='word_1_183' title='bbox 3586 1142 3645 1186; x_wconf 88' lang='lat' dir='ltr'><strong>et</strong></span> <span class='ocrx_word' id='word_1_184' title='bbox 3684 1149 3863 1188; x_wconf 87' lang='lat' dir='ltr'><strong>secun-</strong></span> 
     </span>
    </p>
   </div>
   <div class='ocr_carea' id='block_1_25' title="bbox 2264 1222 3860 1294">
    <p class='ocr_par' dir='ltr' id='par_1_25' title="bbox 2264 1222 3860 1294">
     <span class='ocr_line' id='line_1_25' title="bbox 2264 1222 3860 1294; baseline 0.001 -17"><span class='ocrx_word' id='word_1_185' title='bbox 2264 1222 2390 1278; x_wconf 88' lang='lat' dir='ltr'><strong>dum</strong></span> <span class='ocrx_word' id='word_1_186' title='bbox 2421 1224 2698 1278; x_wconf 87' lang='lat' dir='ltr'><strong>veritatem</strong></span> <span class='ocrx_word' id='word_1_187' title='bbox 2727 1226 2902 1279; x_wconf 87' lang='lat' dir='ltr'><strong>carnis</strong></span> <span class='ocrx_word' id='word_1_188' title='bbox 2938 1224 3137 1279; x_wconf 78' lang='lat' dir='ltr'><strong>factum</strong></span> <span class='ocrx_word' id='word_1_189' title='bbox 3169 1223 3434 1294; x_wconf 79' lang='lat' dir='ltr'><strong>praedicat</strong></span> <span class='ocrx_word' id='word_1_190' title='bbox 3467 1223 3746 1277; x_wconf 85' lang='lat' dir='ltr'><strong>minorem</strong></span> <span class='ocrx_word' id='word_1_191' title='bbox 3770 1262 3784 1287; x_wconf 91' lang='lat'><strong>,</strong></span> <span class='ocrx_word' id='word_1_192' title='bbox 3813 1233 3860 1279; x_wconf 84' lang='lat' dir='ltr'><strong>et</strong></span> 
     </span>
    </p>
   </div>
   <div class='ocr_carea' id='block_1_26' title="bbox 2263 1313 3859 1372">
    <p class='ocr_par' dir='ltr' id='par_1_26' title="bbox 2263 1313 3859 1372">
     <span class='ocr_line' id='line_1_26' title="bbox 2263 1313 3859 1372; baseline 0.002 -5"><span class='ocrx_word' id='word_1_193' title='bbox 2263 1315 2558 1371; x_wconf 90' lang='lat' dir='ltr'><strong>secundum</strong></span> <span class='ocrx_word' id='word_1_194' title='bbox 2592 1316 2871 1370; x_wconf 85' lang='lat' dir='ltr'><strong>veritatem</strong></span> <span class='ocrx_word' id='word_1_195' title='bbox 2914 1316 3210 1370; x_wconf 81' lang='lat' dir='ltr'><strong>divinitatis</strong></span> <span class='ocrx_word' id='word_1_196' title='bbox 3247 1313 3557 1372; x_wconf 88' lang='lat' dir='ltr'><strong>Deo-Patri</strong></span> <span class='ocrx_word' id='word_1_197' title='bbox 3603 1316 3772 1371; x_wconf 81' lang='lat' dir='ltr'><strong>credit</strong></span> <span class='ocrx_word' id='word_1_198' title='bbox 3811 1326 3859 1370; x_wconf 89' lang='lat' dir='ltr'><strong>et</strong></span> 
     </span>
    </p>
   </div>
   <div class='ocr_carea' id='block_1_27' title="bbox 2264 1404 3855 1475">
    <p class='ocr_par' dir='ltr' id='par_1_27' title="bbox 2264 1404 3855 1475">
     <span class='ocr_line' id='line_1_27' title="bbox 2264 1404 3855 1475; baseline 0 -16"><span class='ocrx_word' id='word_1_199' title='bbox 2264 1404 2551 1460; x_wconf 81' lang='lat' dir='ltr'><strong>conﬁtetur</strong></span> <span class='ocrx_word' id='word_1_200' title='bbox 2589 1406 2870 1474; x_wconf 75' lang='lat' dir='ltr'><strong>aequalem.</strong></span> <span class='ocrx_word' id='word_1_201' title='bbox 2913 1406 3110 1475; x_wconf 85' lang='lat' dir='ltr'><strong>Sicque</strong></span> <span class='ocrx_word' id='word_1_202' title='bbox 3157 1405 3435 1460; x_wconf 85' lang='lat' dir='ltr'><strong>veraciter</strong></span> <span class='ocrx_word' id='word_1_203' title='bbox 3484 1421 3662 1460; x_wconf 89' lang='lat' dir='ltr'><strong>unum</strong></span> <span class='ocrx_word' id='word_1_204' title='bbox 3706 1405 3855 1460; x_wconf 82' lang='lat' dir='ltr'><strong>Deum</strong></span> 
     </span>
    </p>
   </div>
   <div class='ocr_carea' id='block_1_28' title="bbox 2259 1496 3854 1566">
    <p class='ocr_par' dir='ltr' id='par_1_28' title="bbox 2259 1496 3854 1566">
     <span class='ocr_line' id='line_1_28' title="bbox 2259 1496 3854 1566; baseline 0 -16"><span class='ocrx_word' id='word_1_205' title='bbox 2259 1511 2384 1552; x_wconf 92' lang='lat' dir='ltr'><strong>cum</strong></span> <span class='ocrx_word' id='word_1_206' title='bbox 2411 1496 2568 1552; x_wconf 88' lang='lat' dir='ltr'><strong>Patre</strong></span> <span class='ocrx_word' id='word_1_207' title='bbox 2598 1497 2789 1552; x_wconf 87' lang='lat' dir='ltr'><strong>Filium</strong></span> <span class='ocrx_word' id='word_1_208' title='bbox 2817 1513 2939 1552; x_wconf 87' lang='lat' dir='ltr'><strong>vera</strong></span> <span class='ocrx_word' id='word_1_209' title='bbox 2973 1496 3105 1554; x_wconf 87' lang='lat' dir='ltr'><strong>tidcs</strong></span> <span class='ocrx_word' id='word_1_210' title='bbox 3135 1497 3342 1562; x_wconf 88' lang='lat' dir='ltr'><strong>adorat,</strong></span> <span class='ocrx_word' id='word_1_211' title='bbox 3377 1511 3508 1566; x_wconf 79' lang='lat' dir='ltr'><strong>qua:</strong></span> <span class='ocrx_word' id='word_1_212' title='bbox 3537 1497 3618 1551; x_wconf 91' lang='lat' dir='ltr'><strong>sic</strong></span> <span class='ocrx_word' id='word_1_213' title='bbox 3642 1497 3732 1550; x_wconf 88' lang='lat' dir='ltr'><strong>uni</strong></span> <span class='ocrx_word' id='word_1_214' title='bbox 3760 1497 3854 1551; x_wconf 84' lang='lat' dir='ltr'><strong>Deo</strong></span> 
     </span>
    </p>
   </div>
   <div class='ocr_carea' id='block_1_29' title="bbox 2262 1587 3857 1652">
    <p class='ocr_par' dir='ltr' id='par_1_29' title="bbox 2262 1587 3857 1652">
     <span class='ocr_line' id='line_1_29' title="bbox 2262 1587 3857 1652; baseline -0.001 -10"><span class='ocrx_word' id='word_1_215' title='bbox 2262 1587 2416 1642; x_wconf 90' lang='lat' dir='ltr'><strong>novit</strong></span> <span class='ocrx_word' id='word_1_216' title='bbox 2459 1602 2489 1641; x_wconf 89' lang='lat' dir='ltr'><strong>a</strong></span> <span class='ocrx_word' id='word_1_217' title='bbox 2521 1588 2780 1642; x_wconf 87' lang='lat' dir='ltr'><strong>creaturis</strong></span> <span class='ocrx_word' id='word_1_218' title='bbox 2808 1587 3060 1644; x_wconf 88' lang='lat' dir='ltr'><strong>omnibus</strong></span> <span class='ocrx_word' id='word_1_219' title='bbox 3104 1587 3460 1642; x_wconf 85' lang='lat' dir='ltr'><strong>serviendum</strong></span> <span class='ocrx_word' id='word_1_220' title='bbox 3486 1625 3503 1652; x_wconf 95' lang='lat'><strong>,</strong></span> <span class='ocrx_word' id='word_1_221' title='bbox 3556 1597 3619 1641; x_wconf 89' lang='lat' dir='ltr'><strong>ut</strong></span> <span class='ocrx_word' id='word_1_222' title='bbox 3664 1588 3857 1640; x_wconf 88' lang='lat' dir='ltr'><strong>noverit</strong></span> 
     </span>
    </p>
   </div>
   <div class='ocr_carea' id='block_1_30' title="bbox 2259 1676 3821 1746">
    <p class='ocr_par' dir='ltr' id='par_1_30' title="bbox 2259 1676 3821 1746">
     <span class='ocr_line' id='line_1_30' title="bbox 2259 1676 3821 1746; baseline -0.002 -14"><span class='ocrx_word' id='word_1_223' title='bbox 2259 1687 2520 1733; x_wconf 73' lang='lat' dir='ltr'><strong>creatura:</strong></span> <span class='ocrx_word' id='word_1_224' title='bbox 2543 1693 2649 1731; x_wconf 90' lang='lat' dir='ltr'><strong>non</strong></span> <span class='ocrx_word' id='word_1_225' title='bbox 2677 1676 2860 1733; x_wconf 86' lang='lat' dir='ltr'><strong>deberi</strong></span> <span class='ocrx_word' id='word_1_226' title='bbox 2891 1678 3081 1732; x_wconf 76' lang='lat' dir='ltr'><strong>divinae</strong></span> <span class='ocrx_word' id='word_1_227' title='bbox 3114 1688 3135 1716; x_wconf 73' lang='grc' dir='ltr'><strong>ε</strong></span> <span class='ocrx_word' id='word_1_228' title='bbox 3168 1677 3453 1732; x_wconf 85' lang='lat' dir='ltr'><strong>servitutis</strong></span> <span class='ocrx_word' id='word_1_229' title='bbox 3483 1677 3821 1746; x_wconf 87' lang='lat' dir='ltr'><strong>obsequium.</strong></span> 
     </span>
    </p>
   </div>
   <div class='ocr_carea' id='block_1_31' title="bbox 2330 1765 3854 1838">
    <p class='ocr_par' dir='ltr' id='par_1_31' title="bbox 2330 1765 3854 1838">
     <span class='ocr_line' id='line_1_31' title="bbox 2330 1765 3854 1838; baseline -0.001 -19"><span class='ocrx_word' id='word_1_230' title='bbox 2330 1767 2490 1838; x_wconf 64' lang='grc'><strong>204</strong></span> <span class='ocrx_word' id='word_1_231' title='bbox 2513 1765 2640 1826; x_wconf 74' lang='lat' dir='ltr'><strong>CAP.</strong></span> <span class='ocrx_word' id='word_1_232' title='bbox 2675 1783 2783 1822; x_wconf 85' lang='lat' dir='ltr'><strong>vm.</strong></span> <span class='ocrx_word' id='word_1_233' title='bbox 2820 1766 3047 1835; x_wconf 77' lang='lat' dir='ltr'><strong>Spiritus</strong></span> <span class='ocrx_word' id='word_1_234' title='bbox 3075 1775 3283 1819; x_wconf 86' lang='lat' dir='ltr'><strong>sanctus</strong></span> <span class='ocrx_word' id='word_1_235' title='bbox 3313 1783 3424 1820; x_wconf 86' lang='lat' dir='ltr'><strong>non</strong></span> <span class='ocrx_word' id='word_1_236' title='bbox 3472 1776 3745 1830; x_wconf 83' lang='lat' dir='ltr'><strong>creatura,</strong></span> <span class='ocrx_word' id='word_1_237' title='bbox 3775 1765 3854 1818; x_wconf 76' lang='lat' dir='ltr'><strong>sed</strong></span> 
     </span>
    </p>
   </div>
   <div class='ocr_carea' id='block_1_32' title="bbox 2254 1859 3850 1932">
    <p class='ocr_par' dir='ltr' id='par_1_32' title="bbox 2254 1859 3850 1932">
     <span class='ocr_line' id='line_1_32' title="bbox 2254 1859 3850 1932; baseline -0.001 -19"><span class='ocrx_word' id='word_1_238' title='bbox 2254 1871 2459 1922; x_wconf 79' lang='lat' dir='ltr'><strong>creator</strong></span> <span class='ocrx_word' id='word_1_239' title='bbox 2486 1870 2580 1915; x_wconf 90' lang='lat' dir='ltr'><strong>est.</strong></span> <span class='ocrx_word' id='word_1_240' title='bbox 2617 1861 2842 1932; x_wconf 83' lang='lat' dir='ltr'><strong>Spiritus</strong></span> <span class='ocrx_word' id='word_1_241' title='bbox 2883 1871 3090 1916; x_wconf 84' lang='lat' dir='ltr'><strong>sanctus</strong></span> <span class='ocrx_word' id='word_1_242' title='bbox 3119 1871 3194 1916; x_wconf 87' lang='lat' dir='ltr'><strong>est</strong></span> <span class='ocrx_word' id='word_1_243' title='bbox 3218 1879 3366 1916; x_wconf 71' lang='lat' dir='ltr'><strong>verus</strong></span> <span class='ocrx_word' id='word_1_244' title='bbox 3389 1860 3565 1916; x_wconf 86' lang='lat' dir='ltr'><strong>Deus.</strong></span> <span class='ocrx_word' id='word_1_245' title='bbox 3603 1859 3850 1929; x_wconf 86' lang='lat' dir='ltr'><strong>Templum</strong></span> 
     </span>
    </p>
   </div>
   <div class='ocr_carea' id='block_1_33' title="bbox 583 1943 3849 2023">
    <p class='ocr_par' dir='ltr' id='par_1_33' title="bbox 583 1943 3849 2023">
     <span class='ocr_line' id='line_1_33' title="bbox 583 1943 3849 2023; baseline 0.001 -25"><span class='ocrx_word' id='word_1_246' title='bbox 583 1943 741 2000; x_wconf 88' lang='lat' dir='ltr'><strong>Patre</strong></span> <span class='ocrx_word' id='word_1_247' title='bbox 769 1947 965 2014; x_wconf 89' lang='lat' dir='ltr'><strong>minor,</strong></span> <span class='ocrx_word' id='word_1_248' title='bbox 998 1949 1050 2002; x_wconf 94' lang='lat' dir='ltr'><strong>in</strong></span> <span class='ocrx_word' id='word_1_249' title='bbox 1076 1965 1180 2019; x_wconf 90' lang='lat' dir='ltr'><strong>qua</strong></span> <span class='ocrx_word' id='word_1_250' title='bbox 1226 1957 1389 2004; x_wconf 88' lang='lat' dir='ltr'><strong>estet</strong></span> <span class='ocrx_word' id='word_1_251' title='bbox 1436 1958 1607 2004; x_wconf 89' lang='lat' dir='ltr'><strong>matre</strong></span> <span class='ocrx_word' id='word_1_252' title='bbox 1654 1950 1938 2020; x_wconf 90' lang='lat' dir='ltr'><strong>posterior.</strong></span> <span class='ocrx_word' id='word_1_253' title='bbox 1995 1949 2052 2004; x_wconf 90' lang='lat' dir='ltr'><strong>ln</strong></span> <span class='ocrx_word' id='word_1_254' title='bbox 2095 1965 2158 2006; x_wconf 84' lang='lat' dir='ltr'><strong>ea</strong></span> <span class='ocrx_word' id='word_1_255' title='bbox 2190 1961 2235 2020; x_wconf 78' lang='grc' dir='ltr'>Β</span> <span class='ocrx_word' id='word_1_256' title='bbox 2265 1953 2488 2023; x_wconf 81' lang='lat' dir='ltr'><strong>Spiritus</strong></span> <span class='ocrx_word' id='word_1_257' title='bbox 2529 1955 2695 2007; x_wconf 83' lang='lat' dir='ltr'><strong>sancti</strong></span> <span class='ocrx_word' id='word_1_258' title='bbox 2742 1970 2917 2007; x_wconf 85' lang='lat' dir='ltr'><strong>sumus</strong></span> <span class='ocrx_word' id='word_1_259' title='bbox 2947 1955 3076 2008; x_wconf 80' lang='lat' dir='ltr'><strong>sicut</strong></span> <span class='ocrx_word' id='word_1_260' title='bbox 3108 1952 3284 2008; x_wconf 85' lang='lat' dir='ltr'><strong>Patris</strong></span> <span class='ocrx_word' id='word_1_261' title='bbox 3315 1962 3362 2008; x_wconf 90' lang='lat' dir='ltr'><strong>et</strong></span> <span class='ocrx_word' id='word_1_262' title='bbox 3414 1952 3580 2006; x_wconf 85' lang='lat' dir='ltr'><strong>Filii.</strong></span> <span class='ocrx_word' id='word_1_263' title='bbox 3642 1951 3849 2021; x_wconf 83' lang='lat' dir='ltr'><strong>Spiritus</strong></span> 
     </span>
    </p>
   </div>
   <div class='ocr_carea' id='block_1_34' title="bbox 583 2037 2164 2111">
    <p class='ocr_par' dir='ltr' id='par_1_34' title="bbox 583 2037 2164 2111">
     <span class='ocr_line' id='line_1_34' title="bbox 583 2037 2164 2111; baseline 0.003 -19"><span class='ocrx_word' id='word_1_264' title='bbox 583 2047 777 2092; x_wconf 89' lang='lat' dir='ltr'><strong>natura</strong></span> <span class='ocrx_word' id='word_1_265' title='bbox 806 2037 950 2093; x_wconf 91' lang='lat' dir='ltr'><strong>Patri</strong></span> <span class='ocrx_word' id='word_1_266' title='bbox 991 2041 1212 2109; x_wconf 70' lang='lat' dir='ltr'><strong>mqualis</strong></span> <span class='ocrx_word' id='word_1_267' title='bbox 1239 2049 1322 2094; x_wconf 90' lang='lat' dir='ltr'><strong>est</strong></span> <span class='ocrx_word' id='word_1_268' title='bbox 1351 2041 1532 2105; x_wconf 86' lang='lat' dir='ltr'><strong>Filius,</strong></span> <span class='ocrx_word' id='word_1_269' title='bbox 1567 2042 1620 2095; x_wconf 92' lang='lat' dir='ltr'><strong>in</strong></span> <span class='ocrx_word' id='word_1_270' title='bbox 1671 2057 1775 2111; x_wconf 88' lang='lat' dir='ltr'><strong>qua</strong></span> <span class='ocrx_word' id='word_1_271' title='bbox 1823 2051 2036 2097; x_wconf 86' lang='lat' dir='ltr'><strong>creator</strong></span> <span class='ocrx_word' id='word_1_272' title='bbox 2081 2050 2164 2097; x_wconf 87' lang='lat' dir='ltr'><strong>est</strong></span> 
     </span>
    </p>
   </div>
   <div class='ocr_carea' id='block_1_35' title="bbox 583 2129 2157 2197">
    <p class='ocr_par' dir='ltr' id='par_1_35' title="bbox 583 2129 2157 2197">
     <span class='ocr_line' id='line_1_35' title="bbox 583 2129 2157 2197; baseline 0.003 -15"><span class='ocrx_word' id='word_1_273' title='bbox 583 2129 923 2197; x_wconf 78' lang='lat' dir='ltr'><strong>angelorum;</strong></span> <span class='ocrx_word' id='word_1_274' title='bbox 950 2131 1001 2184; x_wconf 89' lang='lat' dir='ltr'><strong>in</strong></span> <span class='ocrx_word' id='word_1_275' title='bbox 1024 2145 1086 2185; x_wconf 87' lang='lat' dir='ltr'><strong>ea</strong></span> <span class='ocrx_word' id='word_1_276' title='bbox 1117 2139 1306 2185; x_wconf 90' lang='lat' dir='ltr'><strong>natura</strong></span> <span class='ocrx_word' id='word_1_277' title='bbox 1330 2130 1488 2186; x_wconf 91' lang='lat' dir='ltr'><strong>Patre</strong></span> <span class='ocrx_word' id='word_1_278' title='bbox 1507 2133 1684 2186; x_wconf 91' lang='lat' dir='ltr'><strong>minor</strong></span> <span class='ocrx_word' id='word_1_279' title='bbox 1702 2140 1783 2186; x_wconf 92' lang='lat' dir='ltr'><strong>est</strong></span> <span class='ocrx_word' id='word_1_280' title='bbox 1804 2131 1946 2187; x_wconf 88' lang='lat' dir='ltr'><strong>idem</strong></span> <span class='ocrx_word' id='word_1_281' title='bbox 1974 2131 2157 2196; x_wconf 83' lang='lat' dir='ltr'><strong>Filius,</strong></span> 
     </span>
    </p>
   </div>
   <div class='ocr_carea' id='block_1_36' title="bbox 583 2222 2160 2294">
    <p class='ocr_par' dir='ltr' id='par_1_36' title="bbox 583 2222 2160 2294">
     <span class='ocr_line' id='line_1_36' title="bbox 583 2222 2160 2294; baseline 0.003 -19"><span class='ocrx_word' id='word_1_282' title='bbox 583 2222 636 2276; x_wconf 91' lang='lat' dir='ltr'><strong>in</strong></span> <span class='ocrx_word' id='word_1_283' title='bbox 666 2238 770 2292; x_wconf 90' lang='lat' dir='ltr'><strong>qua</strong></span> <span class='ocrx_word' id='word_1_284' title='bbox 795 2222 1124 2294; x_wconf 81' lang='lat' dir='ltr'><strong>Redemptor</strong></span> <span class='ocrx_word' id='word_1_285' title='bbox 1148 2233 1230 2279; x_wconf 90' lang='lat' dir='ltr'><strong>est</strong></span> <span class='ocrx_word' id='word_1_286' title='bbox 1255 2224 1548 2279; x_wconf 79' lang='lat' dir='ltr'><strong>hominum.</strong></span> <span class='ocrx_word' id='word_1_287' title='bbox 1584 2223 1638 2278; x_wconf 95' lang='lat' dir='ltr'><strong>In</strong></span> <span class='ocrx_word' id='word_1_288' title='bbox 1663 2240 1726 2278; x_wconf 87' lang='lat' dir='ltr'><strong>ea</strong></span> <span class='ocrx_word' id='word_1_289' title='bbox 1775 2233 1966 2278; x_wconf 89' lang='lat' dir='ltr'><strong>natura</strong></span> <span class='ocrx_word' id='word_1_290' title='bbox 2015 2223 2160 2279; x_wconf 88' lang='lat' dir='ltr'><strong>Patri</strong></span> 
     </span>
    </p>
   </div>
   <div class='ocr_carea' id='block_1_37' title="bbox 581 2312 2160 2386">
    <p class='ocr_par' dir='ltr' id='par_1_37' title="bbox 581 2312 2160 2386">
     <span class='ocr_line' id='line_1_37' title="bbox 581 2312 2160 2386; baseline 0.001 -20"><span class='ocrx_word' id='word_1_291' title='bbox 581 2312 800 2382; x_wconf 78' lang='lat' dir='ltr'><strong>aequalis</strong></span> <span class='ocrx_word' id='word_1_292' title='bbox 821 2322 900 2368; x_wconf 92' lang='lat' dir='ltr'><strong>est</strong></span> <span class='ocrx_word' id='word_1_293' title='bbox 928 2313 1114 2381; x_wconf 84' lang='lat' dir='ltr'><strong>Filius,</strong></span> <span class='ocrx_word' id='word_1_294' title='bbox 1146 2315 1198 2368; x_wconf 91' lang='lat' dir='ltr'><strong>in</strong></span> <span class='ocrx_word' id='word_1_295' title='bbox 1223 2328 1326 2383; x_wconf 91' lang='lat' dir='ltr'><strong>qua</strong></span> <span class='ocrx_word' id='word_1_296' title='bbox 1357 2314 1424 2368; x_wconf 86' lang='lat' dir='ltr'><strong>ab</strong></span> <span class='ocrx_word' id='word_1_297' title='bbox 1447 2314 1597 2368; x_wconf 91' lang='lat' dir='ltr'><strong>initio</strong></span> <span class='ocrx_word' id='word_1_298' title='bbox 1622 2321 1890 2386; x_wconf 55' lang='lat' dir='ltr'><strong>creatura;</strong></span> <span class='ocrx_word' id='word_1_299' title='bbox 1906 2313 2160 2368; x_wconf 86' lang='lat' dir='ltr'><strong>adorator</strong></span> 
     </span>
    </p>
   </div>
   <div class='ocr_carea' id='block_1_38' title="bbox 568 2403 2161 2472">
    <p class='ocr_par' dir='ltr' id='par_1_38' title="bbox 568 2403 2161 2472">
     <span class='ocr_line' id='line_1_38' title="bbox 568 2403 2161 2472; baseline 0 -14"><span class='ocrx_word' id='word_1_300' title='bbox 568 2410 635 2458; x_wconf 70' lang='grc' dir='ltr'><strong>ἐι</strong></span> <span class='ocrx_word' id='word_1_301' title='bbox 657 2403 906 2458; x_wconf 88' lang='lat' dir='ltr'><strong>laudatur</strong></span> <span class='ocrx_word' id='word_1_302' title='bbox 933 2403 1000 2459; x_wconf 89' lang='lat' dir='ltr'><strong>ab</strong></span> <span class='ocrx_word' id='word_1_303' title='bbox 1029 2405 1254 2472; x_wconf 83' lang='lat' dir='ltr'><strong>angelis.</strong></span> <span class='ocrx_word' id='word_1_304' title='bbox 1285 2404 1350 2458; x_wconf 88' lang='lat' dir='ltr'><strong>In.</strong></span> <span class='ocrx_word' id='word_1_305' title='bbox 1369 2419 1432 2459; x_wconf 91' lang='lat' dir='ltr'><strong>ea</strong></span> <span class='ocrx_word' id='word_1_306' title='bbox 1455 2413 1642 2458; x_wconf 90' lang='lat' dir='ltr'><strong>natura</strong></span> <span class='ocrx_word' id='word_1_307' title='bbox 1669 2403 1834 2458; x_wconf 90' lang='lat' dir='ltr'><strong>Filius</strong></span> <span class='ocrx_word' id='word_1_308' title='bbox 1883 2405 2056 2459; x_wconf 87' lang='lat' dir='ltr'><strong>minor</strong></span> <span class='ocrx_word' id='word_1_309' title='bbox 2076 2414 2161 2460; x_wconf 90' lang='lat' dir='ltr'><strong>est</strong></span> 
     </span>
    </p>
   </div>
   <div class='ocr_carea' id='block_1_39' title="bbox 567 2489 2153 2564">
    <p class='ocr_par' dir='ltr' id='par_1_39' title="bbox 567 2489 2153 2564">
     <span class='ocr_line' id='line_1_39' title="bbox 567 2489 2153 2564; baseline 0.002 -20"><span class='ocrx_word' id='word_1_310' title='bbox 567 2489 738 2547; x_wconf 89' lang='lat' dir='ltr'><strong>.Patre</strong></span> <span class='ocrx_word' id='word_1_311' title='bbox 770 2493 823 2547; x_wconf 91' lang='lat' dir='ltr'><strong>in</strong></span> <span class='ocrx_word' id='word_1_312' title='bbox 844 2509 947 2564; x_wconf 89' lang='lat' dir='ltr'><strong>qua</strong></span> <span class='ocrx_word' id='word_1_313' title='bbox 977 2502 1060 2548; x_wconf 90' lang='lat' dir='ltr'><strong>est</strong></span> <span class='ocrx_word' id='word_1_314' title='bbox 1087 2495 1384 2548; x_wconf 87' lang='lat' dir='ltr'><strong>minoratus</strong></span> <span class='ocrx_word' id='word_1_315' title='bbox 1412 2495 1571 2564; x_wconf 90' lang='lat' dir='ltr'><strong>paulo</strong></span> <span class='ocrx_word' id='word_1_316' title='bbox 1597 2495 1771 2548; x_wconf 91' lang='lat' dir='ltr'><strong>minus</strong></span> <span class='ocrx_word' id='word_1_317' title='bbox 1796 2494 1861 2548; x_wconf 92' lang='lat' dir='ltr'><strong>ab</strong></span> <span class='ocrx_word' id='word_1_318' title='bbox 1884 2495 2084 2562; x_wconf 82' lang='lat' dir='ltr'><strong>angelis</strong></span> <span class='ocrx_word' id='word_1_319' title='bbox 2105 2504 2153 2547; x_wconf 75' lang='grc'><strong>³.</strong></span> 
     </span>
    </p>
   </div>
   <div class='ocr_carea' id='block_1_40' title="bbox 651 2582 2154 2639">
    <p class='ocr_par' dir='ltr' id='par_1_40' title="bbox 651 2582 2154 2639">
     <span class='ocr_line' id='line_1_40' title="bbox 651 2582 2154 2639; baseline 0.001 -3"><span class='ocrx_word' id='word_1_320' title='bbox 651 2582 776 2636; x_wconf 70' lang='lat' dir='ltr'><strong>Car.</strong></span> <span class='ocrx_word' id='word_1_321' title='bbox 809 2599 898 2638; x_wconf 84' lang='lat' dir='ltr'><strong>vn.</strong></span> <span class='ocrx_word' id='word_1_322' title='bbox 934 2582 1217 2638; x_wconf 77' lang='lat' dir='ltr'><strong>Minoratio</strong></span> <span class='ocrx_word' id='word_1_323' title='bbox 1255 2586 1308 2637; x_wconf 91' lang='lat' dir='ltr'><strong>in</strong></span> <span class='ocrx_word' id='word_1_324' title='bbox 1352 2583 1556 2639; x_wconf 86' lang='lat' dir='ltr'><strong>Christo</strong></span> <span class='ocrx_word' id='word_1_325' title='bbox 1594 2585 1664 2638; x_wconf 85' lang='lat' dir='ltr'><strong>ad</strong></span> <span class='ocrx_word' id='word_1_326' title='bbox 1703 2593 1943 2639; x_wconf 87' lang='lat' dir='ltr'><strong>naturam</strong></span> <span class='ocrx_word' id='word_1_327' title='bbox 1973 2587 2154 2638; x_wconf 89' lang='lat' dir='ltr'><strong>huma-</strong></span> 
     </span>
    </p>
   </div>
   <div class='ocr_carea' id='block_1_41' title="bbox 569 2674 2153 2745">
    <p class='ocr_par' dir='ltr' id='par_1_41' title="bbox 569 2674 2153 2745">
     <span class='ocr_line' id='line_1_41' title="bbox 569 2674 2153 2745; baseline 0.003 -19"><span class='ocrx_word' id='word_1_328' title='bbox 569 2687 786 2727; x_wconf 87' lang='lat' dir='ltr'><strong>-manam</strong></span> <span class='ocrx_word' id='word_1_329' title='bbox 814 2676 1053 2744; x_wconf 87' lang='lat' dir='ltr'><strong>pertinet.</strong></span> <span class='ocrx_word' id='word_1_330' title='bbox 1073 2705 1146 2717; x_wconf 89' lang='lat'><strong><em>—</em></strong></span> <span class='ocrx_word' id='word_1_331' title='bbox 1178 2674 1264 2729; x_wconf 80' lang='lat' dir='ltr'><strong>i5.</strong></span> <span class='ocrx_word' id='word_1_332' title='bbox 1289 2674 1598 2745; x_wconf 85' lang='lat' dir='ltr'><strong>Apostolica</strong></span> <span class='ocrx_word' id='word_1_333' title='bbox 1620 2676 1818 2745; x_wconf 86' lang='lat' dir='ltr'><strong>quippe</strong></span> <span class='ocrx_word' id='word_1_334' title='bbox 1864 2678 2153 2731; x_wconf 89' lang='lat' dir='ltr'><strong>auctoritas</strong></span> 
     </span>
    </p>
   </div>
   <div class='ocr_carea' id='block_1_42' title="bbox 581 2766 2154 2839">
    <p class='ocr_par' dir='ltr' id='par_1_42' title="bbox 581 2766 2154 2839">
     <span class='ocr_line' id='line_1_42' title="bbox 581 2766 2154 2839; baseline 0.002 -20"><span class='ocrx_word' id='word_1_335' title='bbox 581 2766 738 2835; x_wconf 85' lang='lat' dir='ltr'><strong>hujus</strong></span> <span class='ocrx_word' id='word_1_336' title='bbox 766 2766 1138 2822; x_wconf 88' lang='lat' dir='ltr'><strong>minorationis</strong></span> <span class='ocrx_word' id='word_1_337' title='bbox 1175 2783 1282 2822; x_wconf 92' lang='lat' dir='ltr'><strong>non</strong></span> <span class='ocrx_word' id='word_1_338' title='bbox 1311 2767 1516 2822; x_wconf 89' lang='lat' dir='ltr'><strong>destitit</strong></span> <span class='ocrx_word' id='word_1_339' title='bbox 1555 2767 1926 2822; x_wconf 89' lang='lat' dir='ltr'><strong>demonstrare</strong></span> <span class='ocrx_word' id='word_1_340' title='bbox 1954 2777 2154 2839; x_wconf 77' lang='lat' dir='ltr'><strong>myste-</strong></span> 
     </span>
    </p>
   </div>
   <div class='ocr_carea' id='block_1_43' title="bbox 579 2855 2150 2929">
    <p class='ocr_par' dir='ltr' id='par_1_43' title="bbox 579 2855 2150 2929">
     <span class='ocr_line' id='line_1_43' title="bbox 579 2855 2150 2929; baseline 0.002 -21"><span class='ocrx_word' id='word_1_341' title='bbox 579 2857 715 2910; x_wconf 82' lang='lat' dir='ltr'><strong>rium</strong></span> <span class='ocrx_word' id='word_1_342' title='bbox 742 2899 756 2924; x_wconf 95' lang='lat'><strong>,</strong></span> <span class='ocrx_word' id='word_1_343' title='bbox 804 2856 985 2912; x_wconf 89' lang='lat' dir='ltr'><strong>dicens</strong></span> <span class='ocrx_word' id='word_1_344' title='bbox 1011 2899 1025 2924; x_wconf 91' lang='lat'><strong>,</strong></span> <span class='ocrx_word' id='word_1_345' title='bbox 1073 2855 1208 2910; x_wconf 86' lang='lat' dir='ltr'><strong>Eum</strong></span> <span class='ocrx_word' id='word_1_346' title='bbox 1237 2865 1426 2923; x_wconf 86' lang='lat' dir='ltr'><strong>autem,</strong></span> <span class='ocrx_word' id='word_1_347' title='bbox 1453 2856 1542 2927; x_wconf 87' lang='lat' dir='ltr'><strong>qui</strong></span> <span class='ocrx_word' id='word_1_348' title='bbox 1569 2856 1766 2910; x_wconf 85' lang='lat' dir='ltr'><strong>modico</strong></span> <span class='ocrx_word' id='word_1_349' title='bbox 1795 2874 1946 2929; x_wconf 89' lang='lat' dir='ltr'><strong>quam</strong></span> <span class='ocrx_word' id='word_1_350' title='bbox 1979 2859 2150 2928; x_wconf 83' lang='lat' dir='ltr'><strong>angeli</strong></span> 
     </span>
    </p>
   </div>
   <div class='ocr_carea' id='block_1_44' title="bbox 568 2949 2150 3022">
    <p class='ocr_par' dir='ltr' id='par_1_44' title="bbox 568 2949 2150 3022">
     <span class='ocr_line' id='line_1_44' title="bbox 568 2949 2150 3022; baseline 0.003 -20"><span class='ocrx_word' id='word_1_351' title='bbox 568 2950 862 3003; x_wconf 85' lang='lat' dir='ltr'><strong>.miuoratus</strong></span> <span class='ocrx_word' id='word_1_352' title='bbox 891 2959 984 3014; x_wconf 88' lang='lat' dir='ltr'><strong>est,</strong></span> <span class='ocrx_word' id='word_1_353' title='bbox 1018 2950 1245 3003; x_wconf 80' lang='lat' dir='ltr'><strong>ridemus</strong></span> <span class='ocrx_word' id='word_1_354' title='bbox 1268 2949 1444 3004; x_wconf 85' lang='lat' dir='ltr'><strong>Jesum</strong></span> <span class='ocrx_word' id='word_1_355' title='bbox 1464 2960 1674 3022; x_wconf 87' lang='lat' dir='ltr'><strong>propter</strong></span> <span class='ocrx_word' id='word_1_356' title='bbox 1695 2953 1985 3022; x_wconf 78' lang='lat' dir='ltr'><strong>passionem</strong></span> <span class='ocrx_word' id='word_1_357' title='bbox 2009 2969 2150 3006; x_wconf 90' lang='lat' dir='ltr'><strong>mor-</strong></span> 
     </span>
    </p>
   </div>
   <div class='ocr_carea' id='block_1_45' title="bbox 567 3040 2154 3114">
    <p class='ocr_par' dir='ltr' id='par_1_45' title="bbox 567 3040 2154 3114">
     <span class='ocr_line' id='line_1_45' title="bbox 567 3040 2154 3114; baseline 0.004 -22"><span class='ocrx_word' id='word_1_358' title='bbox 567 3040 644 3092; x_wconf 71' lang='lat' dir='ltr'><strong>tis</strong></span> <span class='ocrx_word' id='word_1_359' title='bbox 690 3041 858 3111; x_wconf 87' lang='lat' dir='ltr'><strong>gloria</strong></span> <span class='ocrx_word' id='word_1_360' title='bbox 903 3051 953 3094; x_wconf 89' lang='lat' dir='ltr'><strong>et</strong></span> <span class='ocrx_word' id='word_1_361' title='bbox 999 3041 1194 3096; x_wconf 79' lang='lat' dir='ltr'><strong>honore</strong></span> <span class='ocrx_word' id='word_1_362' title='bbox 1223 3051 1521 3096; x_wconf 87' lang='lat' dir='ltr'><strong>coronatum</strong></span> <span class='ocrx_word' id='word_1_363' title='bbox 1551 3041 1737 3113; x_wconf 80' lang='lat' dir='ltr'><strong>(Hebr.</strong></span> <span class='ocrx_word' id='word_1_364' title='bbox 1769 3059 1833 3109; x_wconf 80' lang='grc' dir='ltr'>ιι,</span> <span class='ocrx_word' id='word_1_365' title='bbox 1864 3042 1940 3113; x_wconf 82' lang='grc'><strong>9).</strong></span> <span class='ocrx_word' id='word_1_366' title='bbox 1980 3043 2154 3114; x_wconf 88' lang='lat' dir='ltr'><strong>Supe-</strong></span> 
     </span>
    </p>
   </div>
   <div class='ocr_carea' id='block_1_46' title="bbox 551 3131 2155 3202">
    <p class='ocr_par' dir='ltr' id='par_1_46' title="bbox 551 3131 2155 3202">
     <span class='ocr_line' id='line_1_46' title="bbox 551 3131 2155 3202; baseline 0.002 -16"><span class='ocrx_word' id='word_1_367' title='bbox 551 3133 686 3187; x_wconf 75' lang='lat' dir='ltr'><strong>rius</strong></span> <span class='ocrx_word' id='word_1_368' title='bbox 712 3141 889 3187; x_wconf 89' lang='lat' dir='ltr'><strong>autem</strong></span> <span class='ocrx_word' id='word_1_369' title='bbox 918 3131 1068 3202; x_wconf 87' lang='lat' dir='ltr'><strong>cujus</strong></span> <span class='ocrx_word' id='word_1_370' title='bbox 1096 3142 1298 3188; x_wconf 79' lang='lat' dir='ltr'><strong>natura:</strong></span> <span class='ocrx_word' id='word_1_371' title='bbox 1332 3135 1399 3188; x_wconf 90' lang='lat' dir='ltr'><strong>sit</strong></span> <span class='ocrx_word' id='word_1_372' title='bbox 1429 3135 1542 3188; x_wconf 70' lang='lat' dir='ltr'><strong>haec</strong></span> <span class='ocrx_word' id='word_1_373' title='bbox 1570 3134 1886 3202; x_wconf 80' lang='lat' dir='ltr'><strong>assignanda</strong></span> <span class='ocrx_word' id='word_1_374' title='bbox 1918 3135 2155 3189; x_wconf 88' lang='lat' dir='ltr'><strong>minora-</strong></span> 
     </span>
    </p>
   </div>
   <div class='ocr_carea' id='block_1_47' title="bbox 545 3224 2149 3293">
    <p class='ocr_par' dir='ltr' id='par_1_47' title="bbox 545 3224 2149 3293">
     <span class='ocr_line' id='line_1_47' title="bbox 545 3224 2149 3293; baseline 0.001 -16"><span class='ocrx_word' id='word_1_375' title='bbox 545 3238 558 3270; x_wconf 73' lang='lat' dir='ltr'>r</span> <span class='ocrx_word' id='word_1_376' title='bbox 575 3224 670 3290; x_wconf 92' lang='lat' dir='ltr'><strong>tio,</strong></span> <span class='ocrx_word' id='word_1_377' title='bbox 690 3224 965 3279; x_wconf 84' lang='lat' dir='ltr'><strong>evidenter</strong></span> <span class='ocrx_word' id='word_1_378' title='bbox 982 3232 1254 3280; x_wconf 89' lang='lat' dir='ltr'><strong>ostensum</strong></span> <span class='ocrx_word' id='word_1_379' title='bbox 1276 3233 1376 3290; x_wconf 89' lang='lat' dir='ltr'><strong>est,</strong></span> <span class='ocrx_word' id='word_1_380' title='bbox 1400 3225 1615 3293; x_wconf 88' lang='lat' dir='ltr'><strong>quando</strong></span> <span class='ocrx_word' id='word_1_381' title='bbox 1639 3226 1763 3279; x_wconf 88' lang='lat' dir='ltr'><strong>illud</strong></span> <span class='ocrx_word' id='word_1_382' title='bbox 1790 3227 2149 3280; x_wconf 90' lang='lat' dir='ltr'><strong>testimonium</strong></span> 
     </span>
    </p>
   </div>
   <div class='ocr_carea' id='block_1_48' title="bbox 546 3315 2221 3396">
    <p class='ocr_par' dir='ltr' id='par_1_48' title="bbox 546 3315 2221 3396">
     <span class='ocr_line' id='line_1_48' title="bbox 546 3315 2221 3396; baseline 0 -26"><span class='ocrx_word' id='word_1_383' title='bbox 546 3337 559 3380; x_wconf 49' lang='grc' dir='ltr'><strong>ἐ</strong></span> <span class='ocrx_word' id='word_1_384' title='bbox 575 3315 850 3387; x_wconf 75' lang='lat' dir='ltr'><strong>prophetae</strong></span> <span class='ocrx_word' id='word_1_385' title='bbox 873 3317 1141 3386; x_wconf 89' lang='lat' dir='ltr'><strong>prolatum</strong></span> <span class='ocrx_word' id='word_1_386' title='bbox 1171 3324 1271 3381; x_wconf 74' lang='lat' dir='ltr'><strong>est,</strong></span> <span class='ocrx_word' id='word_1_387' title='bbox 1320 3332 1430 3387; x_wconf 88' lang='lat' dir='ltr'><strong>quo</strong></span> <span class='ocrx_word' id='word_1_388' title='bbox 1478 3317 1707 3370; x_wconf 91' lang='lat' dir='ltr'><strong>dicitur:</strong></span> <span class='ocrx_word' id='word_1_389' title='bbox 1745 3317 1991 3382; x_wconf 88' lang='lat' dir='ltr'><strong>Domine,</strong></span> <span class='ocrx_word' id='word_1_390' title='bbox 2025 3319 2147 3388; x_wconf 86' lang='lat' dir='ltr'><strong>quid</strong></span> <span class='ocrx_word' id='word_1_391' title='bbox 2176 3333 2221 3396; x_wconf 72' lang='grc' dir='ltr'><strong>ρ</strong></span> 
     </span>
    </p>
   </div>
   <div class='ocr_carea' id='block_1_49' title="bbox 569 3408 2143 3481">
    <p class='ocr_par' dir='ltr' id='par_1_49' title="bbox 569 3408 2143 3481">
     <span class='ocr_line' id='line_1_49' title="bbox 569 3408 2143 3481; baseline 0.001 -18"><span class='ocrx_word' id='word_1_392' title='bbox 569 3410 651 3463; x_wconf 70' lang='lat' dir='ltr'><strong>est</strong></span> <span class='ocrx_word' id='word_1_393' title='bbox 682 3409 871 3474; x_wconf 71' lang='lat' dir='ltr'><strong>homo,</strong></span> <span class='ocrx_word' id='word_1_394' title='bbox 902 3408 1038 3481; x_wconf 88' lang='lat' dir='ltr'><strong>quod</strong></span> <span class='ocrx_word' id='word_1_395' title='bbox 1066 3426 1260 3463; x_wconf 88' lang='lat' dir='ltr'><strong>memor</strong></span> <span class='ocrx_word' id='word_1_396' title='bbox 1303 3426 1358 3463; x_wconf 89' lang='lat' dir='ltr'><strong>es</strong></span> <span class='ocrx_word' id='word_1_397' title='bbox 1398 3409 1507 3480; x_wconf 83' lang='lat' dir='ltr'><strong>ejus</strong></span> <span class='ocrx_word' id='word_1_398' title='bbox 1535 3425 1553 3476; x_wconf 88' lang='lat'><strong><em>;</em></strong></span> <span class='ocrx_word' id='word_1_399' title='bbox 1603 3419 1690 3463; x_wconf 91' lang='lat' dir='ltr'><strong>aut</strong></span> <span class='ocrx_word' id='word_1_400' title='bbox 1736 3411 1874 3480; x_wconf 80' lang='lat' dir='ltr'><strong>ﬁlius</strong></span> <span class='ocrx_word' id='word_1_401' title='bbox 1903 3411 2143 3474; x_wconf 87' lang='lat' dir='ltr'><strong>hominis,</strong></span> 
     </span>
    </p>
   </div>
   <div class='ocr_carea' id='block_1_50' title="bbox 575 3503 2144 3576">
    <p class='ocr_par' dir='ltr' id='par_1_50' title="bbox 575 3503 2144 3576">
     <span class='ocr_line' id='line_1_50' title="bbox 575 3503 2144 3576; baseline 0.001 -21"><span class='ocrx_word' id='word_1_402' title='bbox 575 3503 815 3574; x_wconf 85' lang='lat' dir='ltr'><strong>quoniam</strong></span> <span class='ocrx_word' id='word_1_403' title='bbox 840 3503 1016 3557; x_wconf 85' lang='lat' dir='ltr'><strong>visitas</strong></span> <span class='ocrx_word' id='word_1_404' title='bbox 1036 3519 1157 3556; x_wconf 87' lang='lat' dir='ltr'><strong>eum</strong></span> <span class='ocrx_word' id='word_1_405' title='bbox 1177 3505 1202 3556; x_wconf 69' lang='grc'><em>2</em></span> <span class='ocrx_word' id='word_1_406' title='bbox 1249 3503 1526 3559; x_wconf 82' lang='lat' dir='ltr'><strong>Minorasti</strong></span> <span class='ocrx_word' id='word_1_407' title='bbox 1560 3521 1674 3558; x_wconf 88' lang='lat' dir='ltr'><strong>eum</strong></span> <span class='ocrx_word' id='word_1_408' title='bbox 1701 3507 1856 3576; x_wconf 88' lang='lat' dir='ltr'><strong>paulo</strong></span> <span class='ocrx_word' id='word_1_409' title='bbox 1885 3506 2054 3558; x_wconf 88' lang='lat' dir='ltr'><strong>minus</strong></span> <span class='ocrx_word' id='word_1_410' title='bbox 2081 3504 2144 3558; x_wconf 87' lang='lat' dir='ltr'><strong>ab</strong></span> 
     </span>
    </p>
   </div>
   <div class='ocr_carea' id='block_1_51' title="bbox 573 3591 2148 3665">
    <p class='ocr_par' dir='ltr' id='par_1_51' title="bbox 573 3591 2148 3665">
     <span class='ocr_line' id='line_1_51' title="bbox 573 3591 2148 3665; baseline 0.001 -19"><span class='ocrx_word' id='word_1_411' title='bbox 573 3593 772 3665; x_wconf 88' lang='lat' dir='ltr'><strong>angelis</strong></span> <span class='ocrx_word' id='word_1_412' title='bbox 803 3591 973 3665; x_wconf 86' lang='lat' dir='ltr'><strong>(Psal.</strong></span> <span class='ocrx_word' id='word_1_413' title='bbox 1004 3607 1116 3656; x_wconf 79' lang='lat' dir='ltr'><strong>vm,</strong></span> <span class='ocrx_word' id='word_1_414' title='bbox 1140 3591 1222 3662; x_wconf 81' lang='lat'><strong>5).</strong></span> <span class='ocrx_word' id='word_1_415' title='bbox 1255 3593 1350 3649; x_wconf 86' lang='lat' dir='ltr'><strong>Dei</strong></span> <span class='ocrx_word' id='word_1_416' title='bbox 1373 3609 1501 3664; x_wconf 84' lang='lat' dir='ltr'><strong>ergo</strong></span> <span class='ocrx_word' id='word_1_417' title='bbox 1523 3594 1686 3649; x_wconf 79' lang='lat' dir='ltr'><strong>Filius</strong></span> <span class='ocrx_word' id='word_1_418' title='bbox 1708 3608 1830 3651; x_wconf 89' lang='lat' dir='ltr'><strong>ante</strong></span> <span class='ocrx_word' id='word_1_419' title='bbox 1852 3597 2148 3665; x_wconf 87' lang='lat' dir='ltr'><strong>susceptio-</strong></span> 
     </span>
    </p>
   </div>
   <div class='ocr_carea' id='block_1_52' title="bbox 565 3685 2146 3758">
    <p class='ocr_par' dir='ltr' id='par_1_52' title="bbox 565 3685 2146 3758">
     <span class='ocr_line' id='line_1_52' title="bbox 565 3685 2146 3758; baseline 0.002 -20"><span class='ocrx_word' id='word_1_420' title='bbox 565 3699 696 3739; x_wconf 77' lang='lat' dir='ltr'><strong>nem</strong></span> <span class='ocrx_word' id='word_1_421' title='bbox 725 3685 921 3753; x_wconf 75' lang='lat' dir='ltr'><strong>Carnis,</strong></span> <span class='ocrx_word' id='word_1_422' title='bbox 951 3702 1063 3738; x_wconf 90' lang='lat' dir='ltr'><strong>cum</strong></span> <span class='ocrx_word' id='word_1_423' title='bbox 1090 3687 1143 3739; x_wconf 89' lang='lat' dir='ltr'><strong>in</strong></span> <span class='ocrx_word' id='word_1_424' title='bbox 1168 3688 1336 3758; x_wconf 73' lang='lat' dir='ltr'><strong>forma</strong></span> <span class='ocrx_word' id='word_1_425' title='bbox 1363 3685 1459 3741; x_wconf 86' lang='lat' dir='ltr'><strong>Dei</strong></span> <span class='ocrx_word' id='word_1_426' title='bbox 1487 3697 1638 3752; x_wconf 85' lang='lat' dir='ltr'><strong>esset,</strong></span> <span class='ocrx_word' id='word_1_427' title='bbox 1665 3705 1767 3743; x_wconf 91' lang='lat' dir='ltr'><strong>non</strong></span> <span class='ocrx_word' id='word_1_428' title='bbox 1795 3689 2029 3758; x_wconf 86' lang='lat' dir='ltr'><strong>rapinam</strong></span> <span class='ocrx_word' id='word_1_429' title='bbox 2060 3707 2146 3741; x_wconf 83' lang='lat' dir='ltr'><strong>ar-</strong></span> 
     </span>
    </p>
   </div>
   <div class='ocr_carea' id='block_1_53' title="bbox 565 3775 2144 3852">
    <p class='ocr_par' dir='ltr' id='par_1_53' title="bbox 565 3775 2144 3852">
     <span class='ocr_line' id='line_1_53' title="bbox 565 3775 2144 3852; baseline 0.004 -26"><span class='ocrx_word' id='word_1_430' title='bbox 565 3775 786 3829; x_wconf 89' lang='lat' dir='ltr'><strong>bitratus</strong></span> <span class='ocrx_word' id='word_1_431' title='bbox 809 3783 884 3830; x_wconf 91' lang='lat' dir='ltr'><strong>est</strong></span> <span class='ocrx_word' id='word_1_432' title='bbox 912 3792 1022 3830; x_wconf 89' lang='lat' dir='ltr'><strong>esse</strong></span> <span class='ocrx_word' id='word_1_433' title='bbox 1049 3792 1104 3830; x_wconf 86' lang='lat' dir='ltr'><strong>se</strong></span> <span class='ocrx_word' id='word_1_434' title='bbox 1130 3777 1374 3848; x_wconf 67' lang='lat' dir='ltr'><strong>aequalem</strong></span> <span class='ocrx_word' id='word_1_435' title='bbox 1410 3776 1516 3832; x_wconf 88' lang='lat' dir='ltr'><strong>Deo</strong></span> <span class='ocrx_word' id='word_1_436' title='bbox 1549 3777 1764 3852; x_wconf 82' lang='lat' dir='ltr'><strong>(Philip.</strong></span> <span class='ocrx_word' id='word_1_437' title='bbox 1798 3796 1861 3845; x_wconf 79' lang='grc' dir='ltr'>ιι,</span> <span class='ocrx_word' id='word_1_438' title='bbox 1892 3779 1946 3848; x_wconf 84' lang='grc'>6)</span> <span class='ocrx_word' id='word_1_439' title='bbox 1974 3821 1987 3843; x_wconf 86' lang='grc'><em>,</em></span> <span class='ocrx_word' id='word_1_440' title='bbox 2021 3781 2144 3850; x_wconf 85' lang='lat' dir='ltr'><strong>quia</strong></span> 
     </span>
    </p>
   </div>
   <div class='ocr_carea' id='block_1_54' title="bbox 565 3869 2143 3941">
    <p class='ocr_par' dir='ltr' id='par_1_54' title="bbox 565 3869 2143 3941">
     <span class='ocr_line' id='line_1_54' title="bbox 565 3869 2143 3941; baseline 0.003 -19"><span class='ocrx_word' id='word_1_441' title='bbox 565 3869 622 3922; x_wconf 88' lang='lat' dir='ltr'><strong>in</strong></span> <span class='ocrx_word' id='word_1_442' title='bbox 654 3869 740 3923; x_wconf 93' lang='lat' dir='ltr'><strong>illa</strong></span> <span class='ocrx_word' id='word_1_443' title='bbox 773 3869 940 3924; x_wconf 80' lang='lat' dir='ltr'><strong>forma</strong></span> <span class='ocrx_word' id='word_1_444' title='bbox 973 3869 1066 3924; x_wconf 91' lang='lat' dir='ltr'><strong>Dei</strong></span> <span class='ocrx_word' id='word_1_445' title='bbox 1094 3911 1107 3936; x_wconf 92' lang='lat'><strong>,</strong></span> <span class='ocrx_word' id='word_1_446' title='bbox 1142 3869 1303 3925; x_wconf 86' lang='lat' dir='ltr'><strong>Filius</strong></span> <span class='ocrx_word' id='word_1_447' title='bbox 1331 3872 1552 3940; x_wconf 69' lang='lat' dir='ltr'><strong>aequalis</strong></span> <span class='ocrx_word' id='word_1_448' title='bbox 1575 3880 1663 3926; x_wconf 86' lang='lat' dir='ltr'><strong>est</strong></span> <span class='ocrx_word' id='word_1_449' title='bbox 1691 3870 1873 3937; x_wconf 88' lang='lat' dir='ltr'><strong>Patri;</strong></span> <span class='ocrx_word' id='word_1_450' title='bbox 1925 3872 2068 3941; x_wconf 90' lang='lat' dir='ltr'><strong>quod</strong></span> <span class='ocrx_word' id='word_1_451' title='bbox 2099 3873 2143 3928; x_wconf 92' lang='lat' dir='ltr'><strong>si</strong></span> 
     </span>
    </p>
   </div>
   <div class='ocr_carea' id='block_1_55' title="bbox 569 3959 2141 4028">
    <p class='ocr_par' dir='ltr' id='par_1_55' title="bbox 569 3959 2141 4028">
     <span class='ocr_line' id='line_1_55' title="bbox 569 3959 2141 4028; baseline 0.001 -14"><span class='ocrx_word' id='word_1_452' title='bbox 569 3960 742 4014; x_wconf 90' lang='lat' dir='ltr'><strong>minor</strong></span> <span class='ocrx_word' id='word_1_453' title='bbox 761 3969 925 4028; x_wconf 90' lang='lat' dir='ltr'><strong>esset,</strong></span> <span class='ocrx_word' id='word_1_454' title='bbox 961 3961 1011 4014; x_wconf 92' lang='lat' dir='ltr'><strong>in</strong></span> <span class='ocrx_word' id='word_1_455' title='bbox 1043 3959 1233 4015; x_wconf 87' lang='lat' dir='ltr'><strong>eadem</strong></span> <span class='ocrx_word' id='word_1_456' title='bbox 1275 3961 1442 4016; x_wconf 80' lang='lat' dir='ltr'><strong>forma</strong></span> <span class='ocrx_word' id='word_1_457' title='bbox 1474 3962 1568 4016; x_wconf 88' lang='lat' dir='ltr'><strong>Dei</strong></span> <span class='ocrx_word' id='word_1_458' title='bbox 1599 3979 1704 4016; x_wconf 90' lang='lat' dir='ltr'><strong>non</strong></span> <span class='ocrx_word' id='word_1_459' title='bbox 1735 3972 1913 4018; x_wconf 87' lang='lat' dir='ltr'><strong>esset:</strong></span> <span class='ocrx_word' id='word_1_460' title='bbox 1967 3962 2058 4017; x_wconf 84' lang='lat' dir='ltr'><strong>sel</strong></span> <span class='ocrx_word' id='word_1_461' title='bbox 2091 3963 2141 4016; x_wconf 95' lang='lat' dir='ltr'><strong>in</strong></span> 
     </span>
    </p>
   </div>
   <div class='ocr_carea' id='block_1_56' title="bbox 568 4049 2140 4120">
    <p class='ocr_par' dir='ltr' id='par_1_56' title="bbox 568 4049 2140 4120">
     <span class='ocr_line' id='line_1_56' title="bbox 568 4049 2140 4120; baseline 0.003 -17"><span class='ocrx_word' id='word_1_462' title='bbox 568 4049 734 4104; x_wconf 91' lang='lat' dir='ltr'><strong>lorma</strong></span> <span class='ocrx_word' id='word_1_463' title='bbox 765 4049 860 4104; x_wconf 90' lang='lat' dir='ltr'><strong>Dei</strong></span> <span class='ocrx_word' id='word_1_464' title='bbox 885 4050 1074 4104; x_wconf 85' lang='lat' dir='ltr'><strong>Filium</strong></span> <span class='ocrx_word' id='word_1_465' title='bbox 1105 4065 1223 4105; x_wconf 86' lang='lat' dir='ltr'><strong>esse</strong></span> <span class='ocrx_word' id='word_1_466' title='bbox 1250 4052 1543 4120; x_wconf 88' lang='lat' dir='ltr'><strong>apostolica</strong></span> <span class='ocrx_word' id='word_1_467' title='bbox 1572 4060 1800 4108; x_wconf 87' lang='lat' dir='ltr'><strong>testatur</strong></span> <span class='ocrx_word' id='word_1_468' title='bbox 1828 4053 2140 4107; x_wconf 88' lang='lat' dir='ltr'><strong>auctoritas.</strong></span> 
     </span>
    </p>
   </div>
   <div class='ocr_carea' id='block_1_57' title="bbox 556 4137 2138 4212">
    <p class='ocr_par' dir='ltr' id='par_1_57' title="bbox 556 4137 2138 4212">
     <span class='ocr_line' id='line_1_57' title="bbox 556 4137 2138 4212; baseline 0.001 -19"><span class='ocrx_word' id='word_1_469' title='bbox 556 4137 689 4194; x_wconf 77' lang='lat' dir='ltr'><strong>ideo</strong></span> <span class='ocrx_word' id='word_1_470' title='bbox 713 4154 840 4208; x_wconf 85' lang='lat' dir='ltr'><strong>ergo</strong></span> <span class='ocrx_word' id='word_1_471' title='bbox 867 4142 1125 4212; x_wconf 73' lang='lat' dir='ltr'><strong>aequalem</strong></span> <span class='ocrx_word' id='word_1_472' title='bbox 1169 4142 1279 4196; x_wconf 90' lang='lat' dir='ltr'><strong>Deo</strong></span> <span class='ocrx_word' id='word_1_473' title='bbox 1309 4158 1446 4208; x_wconf 88' lang='lat' dir='ltr'><strong>esse,</strong></span> <span class='ocrx_word' id='word_1_474' title='bbox 1489 4159 1594 4196; x_wconf 90' lang='lat' dir='ltr'><strong>non</strong></span> <span class='ocrx_word' id='word_1_475' title='bbox 1625 4143 1699 4197; x_wconf 92' lang='lat' dir='ltr'><strong>illi</strong></span> <span class='ocrx_word' id='word_1_476' title='bbox 1729 4144 1914 4212; x_wconf 88' lang='lat' dir='ltr'><strong>rapina</strong></span> <span class='ocrx_word' id='word_1_477' title='bbox 1945 4143 2138 4210; x_wconf 78' lang='lat' dir='ltr'><strong>fuerat,</strong></span> 
     </span>
    </p>
   </div>
   <div class='ocr_carea' id='block_1_58' title="bbox 565 4229 2142 4300">
    <p class='ocr_par' dir='ltr' id='par_1_58' title="bbox 565 4229 2142 4300">
     <span class='ocr_line' id='line_1_58' title="bbox 565 4229 2142 4300; baseline 0.003 -16"><span class='ocrx_word' id='word_1_478' title='bbox 565 4229 660 4284; x_wconf 85' lang='lat' dir='ltr'><strong>sed</strong></span> <span class='ocrx_word' id='word_1_479' title='bbox 691 4237 880 4283; x_wconf 89' lang='lat' dir='ltr'><strong>natura</strong></span> <span class='ocrx_word' id='word_1_480' title='bbox 909 4247 924 4295; x_wconf 87' lang='lat'><strong>;</strong></span> <span class='ocrx_word' id='word_1_481' title='bbox 975 4231 1099 4300; x_wconf 89' lang='lat' dir='ltr'><strong>quia</strong></span> <span class='ocrx_word' id='word_1_482' title='bbox 1153 4230 1204 4285; x_wconf 92' lang='lat' dir='ltr'><strong>in</strong></span> <span class='ocrx_word' id='word_1_483' title='bbox 1237 4230 1408 4286; x_wconf 83' lang='lat' dir='ltr'><strong>forma</strong></span> <span class='ocrx_word' id='word_1_484' title='bbox 1436 4234 1549 4287; x_wconf 90' lang='lat' dir='ltr'><strong>veri</strong></span> <span class='ocrx_word' id='word_1_485' title='bbox 1581 4233 1675 4288; x_wconf 89' lang='lat' dir='ltr'><strong>Dei</strong></span> <span class='ocrx_word' id='word_1_486' title='bbox 1716 4250 1823 4291; x_wconf 90' lang='lat' dir='ltr'><strong>non</strong></span> <span class='ocrx_word' id='word_1_487' title='bbox 1855 4235 1954 4289; x_wconf 83' lang='lat' dir='ltr'><strong>nisi</strong></span> <span class='ocrx_word' id='word_1_488' title='bbox 1980 4249 2142 4288; x_wconf 88' lang='lat' dir='ltr'><strong>verus</strong></span> 
     </span>
    </p>
   </div>
   <div class='ocr_carea' id='block_1_59' title="bbox 565 4319 2142 4394">
    <p class='ocr_par' dir='ltr' id='par_1_59' title="bbox 565 4319 2142 4394">
     <span class='ocr_line' id='line_1_59' title="bbox 565 4319 2142 4394; baseline 0.004 -22"><span class='ocrx_word' id='word_1_489' title='bbox 565 4319 891 4388; x_wconf 77' lang='lat' dir='ltr'><strong>esse-potuit</strong></span> <span class='ocrx_word' id='word_1_490' title='bbox 918 4320 1095 4386; x_wconf 87' lang='lat' dir='ltr'><strong>Deus,</strong></span> <span class='ocrx_word' id='word_1_491' title='bbox 1147 4329 1203 4375; x_wconf 91' lang='lat' dir='ltr'><strong>et</strong></span> <span class='ocrx_word' id='word_1_492' title='bbox 1230 4320 1422 4376; x_wconf 67' lang='lat' dir='ltr'><strong>divina;</strong></span> <span class='ocrx_word' id='word_1_493' title='bbox 1465 4321 1649 4376; x_wconf 71' lang='lat' dir='ltr'><strong>foru&#39;iac</strong></span> <span class='ocrx_word' id='word_1_494' title='bbox 1691 4324 1866 4378; x_wconf 91' lang='lat' dir='ltr'><strong>unitas</strong></span> <span class='ocrx_word' id='word_1_495' title='bbox 1912 4325 2028 4394; x_wconf 90' lang='lat' dir='ltr'><strong>ipsa</strong></span> <span class='ocrx_word' id='word_1_496' title='bbox 2059 4334 2142 4379; x_wconf 82' lang='lat' dir='ltr'><strong>est</strong></span> 
     </span>
    </p>
   </div>
   <div class='ocr_carea' id='block_1_60' title="bbox 565 4410 2141 4488">
    <p class='ocr_par' dir='ltr' id='par_1_60' title="bbox 565 4410 2141 4488">
     <span class='ocr_line' id='line_1_60' title="bbox 565 4410 2141 4488; baseline 0.004 -23"><span class='ocrx_word' id='word_1_497' title='bbox 565 4411 777 4466; x_wconf 84' lang='lat' dir='ltr'><strong>deitatis</strong></span> <span class='ocrx_word' id='word_1_498' title='bbox 807 4413 963 4467; x_wconf 91' lang='lat' dir='ltr'><strong>unius</strong></span> <span class='ocrx_word' id='word_1_499' title='bbox 992 4410 1020 4452; x_wconf 70' lang='grc' dir='ltr'>ιδ</span> <span class='ocrx_word' id='word_1_500' title='bbox 1051 4414 1308 4468; x_wconf 89' lang='lat' dir='ltr'><strong>naturalis</strong></span> <span class='ocrx_word' id='word_1_501' title='bbox 1335 4415 1628 4482; x_wconf 66' lang='lat' dir='ltr'><strong>aequalitas.</strong></span> <span class='ocrx_word' id='word_1_502' title='bbox 1672 4413 1771 4471; x_wconf 84' lang='lat' dir='ltr'><strong>Ubi</strong></span> <span class='ocrx_word' id='word_1_503' title='bbox 1801 4432 1929 4488; x_wconf 83' lang='lat' dir='ltr'><strong>ergo</strong></span> <span class='ocrx_word' id='word_1_504' title='bbox 1956 4416 2141 4472; x_wconf 81' lang='lat' dir='ltr'><strong>formae</strong></span> 
     </span>
    </p>
   </div>
   <div class='ocr_carea' id='block_1_61' title="bbox 547 4503 2135 4576">
    <p class='ocr_par' dir='ltr' id='par_1_61' title="bbox 547 4503 2135 4576">
     <span class='ocr_line' id='line_1_61' title="bbox 547 4503 2135 4576; baseline 0.003 -18"><span class='ocrx_word' id='word_1_505' title='bbox 547 4503 742 4558; x_wconf 68' lang='lat' dir='ltr'><strong>vanitas</strong></span> <span class='ocrx_word' id='word_1_506' title='bbox 785 4503 840 4557; x_wconf 92' lang='lat' dir='ltr'><strong>in</strong></span> <span class='ocrx_word' id='word_1_507' title='bbox 860 4511 1057 4557; x_wconf 66' lang='lat' dir='ltr'><strong>natura</strong></span> <span class='ocrx_word' id='word_1_508' title='bbox 1087 4511 1242 4567; x_wconf 86' lang='lat' dir='ltr'><strong>erat,</strong></span> <span class='ocrx_word' id='word_1_509' title='bbox 1287 4504 1564 4574; x_wconf 72' lang='lat' dir='ltr'><strong>aequalitas</strong></span> <span class='ocrx_word' id='word_1_510' title='bbox 1610 4506 1794 4576; x_wconf 90' lang='lat' dir='ltr'><strong>rapina</strong></span> <span class='ocrx_word' id='word_1_511' title='bbox 1844 4523 1950 4561; x_wconf 92' lang='lat' dir='ltr'><strong>non</strong></span> <span class='ocrx_word' id='word_1_512' title='bbox 1999 4515 2135 4562; x_wconf 90' lang='lat' dir='ltr'><strong>erat.</strong></span> 
     </span>
    </p>
   </div>
   <div class='ocr_carea' id='block_1_62' title="bbox 547 4589 2134 4666">
    <p class='ocr_par' dir='ltr' id='par_1_62' title="bbox 547 4589 2134 4666">
     <span class='ocr_line' id='line_1_62' title="bbox 547 4589 2134 4666; baseline 0.004 -22"><span class='ocrx_word' id='word_1_513' title='bbox 547 4589 832 4647; x_wconf 77' lang='lat' dir='ltr'><strong>Naturalis</strong></span> <span class='ocrx_word' id='word_1_514' title='bbox 853 4600 1031 4646; x_wconf 89' lang='lat' dir='ltr'><strong>autem</strong></span> <span class='ocrx_word' id='word_1_515' title='bbox 1056 4591 1356 4647; x_wconf 78' lang='lat' dir='ltr'><strong>divinitatis</strong></span> <span class='ocrx_word' id='word_1_516' title='bbox 1381 4594 1658 4664; x_wconf 74' lang='lat' dir='ltr'><strong>aequalitas</strong></span> <span class='ocrx_word' id='word_1_517' title='bbox 1675 4638 1688 4660; x_wconf 91' lang='lat'><strong>,</strong></span> <span class='ocrx_word' id='word_1_518' title='bbox 1737 4610 1855 4666; x_wconf 82' lang='lat' dir='ltr'><strong>qua:</strong></span> <span class='ocrx_word' id='word_1_519' title='bbox 1884 4596 1935 4650; x_wconf 92' lang='lat' dir='ltr'><strong>in</strong></span> <span class='ocrx_word' id='word_1_520' title='bbox 1965 4596 2134 4651; x_wconf 84' lang='lat' dir='ltr'><strong>forma</strong></span> 
     </span>
    </p>
   </div>
   <div class='ocr_carea' id='block_1_63' title="bbox 547 4682 1934 4753">
    <p class='ocr_par' dir='ltr' id='par_1_63' title="bbox 547 4682 1934 4753">
     <span class='ocr_line' id='line_1_63' title="bbox 547 4682 1934 4753; baseline 0.004 -20"><span class='ocrx_word' id='word_1_521' title='bbox 547 4683 656 4737; x_wconf 90' lang='lat' dir='ltr'><strong>.Dci</strong></span> <span class='ocrx_word' id='word_1_522' title='bbox 688 4690 826 4753; x_wconf 86' lang='lat' dir='ltr'><strong>erat,</strong></span> <span class='ocrx_word' id='word_1_523' title='bbox 856 4683 1054 4736; x_wconf 67' lang='lat' dir='ltr'><strong>aufemi</strong></span> <span class='ocrx_word' id='word_1_524' title='bbox 1075 4682 1195 4738; x_wconf 86' lang='lat' dir='ltr'><strong>Deo</strong></span> <span class='ocrx_word' id='word_1_525' title='bbox 1222 4699 1350 4737; x_wconf 85' lang='lat' dir='ltr'><strong>vero</strong></span> <span class='ocrx_word' id='word_1_526' title='bbox 1375 4700 1486 4738; x_wconf 87' lang='lat' dir='ltr'><strong>non</strong></span> <span class='ocrx_word' id='word_1_527' title='bbox 1508 4695 1740 4753; x_wconf 88' lang='lat' dir='ltr'><strong>poterat.</strong></span> <span class='ocrx_word' id='word_1_528' title='bbox 1931 4744 1934 4746; x_wconf 50' lang='grc'>,</span> 
     </span>
    </p>
   </div>
   <div class='ocr_carea' id='block_1_64' title="bbox 624 4773 2169 4843">
    <p class='ocr_par' dir='ltr' id='par_1_64' title="bbox 624 4773 2169 4843">
     <span class='ocr_line' id='line_1_64' title="bbox 624 4773 2169 4843; baseline 0.004 -16"><span class='ocrx_word' id='word_1_529' title='bbox 624 4775 719 4828; x_wconf 69' lang='lat'><strong>.16.</strong></span> <span class='ocrx_word' id='word_1_530' title='bbox 749 4774 888 4829; x_wconf 74' lang='lat' dir='ltr'><strong>inde</strong></span> <span class='ocrx_word' id='word_1_531' title='bbox 916 4783 998 4829; x_wconf 87' lang='lat' dir='ltr'><strong>est</strong></span> <span class='ocrx_word' id='word_1_532' title='bbox 1034 4773 1204 4843; x_wconf 71' lang='lat' dir='ltr'><strong>quod,</strong></span> <span class='ocrx_word' id='word_1_533' title='bbox 1232 4775 1467 4830; x_wconf 89' lang='lat' dir='ltr'><strong>retinens</strong></span> <span class='ocrx_word' id='word_1_534' title='bbox 1493 4776 1772 4831; x_wconf 78' lang='lat' dir='ltr'><strong>veritatem</strong></span> <span class='ocrx_word' id='word_1_535' title='bbox 1818 4777 2128 4842; x_wconf 85' lang='lat' dir='ltr'><strong>divinitatis,</strong></span> <span class='ocrx_word' id='word_1_536' title='bbox 2162 4805 2169 4812; x_wconf 91' lang='lat'><strong><em>-</em></strong></span> 
     </span>
    </p>
   </div>
   <div class='ocr_carea' id='block_1_65' title="bbox 545 4868 2134 4939">
    <p class='ocr_par' dir='ltr' id='par_1_65' title="bbox 545 4868 2134 4939">
     <span class='ocr_line' id='line_1_65' title="bbox 545 4868 2134 4939; baseline 0.001 -15"><span class='ocrx_word' id='word_1_537' title='bbox 545 4880 616 4924; x_wconf 62' lang='grc' dir='ltr'>νει</span> <span class='ocrx_word' id='word_1_538' title='bbox 642 4871 924 4924; x_wconf 84' lang='lat' dir='ltr'><strong>veritatem</strong></span> <span class='ocrx_word' id='word_1_539' title='bbox 947 4868 1214 4939; x_wconf 86' lang='lat' dir='ltr'><strong>accipiens</strong></span> <span class='ocrx_word' id='word_1_540' title='bbox 1244 4869 1456 4934; x_wconf 82' lang='lat' dir='ltr'><strong>carnis,</strong></span> <span class='ocrx_word' id='word_1_541' title='bbox 1497 4885 1642 4924; x_wconf 67' lang='lat' dir='ltr'><strong>unus</strong></span> <span class='ocrx_word' id='word_1_542' title='bbox 1672 4869 1920 4939; x_wconf 89' lang='lat' dir='ltr'><strong>idemque</strong></span> <span class='ocrx_word' id='word_1_543' title='bbox 1949 4869 2044 4924; x_wconf 92' lang='lat' dir='ltr'><strong>Dei</strong></span> <span class='ocrx_word' id='word_1_544' title='bbox 2077 4879 2134 4925; x_wconf 89' lang='lat' dir='ltr'><strong>et</strong></span> 
     </span>
    </p>
   </div>
   <div class='ocr_carea' id='block_1_66' title="bbox 559 4958 2131 5028">
    <p class='ocr_par' dir='ltr' id='par_1_66' title="bbox 559 4958 2131 5028">
     <span class='ocr_line' id='line_1_66' title="bbox 559 4958 2131 5028; baseline 0.001 -15"><span class='ocrx_word' id='word_1_545' title='bbox 559 4959 792 5014; x_wconf 82' lang='lat' dir='ltr'><strong>hominis</strong></span> <span class='ocrx_word' id='word_1_546' title='bbox 839 4958 977 5014; x_wconf 90' lang='lat' dir='ltr'><strong>tilius</strong></span> <span class='ocrx_word' id='word_1_547' title='bbox 1000 4997 1014 5023; x_wconf 93' lang='lat'><strong>,</strong></span> <span class='ocrx_word' id='word_1_548' title='bbox 1063 4967 1117 5013; x_wconf 89' lang='lat' dir='ltr'><strong>et</strong></span> <span class='ocrx_word' id='word_1_549' title='bbox 1147 4958 1304 5014; x_wconf 89' lang='lat' dir='ltr'><strong>Patre</strong></span> <span class='ocrx_word' id='word_1_550' title='bbox 1333 4958 1504 5015; x_wconf 81' lang='lat' dir='ltr'><strong>factus</strong></span> <span class='ocrx_word' id='word_1_551' title='bbox 1531 4968 1612 5015; x_wconf 90' lang='lat' dir='ltr'><strong>est</strong></span> <span class='ocrx_word' id='word_1_552' title='bbox 1631 4961 1816 5016; x_wconf 83' lang='lat' dir='ltr'><strong>minor</strong></span> <span class='ocrx_word' id='word_1_553' title='bbox 1835 5004 1854 5028; x_wconf 88' lang='lat'><strong>,</strong></span> <span class='ocrx_word' id='word_1_554' title='bbox 1903 4969 1957 5015; x_wconf 89' lang='lat' dir='ltr'><strong>et</strong></span> <span class='ocrx_word' id='word_1_555' title='bbox 1985 4959 2131 5015; x_wconf 90' lang='lat' dir='ltr'><strong>Patri</strong></span> 
     </span>
    </p>
   </div>
   <div class='ocr_carea' id='block_1_67' title="bbox 551 5051 2132 5123">
    <p class='ocr_par' dir='ltr' id='par_1_67' title="bbox 551 5051 2132 5123">
     <span class='ocr_line' id='line_1_67' title="bbox 551 5051 2132 5123; baseline 0.001 -17"><span class='ocrx_word' id='word_1_556' title='bbox 551 5053 853 5122; x_wconf 70' lang='lat' dir='ltr'><strong>permansit</strong></span> <span class='ocrx_word' id='word_1_557' title='bbox 873 5051 1109 5121; x_wconf 78' lang='lat' dir='ltr'><strong>aequalis.</strong></span> <span class='ocrx_word' id='word_1_558' title='bbox 1149 5051 1274 5106; x_wconf 88' lang='lat' dir='ltr'><strong>Ideo</strong></span> <span class='ocrx_word' id='word_1_559' title='bbox 1305 5059 1590 5120; x_wconf 89' lang='lat' dir='ltr'><strong>utrumque</strong></span> <span class='ocrx_word' id='word_1_560' title='bbox 1620 5054 1880 5107; x_wconf 89' lang='lat' dir='ltr'><strong>veraciter</strong></span> <span class='ocrx_word' id='word_1_561' title='bbox 1905 5052 2018 5123; x_wconf 79' lang='lat' dir='ltr'><strong>ipsa</strong></span> <span class='ocrx_word' id='word_1_562' title='bbox 2039 5068 2132 5108; x_wconf 90' lang='lat' dir='ltr'><strong>ve-</strong></span> 
     </span>
    </p>
   </div>
   <div class='ocr_carea' id='block_1_68' title="bbox 549 5142 2130 5216">
    <p class='ocr_par' dir='ltr' id='par_1_68' title="bbox 549 5142 2130 5216">
     <span class='ocr_line' id='line_1_68' title="bbox 549 5142 2130 5216; baseline -0.001 -19"><span class='ocrx_word' id='word_1_563' title='bbox 549 5147 686 5199; x_wconf 77' lang='lat' dir='ltr'><strong>ritas</strong></span> <span class='ocrx_word' id='word_1_564' title='bbox 715 5144 883 5200; x_wconf 84' lang='lat' dir='ltr'><strong>dixit:</strong></span> <span class='ocrx_word' id='word_1_565' title='bbox 918 5153 971 5198; x_wconf 88' lang='lat' dir='ltr'><strong>et</strong></span> <span class='ocrx_word' id='word_1_566' title='bbox 995 5163 1008 5196; x_wconf 88' lang='lat'>:</span> <span class='ocrx_word' id='word_1_567' title='bbox 1043 5142 1202 5197; x_wconf 88' lang='lat' dir='ltr'><strong>Pater</strong></span> <span class='ocrx_word' id='word_1_568' title='bbox 1230 5144 1400 5214; x_wconf 86' lang='lat' dir='ltr'><strong>major</strong></span> <span class='ocrx_word' id='word_1_569' title='bbox 1424 5159 1503 5198; x_wconf 87' lang='lat' dir='ltr'><strong>me</strong></span> <span class='ocrx_word' id='word_1_570' title='bbox 1527 5153 1603 5196; x_wconf 88' lang='lat' dir='ltr'><strong>est</strong></span> <span class='ocrx_word' id='word_1_571' title='bbox 1630 5142 1806 5216; x_wconf 83' lang='lat' dir='ltr'><strong>(Joan.</strong></span> <span class='ocrx_word' id='word_1_572' title='bbox 1843 5160 1930 5198; x_wconf 75' lang='grc' dir='ltr'><strong>χιν</strong></span> <span class='ocrx_word' id='word_1_573' title='bbox 1949 5186 1965 5210; x_wconf 87' lang='grc'><strong><em>,</em></strong></span> <span class='ocrx_word' id='word_1_574' title='bbox 1997 5143 2088 5214; x_wconf 64' lang='lat'><strong>28)</strong></span> <span class='ocrx_word' id='word_1_575' title='bbox 2117 5161 2130 5210; x_wconf 93' lang='lat'><strong>;</strong></span> 
     </span>
    </p>
   </div>
   <div class='ocr_carea' id='block_1_69' title="bbox 553 5239 2134 5312">
    <p class='ocr_par' dir='ltr' id='par_1_69' title="bbox 553 5239 2134 5312">
     <span class='ocr_line' id='line_1_69' title="bbox 553 5239 2134 5312; baseline -0.001 -18"><span class='ocrx_word' id='word_1_576' title='bbox 553 5249 612 5294; x_wconf 84' lang='lat' dir='ltr'><strong>et</strong></span> <span class='ocrx_word' id='word_1_577' title='bbox 637 5258 649 5293; x_wconf 87' lang='lat'><strong>:</strong></span> <span class='ocrx_word' id='word_1_578' title='bbox 700 5239 814 5312; x_wconf 81' lang='lat' dir='ltr'><strong>Ego</strong></span> <span class='ocrx_word' id='word_1_579' title='bbox 856 5251 904 5294; x_wconf 87' lang='lat' dir='ltr'><strong>et</strong></span> <span class='ocrx_word' id='word_1_580' title='bbox 932 5239 1093 5294; x_wconf 87' lang='lat' dir='ltr'><strong>Pater</strong></span> <span class='ocrx_word' id='word_1_581' title='bbox 1121 5257 1277 5294; x_wconf 88' lang='lat' dir='ltr'><strong>unum</strong></span> <span class='ocrx_word' id='word_1_582' title='bbox 1306 5257 1494 5295; x_wconf 87' lang='lat' dir='ltr'><strong>.sumus</strong></span> <span class='ocrx_word' id='word_1_583' title='bbox 1524 5239 1700 5304; x_wconf 87' lang='lat' dir='ltr'><strong>(Joan.</strong></span> <span class='ocrx_word' id='word_1_584' title='bbox 1730 5258 1763 5295; x_wconf 70' lang='grc' dir='ltr'><strong>ι</strong></span> <span class='ocrx_word' id='word_1_585' title='bbox 1787 5283 1801 5306; x_wconf 88' lang='grc'><em>,</em></span> <span class='ocrx_word' id='word_1_586' title='bbox 1835 5240 1943 5311; x_wconf 81' lang='grc'><strong>50).</strong></span> <span class='ocrx_word' id='word_1_587' title='bbox 1995 5239 2134 5293; x_wconf 75' lang='lat' dir='ltr'><strong>Vere</strong></span> 
     </span>
    </p>
   </div>
   <div class='ocr_carea' id='block_1_70' title="bbox 556 5330 2134 5402">
    <p class='ocr_par' dir='ltr' id='par_1_70' title="bbox 556 5330 2134 5402">
     <span class='ocr_line' id='line_1_70' title="bbox 556 5330 2134 5402; baseline 0.001 -18"><span class='ocrx_word' id='word_1_588' title='bbox 556 5345 687 5401; x_wconf 88' lang='lat' dir='ltr'><strong>ergo</strong></span> <span class='ocrx_word' id='word_1_589' title='bbox 717 5330 828 5385; x_wconf 89' lang='lat' dir='ltr'><strong>Deo</strong></span> <span class='ocrx_word' id='word_1_590' title='bbox 863 5331 1018 5386; x_wconf 82' lang='lat' dir='ltr'><strong>Patre</strong></span> <span class='ocrx_word' id='word_1_591' title='bbox 1043 5331 1220 5387; x_wconf 77' lang='lat' dir='ltr'><strong>minor</strong></span> <span class='ocrx_word' id='word_1_592' title='bbox 1238 5342 1328 5387; x_wconf 86' lang='lat' dir='ltr'><strong>est</strong></span> <span class='ocrx_word' id='word_1_593' title='bbox 1355 5331 1628 5400; x_wconf 79' lang='lat' dir='ltr'><strong>Christus,</strong></span> <span class='ocrx_word' id='word_1_594' title='bbox 1659 5333 1781 5402; x_wconf 87' lang='lat' dir='ltr'><strong>quia</strong></span> <span class='ocrx_word' id='word_1_595' title='bbox 1817 5332 2134 5386; x_wconf 83' lang='lat' dir='ltr'><strong>naturaliter</strong></span> 
     </span>
    </p>
   </div>
   <div class='ocr_carea' id='block_1_71' title="bbox 555 5420 2130 5496">
    <p class='ocr_par' dir='ltr' id='par_1_71' title="bbox 555 5420 2130 5496">
     <span class='ocr_line' id='line_1_71' title="bbox 555 5420 2130 5496; baseline 0.001 -22"><span class='ocrx_word' id='word_1_596' title='bbox 555 5435 622 5474; x_wconf 76' lang='lat' dir='ltr'><strong>ex</strong></span> <span class='ocrx_word' id='word_1_597' title='bbox 652 5422 892 5491; x_wconf 86' lang='lat' dir='ltr'><strong>patribus</strong></span> <span class='ocrx_word' id='word_1_598' title='bbox 921 5431 1002 5476; x_wconf 89' lang='lat' dir='ltr'><strong>est</strong></span> <span class='ocrx_word' id='word_1_599' title='bbox 1030 5423 1316 5478; x_wconf 86' lang='lat' dir='ltr'><strong>secundum</strong></span> <span class='ocrx_word' id='word_1_600' title='bbox 1349 5439 1564 5479; x_wconf 86' lang='lat' dir='ltr'><strong>carnem</strong></span> <span class='ocrx_word' id='word_1_601' title='bbox 1590 5441 1604 5489; x_wconf 93' lang='lat'><strong>;</strong></span> <span class='ocrx_word' id='word_1_602' title='bbox 1652 5432 1706 5476; x_wconf 91' lang='lat' dir='ltr'><strong>ct</strong></span> <span class='ocrx_word' id='word_1_603' title='bbox 1734 5439 1859 5496; x_wconf 85' lang='lat' dir='ltr'><strong>vere</strong></span> <span class='ocrx_word' id='word_1_604' title='bbox 1891 5422 1998 5477; x_wconf 87' lang='lat' dir='ltr'><strong>Deo</strong></span> <span class='ocrx_word' id='word_1_605' title='bbox 2029 5420 2130 5475; x_wconf 88' lang='lat' dir='ltr'><strong>Pa-</strong></span> 
     </span>
    </p>
   </div>
   <div class='ocr_carea' id='block_1_72' title="bbox 546 5512 2132 5606">
    <p class='ocr_par' dir='ltr' id='par_1_72' title="bbox 546 5512 2132 5606">
     <span class='ocr_line' id='line_1_72' title="bbox 546 5512 2132 5606; baseline 0.001 -41"><span class='ocrx_word' id='word_1_606' title='bbox 546 5512 624 5566; x_wconf 77' lang='lat' dir='ltr'><strong>tri</strong></span> <span class='ocrx_word' id='word_1_607' title='bbox 669 5512 891 5581; x_wconf 69' lang='lat' dir='ltr'><strong>aequalis</strong></span> <span class='ocrx_word' id='word_1_608' title='bbox 941 5523 1022 5569; x_wconf 89' lang='lat' dir='ltr'><strong>est</strong></span> <span class='ocrx_word' id='word_1_609' title='bbox 1041 5515 1190 5571; x_wconf 80' lang='lat' dir='ltr'><strong>idem</strong></span> <span class='ocrx_word' id='word_1_610' title='bbox 1219 5516 1497 5606; x_wconf 53' lang='lat' dir='ltr'><strong>Chiistus,</strong></span> <span class='ocrx_word' id='word_1_611' title='bbox 1549 5516 1674 5572; x_wconf 85' lang='lat' dir='ltr'><strong>auia</strong></span> <span class='ocrx_word' id='word_1_612' title='bbox 1714 5515 2025 5569; x_wconf 74' lang='lat' dir='ltr'><strong>tutturaliter</strong></span> <span class='ocrx_word' id='word_1_613' title='bbox 2046 5523 2132 5568; x_wconf 79' lang='lat' dir='ltr'><strong>est</strong></span> 
     </span>
    </p>
   </div>
   <div class='ocr_carea' id='block_1_73' title="bbox 625 5693 2122 5764">
    <p class='ocr_par' dir='ltr' id='par_1_73' title="bbox 625 5693 2122 5764">
     <span class='ocr_line' id='line_1_73' title="bbox 625 5693 2122 5764; baseline -0.003 -15"><span class='ocrx_word' id='word_1_614' title='bbox 625 5693 885 5761; x_wconf 48' lang='lat' dir='ltr'><strong>{Locum</strong></span> <span class='ocrx_word' id='word_1_615' title='bbox 917 5696 1058 5751; x_wconf 91' lang='lat' dir='ltr'><strong>hunc</strong></span> <span class='ocrx_word' id='word_1_616' title='bbox 1088 5696 1273 5764; x_wconf 56' lang='lat' dir='ltr'><strong>maiori</strong></span> <span class='ocrx_word' id='word_1_617' title='bbox 1304 5711 1382 5748; x_wconf 89' lang='lat' dir='ltr'><strong>sm</strong></span> <span class='ocrx_word' id='word_1_618' title='bbox 1414 5709 1566 5764; x_wconf 82' lang='lat' dir='ltr'><strong>parte</strong></span> <span class='ocrx_word' id='word_1_619' title='bbox 1598 5698 1839 5764; x_wconf 79' lang='lat' dir='ltr'><strong>nmmum</strong></span> <span class='ocrx_word' id='word_1_620' title='bbox 1884 5693 2122 5747; x_wconf 82' lang='lat' dir='ltr'><strong>medius</strong></span> 
     </span>
    </p>
   </div>
   <div class='ocr_carea' id='block_1_74' title="bbox 535 5761 2124 5832">
    <p class='ocr_par' dir='ltr' id='par_1_74' title="bbox 535 5761 2124 5832">
     <span class='ocr_line' id='line_1_74' title="bbox 535 5761 2124 5832; baseline -0.004 -10"><span class='ocrx_word' id='word_1_621' title='bbox 535 5765 885 5822; x_wconf 60' lang='lat' dir='ltr'><strong>Testituiinus</strong></span> <span class='ocrx_word' id='word_1_622' title='bbox 915 5784 978 5820; x_wconf 80' lang='lat' dir='ltr'><strong>ex</strong></span> <span class='ocrx_word' id='word_1_623' title='bbox 1009 5767 1128 5822; x_wconf 89' lang='lat' dir='ltr'><strong>cod.</strong></span> <span class='ocrx_word' id='word_1_624' title='bbox 1163 5761 1260 5820; x_wconf 86' lang='lat' dir='ltr'><strong>ms.</strong></span> <span class='ocrx_word' id='word_1_625' title='bbox 1295 5761 1448 5818; x_wconf 70' lang='lat' dir='ltr'><strong>Colli.</strong></span> <span class='ocrx_word' id='word_1_626' title='bbox 1477 5762 1565 5817; x_wconf 89' lang='lat' dir='ltr'><strong>Sic</strong></span> <span class='ocrx_word' id='word_1_627' title='bbox 1595 5766 1735 5817; x_wconf 88' lang='lat' dir='ltr'><strong>enim</strong></span> <span class='ocrx_word' id='word_1_628' title='bbox 1760 5761 2043 5832; x_wconf 64' lang='lat' dir='ltr'><strong>legebatur</strong></span> <span class='ocrx_word' id='word_1_629' title='bbox 2074 5764 2124 5816; x_wconf 93' lang='lat' dir='ltr'><strong>in</strong></span> 
     </span>
    </p>
   </div>
   <div class='ocr_carea' id='block_1_75' title="bbox 535 5833 2126 5891">
    <p class='ocr_par' dir='ltr' id='par_1_75' title="bbox 535 5833 2126 5891">
     <span class='ocr_line' id='line_1_75' title="bbox 535 5833 2126 5891; baseline -0.003 0"><span class='ocrx_word' id='word_1_630' title='bbox 535 5837 745 5891; x_wconf 87' lang='lat' dir='ltr'><strong>-editis:</strong></span> <span class='ocrx_word' id='word_1_631' title='bbox 781 5835 844 5890; x_wconf 84' lang='lat' dir='ltr'><strong>In</strong></span> <span class='ocrx_word' id='word_1_632' title='bbox 866 5855 925 5891; x_wconf 87' lang='lat' dir='ltr'><strong>ea</strong></span> <span class='ocrx_word' id='word_1_633' title='bbox 953 5848 1139 5890; x_wconf 88' lang='lat' dir='ltr'><strong>natura</strong></span> <span class='ocrx_word' id='word_1_634' title='bbox 1171 5837 1331 5890; x_wconf 82' lang='lat' dir='ltr'><strong>Putre</strong></span> <span class='ocrx_word' id='word_1_635' title='bbox 1367 5835 1538 5887; x_wconf 85' lang='lat' dir='ltr'><strong>minor</strong></span> <span class='ocrx_word' id='word_1_636' title='bbox 1580 5844 1653 5887; x_wconf 87' lang='lat' dir='ltr'><strong>est</strong></span> <span class='ocrx_word' id='word_1_637' title='bbox 1683 5835 1816 5887; x_wconf 84' lang='lat' dir='ltr'><strong>idem</strong></span> <span class='ocrx_word' id='word_1_638' title='bbox 1861 5833 2126 5888; x_wconf 67' lang='lat' dir='ltr'><strong>Filius-in</strong></span> 
     </span>
    </p>
   </div>
   <div class='ocr_carea' id='block_1_76' title="bbox 533 5905 2128 5976">
    <p class='ocr_par' dir='ltr' id='par_1_76' title="bbox 533 5905 2128 5976">
     <span class='ocr_line' id='line_1_76' title="bbox 533 5905 2128 5976; baseline 0.001 -21"><span class='ocrx_word' id='word_1_639' title='bbox 533 5924 652 5976; x_wconf 78' lang='lat' dir='ltr'><strong>.qua</strong></span> <span class='ocrx_word' id='word_1_640' title='bbox 674 5908 736 5958; x_wconf 88' lang='lat' dir='ltr'><strong>ab</strong></span> <span class='ocrx_word' id='word_1_641' title='bbox 760 5907 903 5961; x_wconf 88' lang='lat' dir='ltr'><strong>initio</strong></span> <span class='ocrx_word' id='word_1_642' title='bbox 932 5917 1167 5960; x_wconf 81' lang='lat' dir='ltr'><strong>creatura</strong></span> <span class='ocrx_word' id='word_1_643' title='bbox 1199 5908 1446 5958; x_wconf 72' lang='lat' dir='ltr'><strong>atloratur</strong></span> <span class='ocrx_word' id='word_1_644' title='bbox 1467 5913 1511 5957; x_wconf 87' lang='lat' dir='ltr'><strong>et</strong></span> <span class='ocrx_word' id='word_1_645' title='bbox 1543 5907 1784 5958; x_wconf 77' lang='lat' dir='ltr'><strong>laudatur</strong></span> <span class='ocrx_word' id='word_1_646' title='bbox 1811 5905 1872 5958; x_wconf 88' lang='lat' dir='ltr'><strong>ab</strong></span> <span class='ocrx_word' id='word_1_647' title='bbox 1901 5906 2128 5976; x_wconf 83' lang='lat' dir='ltr'><strong>angelis:</strong></span> 
     </span>
    </p>
   </div>
   <div class='ocr_carea' id='block_1_77' title="bbox 559 5978 1396 6032">
    <p class='ocr_par' dir='ltr' id='par_1_77' title="bbox 559 5978 1396 6032">
     <span class='ocr_line' id='line_1_77' title="bbox 559 5978 1396 6032; baseline -0.002 -3"><span class='ocrx_word' id='word_1_648' title='bbox 559 5978 762 6031; x_wconf 77' lang='lat' dir='ltr'><strong>reliu&#39;ta</strong></span> <span class='ocrx_word' id='word_1_649' title='bbox 792 5993 919 6032; x_wconf 77' lang='lat' dir='ltr'><strong>vero</strong></span> <span class='ocrx_word' id='word_1_650' title='bbox 951 5978 1126 6030; x_wconf 84' lang='lat' dir='ltr'><strong>omnia</strong></span> <span class='ocrx_word' id='word_1_651' title='bbox 1153 5978 1396 6028; x_wconf 81' lang='lat' dir='ltr'><strong>aherant.</strong></span> 
     </span>
    </p>
   </div>
   <div class='ocr_carea' id='block_1_78' title="bbox 2164 4683 3310 4770">
    <p class='ocr_par' dir='ltr' id='par_1_78' title="bbox 2164 4683 3310 4770">
     <span class='ocr_line' id='line_1_78' title="bbox 2164 4683 3310 4770; baseline -0.008 -26"><span class='ocrx_word' id='word_1_652' title='bbox 2164 4689 2637 4770; x_wconf 74' lang='lat' dir='ltr'><strong>Ddemonstraret</strong></span> <span class='ocrx_word' id='word_1_653' title='bbox 2661 4725 2675 4750; x_wconf 89' lang='lat'><strong>,</strong></span> <span class='ocrx_word' id='word_1_654' title='bbox 2739 4685 2998 4740; x_wconf 89' lang='lat' dir='ltr'><strong>continuo</strong></span> <span class='ocrx_word' id='word_1_655' title='bbox 3038 4683 3310 4751; x_wconf 81' lang='lat' dir='ltr'><strong>subjuuxit</strong></span> 
     </span>
    </p>
   </div>
   <div class='ocr_carea' id='block_1_79' title="bbox 2263 2041 3846 2118">
    <p class='ocr_par' dir='ltr' id='par_1_79' title="bbox 2263 2041 3846 2118">
     <span class='ocr_line' id='line_1_79' title="bbox 2263 2041 3846 2118; baseline 0.001 -22"><span class='ocrx_word' id='word_1_656' title='bbox 2263 2054 2473 2099; x_wconf 89' lang='lat' dir='ltr'><strong>sanctus</strong></span> <span class='ocrx_word' id='word_1_657' title='bbox 2502 2045 2712 2118; x_wconf 67' lang='lat' dir='ltr'><strong>aequalis</strong></span> <span class='ocrx_word' id='word_1_658' title='bbox 2742 2054 2816 2099; x_wconf 87' lang='lat' dir='ltr'><strong>est</strong></span> <span class='ocrx_word' id='word_1_659' title='bbox 2846 2043 2958 2099; x_wconf 82' lang='lat' dir='ltr'><strong>Deo</strong></span> <span class='ocrx_word' id='word_1_660' title='bbox 2993 2043 3140 2099; x_wconf 87' lang='lat' dir='ltr'><strong>Patri</strong></span> <span class='ocrx_word' id='word_1_661' title='bbox 3169 2055 3217 2098; x_wconf 86' lang='lat' dir='ltr'><strong>et</strong></span> <span class='ocrx_word' id='word_1_662' title='bbox 3248 2043 3415 2099; x_wconf 80' lang='lat' dir='ltr'><strong>Filio.</strong></span> <span class='ocrx_word' id='word_1_663' title='bbox 3469 2076 3548 2086; x_wconf 92' lang='lat'><strong>—</strong></span> <span class='ocrx_word' id='word_1_664' title='bbox 3604 2043 3690 2097; x_wconf 76' lang='lat' dir='ltr'><strong>i7.</strong></span> <span class='ocrx_word' id='word_1_665' title='bbox 3738 2041 3846 2097; x_wconf 84' lang='lat' dir='ltr'><strong>Inde</strong></span> 
     </span>
    </p>
   </div>
   <div class='ocr_carea' id='block_1_80' title="bbox 2261 2135 3845 2205">
    <p class='ocr_par' dir='ltr' id='par_1_80' title="bbox 2261 2135 3845 2205">
     <span class='ocr_line' id='line_1_80' title="bbox 2261 2135 3845 2205; baseline -0.001 -16"><span class='ocrx_word' id='word_1_666' title='bbox 2261 2143 2344 2189; x_wconf 90' lang='lat' dir='ltr'><strong>est</strong></span> <span class='ocrx_word' id='word_1_667' title='bbox 2367 2175 2384 2202; x_wconf 92' lang='lat'><strong>,</strong></span> <span class='ocrx_word' id='word_1_668' title='bbox 2431 2135 2576 2204; x_wconf 90' lang='lat' dir='ltr'><strong>quod</strong></span> <span class='ocrx_word' id='word_1_669' title='bbox 2603 2137 2766 2200; x_wconf 83' lang='lat' dir='ltr'><strong>etiam</strong></span> <span class='ocrx_word' id='word_1_670' title='bbox 2799 2135 3056 2205; x_wconf 88' lang='lat' dir='ltr'><strong>Spiritum</strong></span> <span class='ocrx_word' id='word_1_671' title='bbox 3104 2144 3345 2190; x_wconf 91' lang='lat' dir='ltr'><strong>sanctum</strong></span> <span class='ocrx_word' id='word_1_672' title='bbox 3385 2145 3706 2191; x_wconf 86' lang='lat' dir='ltr'><strong>creatorem</strong></span> <span class='ocrx_word' id='word_1_673' title='bbox 3735 2149 3845 2188; x_wconf 84' lang='lat' dir='ltr'><strong>vera</strong></span> 
     </span>
    </p>
   </div>
   <div class='ocr_carea' id='block_1_81' title="bbox 2263 2223 3842 2293">
    <p class='ocr_par' dir='ltr' id='par_1_81' title="bbox 2263 2223 3842 2293">
     <span class='ocr_line' id='line_1_81' title="bbox 2263 2223 3842 2293; baseline 0.002 -18"><span class='ocrx_word' id='word_1_674' title='bbox 2263 2223 2394 2281; x_wconf 86' lang='lat' dir='ltr'><strong>tides</strong></span> <span class='ocrx_word' id='word_1_675' title='bbox 2423 2227 2633 2292; x_wconf 80' lang='lat' dir='ltr'><strong>asserit,</strong></span> <span class='ocrx_word' id='word_1_676' title='bbox 2683 2242 2788 2281; x_wconf 93' lang='lat' dir='ltr'><strong>non</strong></span> <span class='ocrx_word' id='word_1_677' title='bbox 2817 2235 3140 2282; x_wconf 81' lang='lat' dir='ltr'><strong>creaturam.</strong></span> <span class='ocrx_word' id='word_1_678' title='bbox 3183 2225 3482 2293; x_wconf 85' lang='lat' dir='ltr'><strong>Quomodo</strong></span> <span class='ocrx_word' id='word_1_679' title='bbox 3532 2226 3677 2280; x_wconf 89' lang='lat' dir='ltr'><strong>enim</strong></span> <span class='ocrx_word' id='word_1_680' title='bbox 3707 2239 3842 2279; x_wconf 87' lang='lat' dir='ltr'><strong>crea-</strong></span> 
     </span>
    </p>
   </div>
   <div class='ocr_carea' id='block_1_82' title="bbox 2262 2316 3840 2385">
    <p class='ocr_par' dir='ltr' id='par_1_82' title="bbox 2262 2316 3840 2385">
     <span class='ocr_line' id='line_1_82' title="bbox 2262 2316 3840 2385; baseline -0.002 -16"><span class='ocrx_word' id='word_1_681' title='bbox 2262 2325 2347 2369; x_wconf 92' lang='lat' dir='ltr'><strong>tor</strong></span> <span class='ocrx_word' id='word_1_682' title='bbox 2369 2330 2487 2369; x_wconf 81' lang='lat' dir='ltr'><strong>esse</strong></span> <span class='ocrx_word' id='word_1_683' title='bbox 2507 2325 2752 2384; x_wconf 77' lang='lat' dir='ltr'><strong>negetur,</strong></span> <span class='ocrx_word' id='word_1_684' title='bbox 2781 2332 2810 2370; x_wconf 94' lang='lat' dir='ltr'><strong>a</strong></span> <span class='ocrx_word' id='word_1_685' title='bbox 2835 2331 2941 2385; x_wconf 92' lang='lat' dir='ltr'><strong>quo</strong></span> <span class='ocrx_word' id='word_1_686' title='bbox 2965 2317 3170 2370; x_wconf 88' lang='lat' dir='ltr'><strong>tirmata</strong></span> <span class='ocrx_word' id='word_1_687' title='bbox 3193 2316 3464 2370; x_wconf 75' lang='lat' dir='ltr'><strong>caelorum</strong></span> <span class='ocrx_word' id='word_1_688' title='bbox 3487 2317 3666 2368; x_wconf 87' lang='lat' dir='ltr'><strong>virtus</strong></span> <span class='ocrx_word' id='word_1_689' title='bbox 3685 2323 3840 2369; x_wconf 83' lang='lat' dir='ltr'><strong>osten-</strong></span> 
     </span>
    </p>
   </div>
   <div class='ocr_carea' id='block_1_83' title="bbox 2258 2404 3839 2474">
    <p class='ocr_par' dir='ltr' id='par_1_83' title="bbox 2258 2404 3839 2474">
     <span class='ocr_line' id='line_1_83' title="bbox 2258 2404 3839 2474; baseline -0.003 -15"><span class='ocrx_word' id='word_1_690' title='bbox 2258 2407 2433 2471; x_wconf 88' lang='lat' dir='ltr'><strong>ditur,</strong></span> <span class='ocrx_word' id='word_1_691' title='bbox 2481 2406 2694 2460; x_wconf 89' lang='lat' dir='ltr'><strong>dicente</strong></span> <span class='ocrx_word' id='word_1_692' title='bbox 2743 2406 2952 2461; x_wconf 89' lang='lat' dir='ltr'><strong>David:</strong></span> <span class='ocrx_word' id='word_1_693' title='bbox 3013 2406 3179 2461; x_wconf 81' lang='lat' dir='ltr'><strong>Verbo</strong></span> <span class='ocrx_word' id='word_1_694' title='bbox 3229 2405 3453 2459; x_wconf 85' lang='lat' dir='ltr'><strong>Domini</strong></span> <span class='ocrx_word' id='word_1_695' title='bbox 3503 2406 3620 2459; x_wconf 72' lang='lat' dir='ltr'><strong>caeli</strong></span> <span class='ocrx_word' id='word_1_696' title='bbox 3663 2404 3839 2474; x_wconf 75' lang='lat' dir='ltr'><strong>[innati</strong></span> 
     </span>
    </p>
   </div>
   <div class='ocr_carea' id='block_1_84' title="bbox 2256 2493 3834 2569">
    <p class='ocr_par' dir='ltr' id='par_1_84' title="bbox 2256 2493 3834 2569">
     <span class='ocr_line' id='line_1_84' title="bbox 2256 2493 3834 2569; baseline -0.004 -17"><span class='ocrx_word' id='word_1_697' title='bbox 2256 2507 2377 2552; x_wconf 86' lang='lat' dir='ltr'><strong>sunt</strong></span> <span class='ocrx_word' id='word_1_698' title='bbox 2399 2536 2414 2558; x_wconf 88' lang='lat'><strong>,</strong></span> <span class='ocrx_word' id='word_1_699' title='bbox 2465 2508 2515 2551; x_wconf 86' lang='lat' dir='ltr'><strong>et</strong></span> <span class='ocrx_word' id='word_1_700' title='bbox 2544 2497 2743 2568; x_wconf 82' lang='lat' dir='ltr'><strong>Spiritu</strong></span> <span class='ocrx_word' id='word_1_701' title='bbox 2777 2499 2881 2552; x_wconf 85' lang='lat' dir='ltr'><strong>oris</strong></span> <span class='ocrx_word' id='word_1_702' title='bbox 2911 2498 3020 2569; x_wconf 83' lang='lat' dir='ltr'><strong>ejus</strong></span> <span class='ocrx_word' id='word_1_703' title='bbox 3051 2499 3216 2552; x_wconf 88' lang='lat' dir='ltr'><strong>omnis</strong></span> <span class='ocrx_word' id='word_1_704' title='bbox 3261 2499 3428 2551; x_wconf 83' lang='lat' dir='ltr'><strong>rirtus</strong></span> <span class='ocrx_word' id='word_1_705' title='bbox 3464 2512 3646 2550; x_wconf 89' lang='lat' dir='ltr'><strong>eorum</strong></span> <span class='ocrx_word' id='word_1_706' title='bbox 3683 2493 3834 2565; x_wconf 82' lang='lat' dir='ltr'><strong>(Psal.</strong></span> 
     </span>
    </p>
   </div>
   <div class='ocr_carea' id='block_1_85' title="bbox 2257 2587 3835 2658">
    <p class='ocr_par' dir='ltr' id='par_1_85' title="bbox 2257 2587 3835 2658">
     <span class='ocr_line' id='line_1_85' title="bbox 2257 2587 3835 2658; baseline -0.003 -16"><span class='ocrx_word' id='word_1_707' title='bbox 2257 2604 2435 2653; x_wconf 58' lang='grc' dir='ltr'><strong>χχχιι,</strong></span> <span class='ocrx_word' id='word_1_708' title='bbox 2468 2588 2542 2658; x_wconf 81' lang='grc'><strong>6).</strong></span> <span class='ocrx_word' id='word_1_709' title='bbox 2597 2587 2664 2642; x_wconf 84' lang='grc' dir='ltr'>Ει</span> <span class='ocrx_word' id='word_1_710' title='bbox 2693 2589 2800 2642; x_wconf 89' lang='lat' dir='ltr'><strong>alio</strong></span> <span class='ocrx_word' id='word_1_711' title='bbox 2831 2589 2988 2644; x_wconf 89' lang='lat' dir='ltr'><strong>loco:</strong></span> <span class='ocrx_word' id='word_1_712' title='bbox 3040 2588 3256 2643; x_wconf 79' lang='lat' dir='ltr'><strong>Emittes</strong></span> <span class='ocrx_word' id='word_1_713' title='bbox 3286 2587 3562 2658; x_wconf 81' lang='lat' dir='ltr'><strong>Spiritum</strong></span> <span class='ocrx_word' id='word_1_714' title='bbox 3591 2597 3723 2640; x_wconf 66' lang='lat' dir='ltr'><strong>unum</strong></span> <span class='ocrx_word' id='word_1_715' title='bbox 3745 2627 3758 2652; x_wconf 90' lang='lat'><strong>,</strong></span> <span class='ocrx_word' id='word_1_716' title='bbox 3794 2592 3835 2637; x_wconf 74' lang='lat' dir='ltr'><strong>at</strong></span> 
     </span>
    </p>
   </div>
   <div class='ocr_carea' id='block_1_86' title="bbox 2256 2675 3831 2749">
    <p class='ocr_par' dir='ltr' id='par_1_86' title="bbox 2256 2675 3831 2749">
     <span class='ocr_line' id='line_1_86' title="bbox 2256 2675 3831 2749; baseline -0.003 -19"><span class='ocrx_word' id='word_1_717' title='bbox 2256 2678 2563 2731; x_wconf 82' lang='lat' dir='ltr'><strong>creabantur</strong></span> <span class='ocrx_word' id='word_1_718' title='bbox 2587 2677 2757 2748; x_wconf 85' lang='lat' dir='ltr'><strong>(Psal.</strong></span> <span class='ocrx_word' id='word_1_719' title='bbox 2779 2678 3016 2749; x_wconf 80' lang='lat' dir='ltr'><strong>cm,50).</strong></span> <span class='ocrx_word' id='word_1_720' title='bbox 3041 2679 3267 2734; x_wconf 83' lang='lat' dir='ltr'><strong>Creator</strong></span> <span class='ocrx_word' id='word_1_721' title='bbox 3281 2680 3494 2749; x_wconf 85' lang='lat' dir='ltr'><strong>quippe</strong></span> <span class='ocrx_word' id='word_1_722' title='bbox 3515 2685 3598 2733; x_wconf 89' lang='lat' dir='ltr'><strong>est</strong></span> <span class='ocrx_word' id='word_1_723' title='bbox 3615 2675 3831 2732; x_wconf 87' lang='lat' dir='ltr'><strong>omnium</strong></span> 
     </span>
    </p>
   </div>
   <div class='ocr_carea' id='block_1_87' title="bbox 2254 2766 3831 2840">
    <p class='ocr_par' dir='ltr' id='par_1_87' title="bbox 2254 2766 3831 2840">
     <span class='ocr_line' id='line_1_87' title="bbox 2254 2766 3831 2840; baseline -0.001 -18"><span class='ocrx_word' id='word_1_724' title='bbox 2254 2785 2463 2835; x_wconf 89' lang='lat' dir='ltr'><strong>rerum,</strong></span> <span class='ocrx_word' id='word_1_725' title='bbox 2492 2771 2582 2839; x_wconf 90' lang='lat' dir='ltr'><strong>qui</strong></span> <span class='ocrx_word' id='word_1_726' title='bbox 2613 2770 2783 2826; x_wconf 78' lang='lat' dir='ltr'><strong>factor</strong></span> <span class='ocrx_word' id='word_1_727' title='bbox 2817 2779 2900 2826; x_wconf 78' lang='lat' dir='ltr'><strong>est</strong></span> <span class='ocrx_word' id='word_1_728' title='bbox 2935 2771 3231 2825; x_wconf 87' lang='lat' dir='ltr'><strong>hominum.</strong></span> <span class='ocrx_word' id='word_1_729' title='bbox 3277 2770 3349 2825; x_wconf 90' lang='lat' dir='ltr'><strong>De</strong></span> <span class='ocrx_word' id='word_1_730' title='bbox 3381 2786 3501 2840; x_wconf 92' lang='lat' dir='ltr'><strong>quo</strong></span> <span class='ocrx_word' id='word_1_731' title='bbox 3532 2771 3720 2825; x_wconf 88' lang='lat' dir='ltr'><strong>beatus</strong></span> <span class='ocrx_word' id='word_1_732' title='bbox 3744 2766 3831 2821; x_wconf 80' lang='lat' dir='ltr'><strong>Job</strong></span> 
     </span>
    </p>
   </div>
   <div class='ocr_carea' id='block_1_88' title="bbox 2253 2858 3825 2934">
    <p class='ocr_par' dir='ltr' id='par_1_88' title="bbox 2253 2858 3825 2934">
     <span class='ocr_line' id='line_1_88' title="bbox 2253 2858 3825 2934; baseline 0.001 -20"><span class='ocrx_word' id='word_1_733' title='bbox 2253 2861 2419 2916; x_wconf 93' lang='lat' dir='ltr'><strong>dicit:</strong></span> <span class='ocrx_word' id='word_1_734' title='bbox 2455 2861 2682 2932; x_wconf 86' lang='lat' dir='ltr'><strong>Spiritus</strong></span> <span class='ocrx_word' id='word_1_735' title='bbox 2731 2863 2931 2923; x_wconf 82' lang='lat' dir='ltr'><strong>divinus</strong></span> <span class='ocrx_word' id='word_1_736' title='bbox 2973 2865 3059 2928; x_wconf 89' lang='lat' dir='ltr'><strong>qui</strong></span> <span class='ocrx_word' id='word_1_737' title='bbox 3109 2863 3228 2934; x_wconf 76' lang='lat' dir='ltr'><strong>fecit</strong></span> <span class='ocrx_word' id='word_1_738' title='bbox 3254 2880 3333 2916; x_wconf 88' lang='lat' dir='ltr'><strong>me</strong></span> <span class='ocrx_word' id='word_1_739' title='bbox 3364 2862 3518 2933; x_wconf 86' lang='lat' dir='ltr'><strong>(Job.</strong></span> <span class='ocrx_word' id='word_1_740' title='bbox 3553 2877 3732 2922; x_wconf 64' lang='grc' dir='ltr'>χχχιιι,</span> <span class='ocrx_word' id='word_1_741' title='bbox 3762 2858 3825 2926; x_wconf 65' lang='lat'><strong>5).</strong></span> 
     </span>
    </p>
   </div>
   <div class='ocr_carea' id='block_1_89' title="bbox 2254 2949 3826 3023">
    <p class='ocr_par' dir='ltr' id='par_1_89' title="bbox 2254 2949 3826 3023">
     <span class='ocr_line' id='line_1_89' title="bbox 2254 2949 3826 3023; baseline -0.004 -16"><span class='ocrx_word' id='word_1_742' title='bbox 2254 2951 2485 3022; x_wconf 89' lang='lat' dir='ltr'><strong>Spiritus</strong></span> <span class='ocrx_word' id='word_1_743' title='bbox 2507 2968 2636 3023; x_wconf 87' lang='lat' dir='ltr'><strong>ergo</strong></span> <span class='ocrx_word' id='word_1_744' title='bbox 2663 2962 2901 3020; x_wconf 89' lang='lat' dir='ltr'><strong>sanctus,</strong></span> <span class='ocrx_word' id='word_1_745' title='bbox 2933 2953 3070 3008; x_wconf 88' lang='lat' dir='ltr'><strong>sicut</strong></span> <span class='ocrx_word' id='word_1_746' title='bbox 3103 2954 3281 3008; x_wconf 88' lang='lat' dir='ltr'><strong>omnia</strong></span> <span class='ocrx_word' id='word_1_747' title='bbox 3307 2954 3545 3018; x_wconf 82' lang='lat' dir='ltr'><strong>creavit,</strong></span> <span class='ocrx_word' id='word_1_748' title='bbox 3573 2953 3649 3008; x_wconf 84' lang='lat' dir='ltr'><strong>sic</strong></span> <span class='ocrx_word' id='word_1_749' title='bbox 3670 2949 3826 3005; x_wconf 80' lang='lat' dir='ltr'><strong>omnia</strong></span> 
     </span>
    </p>
   </div>
   <div class='ocr_carea' id='block_1_90' title="bbox 2254 3039 3823 3114">
    <p class='ocr_par' dir='ltr' id='par_1_90' title="bbox 2254 3039 3823 3114">
     <span class='ocr_line' id='line_1_90' title="bbox 2254 3039 3823 3114; baseline -0.004 -18"><span class='ocrx_word' id='word_1_750' title='bbox 2254 3042 2428 3111; x_wconf 89' lang='lat' dir='ltr'><strong>replet</strong></span> <span class='ocrx_word' id='word_1_751' title='bbox 2457 3043 2764 3097; x_wconf 88' lang='lat' dir='ltr'><strong>immensus.</strong></span> <span class='ocrx_word' id='word_1_752' title='bbox 2802 3042 2870 3096; x_wconf 83' lang='lat' dir='ltr'><strong>Et</strong></span> <span class='ocrx_word' id='word_1_753' title='bbox 2898 3042 3022 3112; x_wconf 90' lang='lat' dir='ltr'><strong>quia</strong></span> <span class='ocrx_word' id='word_1_754' title='bbox 3054 3042 3348 3098; x_wconf 88' lang='lat' dir='ltr'><strong>immensus</strong></span> <span class='ocrx_word' id='word_1_755' title='bbox 3380 3042 3563 3114; x_wconf 88' lang='lat' dir='ltr'><strong>replet</strong></span> <span class='ocrx_word' id='word_1_756' title='bbox 3593 3039 3616 3078; x_wconf 74' lang='grc' dir='ltr'><em>δ</em></span> <span class='ocrx_word' id='word_1_757' title='bbox 3636 3083 3650 3108; x_wconf 89' lang='grc'><em>,</em></span> <span class='ocrx_word' id='word_1_758' title='bbox 3693 3047 3823 3094; x_wconf 73' lang='lat' dir='ltr'><strong>natu~</strong></span> 
     </span>
    </p>
   </div>
   <div class='ocr_carea' id='block_1_91' title="bbox 2253 3128 3822 3204">
    <p class='ocr_par' dir='ltr' id='par_1_91' title="bbox 2253 3128 3822 3204">
     <span class='ocr_line' id='line_1_91' title="bbox 2253 3128 3822 3204; baseline -0.005 -16"><span class='ocrx_word' id='word_1_759' title='bbox 2253 3132 2438 3188; x_wconf 90' lang='lat' dir='ltr'><strong>raliter</strong></span> <span class='ocrx_word' id='word_1_760' title='bbox 2465 3141 2548 3188; x_wconf 91' lang='lat' dir='ltr'><strong>est</strong></span> <span class='ocrx_word' id='word_1_761' title='bbox 2571 3149 2728 3188; x_wconf 87' lang='lat' dir='ltr'><strong>verus</strong></span> <span class='ocrx_word' id='word_1_762' title='bbox 2757 3133 2914 3188; x_wconf 90' lang='lat' dir='ltr'><strong>Deus.</strong></span> <span class='ocrx_word' id='word_1_763' title='bbox 2947 3132 3217 3204; x_wconf 90' lang='lat' dir='ltr'><strong>Scriptum</strong></span> <span class='ocrx_word' id='word_1_764' title='bbox 3245 3140 3327 3187; x_wconf 85' lang='lat' dir='ltr'><strong>est</strong></span> <span class='ocrx_word' id='word_1_765' title='bbox 3352 3134 3507 3187; x_wconf 88' lang='lat' dir='ltr'><strong>enim</strong></span> <span class='ocrx_word' id='word_1_766' title='bbox 3537 3149 3550 3185; x_wconf 90' lang='lat'><strong>:</strong></span> <span class='ocrx_word' id='word_1_767' title='bbox 3581 3131 3700 3202; x_wconf 89' lang='lat' dir='ltr'><strong>quia</strong></span> <span class='ocrx_word' id='word_1_768' title='bbox 3721 3128 3822 3198; x_wconf 84' lang='lat' dir='ltr'><strong>Spi-</strong></span> 
     </span>
    </p>
   </div>
   <div class='ocr_carea' id='block_1_92' title="bbox 2255 3220 3820 3294">
    <p class='ocr_par' dir='ltr' id='par_1_92' title="bbox 2255 3220 3820 3294">
     <span class='ocr_line' id='line_1_92' title="bbox 2255 3220 3820 3294; baseline -0.001 -21"><span class='ocrx_word' id='word_1_769' title='bbox 2255 3222 2385 3275; x_wconf 86' lang='lat' dir='ltr'><strong>ritus</strong></span> <span class='ocrx_word' id='word_1_770' title='bbox 2429 3221 2640 3277; x_wconf 88' lang='lat' dir='ltr'><strong>Domiui</strong></span> <span class='ocrx_word' id='word_1_771' title='bbox 2687 3223 2898 3294; x_wconf 81' lang='lat' dir='ltr'><strong>replevit</strong></span> <span class='ocrx_word' id='word_1_772' title='bbox 2942 3223 3115 3278; x_wconf 89' lang='lat' dir='ltr'><strong>orbem</strong></span> <span class='ocrx_word' id='word_1_773' title='bbox 3167 3233 3428 3278; x_wconf 84' lang='lat' dir='ltr'><strong>terrarum</strong></span> <span class='ocrx_word' id='word_1_774' title='bbox 3474 3223 3630 3294; x_wconf 89' lang='lat' dir='ltr'><strong>(Sap.</strong></span> <span class='ocrx_word' id='word_1_775' title='bbox 3663 3238 3714 3286; x_wconf 86' lang='grc' dir='ltr'>ι,</span> <span class='ocrx_word' id='word_1_776' title='bbox 3758 3220 3820 3286; x_wconf 56' lang='grc'><strong>7,).</strong></span> 
     </span>
    </p>
   </div>
   <div class='ocr_carea' id='block_1_93' title="bbox 2255 3310 3822 3384">
    <p class='ocr_par' dir='ltr' id='par_1_93' title="bbox 2255 3310 3822 3384">
     <span class='ocr_line' id='line_1_93' title="bbox 2255 3310 3822 3384; baseline -0.003 -20"><span class='ocrx_word' id='word_1_777' title='bbox 2255 3310 2410 3365; x_wconf 77' lang='lat' dir='ltr'><strong>Nanr</strong></span> <span class='ocrx_word' id='word_1_778' title='bbox 2428 3321 2482 3366; x_wconf 87' lang='lat' dir='ltr'><strong>et</strong></span> <span class='ocrx_word' id='word_1_779' title='bbox 2510 3312 2699 3368; x_wconf 87' lang='lat' dir='ltr'><strong>beatus</strong></span> <span class='ocrx_word' id='word_1_780' title='bbox 2731 3313 2896 3368; x_wconf 90' lang='lat' dir='ltr'><strong>David</strong></span> <span class='ocrx_word' id='word_1_781' title='bbox 2937 3314 3131 3382; x_wconf 87' lang='lat' dir='ltr'><strong>ubique</strong></span> <span class='ocrx_word' id='word_1_782' title='bbox 3168 3329 3286 3368; x_wconf 87' lang='lat' dir='ltr'><strong>esse</strong></span> <span class='ocrx_word' id='word_1_783' title='bbox 3321 3312 3594 3384; x_wconf 86' lang='lat' dir='ltr'><strong>Spiritum</strong></span> <span class='ocrx_word' id='word_1_784' title='bbox 3632 3311 3720 3364; x_wconf 87' lang='lat' dir='ltr'><strong>Dci</strong></span> <span class='ocrx_word' id='word_1_785' title='bbox 3758 3317 3822 3361; x_wconf 88' lang='lat' dir='ltr'><strong>te-</strong></span> 
     </span>
    </p>
   </div>
   <div class='ocr_carea' id='block_1_94' title="bbox 2251 3400 3818 3476">
    <p class='ocr_par' dir='ltr' id='par_1_94' title="bbox 2251 3400 3818 3476">
     <span class='ocr_line' id='line_1_94' title="bbox 2251 3400 3818 3476; baseline -0.002 -19"><span class='ocrx_word' id='word_1_786' title='bbox 2251 3413 2444 3470; x_wconf 89' lang='lat' dir='ltr'><strong>statur,</strong></span> <span class='ocrx_word' id='word_1_787' title='bbox 2477 3405 2659 3460; x_wconf 89' lang='lat' dir='ltr'><strong>dicens</strong></span> <span class='ocrx_word' id='word_1_788' title='bbox 2683 3405 2749 3460; x_wconf 87' lang='lat' dir='ltr'><strong>de</strong></span> <span class='ocrx_word' id='word_1_789' title='bbox 2777 3420 2843 3460; x_wconf 88' lang='lat' dir='ltr'><strong>eo</strong></span> <span class='ocrx_word' id='word_1_790' title='bbox 2871 3423 2886 3458; x_wconf 85' lang='lat'><strong>:</strong></span> <span class='ocrx_word' id='word_1_791' title='bbox 2919 3405 3030 3470; x_wconf 85' lang='lat' dir='ltr'><strong>Quo</strong></span> <span class='ocrx_word' id='word_1_792' title='bbox 3061 3405 3144 3459; x_wconf 88' lang='lat' dir='ltr'><strong>ibo</strong></span> <span class='ocrx_word' id='word_1_793' title='bbox 3168 3423 3200 3459; x_wconf 90' lang='lat' dir='ltr'><strong>a</strong></span> <span class='ocrx_word' id='word_1_794' title='bbox 3223 3407 3410 3476; x_wconf 77' lang='lat' dir='ltr'><strong>spiritu</strong></span> <span class='ocrx_word' id='word_1_795' title='bbox 3444 3415 3553 3468; x_wconf 90' lang='lat' dir='ltr'><strong>tuo,</strong></span> <span class='ocrx_word' id='word_1_796' title='bbox 3587 3411 3672 3457; x_wconf 89' lang='lat' dir='ltr'><strong>aut</strong></span> <span class='ocrx_word' id='word_1_797' title='bbox 3697 3418 3725 3452; x_wconf 78' lang='grc' dir='ltr'><em>α</em></span> <span class='ocrx_word' id='word_1_798' title='bbox 3750 3400 3818 3470; x_wconf 75' lang='lat' dir='ltr'><strong>{a-</strong></span> 
     </span>
    </p>
   </div>
   <div class='ocr_carea' id='block_1_95' title="bbox 2249 3491 3817 3568">
    <p class='ocr_par' dir='ltr' id='par_1_95' title="bbox 2249 3491 3817 3568">
     <span class='ocr_line' id='line_1_95' title="bbox 2249 3491 3817 3568; baseline -0.007 -19"><span class='ocrx_word' id='word_1_799' title='bbox 2249 3499 2326 3550; x_wconf 88' lang='lat' dir='ltr'><strong>cie</strong></span> <span class='ocrx_word' id='word_1_800' title='bbox 2354 3506 2440 3549; x_wconf 81' lang='lat' dir='ltr'><strong>tua</strong></span> <span class='ocrx_word' id='word_1_801' title='bbox 2466 3513 2563 3567; x_wconf 89' lang='lat' dir='ltr'><strong>quo</strong></span> <span class='ocrx_word' id='word_1_802' title='bbox 2595 3497 2794 3568; x_wconf 74' lang='lat' dir='ltr'><strong>fugiam</strong></span> <span class='ocrx_word' id='word_1_803' title='bbox 2815 3496 2985 3568; x_wconf 89' lang='lat' dir='ltr'><strong>(Psal.</strong></span> <span class='ocrx_word' id='word_1_804' title='bbox 3016 3512 3269 3561; x_wconf 79' lang='lat' dir='ltr'><strong>cxxxvm,</strong></span> <span class='ocrx_word' id='word_1_805' title='bbox 3301 3494 3354 3566; x_wconf 85' lang='lat'><strong>&#39;1)</strong></span> <span class='ocrx_word' id='word_1_806' title='bbox 3381 3497 3408 3549; x_wconf 83' lang='lat'><strong>‘?</strong></span> <span class='ocrx_word' id='word_1_807' title='bbox 3439 3491 3718 3561; x_wconf 87' lang='lat' dir='ltr'><strong>Quomodo</strong></span> <span class='ocrx_word' id='word_1_808' title='bbox 3743 3502 3817 3540; x_wconf 89' lang='lat' dir='ltr'><strong>au-</strong></span> 
     </span>
    </p>
   </div>
   <div class='ocr_carea' id='block_1_96' title="bbox 2250 3586 3812 3656">
    <p class='ocr_par' dir='ltr' id='par_1_96' title="bbox 2250 3586 3812 3656">
     <span class='ocr_line' id='line_1_96' title="bbox 2250 3586 3812 3656; baseline -0.006 -14"><span class='ocrx_word' id='word_1_809' title='bbox 2250 3597 2357 3642; x_wconf 91' lang='lat' dir='ltr'><strong>tem</strong></span> <span class='ocrx_word' id='word_1_810' title='bbox 2405 3595 2600 3656; x_wconf 80' lang='lat' dir='ltr'><strong>negant</strong></span> <span class='ocrx_word' id='word_1_811' title='bbox 2647 3588 2830 3642; x_wconf 82' lang='lat' dir='ltr'><strong>Ariani</strong></span> <span class='ocrx_word' id='word_1_812' title='bbox 2878 3588 3044 3642; x_wconf 89' lang='lat' dir='ltr'><strong>Deum</strong></span> <span class='ocrx_word' id='word_1_813' title='bbox 3092 3604 3212 3642; x_wconf 91' lang='lat' dir='ltr'><strong>esse</strong></span> <span class='ocrx_word' id='word_1_814' title='bbox 3259 3586 3527 3656; x_wconf 90' lang='lat' dir='ltr'><strong>Spiritum</strong></span> <span class='ocrx_word' id='word_1_815' title='bbox 3575 3590 3812 3644; x_wconf 88' lang='lat' dir='ltr'><strong>sanctum,</strong></span> 
     </span>
    </p>
   </div>
   <div class='ocr_carea' id='block_1_97' title="bbox 2248 3679 3815 3750">
    <p class='ocr_par' dir='ltr' id='par_1_97' title="bbox 2248 3679 3815 3750">
     <span class='ocr_line' id='line_1_97' title="bbox 2248 3679 3815 3750; baseline -0.006 -16"><span class='ocrx_word' id='word_1_816' title='bbox 2248 3694 2368 3734; x_wconf 90' lang='lat' dir='ltr'><strong>cum</strong></span> <span class='ocrx_word' id='word_1_817' title='bbox 2395 3679 2466 3732; x_wconf 92' lang='lat' dir='ltr'><strong>ita</strong></span> <span class='ocrx_word' id='word_1_818' title='bbox 2497 3680 2662 3734; x_wconf 86' lang='lat' dir='ltr'><strong>simus</strong></span> <span class='ocrx_word' id='word_1_819' title='bbox 2691 3681 2945 3750; x_wconf 88' lang='lat' dir='ltr'><strong>templum</strong></span> <span class='ocrx_word' id='word_1_820' title='bbox 2975 3679 3207 3750; x_wconf 88' lang='lat' dir='ltr'><strong>Spiritus</strong></span> <span class='ocrx_word' id='word_1_821' title='bbox 3237 3679 3445 3744; x_wconf 89' lang='lat' dir='ltr'><strong>sancti,</strong></span> <span class='ocrx_word' id='word_1_822' title='bbox 3489 3679 3626 3734; x_wconf 91' lang='lat' dir='ltr'><strong>sicut</strong></span> <span class='ocrx_word' id='word_1_823' title='bbox 3655 3682 3815 3727; x_wconf 88' lang='lat' dir='ltr'><strong>sumus</strong></span> 
     </span>
    </p>
   </div>
   <div class='ocr_carea' id='block_1_98' title="bbox 2250 3760 3803 3839">
    <p class='ocr_par' dir='ltr' id='par_1_98' title="bbox 2250 3760 3803 3839">
     <span class='ocr_line' id='line_1_98' title="bbox 2250 3760 3803 3839; baseline -0.006 -17"><span class='ocrx_word' id='word_1_824' title='bbox 2250 3769 2507 3838; x_wconf 89' lang='lat' dir='ltr'><strong>templum</strong></span> <span class='ocrx_word' id='word_1_825' title='bbox 2559 3769 2732 3823; x_wconf 84' lang='lat' dir='ltr'><strong>Patris</strong></span> <span class='ocrx_word' id='word_1_826' title='bbox 2791 3779 2844 3824; x_wconf 88' lang='lat' dir='ltr'><strong>ct</strong></span> <span class='ocrx_word' id='word_1_827' title='bbox 2902 3769 3067 3823; x_wconf 81' lang='lat' dir='ltr'><strong>Filii?</strong></span> <span class='ocrx_word' id='word_1_828' title='bbox 3115 3768 3412 3839; x_wconf 83' lang='lat' dir='ltr'><strong>Apostolus</strong></span> <span class='ocrx_word' id='word_1_829' title='bbox 3465 3767 3612 3822; x_wconf 92' lang='lat' dir='ltr'><strong>enim</strong></span> <span class='ocrx_word' id='word_1_830' title='bbox 3656 3760 3803 3816; x_wconf 87' lang='lat' dir='ltr'><strong>dicit:</strong></span> 
     </span>
    </p>
   </div>
   <div class='ocr_carea' id='block_1_99' title="bbox 2249 3852 3813 3933">
    <p class='ocr_par' dir='ltr' id='par_1_99' title="bbox 2249 3852 3813 3933">
     <span class='ocr_line' id='line_1_99' title="bbox 2249 3852 3813 3933; baseline -0.01 -18"><span class='ocrx_word' id='word_1_831' title='bbox 2249 3859 2476 3915; x_wconf 85' lang='lat' dir='ltr'><strong>Nescitis</strong></span> <span class='ocrx_word' id='word_1_832' title='bbox 2505 3863 2622 3933; x_wconf 85' lang='lat' dir='ltr'><strong>quia</strong></span> <span class='ocrx_word' id='word_1_833' title='bbox 2643 3862 2879 3930; x_wconf 87' lang='lat' dir='ltr'><strong>temp.&#39;um</strong></span> <span class='ocrx_word' id='word_1_834' title='bbox 2898 3861 2994 3915; x_wconf 87' lang='lat' dir='ltr'><strong>Dei</strong></span> <span class='ocrx_word' id='word_1_835' title='bbox 3016 3863 3158 3924; x_wconf 88' lang='lat' dir='ltr'><strong>estis,</strong></span> <span class='ocrx_word' id='word_1_836' title='bbox 3190 3869 3238 3914; x_wconf 88' lang='lat' dir='ltr'><strong>et</strong></span> <span class='ocrx_word' id='word_1_837' title='bbox 3257 3859 3496 3932; x_wconf 88' lang='lat' dir='ltr'><strong>Spiritus</strong></span> <span class='ocrx_word' id='word_1_838' title='bbox 3523 3856 3618 3910; x_wconf 88' lang='lat' dir='ltr'><strong>Dei</strong></span> <span class='ocrx_word' id='word_1_839' title='bbox 3640 3852 3813 3906; x_wconf 83' lang='lat' dir='ltr'><strong>habitat</strong></span> 
     </span>
    </p>
   </div>
   <div class='ocr_carea' id='block_1_100' title="bbox 2246 3941 3810 4024">
    <p class='ocr_par' dir='ltr' id='par_1_100' title="bbox 2246 3941 3810 4024">
     <span class='ocr_line' id='line_1_100' title="bbox 2246 3941 3810 4024; baseline -0.01 -17"><span class='ocrx_word' id='word_1_840' title='bbox 2246 3955 2302 4007; x_wconf 86' lang='lat' dir='ltr'><strong>in</strong></span> <span class='ocrx_word' id='word_1_841' title='bbox 2333 3953 2470 4008; x_wconf 83' lang='lat' dir='ltr'><strong>vobis</strong></span> <span class='ocrx_word' id='word_1_842' title='bbox 2495 3955 2519 4007; x_wconf 81' lang='lat'><strong>.’</strong></span> <span class='ocrx_word' id='word_1_843' title='bbox 2550 3954 2612 4009; x_wconf 87' lang='lat' dir='ltr'><strong>Si</strong></span> <span class='ocrx_word' id='word_1_844' title='bbox 2639 3957 2750 4024; x_wconf 88' lang='lat' dir='ltr'><strong>quis</strong></span> <span class='ocrx_word' id='word_1_845' title='bbox 2781 3964 2949 4006; x_wconf 89' lang='lat' dir='ltr'><strong>autem</strong></span> <span class='ocrx_word' id='word_1_846' title='bbox 2973 3952 3218 4022; x_wconf 87' lang='lat' dir='ltr'><strong>templum</strong></span> <span class='ocrx_word' id='word_1_847' title='bbox 3252 3950 3345 4005; x_wconf 88' lang='lat' dir='ltr'><strong>Dei</strong></span> <span class='ocrx_word' id='word_1_848' title='bbox 3375 3949 3646 4005; x_wconf 74' lang='lat' dir='ltr'><strong>violaverit</strong></span> <span class='ocrx_word' id='word_1_849' title='bbox 3668 3985 3681 4008; x_wconf 93' lang='lat'><strong>,</strong></span> <span class='ocrx_word' id='word_1_850' title='bbox 3719 3941 3810 3994; x_wconf 85' lang='lat' dir='ltr'><strong>dis-</strong></span> 
     </span>
    </p>
   </div>
   <div class='ocr_carea' id='block_1_101' title="bbox 2246 4038 3808 4118">
    <p class='ocr_par' dir='ltr' id='par_1_101' title="bbox 2246 4038 3808 4118">
     <span class='ocr_line' id='line_1_101' title="bbox 2246 4038 3808 4118; baseline -0.005 -18"><span class='ocrx_word' id='word_1_851' title='bbox 2246 4047 2424 4118; x_wconf 84' lang='lat' dir='ltr'><strong>perdet</strong></span> <span class='ocrx_word' id='word_1_852' title='bbox 2467 4047 2612 4100; x_wconf 90' lang='lat' dir='ltr'><strong>illum</strong></span> <span class='ocrx_word' id='word_1_853' title='bbox 2654 4043 2813 4098; x_wconf 88' lang='lat' dir='ltr'><strong>Deus.</strong></span> <span class='ocrx_word' id='word_1_854' title='bbox 2859 4043 3123 4115; x_wconf 88' lang='lat' dir='ltr'><strong>Templum</strong></span> <span class='ocrx_word' id='word_1_855' title='bbox 3171 4043 3304 4096; x_wconf 88' lang='lat' dir='ltr'><strong>enim</strong></span> <span class='ocrx_word' id='word_1_856' title='bbox 3335 4041 3438 4095; x_wconf 83' lang='lat' dir='ltr'><strong>Dei</strong></span> <span class='ocrx_word' id='word_1_857' title='bbox 3474 4046 3702 4095; x_wconf 85' lang='lat' dir='ltr'><strong>sanctum</strong></span> <span class='ocrx_word' id='word_1_858' title='bbox 3727 4038 3808 4092; x_wconf 64' lang='lat' dir='ltr'><strong>est.</strong></span> 
     </span>
    </p>
   </div>
   <div class='ocr_carea' id='block_1_102' title="bbox 2244 4130 3810 4210">
    <p class='ocr_par' dir='ltr' id='par_1_102' title="bbox 2244 4130 3810 4210">
     <span class='ocr_line' id='line_1_102' title="bbox 2244 4130 3810 4210; baseline -0.01 -17"><span class='ocrx_word' id='word_1_859' title='bbox 2244 4137 2381 4210; x_wconf 73' lang='lat' dir='ltr'><strong>quod</strong></span> <span class='ocrx_word' id='word_1_860' title='bbox 2406 4140 2529 4192; x_wconf 82' lang='lat' dir='ltr'><strong>estis</strong></span> <span class='ocrx_word' id='word_1_861' title='bbox 2558 4153 2645 4191; x_wconf 79' lang='lat' dir='ltr'><strong>vos</strong></span> <span class='ocrx_word' id='word_1_862' title='bbox 2676 4135 2728 4207; x_wconf 90' lang='grc' dir='ltr'>(ι</span> <span class='ocrx_word' id='word_1_863' title='bbox 2758 4135 2877 4189; x_wconf 88' lang='lat' dir='ltr'><strong>Cor.</strong></span> <span class='ocrx_word' id='word_1_864' title='bbox 2909 4151 2984 4200; x_wconf 84' lang='grc' dir='ltr'>ιιι,</span> <span class='ocrx_word' id='word_1_865' title='bbox 3019 4134 3125 4205; x_wconf 76' lang='grc'><strong>16).</strong></span> <span class='ocrx_word' id='word_1_866' title='bbox 3165 4133 3254 4188; x_wconf 91' lang='lat' dir='ltr'><strong>Sic</strong></span> <span class='ocrx_word' id='word_1_867' title='bbox 3277 4142 3462 4187; x_wconf 87' lang='lat' dir='ltr'><strong>autem</strong></span> <span class='ocrx_word' id='word_1_868' title='bbox 3486 4147 3585 4186; x_wconf 84' lang='lat' dir='ltr'><strong>nos</strong></span> <span class='ocrx_word' id='word_1_869' title='bbox 3605 4130 3810 4198; x_wconf 87' lang='lat' dir='ltr'><strong>Aposto-</strong></span> 
     </span>
    </p>
   </div>
   <div class='ocr_carea' id='block_1_103' title="bbox 2244 4211 3806 4296">
    <p class='ocr_par' dir='ltr' id='par_1_103' title="bbox 2244 4211 3806 4296">
     <span class='ocr_line' id='line_1_103' title="bbox 2244 4211 3806 4296; baseline -0.008 -14"><span class='ocrx_word' id='word_1_870' title='bbox 2244 4229 2327 4282; x_wconf 92' lang='lat' dir='ltr'><strong>lus</strong></span> <span class='ocrx_word' id='word_1_871' title='bbox 2355 4229 2549 4282; x_wconf 90' lang='lat' dir='ltr'><strong>asserit</strong></span> <span class='ocrx_word' id='word_1_872' title='bbox 2574 4243 2693 4282; x_wconf 86' lang='lat' dir='ltr'><strong>esse</strong></span> <span class='ocrx_word' id='word_1_873' title='bbox 2737 4226 2992 4296; x_wconf 87' lang='lat' dir='ltr'><strong>templum</strong></span> <span class='ocrx_word' id='word_1_874' title='bbox 3024 4225 3116 4277; x_wconf 90' lang='lat' dir='ltr'><strong>Dei</strong></span> <span class='ocrx_word' id='word_1_875' title='bbox 3147 4267 3162 4292; x_wconf 92' lang='lat'><strong>,</strong></span> <span class='ocrx_word' id='word_1_876' title='bbox 3204 4233 3262 4278; x_wconf 92' lang='lat' dir='ltr'><strong>ut</strong></span> <span class='ocrx_word' id='word_1_877' title='bbox 3303 4225 3354 4278; x_wconf 90' lang='lat' dir='ltr'><strong>in</strong></span> <span class='ocrx_word' id='word_1_878' title='bbox 3384 4224 3576 4278; x_wconf 88' lang='lat' dir='ltr'><strong>eadem</strong></span> <span class='ocrx_word' id='word_1_879' title='bbox 3606 4211 3806 4288; x_wconf 70' lang='lat' dir='ltr'><strong>episwll</strong></span> 
     </span>
    </p>
   </div>
   <div class='ocr_carea' id='block_1_104' title="bbox 2244 4306 3802 4390">
    <p class='ocr_par' dir='ltr' id='par_1_104' title="bbox 2244 4306 3802 4390">
     <span class='ocr_line' id='line_1_104' title="bbox 2244 4306 3802 4390; baseline -0.014 -16"><span class='ocrx_word' id='word_1_880' title='bbox 2244 4321 2502 4390; x_wconf 86' lang='lat' dir='ltr'><strong>templum</strong></span> <span class='ocrx_word' id='word_1_881' title='bbox 2534 4335 2632 4373; x_wconf 90' lang='lat' dir='ltr'><strong>nos</strong></span> <span class='ocrx_word' id='word_1_882' title='bbox 2656 4317 2800 4389; x_wconf 78' lang='lat' dir='ltr'><strong>dicat</strong></span> <span class='ocrx_word' id='word_1_883' title='bbox 2827 4318 2988 4372; x_wconf 86' lang='lat' dir='ltr'><strong>etiam</strong></span> <span class='ocrx_word' id='word_1_884' title='bbox 3015 4317 3241 4386; x_wconf 89' lang='lat' dir='ltr'><strong>Spiritus</strong></span> <span class='ocrx_word' id='word_1_885' title='bbox 3261 4316 3459 4370; x_wconf 80' lang='lat' dir='ltr'><strong>sancti.</strong></span> <span class='ocrx_word' id='word_1_886' title='bbox 3493 4311 3627 4366; x_wconf 89' lang='lat' dir='ltr'><strong>Dicit</strong></span> <span class='ocrx_word' id='word_1_887' title='bbox 3646 4306 3802 4362; x_wconf 88' lang='lat' dir='ltr'><strong>enim:</strong></span> 
     </span>
    </p>
   </div>
   <div class='ocr_carea' id='block_1_105' title="bbox 2243 4391 3802 4482">
    <p class='ocr_par' dir='ltr' id='par_1_105' title="bbox 2243 4391 3802 4482">
     <span class='ocr_line' id='line_1_105' title="bbox 2243 4391 3802 4482; baseline -0.008 -18"><span class='ocrx_word' id='word_1_888' title='bbox 2243 4410 2470 4464; x_wconf 86' lang='lat' dir='ltr'><strong>Nescitis</strong></span> <span class='ocrx_word' id='word_1_889' title='bbox 2495 4412 2614 4482; x_wconf 80' lang='lat' dir='ltr'><strong>quia</strong></span> <span class='ocrx_word' id='word_1_890' title='bbox 2641 4406 2866 4461; x_wconf 87' lang='lat' dir='ltr'><strong>membra</strong></span> <span class='ocrx_word' id='word_1_891' title='bbox 2885 4417 3051 4460; x_wconf 87' lang='lat' dir='ltr'><strong>vestra</strong></span> <span class='ocrx_word' id='word_1_892' title='bbox 3075 4406 3317 4476; x_wconf 87' lang='lat' dir='ltr'><strong>templum</strong></span> <span class='ocrx_word' id='word_1_893' title='bbox 3341 4412 3465 4457; x_wconf 89' lang='lat' dir='ltr'><strong>sunt</strong></span> <span class='ocrx_word' id='word_1_894' title='bbox 3502 4402 3586 4472; x_wconf 85' lang='lat' dir='ltr'><strong>qui</strong></span> <span class='ocrx_word' id='word_1_895' title='bbox 3613 4400 3661 4452; x_wconf 88' lang='lat' dir='ltr'><strong>in</strong></span> <span class='ocrx_word' id='word_1_896' title='bbox 3682 4391 3802 4448; x_wconf 68' lang='grc' dir='ltr'><strong>ιόθίι</strong></span> 
     </span>
    </p>
   </div>
   <div class='ocr_carea' id='block_1_106' title="bbox 2243 4483 3797 4572">
    <p class='ocr_par' dir='ltr' id='par_1_106' title="bbox 2243 4483 3797 4572">
     <span class='ocr_line' id='line_1_106' title="bbox 2243 4483 3797 4572; baseline -0.012 -15"><span class='ocrx_word' id='word_1_897' title='bbox 2243 4503 2441 4557; x_wconf 87' lang='lat' dir='ltr'><strong>habitat</strong></span> <span class='ocrx_word' id='word_1_898' title='bbox 2471 4501 2699 4572; x_wconf 80' lang='lat' dir='ltr'><strong>Spiritus</strong></span> <span class='ocrx_word' id='word_1_899' title='bbox 2729 4502 2924 4565; x_wconf 87' lang='lat' dir='ltr'><strong>sancti,</strong></span> <span class='ocrx_word' id='word_1_900' title='bbox 2973 4515 3118 4571; x_wconf 89' lang='lat' dir='ltr'><strong>quem</strong></span> <span class='ocrx_word' id='word_1_901' title='bbox 3157 4498 3354 4552; x_wconf 89' lang='lat' dir='ltr'><strong>habetis</strong></span> <span class='ocrx_word' id='word_1_902' title='bbox 3403 4515 3436 4550; x_wconf 90' lang='lat' dir='ltr'><strong>a</strong></span> <span class='ocrx_word' id='word_1_903' title='bbox 3482 4494 3590 4548; x_wconf 89' lang='lat' dir='ltr'><strong>Deo</strong></span> <span class='ocrx_word' id='word_1_904' title='bbox 3621 4487 3669 4561; x_wconf 94' lang='lat' dir='ltr'><strong>(I</strong></span> <span class='ocrx_word' id='word_1_905' title='bbox 3697 4483 3797 4537; x_wconf 84' lang='lat' dir='ltr'><strong>Cor-</strong></span> 
     </span>
    </p>
   </div>
   <div class='ocr_carea' id='block_1_107' title="bbox 2243 4585 3800 4664">
    <p class='ocr_par' dir='ltr' id='par_1_107' title="bbox 2243 4585 3800 4664">
     <span class='ocr_line' id='line_1_107' title="bbox 2243 4585 3800 4664; baseline -0.013 -12"><span class='ocrx_word' id='word_1_906' title='bbox 2243 4615 2323 4659; x_wconf 83' lang='lat' dir='ltr'><strong>vl,</strong></span> <span class='ocrx_word' id='word_1_907' title='bbox 2359 4595 2495 4664; x_wconf 72' lang='lat'><strong>19)?</strong></span> <span class='ocrx_word' id='word_1_908' title='bbox 2546 4593 2611 4648; x_wconf 85' lang='lat' dir='ltr'><strong>Et</strong></span> <span class='ocrx_word' id='word_1_909' title='bbox 2639 4602 2697 4646; x_wconf 89' lang='lat' dir='ltr'><strong>ut</strong></span> <span class='ocrx_word' id='word_1_910' title='bbox 2727 4594 2898 4662; x_wconf 79' lang='lat' dir='ltr'><strong>ipsum</strong></span> <span class='ocrx_word' id='word_1_911' title='bbox 2930 4591 3186 4662; x_wconf 87' lang='lat' dir='ltr'><strong>Spiritum</strong></span> <span class='ocrx_word' id='word_1_912' title='bbox 3224 4599 3473 4646; x_wconf 90' lang='lat' dir='ltr'><strong>sanctum</strong></span> <span class='ocrx_word' id='word_1_913' title='bbox 3506 4587 3665 4640; x_wconf 87' lang='lat' dir='ltr'><strong>Deum</strong></span> <span class='ocrx_word' id='word_1_914' title='bbox 3700 4585 3800 4631; x_wconf 72' lang='lat' dir='ltr'><strong>esse</strong></span> 
     </span>
    </p>
   </div>
   <div class='ocr_carea' id='block_1_108' title="bbox 3355 4669 3797 4746">
    <p class='ocr_par' dir='ltr' id='par_1_108' title="bbox 3355 4669 3797 4746">
     <span class='ocr_line' id='line_1_108' title="bbox 3355 4669 3797 4746; baseline 0.002 -20"><span class='ocrx_word' id='word_1_915' title='bbox 3355 4675 3366 4734; x_wconf 62' lang='grc' dir='ltr'>ε</span> <span class='ocrx_word' id='word_1_916' title='bbox 3425 4675 3722 4746; x_wconf 61' lang='grc' dir='ltr'><strong>(Σιονξρεαιέ</strong></span> <span class='ocrx_word' id='word_1_917' title='bbox 3754 4669 3797 4716; x_wconf 72' lang='grc' dir='ltr'>ει</span> 
     </span>
    </p>
   </div>
   <div class='ocr_carea' id='block_1_109' title="bbox 2241 4769 3500 4851">
    <p class='ocr_par' dir='ltr' id='par_1_109' title="bbox 2241 4769 3500 4851">
     <span class='ocr_line' id='line_1_109' title="bbox 2241 4769 3500 4851; baseline -0.01 -17"><span class='ocrx_word' id='word_1_918' title='bbox 2241 4790 2445 4851; x_wconf 89' lang='lat' dir='ltr'><strong>portate</strong></span> <span class='ocrx_word' id='word_1_919' title='bbox 2474 4778 2638 4831; x_wconf 87' lang='lat' dir='ltr'><strong>Deum</strong></span> <span class='ocrx_word' id='word_1_920' title='bbox 2669 4779 2720 4831; x_wconf 89' lang='lat' dir='ltr'><strong>in</strong></span> <span class='ocrx_word' id='word_1_921' title='bbox 2738 4791 2956 4840; x_wconf 83' lang='lat' dir='ltr'><strong>corpore</strong></span> <span class='ocrx_word' id='word_1_922' title='bbox 2982 4783 3144 4828; x_wconf 83' lang='lat' dir='ltr'><strong>vestro</strong></span> <span class='ocrx_word' id='word_1_923' title='bbox 3172 4771 3359 4842; x_wconf 86' lang='lat' dir='ltr'><strong>(Ibid.,</strong></span> <span class='ocrx_word' id='word_1_924' title='bbox 3387 4769 3500 4840; x_wconf 63' lang='grc' dir='ltr'><strong>ΞΟ).</strong></span> 
     </span>
    </p>
   </div>
   <div class='ocr_carea' id='block_1_110' title="bbox 2316 4855 3793 4938">
    <p class='ocr_par' dir='ltr' id='par_1_110' title="bbox 2316 4855 3793 4938">
     <span class='ocr_line' id='line_1_110' title="bbox 2316 4855 3793 4938; baseline -0.012 -14"><span class='ocrx_word' id='word_1_925' title='bbox 2316 4869 2399 4924; x_wconf 80' lang='grc'><strong>18.</strong></span> <span class='ocrx_word' id='word_1_926' title='bbox 2434 4867 2676 4938; x_wconf 68' lang='lat' dir='ltr'><strong>)Equalis</strong></span> <span class='ocrx_word' id='word_1_927' title='bbox 2695 4876 2777 4922; x_wconf 87' lang='lat' dir='ltr'><strong>est</strong></span> <span class='ocrx_word' id='word_1_928' title='bbox 2800 4882 2928 4937; x_wconf 89' lang='lat' dir='ltr'><strong>ergo</strong></span> <span class='ocrx_word' id='word_1_929' title='bbox 2945 4865 3089 4920; x_wconf 87' lang='lat' dir='ltr'><strong>Patri</strong></span> <span class='ocrx_word' id='word_1_930' title='bbox 3111 4872 3165 4919; x_wconf 89' lang='lat' dir='ltr'><strong>et</strong></span> <span class='ocrx_word' id='word_1_931' title='bbox 3186 4863 3319 4918; x_wconf 83' lang='lat' dir='ltr'><strong>Filio</strong></span> <span class='ocrx_word' id='word_1_932' title='bbox 3335 4862 3566 4931; x_wconf 87' lang='lat' dir='ltr'><strong>Spiritus</strong></span> <span class='ocrx_word' id='word_1_933' title='bbox 3585 4855 3793 4910; x_wconf 73' lang='lat' dir='ltr'><strong>sanctuS.</strong></span> 
     </span>
    </p>
   </div>
   <div class='ocr_carea' id='block_1_111' title="bbox 2239 4941 3791 5036">
    <p class='ocr_par' dir='ltr' id='par_1_111' title="bbox 2239 4941 3791 5036">
     <span class='ocr_line' id='line_1_111' title="bbox 2239 4941 3791 5036; baseline -0.021 -15"><span class='ocrx_word' id='word_1_934' title='bbox 2239 4967 2362 5036; x_wconf 91' lang='lat' dir='ltr'><strong>quia</strong></span> <span class='ocrx_word' id='word_1_935' title='bbox 2389 4973 2602 5020; x_wconf 90' lang='lat' dir='ltr'><strong>creator</strong></span> <span class='ocrx_word' id='word_1_936' title='bbox 2623 4971 2705 5018; x_wconf 89' lang='lat' dir='ltr'><strong>est</strong></span> <span class='ocrx_word' id='word_1_937' title='bbox 2725 4962 2960 5017; x_wconf 85' lang='lat' dir='ltr'><strong>omnium</strong></span> <span class='ocrx_word' id='word_1_938' title='bbox 2985 4975 3184 5025; x_wconf 84' lang='lat' dir='ltr'><strong>rerum,</strong></span> <span class='ocrx_word' id='word_1_939' title='bbox 3215 4957 3352 5018; x_wconf 89' lang='lat' dir='ltr'><strong>sicut</strong></span> <span class='ocrx_word' id='word_1_940' title='bbox 3379 4954 3538 5008; x_wconf 91' lang='lat' dir='ltr'><strong>Pater</strong></span> <span class='ocrx_word' id='word_1_941' title='bbox 3559 4956 3610 5002; x_wconf 89' lang='lat' dir='ltr'><strong>et</strong></span> <span class='ocrx_word' id='word_1_942' title='bbox 3629 4941 3791 5036; x_wconf 65' lang='lat' dir='ltr'><strong>Filius.</strong></span> 
     </span>
    </p>
   </div>
   <div class='ocr_carea' id='block_1_112' title="bbox 2241 5039 3792 5130">
    <p class='ocr_par' dir='ltr' id='par_1_112' title="bbox 2241 5039 3792 5130">
     <span class='ocr_line' id='line_1_112' title="bbox 2241 5039 3792 5130; baseline -0.012 -20"><span class='ocrx_word' id='word_1_943' title='bbox 2241 5055 2487 5125; x_wconf 66' lang='lat' dir='ltr'><strong>IEqualis</strong></span> <span class='ocrx_word' id='word_1_944' title='bbox 2534 5062 2616 5109; x_wconf 90' lang='lat' dir='ltr'><strong>est</strong></span> <span class='ocrx_word' id='word_1_945' title='bbox 2648 5053 2787 5106; x_wconf 86' lang='lat' dir='ltr'><strong>l‘atri</strong></span> <span class='ocrx_word' id='word_1_946' title='bbox 2834 5059 2888 5106; x_wconf 86' lang='lat' dir='ltr'><strong>et</strong></span> <span class='ocrx_word' id='word_1_947' title='bbox 2935 5049 3070 5104; x_wconf 84' lang='lat' dir='ltr'><strong>Filio</strong></span> <span class='ocrx_word' id='word_1_948' title='bbox 3111 5047 3341 5118; x_wconf 90' lang='lat' dir='ltr'><strong>Spiritus</strong></span> <span class='ocrx_word' id='word_1_949' title='bbox 3393 5045 3610 5100; x_wconf 87' lang='lat' dir='ltr'><strong>sanctus</strong></span> <span class='ocrx_word' id='word_1_950' title='bbox 3627 5039 3792 5130; x_wconf 25' lang='lat' dir='ltr'><strong>Ligula</strong></span> 
     </span>
    </p>
   </div>
   <div class='ocr_carea' id='block_1_113' title="bbox 2241 5121 3790 5217">
    <p class='ocr_par' dir='ltr' id='par_1_113' title="bbox 2241 5121 3790 5217">
     <span class='ocr_line' id='line_1_113' title="bbox 2241 5121 3790 5217; baseline -0.019 -15"><span class='ocrx_word' id='word_1_951' title='bbox 2241 5148 2420 5202; x_wconf 88' lang='lat' dir='ltr'><strong>omnia</strong></span> <span class='ocrx_word' id='word_1_952' title='bbox 2460 5146 2633 5216; x_wconf 88' lang='lat' dir='ltr'><strong>replet</strong></span> <span class='ocrx_word' id='word_1_953' title='bbox 2682 5144 2970 5198; x_wconf 87' lang='lat' dir='ltr'><strong>immensus</strong></span> <span class='ocrx_word' id='word_1_954' title='bbox 3013 5150 3077 5206; x_wconf 80' lang='grc' dir='ltr'><strong>ο,</strong></span> <span class='ocrx_word' id='word_1_955' title='bbox 3143 5141 3282 5204; x_wconf 86' lang='lat' dir='ltr'><strong>sicut</strong></span> <span class='ocrx_word' id='word_1_956' title='bbox 3321 5136 3479 5192; x_wconf 84' lang='lat' dir='ltr'><strong>Pater</strong></span> <span class='ocrx_word' id='word_1_957' title='bbox 3526 5139 3578 5185; x_wconf 90' lang='lat' dir='ltr'><strong>et</strong></span> <span class='ocrx_word' id='word_1_958' title='bbox 3627 5121 3790 5217; x_wconf 69' lang='lat' dir='ltr'><strong>Filius-</strong></span> 
     </span>
    </p>
   </div>
   <div class='ocr_carea' id='block_1_114' title="bbox 2241 5219 3783 5310">
    <p class='ocr_par' dir='ltr' id='par_1_114' title="bbox 2241 5219 3783 5310">
     <span class='ocr_line' id='line_1_114' title="bbox 2241 5219 3783 5310; baseline -0.01 -16"><span class='ocrx_word' id='word_1_959' title='bbox 2241 5239 2486 5309; x_wconf 67' lang='lat' dir='ltr'><strong>}Equalis</strong></span> <span class='ocrx_word' id='word_1_960' title='bbox 2530 5247 2613 5292; x_wconf 89' lang='lat' dir='ltr'><strong>est</strong></span> <span class='ocrx_word' id='word_1_961' title='bbox 2639 5235 2801 5302; x_wconf 40' lang='lat' dir='ltr'><strong>.Patri</strong></span> <span class='ocrx_word' id='word_1_962' title='bbox 2843 5241 2896 5287; x_wconf 87' lang='lat' dir='ltr'><strong>et</strong></span> <span class='ocrx_word' id='word_1_963' title='bbox 2940 5233 3074 5288; x_wconf 84' lang='lat' dir='ltr'><strong>Filio</strong></span> <span class='ocrx_word' id='word_1_964' title='bbox 3117 5231 3348 5301; x_wconf 88' lang='lat' dir='ltr'><strong>Spiritus</strong></span> <span class='ocrx_word' id='word_1_965' title='bbox 3383 5234 3632 5284; x_wconf 89' lang='lat' dir='ltr'><strong>sanctus,</strong></span> <span class='ocrx_word' id='word_1_966' title='bbox 3679 5219 3783 5310; x_wconf 56' lang='lat' dir='ltr'><strong>‘l&#39;f&#39;a</strong></span> 
     </span>
    </p>
   </div>
   <div class='ocr_carea' id='block_1_115' title="bbox 2241 5311 3787 5391">
    <p class='ocr_par' dir='ltr' id='par_1_115' title="bbox 2241 5311 3787 5391">
     <span class='ocr_line' id='line_1_115' title="bbox 2241 5311 3787 5391; baseline -0.016 -5"><span class='ocrx_word' id='word_1_967' title='bbox 2241 5331 2478 5386; x_wconf 88' lang='lat' dir='ltr'><strong>omnium</strong></span> <span class='ocrx_word' id='word_1_968' title='bbox 2517 5328 2750 5382; x_wconf 79' lang='lat' dir='ltr'><strong>ﬁdelium</strong></span> <span class='ocrx_word' id='word_1_969' title='bbox 2783 5325 3018 5379; x_wconf 88' lang='lat' dir='ltr'><strong>membra</strong></span> <span class='ocrx_word' id='word_1_970' title='bbox 3051 5339 3213 5377; x_wconf 91' lang='lat' dir='ltr'><strong>unum</strong></span> <span class='ocrx_word' id='word_1_971' title='bbox 3239 5321 3492 5391; x_wconf 87' lang='lat' dir='ltr'><strong>templum</strong></span> <span class='ocrx_word' id='word_1_972' title='bbox 3525 5312 3674 5369; x_wconf 87' lang='lat' dir='ltr'><strong>habet</strong></span> <span class='ocrx_word' id='word_1_973' title='bbox 3701 5311 3787 5354; x_wconf 73' lang='lat' dir='ltr'><strong>SIC&#39;</strong></span> 
     </span>
    </p>
   </div>
   <div class='ocr_carea' id='block_1_116' title="bbox 2241 5398 3786 5485">
    <p class='ocr_par' dir='ltr' id='par_1_116' title="bbox 2241 5398 3786 5485">
     <span class='ocr_line' id='line_1_116' title="bbox 2241 5398 3786 5485; baseline -0.021 -10"><span class='ocrx_word' id='word_1_974' title='bbox 2241 5430 2296 5475; x_wconf 92' lang='lat' dir='ltr'><strong>ut</strong></span> <span class='ocrx_word' id='word_1_975' title='bbox 2326 5419 2486 5474; x_wconf 87' lang='lat' dir='ltr'><strong>Pater</strong></span> <span class='ocrx_word' id='word_1_976' title='bbox 2523 5428 2576 5473; x_wconf 89' lang='lat' dir='ltr'><strong>et</strong></span> <span class='ocrx_word' id='word_1_977' title='bbox 2619 5417 2803 5470; x_wconf 83' lang='lat' dir='ltr'><strong>Filius.</strong></span> <span class='ocrx_word' id='word_1_978' title='bbox 2845 5415 2973 5481; x_wconf 83' lang='lat' dir='ltr'><strong>Quis</strong></span> <span class='ocrx_word' id='word_1_979' title='bbox 3002 5424 3180 5468; x_wconf 88' lang='lat' dir='ltr'><strong>autem</strong></span> <span class='ocrx_word' id='word_1_980' title='bbox 3209 5427 3405 5482; x_wconf 85' lang='lat' dir='ltr'><strong>negare</strong></span> <span class='ocrx_word' id='word_1_981' title='bbox 3437 5404 3624 5464; x_wconf 87' lang='lat' dir='ltr'><strong>audeat</strong></span> <span class='ocrx_word' id='word_1_982' title='bbox 3649 5398 3786 5485; x_wconf 74' lang='lat' dir='ltr'><strong>unatn</strong></span> 
     </span>
    </p>
   </div>
   <div class='ocr_carea' id='block_1_117' title="bbox 2234 5488 3782 5575">
    <p class='ocr_par' dir='ltr' id='par_1_117' title="bbox 2234 5488 3782 5575">
     <span class='ocr_line' id='line_1_117' title="bbox 2234 5488 3782 5575; baseline -0.022 -7"><span class='ocrx_word' id='word_1_983' title='bbox 2234 5529 2356 5568; x_wconf 79' lang='lat' dir='ltr'><strong>esse.</strong></span> <span class='ocrx_word' id='word_1_984' title='bbox 2386 5511 2719 5565; x_wconf 87' lang='lat' dir='ltr'><strong>divinitatem</strong></span> <span class='ocrx_word' id='word_1_985' title='bbox 2753 5505 2924 5560; x_wconf 81' lang='lat' dir='ltr'><strong>Patris</strong></span> <span class='ocrx_word' id='word_1_986' title='bbox 2950 5548 2962 5570; x_wconf 92' lang='lat'><strong>,</strong></span> <span class='ocrx_word' id='word_1_987' title='bbox 3007 5515 3061 5560; x_wconf 88' lang='lat' dir='ltr'><strong>et</strong></span> <span class='ocrx_word' id='word_1_988' title='bbox 3091 5505 3204 5559; x_wconf 81' lang='lat' dir='ltr'><strong>Filii</strong></span> <span class='ocrx_word' id='word_1_989' title='bbox 3230 5545 3248 5575; x_wconf 93' lang='lat'><strong>,</strong></span> <span class='ocrx_word' id='word_1_990' title='bbox 3286 5513 3341 5557; x_wconf 79' lang='lat' dir='ltr'><strong>et</strong></span> <span class='ocrx_word' id='word_1_991' title='bbox 3364 5500 3587 5574; x_wconf 88' lang='lat' dir='ltr'><strong>Spiritus</strong></span> <span class='ocrx_word' id='word_1_992' title='bbox 3614 5488 3782 5543; x_wconf 71' lang='lat' dir='ltr'><strong>sane“.</strong></span> 
     </span>
    </p>
   </div>
   <div class='ocr_carea' id='block_1_118' title="bbox 2300 5689 3028 5758">
    <p class='ocr_par' dir='ltr' id='par_1_118' title="bbox 2300 5689 3028 5758">
     <span class='ocr_line' id='line_1_118' title="bbox 2300 5689 3028 5758; baseline -0.007 -13"><span class='ocrx_word' id='word_1_993' title='bbox 2300 5691 2325 5730; x_wconf 70' lang='grc' dir='ltr'>ι’</span> <span class='ocrx_word' id='word_1_994' title='bbox 2357 5692 2514 5754; x_wconf 85' lang='lat' dir='ltr'><strong>Editi,</strong></span> <span class='ocrx_word' id='word_1_995' title='bbox 2543 5691 2827 5744; x_wconf 80' lang='lat' dir='ltr'><strong>divinitatis</strong></span> <span class='ocrx_word' id='word_1_996' title='bbox 2855 5689 3028 5758; x_wconf 80' lang='lat' dir='ltr'><strong>hujus.</strong></span> 
     </span>
    </p>
   </div>
   <div class='ocr_carea' id='block_1_119' title="bbox 2305 5761 3090 5821">
    <p class='ocr_par' dir='ltr' id='par_1_119' title="bbox 2305 5761 3090 5821">
     <span class='ocr_line' id='line_1_119' title="bbox 2305 5761 3090 5821; baseline -0.009 -4"><span class='ocrx_word' id='word_1_997' title='bbox 2305 5774 2325 5800; x_wconf 72' lang='grc' dir='ltr'><em>ε</em></span> <span class='ocrx_word' id='word_1_998' title='bbox 2361 5764 2524 5816; x_wconf 81' lang='lat' dir='ltr'><strong>Abest</strong></span> <span class='ocrx_word' id='word_1_999' title='bbox 2572 5762 2640 5814; x_wconf 85' lang='lat' dir='ltr'><strong>ab</strong></span> <span class='ocrx_word' id='word_1_1000' title='bbox 2687 5761 2842 5814; x_wconf 88' lang='lat' dir='ltr'><strong>editis</strong></span> <span class='ocrx_word' id='word_1_1001' title='bbox 2885 5761 3090 5821; x_wconf 74' lang='lat' dir='ltr'><strong>divinae,</strong></span> 
     </span>
    </p>
   </div>
   <div class='ocr_carea' id='block_1_120' title="bbox 2231 5832 3590 5970">
    <p class='ocr_par' dir='ltr' id='par_1_120' title="bbox 2231 5832 3590 5970">
     <span class='ocr_line' id='line_1_120' title="bbox 2231 5832 3586 5886; baseline 0.001 -1"><span class='ocrx_word' id='word_1_1002' title='bbox 2231 5832 2385 5886; x_wconf 81' lang='lat' dir='ltr'><strong>Coll).</strong></span> <span class='ocrx_word' id='word_1_1003' title='bbox 3345 5863 3350 5866; x_wconf 86' lang='lat'><strong>-</strong></span> <span class='ocrx_word' id='word_1_1004' title='bbox 3583 5855 3586 5860; x_wconf 76' lang='lat'><strong><em>&#39;</em></strong></span> 
     </span>
     <span class='ocr_line' id='line_1_121' title="bbox 2306 5899 3590 5970; baseline -0.007 -16"><span class='ocrx_word' id='word_1_1005' title='bbox 2306 5902 2331 5940; x_wconf 75' lang='grc' dir='ltr'><strong>ιι</strong></span> <span class='ocrx_word' id='word_1_1006' title='bbox 2367 5903 2501 5955; x_wconf 66' lang='grc' dir='ltr'><strong>Ιεὶιιὶιὶ</strong></span> <span class='ocrx_word' id='word_1_1007' title='bbox 2523 5944 2535 5963; x_wconf 88' lang='grc'><em>,</em></span> <span class='ocrx_word' id='word_1_1008' title='bbox 2571 5911 2619 5954; x_wconf 89' lang='lat' dir='ltr'><strong>et</strong></span> <span class='ocrx_word' id='word_1_1009' title='bbox 2641 5902 2760 5970; x_wconf 86' lang='lat' dir='ltr'><strong>quia</strong></span> <span class='ocrx_word' id='word_1_1010' title='bbox 2787 5900 2960 5953; x_wconf 87' lang='lat' dir='ltr'><strong>omnia</strong></span> <span class='ocrx_word' id='word_1_1011' title='bbox 2991 5899 3188 5970; x_wconf 40' lang='lat' dir='ltr'><strong>replet,</strong></span> <span class='ocrx_word' id='word_1_1012' title='bbox 3354 5966 3362 5970; x_wconf 26' lang='grc' dir='ltr'><strong>Α</strong></span> <span class='ocrx_word' id='word_1_1013' title='bbox 3579 5951 3590 5970; x_wconf 34' lang='grc' dir='ltr'><strong><em>ί</em></strong></span> 
     </span>
    </p>
   </div>
   <div class='ocr_carea' id='block_1_121' title="bbox 2315 5961 3685 6037">
    <p class='ocr_par' dir='ltr' id='par_1_121' title="bbox 2315 5961 3685 6037">
     <span class='ocr_line' id='line_1_122' title="bbox 2315 5961 3685 6037; baseline -0.012 -12"><span class='ocrx_word' id='word_1_1014' title='bbox 2315 5985 2336 6007; x_wconf 75' lang='grc' dir='ltr'><strong>ε</strong></span> <span class='ocrx_word' id='word_1_1015' title='bbox 2361 5973 2442 6027; x_wconf 80' lang='lat' dir='ltr'><strong>ita</strong></span> <span class='ocrx_word' id='word_1_1016' title='bbox 2478 5961 2575 6026; x_wconf 76' lang='lat' dir='ltr'><strong>ms.</strong></span> <span class='ocrx_word' id='word_1_1017' title='bbox 2611 5961 2762 6026; x_wconf 72' lang='lat' dir='ltr'><strong>Coll).</strong></span> <span class='ocrx_word' id='word_1_1018' title='bbox 2793 5988 2806 6024; x_wconf 92' lang='lat'><strong>:</strong></span> <span class='ocrx_word' id='word_1_1019' title='bbox 2847 5982 2900 6024; x_wconf 86' lang='lat' dir='ltr'><strong>at</strong></span> <span class='ocrx_word' id='word_1_1020' title='bbox 2930 5961 3077 6034; x_wconf 86' lang='lat' dir='ltr'><strong>editi,</strong></span> <span class='ocrx_word' id='word_1_1021' title='bbox 3105 5969 3225 6037; x_wconf 90' lang='lat' dir='ltr'><strong>quia</strong></span> <span class='ocrx_word' id='word_1_1022' title='bbox 3251 5966 3413 6035; x_wconf 82' lang='lat' dir='ltr'><strong>replet</strong></span> <span class='ocrx_word' id='word_1_1023' title='bbox 3443 5961 3685 6013; x_wconf 60' lang='lat' dir='ltr'><strong>munitum-</strong></span> 
     </span>
    </p>
   </div>
   <div class='ocr_carea' id='block_1_122' title="bbox 3141 5741 3777 5822">
    <p class='ocr_par' dir='ltr' id='par_1_122' title="bbox 3141 5741 3777 5822">
     <span class='ocr_line' id='line_1_123' title="bbox 3141 5741 3777 5822; baseline -0.017 -13"><span class='ocrx_word' id='word_1_1024' title='bbox 3141 5755 3334 5822; x_wconf 78' lang='lat' dir='ltr'><strong>lcgitur</strong></span> <span class='ocrx_word' id='word_1_1025' title='bbox 3373 5759 3547 5806; x_wconf 90' lang='lat' dir='ltr'><strong>autem</strong></span> <span class='ocrx_word' id='word_1_1026' title='bbox 3591 5741 3640 5794; x_wconf 84' lang='lat' dir='ltr'><strong>in</strong></span> <span class='ocrx_word' id='word_1_1027' title='bbox 3689 5741 3777 5786; x_wconf 67' lang='lat'><strong>&quot;15°</strong></span> 
     </span>
    </p>
   </div>
  </div>
