4120 6464
346 482 443 540 569

1726 481 2050 538 EPISTULA
2093 484 2218 540 VIII.

3499 499 3598 556 5'0

347 607 462 673 rum
493 605 720 662 corpora
769 588 1002 670 fidelium
1030 632 1044 656 ,
1096 607 1214 660 quae
1252 593 1490 669 membra
1534 599 1660 670 sunt
1697 591 1914 657 Christi,
1948 595 1995 654 Δ
2023 610 2371 664 personarum
2402 615 2664 669 asserere,
2689 602 2943 660 Arianum
2973 604 3283 663 hiereticum
3314 611 3429 665 sine
3449 609 3605 667 dubi-

247 677 249 679 ’
285 666 290 670 ’
340 670 454 752 ipsa
485 683 741 752 templum
763 666 870 738 sint
897 682 1127 752 Spiritus
1154 668 1360 738 sancti?

409 780 541 836 Cn.
574 797 648 836 ix.
696 778 970 835 Conclusio
999 781 1062 835 de
1090 781 1363 836 Trinitate.
1398 781 1464 835 In
1494 781 1655 837 tribus
1686 785 1918 854 personis

343 885 445 926 non
473 881 550 926 est
577 872 857 926 diversitas
884 871 1071 926 divina:
1108 881 1328 926 natura.
1373 872 1666 945 Baptisms
1696 881 1798 928 non
1824 892 1918 930 va-
1967 909 1972 916 -

343 965 413 1018 let
440 965 545 1019 nisi
569 965 622 1018 in
649 965 856 1038 nomine
885 963 1158 1020 Trinitatis
1189 966 1425 1020 collatus.
1457 997 1540 1008 --~
1565 966 1654 1021 19.
1687 967 1921 1025 Trinitas

271 1083 274 1086 ~
323 1065 427 1113 'est
458 1058 640 1126 itaque
669 1071 806 1113 unus
843 1057 990 1115 solus
1018 1053 1236 1114 Creator
1285 1060 1522 1114 omnium
1553 1075 1729 1128 rerum
1757 1061 1916 1125 Deus,

324 1145 579 1204 Trinitas
617 1157 702 1204 est
739 1164 876 1205 unus
897 1149 1060 1204 solus
1088 1147 1730 1206 immensusnaturaliter
1743 1151 1916 1216 Deus.

341 1241 422 1296 Ad
453 1241 611 1311 hujus
641 1241 925 1311 imaginem
955 1239 1236 1296 Trinitatis
1275 1241 1438 1297 homo
1467 1241 1640 1298 factus
1669 1243 1919 1312 agnosci-
1951 1251 1968 1274 τ

246 1359 248 1367 ε
339 1339 445 1398 tur,
481 1333 533 1388 in
583 1332 742 1402 enjus'
771 1332 991 1387 nomine
1040 1332 1342 1403 baptizatus
1390 1333 1945 1389 denuorenovatur.‘

322 1417 605 1497 ’Baptizari
633 1433 813 1480 autem
851 1429 1038 1494 gentes
1064 1425 1120 1478 in
1143 1427 1349 1480 nomine
1385 1425 1669 1491 Patris,“
1689 1424 1837 1490 Filii,
1871 1435 1920 1480 et

341 1517 569 1588 Spiritus
595 1517 765 1570 sancti
791 1514 1003 1585 (Matth.
1034 1517 1228 1583 xxvnt,
1267 1513 1354 1586 19)
1381 1557 1395 1580 ,
1449 1515 1707 1571 Salvator
1736 1525 1922 1573 noster
1969 1529 1971 1538 '

340 1605 575 1675 edocuit,
604 1615 666 1661 ut
693 1607 833 1662 sicut
859 1599 1139 1660 Trinitatis
1167 1619 1332 1676 opere
1353 1607 1576 1662 initium
1595 1607 1934 1663 conditionis

323 1691 660 1769 accepimus,
694 1699 771 1754 sic
797 1698 856 1752 in
879 1698 1092 1753 nomine
1118 1693 1392 1752 Trinitatis
1407 1698 1920 1770 ,.divin:e'adoptio-

261 1824 264 1826 ν
337 1789 420 1846 bis
446 1790 671 1859 gratiam
701 1803 1036 1844 sumeremus
1064 1798 1109 1843 ει.
1153 1785 1304 1844 Unus
1327 1796 1408 1844 est
1435 1803 1568 1858 ergo
1593 1805 1752 1845 verus
1778 1789 1933 1846 Deus

340 1874 517 1951 Pater,
542 1891 596 1938 et
619 1882 802 1948 Filius,
847 1890 902 1937 et
926 1879 1158 1953 Spiritus
1182 1892 1418 1945 sanctus,
1454 1882 1545 1952 qui
1575 1883 1921 1953 omnipoten-

338 1975 542 2031 lissima
569 1975 810 2030 bonitate
851 1983 1000 2029 creat
1035 1966 1282 2030 homines
1306 2013 1320 2037 ,
1354 1983 1407 2029 et
1435 1976 1667 2042 gratuita
1690 1975 1919 2030 misera-

324 2056 479 2121 tione
496 2064 752 2136 justiﬁeat
773 2072 1103 2135 peccatOres.
1135 2063 1337 2119 Pr.eter
1354 2065 1496 2119 hunc
1514 2080 1678 2119 unum
1700 2063 1728 2103 δ
1751 2064 1933 2120 Deum-

261 2168 264 2172 '
335 2149 518 2212 "verum
547 2157 723 2212 nullus
753 2167 834 2211 est
861 2156 1021 2221 Deus,
1055 2156 1180 2225 quia
1218 2155 1344 2210 dum
1381 2154 1551 2210 dicit:
1591 2155 1774 2211 Videte
1799 2157 1921 2227 quia

325 2266 428 2320 rgo
451 2265 563 2302 sum
585 2247 748 2312 Deus,
776 2258 826 2302 et
853 2265 957 2302 non
978 2256 1056 2301 est
1083 2248 1219 2301 alius.
1237 2256 1426 2318 praeter
1445 2264 1525 2302 me
1549 2247 1728 2320 (Deut.
1752 2264 1917 2315 xxx",

323 2337 452 2416 b9),
494 2341 653 2397 docet
682 2357 780 2395 nos
820 2339 881 2395 et
897 2340 1152 2395 admonet
1180 2355 1342 2409 grave
1372 2355 1491 2396 esse
1517 2349 1803 2410 peccatum
1825 2382 1840 2407 ,
1873 2341 1932 2395 si:

339 2432 458 2503 quis
502 2440 652 2486 extra
683 2447 844 2485 unum
878 2431 1042 2485 Deum
1073 2431 1234 2485 alium
1272 2430 1458 2486 credat
1488 2441 1536 2484 ο.
1579 2431 1754 2484 Alium
1801 2431 1918 2486 sine

340 2522 504 2578 dubio
546 2521 717 2577 credit
763 2521 1006 2590 quisquis
1036 2521 1089 2574 in
1131 2517 1312 2585 Patre,
1364 2529 1418 2574 et
1448 2520 1602 2586 Filio,
1633 2528 1690 2575 et
1716 2519 1920 2590 Spiritu

338 2621 526 2669 sancto
553 2655 568 2682 ,
597 2609 965 2667 diversitatem
1010 2611 1304 2667 divinitatis
1329 2611 1639 2678 existimat;
1679 2627 1800 2666 cum
1833 2611 1924 2666 ille

265 2712 268 2713 ⁷
338 2705 500 2768 Deus,
523 2703 614 2773 qui
643 2705 790 2758 solus
813 2703 976 2758 habet
1003 2717 1188 2757 veram
1215 2702 1573 2768 divinitatem,
1600 2702 1808 2757 colendi
1840 2702 1921 2755 al-

337 2795 502 2849 terius
530 2793 617 2848 dei
648 2793 954 2848 nullatenus
996 2793 1156 2866 205
1197 2792 1401 2846 tribuat
1441 2791 1788 2855 facultatem;
1823 2808 1921 2848 nec

336 2881 384 2940 In
412 2889 748 2940 sacramento
789 2883 1175 2953 redemptionis
1201 2883 1446 2936 humana:
1481 2882 1552 2936 sit
1578 2881 1917 2950 aliquatenus

325 2971 693 3032 nominandus
717 3016 731 3041 ,
784 2975 1026 3046 quisquis
1055 2975 1122 3029 ab
1148 2974 1308 3030 unius
1335 2973 1450 3028 veri
1479 2973 1572 3027 Dei
1609 2981 1799 3026 natura
1831 2972 1918 3027 in-

327 3062 551 3126 'venitur
597 3075 906 3122 extraneas.
947 3065 1260 3139 Mysterium
1307 3072 1488 3120 autem
1536 3063 1921 3134 redemptionis

335 3157 581 3214 humanae
611 3155 756 3211 nulﬂt
793 3158 1004 3212 ratione
1041 3155 1349 3228 perﬁcitur,
1377 3154 1421 3210 si
1454 3155 1505 3209 in
1536 3153 1804 3224 baptismo
1832 3153 1920 3209 vel

331 3242 469 3316 Filii,
501 3247 586 3310 vel
612 3247 842 3318 Spiritus
870 3247 1061 3312 sancti,
1092 3245 1408 3302 vocabulum
1438 3244 1802 3298 subtrahatur.

398 3349 526 3404 CAP.
563 3365 616 3404 ι.
663 3347 947 3403 Excusatio
974 3347 1257 3402 brevitatis.
1289 3378 1359 3388 --
1408 3344 1474 3397 19
1503 3343 1614 3398 bis.
1654 3341 1914 3408 Proinde,
1943 3347 1989 3408 C

334 3440 586 3510 quoniam
609 3438 916 3509 epistolaris
937 3437 1126 3492 modus
1140 3449 1446 3491 sermonem
1465 3442 1659 3488 nostra
1679 3432 1922 3502 disputa-

333 3531 493 3587 tionis
515 3545 622 3585 non
646 3529 905 3600 permittit
928 3527 1164 3593 extendi,
1179 3525 1483 3581 dilectionis
1508 3532 1612 3579 tua:
1627 3523 1919 3594 primordia

335 3636 441 3679 non
464 3630 587 3677 sunt
609 3622 857 3677 lectionis
878 3621 1187 3691 prolixitate
1214 3618 1504 3687 fatiganda,
1535 3617 1631 3672 sed
1654 3615 1919 3670 brevitate

335 3713 517 3784 potius
552 3711 838 3767 excitanda
863 3753 878 3778 ,
928 3719 986 3766 ut
1013 3710 1140 3764 dum
1177 3709 1340 3764 breve
1368 3725 1504 3778 opus
1528 3707 1922 3762 delectabiliter

323 3801 492 3879 legis,
525 3802 591 3858 ad
620 3803 882 3873 prolixam
927 3801 1210 3856 lectionem
1241 3799 1517 3853 ardentius
1548 3798 1931 3852 inﬂammeris.-

335 3893 509 3951 Pauca
538 3912 656 3966 qua:
685 3896 924 3950 dicturus
951 3907 1091 3959 sum,
1124 3891 1332 3945 intente
1361 3889 1496 3958 lege,
1529 3888 1819 3958 prudenter
1842 3889 1921 3942 in-

334 3989 550 4060 tellige,
601 3998 656 4044 et
681 3988 1243 4044 indubitanter‘tene:
1295 4000 1366 4040 ex
1404 3984 1598 4053 quibus
1640 3981 1822 4036 valeas
1865 3983 1918 4036 in

335 4071 634 4139 asSertione
664 4078 794 4136 ﬁdei
819 4097 848 4134 a
878 4080 1025 4134 falsis
1054 4095 1180 4133 vera
1201 4077 1529 4139 discernere,
1573 4082 1638 4129 et.
1657 4073 1920 4128 Christia-

333 4189 456 4229 nam
490 4173 667 4240 ﬁdem,
703 4173 866 4248 l1)st
887 4169 1265 4226 illuminatoris
1292 4167 1761 4236 nostrijuvamine
1791 4165 1924 4219 rcti-

334 4285 462 4327 nere
492 4269 538 4324 ἀ.

399 4370 527 4426 Car.
563 4387 634 4425 χι.
670 4369 734 4424 In
766 4370 1021 4424 Trinitate
1045 4383 1178 4420 unus
1213 4365 1380 4429 Deus,
1427 4379 1536 4417 una
1563 4370 1772 4415 natura.
1823 4357 1920 4412 Er-

331 4480 416 4520 ror
443 4463 892 4519 Sabellianorum.
911 4494 982 4503 ——
1008 4459 1098 4513 20.
1129 4456 1276 4513 Unus
1300 4457 1442 4511 Dens
1470 4462 1555 4510 est
1584 4461 1770 4508 sancta
1801 4449 1919 4504 Tri-

330 4555 492 4622 nitas,
526 4552 704 4618 Pater,
734 4561 788 4608 et
816 4553 999 4613 Filius,
1031 4559 1085 4605 et
1124 4549 1356 4619 Spiritus
1393 4554 1632 4602 sanctus.
1682 4541 1796 4598 Una
1836 4548 1920 4596 est

320 4639 471 4699 'enim
516 4642 710 4710 Patris,
739 4651 794 4696 et
819 4642 1044 4710 Filil,.et
1069 4639 1298 4710 Spiritus
1327 4637 1518 4703 sancti,
1556 4643 1768 4698 natura,
1816 4631 1914 4687 sed

2025 689 2226 744 talione
2271 690 2525 762 intellige.
2571 695 2766 751 Verum
2809 706 2891 755 est
2934 699 3077 754 enim
3125 701 3270 770 quod
3311 700 3603 758 Sabelliani

2023 795 2186 834 unam
2234 791 2480 840 naturam
2509 783 2702 854 Patris,
2754 797 2809 844 et
2847 789 2993 857 Filii,
3027 799 3083 846 et
3128 791 3360 862 Spiritus
3407 797 3600 860 sancti,

2022 870 2244 926 credunt
2269 890 2284 939 ;
2317 875 2411 930 sed
2453 876 2642 932 fals‘um
2670 888 2754 935 est
2779 881 2924 952 quod
2952 889 3062 939 tres
3082 898 3340 954 personas
3358 901 3476 942 esse
3497 902 3602 942 non

2020 963 2266 1052 credunt.
2307 967 2502 1025 Verum
2531 981 2613 1028 est
2638 974 2801 1029 etiam
2821 975 2965 1046 quod
2995 976 3175 1034 Ariani
3207 987 3315 1035 tres
3343 996 3604 1052 personas

2021 1051 2214 1120 Patris,
2248 1065 2301 1111 et
2329 1058 2467 1127 Filii,
2497 1071 2551 1116 et
2573 1062 2802 1134 Spiritus
2821 1070 3012 1138 sancti,
3045 1070 3268 1139 dicunt;
3299 1051 3394 1129 sed
3412 1071 3606 1128 falsum

2021 1153 2105 1198 est
2126 1147 2276 1239 quod
2301 1149 2522 1206 istarum
2555 1156 2713 1210 trium
2737 1173 3089 1228 personarum
3112 1172 3220 1220 tres
3239 1173 3458 1222 naturas
3477 1183 3606 1239 per-

2008 1238 2248 1327 suadere
2294 1247 2645 1303 contendunt.
2698 1247 2956 1310 Perverse
3005 1257 3187 1327 itaque
3215 1259 3401 1315 Ariani
3448 1238 3608 1318 natu-

2021 1325 2136 1384 ram
2168 1332 2446 1392 Trinitatis
2474 1339 2744 1410 dividunt,
2789 1354 2847 1402 et
2870 1325 3129 1418 personas
3159 1350 3448 1410 Sabelliani
3473 1372 3607 1411 con-

2023 1419 2286 1515 tundunt;
2337 1444 2458 1483 cum
2489 1430 2561 1486 ita
2591 1433 2660 1488 sit
2689 1450 2794 1490 una
2825 1447 3029 1494 natura.
3053 1440 3245 1507 Patris,
3279 1453 3334 1499 et
3360 1444 3510 1515 Filii,
3551 1457 3608 1502 et

2023 1512 2254 1585 Spiritus
2295 1522 2467 1576 sancti
2493 1561 2508 1586 ,
2559 1532 2617 1578 ut
2644 1541 2752 1581 non
2776 1529 2846 1584 sit
2875 1541 2981 1585 una
3010 1547 3281 1603 persona;
3308 1537 3466 1606 .quia.
3488 1512 3605 1591 alia

2022 1617 2104 1664 est
2127 1625 2355 1680 persona
2385 1612 2578 1683 Patris,
2610 1618 2714 1674 alia
2742 1620 2880 1688 Filii,
2913 1624 3024 1680 alia
3044 1625 3276 1696 Spiritus
3303 1630 3506 1684 sancti.

2095 1709 2223 1766 Car.
2254 1729 2365 1769 xm.
2396 1714 2562 1772 Error
2588 1717 3108 1780 Macedonianorum.
3138 1759 3210 1770 —
3236 1727 3323 1782 22.
3358 1727 3414 1783 Si
3443 1743 3605 1798 quem
3631 1754 3637 1774 ι

2021 1815 2152 1857 vero
2181 1802 2410 1870 videris,
2442 1807 2616 1864 Patris
2641 1811 2860 1881 quidem
2891 1823 2946 1870 et
2975 1815 3093 1872 Filii
3151 1834 3312 1873 unam
3360 1819 3605 1876 conﬁteri

1949 1963 1987 1980 ᾇ
2024 1901 2290 1968 naturam,
2321 1897 2414 1952 sed
2439 1898 2672 1970 Spiritus
2708 1906 2879 1961 sancti
2911 1907 3134 1964 alteram
3164 1911 3455 1980 praedicare
3479 1913 3604 1968 sub-

1951 1973 1995 2034 B
2021 1987 2274 2043 stantiam
2299 2032 2314 2058 ,
2347 1997 2406 2045 ut
2423 1994 2682 2062 aequalem
2713 1997 2930 2066 quidem
2959 2001 3104 2057 dicat
3125 1973 3268 2058 Patri
3296 2003 3506 2069 Filium,
3551 2015 3606 2064 et

2007 2077 2198 2132 solum
2227 2080 2488 2138 minorem
2516 2096 2721 2143 asserat
2747 2089 3006 2161 Spiritum
3038 2103 3316 2164 sanctum,
3363 2097 3468 2154 iste
3496 2115 3604 2153 non

2025 2175 2175 2226 tenet
2194 2173 2472 2232 catholicae
2502 2175 2623 2234 ﬁdei
2651 2169 2932 2238 veritatem
2954 2225 2968 2250 ,
2999 2185 3094 2241 sed
3121 2203 3151 2241 a
3181 2187 3495 2246 Macedt'mio
3519 2208 3604 2246 na.

2023 2269 2134 2318 tum
2165 2263 2400 2335 perﬁdiae
2442 2278 2680 2328 sectatur
2707 2289 2947 2332 errorem
2971 2288 3022 2332 ο.
3061 2277 3297 2337 Proinde
3334 2283 3459 2352 quia
3496 2300 3604 2340 non

2022 2366 2106 2413 est
2134 2360 2428 2419 catholicus
2448 2364 2804 2435 Christianus,
2837 2372 2932 2426 sed
2961 2371 3376 2433 Macedonianus
3396 2379 3604 2436 haereti-

2022 2464 2121 2505 cus
2144 2459 2248 2520 est,
2277 2453 2344 2509 ab
2373 2457 2620 2514 omnibus
2646 2468 2729 2516 est
2751 2461 2996 2521 fidelibus
3017 2468 3370 2538 respuendus.

2091 2555 2220 2612 Car.
2252 2574 2361 2614 ΣΝ.
2393 2559 2474 2615 De
2499 2564 2709 2620 veritate
2735 2566 2977 2624 humana:
3000 2580 3202 2628 natura:
3225 2576 3279 2629 in
3303 2575 3523 2632 Christo.
3540 2608 3615 2624 —-

2021 2647 2110 2702 25.
2141 2649 2293 2707 Nunc
2321 2644 2488 2722 pauca
2513 2656 2581 2711 de
2611 2660 2867 2730 mysterio
2895 2662 3185 2720 Dominica:
3215 2666 3608 2725 Incarnatinnis

2023 2739 2262 2796 adverte.
2305 2741 2550 2801 Christus
2577 2749 2721 2804 enim
2752 2750 2848 2806 Dei
2876 2752 3074 2819 Filius,
3117 2758 3208 2826 qui
3235 2760 3470 2829 seipsum
3504 2761 3601 2817 Ve-

2022 2832 2234 2889 ritatem
2257 2836 2574 2906 proﬁtetur,
2627 2842 2765 2899 sicut
2792 2861 2953 2902 verus
2979 2856 3062 2902 est
3087 2849 3230 2905 Deus
3257 2895 3271 2917 ,
3323 2853 3401 2908 sic
3446 2870 3602 2912 verus

2022 2933 2104 2980 est
2130 2927 2292 2985 homo
2317 2947 2329 2982 :
2371 2932 2423 2986 in
2453 2947 2562 3002 quo
2584 2936 2721 2990 sicut
2746 2946 2828 2993 est
2855 2939 3131 3010 plenitudo
3159 2944 3351 3000 divinae
3377 2955 3602 3015 natum,

2021 3016 2094 3070 ita
2124 3026 2205 3072 est
2229 3027 2284 3074 et
2312 3021 2586 3090 plenitudo
2613 3025 2858 3084 humana:
2886 3032 3197 3089 substantia:
3228 3035 3244 3072 τ
3257 3077 3264 3088 .
3302 3035 3441 3092 Inest
3462 3039 3635 3096 enim.

2021 3105 2098 3160 illi
2130 3110 2388 3164 naturalis
2417 3113 2614 3168 veritas
2643 3114 2961 3186 divinitatis,
2989 3123 3248 3179 naturalis
3267 3126 3465 3181 veritas
3489 3129 3626 3182 ani-7

2020 3217 2121 3254 mat
2143 3204 2438 3270 rationalis,
2460 3214 2514 3261 et
2542 3197 2810 3266 naturalis
2828 3201 3025 3269 veritas
3051 3199 3230 3273 carnis
3251 3236 3266 3270 :
3299 3233 3360 3272 ac
3383 3234 3479 3290 per
3501 3220 3608 3276 hoc
3631 3251 3638 3256 -

2023 3296 2284 3349 naturalis
2315 3297 2570 3354 divinitas
2593 3307 2892 3361 communis
2914 3309 3097 3363 estrilli
3123 3326 3243 3365 eum
3278 3310 3471 3367 Patre:
3503 3328 3602 3368 na~

2022 3386 2210 3441 turalis
2233 3403 2359 3442 vero
2388 3390 2690 3450 humanitas
2717 3393 3015 3453 communis
3036 3402 3362 3464 cst'illicum
3390 3387 3602 3478 Virgine
3635 3442 3640 3447 -

2022 3490 2216 3537 matre.

2093 3580 2220 3637 Car.
2249 3601 2335 3639 xv.
2395 3587 2638 3645 θαι-θεῖε»
2667 3591 3097 3658 Mattio/imorum.
3130 3633 3199 3640 —
3247 3600 3334 3656 2i.
3385 3580 3459 3662 Si.
3485 3603 3602 3673 quis
3637 3649 3642 3653 .

2023 3685 2148 3740 ergo
2177 3675 2254 3730 sic
2283 3676 2338 3732 in
2366 3678 2580 3735 Christo
2610 3698 2790 3739 veram
2828 3686 3160 3744 divinitatem
3195 3693 3450 3760 praedicat
3475 3735 3490 3759 ,
3542 3704 3602 3749 ut

2021 3762 2137 3832 ejus
2166 3781 2348 3820 veram
2377 3784 2596 3826 carnem
2631 3789 2827 3844 negare
2853 3779 3166 3845 contendat,
3195 3798 3300 3835 non
3333 3791 3416 3837 est
3445 3783 3602 3838 Chri-

2021 3857 2225 3913 stianus
2262 3861 2587 3932 catholicus,
2635 3865 2729 3920 sed
2759 3869 2920 3938 206
2953 3869 3236 3927 harrcticus
3257 3873 3602 3935 Maniclmus.
3633 3925 3639 3929 .

2022 3965 2144 4003 cum
2192 3951 2307 4020 ipse
2353 3951 2599 4010 Christus
2645 3958 2922 4029 discipulis
2968 3961 3338 4020 dubitantibus
3367 3966 3599 4021 dixerit:

2021 4037 2248 4110 Palpate
2292 4051 2341 4096 et
2382 4043 2571 4110 videte,
2611 4049 2735 4118 quia
2765 4051 2978 4120 spiritus
3024 4070 3232 4109 carnem
3271 4065 3319 4109 et
3349 4074 3470 4112 ossa
3496 4039 3600 4114 non
3633 4109 3635 4111 ,

2021 4130 2196 4198 habet,
2213 4135 2346 4188 sicut
2366 4153 2446 4191 me
2474 4138 2654 4194 videtis
2679 4141 2867 4197 habere
2897 4142 3052 4216 (Luc.
3084 4162 3228 4213 xxnv,
3261 4148 3376 4221 59).

2091 4247 2221 4304 Car.
2254 4265 2362 4305 xvr.
2397 4249 2562 4306 Error
2589 4251 3046 4313 Photinianorum.
3093 4259 3328 4317 Christus
3352 4263 3599 4319 mediator

2020 4341 2282 4397 hominum
2309 4353 2520 4415 propter
2546 4353 2750 4403 natura
2768 4351 3032 4406 utriusaue
3056 4356 3389 4410 consortium.
3415 4389 3486 4398 —
3511 4355 3612 4412 25..

2021 4431 2252 4488 Rursum
2292 4435 2338 4490 si
2373 4438 2494 4508 quis
2539 4438 2594 4492 in
2619 4437 2834 4496 Christo
2883 4443 2962 4497 sic
3009 4444 3292 4500 veritatem
3348 4447 3600 4516 praedicat

2019 4526 2210 4580 anima:
2234 4535 2290 4582 et
2318 4530 2493 4584 carnis
2517 4573 2545 4598 ,.
2583 4539 2642 4586 ut
2687 4534 2970 4589 veritatem
3000 4536 3054 4591 in
3095 4553 3164 4593 eo
3195 4539 3328 4593 nolit
3359 4542 3602 4612 accipere
3632 4577 3636 4580 -

2019 4617 2258 4686 deitatis,
2299 4619 2348 4674 id
2381 4629 2484 4684 est,
2528 4625 2617 4691 qui
2647 4624 2726 4679 sic
2753 4625 2887 4682 dicit
2916 4627 3186 4684 Christum
3216 4630 3511 4700 hominem,
3545 4645 3602 4689 ut

321 4747 439 4792 'non
465 4753 568 4791 una
599 4751 848 4807 persona.
893 4709 1125 4789 Proinde
1152 4740 1210 4786 ut
1239 4738 1448 4785 retenta
1476 4729 1700 4783 veritate
1741 4725 1910 4797 possis

2019 4709 2186 4766 Deum
2228 4721 2422 4780 neget,
2465 4730 2570 4769 non
2619 4725 2702 4771 est
2742 4716 3080 4776 Christianus
3141 4723 3464 4792 catholicus,
3512 4725 3602 4783 sed

324 4828 589 4893 refellere,
621 4828 705 4882 vel
733 4835 884 4883 certe
911 4839 1166 4895 respuere
1196 4823 1521 4886 falsitatem,
1553 4820 1597 4874 si
1639 4835 1798 4888 quem
1833 4818 1911 4871 vi-

323 4919 466 4973 deris
495 4919 566 4972 ita
596 4917 790 4982 Patris,
820 4925 875 4972 et
900 4916 1038 4980 Filii,
1071 4923 1126 4969 et
1152 4913 1382 4983 Spiritus
1404 4911 1572 4965 sancti
1593 4925 1753 4963 unam
1781 4925 1918 4963 con-

319 5007 461 5064 ﬁteri
507 5016 755 5063 naturam
781 5049 797 5075 ,
848 5016 906 5062 ut
947 5007 1082 5060 velit
1127 5018 1288 5059 unam
1331 5016 1571 5056 asserere
1599 5015 1910 5070 personam,

323 5101 434 5154 noli
463 5097 825 5155 Christianum
857 5098 1191 5155 catholicum
1222 5103 1443 5165 putare,
1472 5092 1566 5147 sed
1596 5092 1908 5146 luere-ticum

317 5189 686 5248 Sabellianum
716 5205 966 5260 agnosce.

390 5295 520 5350 CAP.
555 5311 647 5349 xu.
676 5293 844 5347 Error
870 5294 1208 5346 Arianorum.
1240 5287 1528 5342 Sabelliani
1557 5293 1608 5340 et
1635 5285 1818 5337 Ariani
1854 5285 1906 5336 in

316 5402 412 5457 quo
436 5385 738 5456 recipiendi,
768 5385 821 5437 in
850 5399 948 5455 quo
975 5380 1263 5446 respuendi.
1296 5411 1368 5421 ——
1387 5378 1478 5432 2|.
1511 5377 1567 5431 Si
1593 5391 1750 5444 quem
1779 5390 1906 5429 vero

317 5476 550 5531 audieris
580 5477 651 5530 ita
676 5483 788 5530 tres
811 5487 1090 5544 personas,
1125 5469 1320 5535 Patris,
1353 5478 1408 5524 et
1432 5468 1572 5532 Filii,
1598 5475 1653 5520 et
1675 5465 1905 5535 Spiritus

314 5565 524 5634 Sancti,
576 5565 760 5621 dicere
784 5607 798 5633 ,
850 5573 908 5619 ut
936 5561 1070 5618 velit
1099 5568 1208 5615 tres
1237 5567 1456 5615 naturas
1486 5560 1711 5614 istarum
1744 5556 1902 5610 trium

391 5754 415 5782 ἰ
447 5744 521 5798 Ita
549 5759 650 5797 ms.
683 5743 867 5806 Colb.;
905 5750 961 5798 at
984 5739 1132 5801 editi,
1164 5739 1334 5809 gratia
1365 5737 1468 5808 frui
1497 5749 1826 5791 mererentur.

383 5814 410 5853 ι’
441 5815 564 5879 Ms.,
605 5814 801 5868 lirwter
829 5815 963 5866 hunc
990 5811 1152 5864 Deum
1185 5825 1376 5864 verum.
1743 5817 1746 5820 ‘

389 5896 410 5923 ε
442 5884 562 5946 Ms.,
596 5882 661 5936 In
685 5884 901 5937 alterum
931 5881 1126 5935 credat.

383 5954 413 5993 ά
439 5953 560 6013 MS~
597 5953 665 6008 lu
691 5955 897 6008 nomine
928 5962 1056 6005 tene.

2016 4804 2369 4862 Pbotinianus
2392 4808 2695 4864 btereticus.
2719 4809 2963 4868 Christus
2984 4814 3126 4868 enim
3149 4815 3602 4883 quemadmodum

2013 4895 2303 4978 secundum
2333 4911 2514 4950 veram
2541 4898 2874 4956 divinitatem
2906 4902 3051 4958 Deus
3075 4913 3289 4978 creator
3320 4915 3401 4960 est
3431 4906 3602 4960 homi-

2018 5002 2172 5051 num,
2204 4981 2282 5040 ita'
2303 4988 2602 5043 secundum
2633 5007 2816 5046 veram
2845 5009 3065 5049 carnem
3097 4996 3367 5052 mediator
3396 5005 3481 5051 est
3505 4997 3611 5054 Dei

2018 5089 2074 5134 et
2098 5081 2396 5137 hominum.
2438 5083 2706 5140 Mediator
2732 5089 2875 5141 enim
2906 5089 3212 5144 nullatenus
3241 5100 3404 5154 esset,
3429 5092 3483 5147 si
3519 5093 3602 5146 vel

2018 5188 2140 5226 cum
2171 5170 2330 5227 Patre
2358 5174 2653 5232 divinitatis
2681 5186 2926 5232 naturain
2951 5220 2975 5244 ,
3018 5180 3102 5234 vel
3145 5197 3265 5235 cum
3297 5181 3600 5237 hominibus

2016 5280 2353 5322 communem
2383 5269 2562 5325 carnis
2590 5279 2644 5324 et
2673 5271 2866 5325 anima:
2895 5271 3250 5326 substantiam
3294 5289 3400 5328 non
3429 5273 3599 5330 habe.-

2017 5366 2117 5413 ret.
2158 5359 2215 5415 In
2246 5375 2312 5415 eo
2341 5369 2521 5417 autem
2554 5379 2710 5418 verus
2739 5365 3004 5419 mediator
3028 5371 3112 5419 cst
3139 5364 3416 5422 hominum
3439 5367 3597 5423 homo

2017 5454 2262 5509 Christus
2289 5454 2467 5523 losus,
2508 5458 2560 5510 in
2585 5473 2694 5525 quo
2718 5465 2773 5510 et
2801 5455 2870 5511 de
2899 5456 3060 5510 Patre
3089 5455 3315 5512 formam
3344 5457 3438 5512 Dei
3482 5459 3601 5531 (pet

2013 5567 2175 5621 quam
2200 5568 2298 5607 nos
2319 5553 2572 5613 salvaret)
2608 5551 2923 5606 naturaliter
2952 5549 3166 5619 habuit,
3193 5562 3353 5608 etc»
3374 5555 3599 5624 Virgine

2035 5738 2050 5748 '
2082 5743 2103 5770 ε
2133 5733 2224 5787 Sic
2244 5749 2375 5799 ms.;
2401 5740 2455 5787 at
2477 5733 2624 5799 editi,
2643 5734 2734 5788 sed
2755 5733 3150 5792 Macedmiame
3164 5737 3403 5808 perﬁdia:
3425 5748 3584 5789 serta-

2187 5823 2197 5832 ,
2260 5821 2286 5854 ε
2347 5844 2358 5856 ⁶
2684 5825 2686 5827 ,
3015 5845 3018 5847 Α
3265 5832 3267 5834 ,
3391 5829 3398 5834 .

2009 5816 2258 5957 "faelis?
2382 5893 2480 5957 quo
2502 5875 2632 5939 sicut
2679 5874 2944 5957 plenitudo
2989 5877 3228 5934 humanis
3262 5874 3571 5942 substantia!

2009 5946 2080 5998 sic
2102 5943 2365 6008 plenitudo
2389 5943 2437 5999 iu
2461 5961 2519 6000 eo
2548 5956 2623 6002 est
2657 5943 2858 6001 dirina’.
