4124 6482
612 418 668 474 ἷί
1522 423 1576 478 S.
1619 421 2042 483 FULGENTIUS
2078 427 2446 492 EPISCOPUS
2484 432 2868 496 RUSPENSIS.

3719 457 3827 533 ’ὃτι

571 516 799 589 toriuarn
821 533 960 634 servi
989 532 1171 634 squam
1203 532 1438 634 inmnobis
1466 533 1717 634 salvaretl
1747 537 1969 634 accepit:
2001 537 2146 592 Nuu-
2172 546 2221 604 Α
2249 559 2407 612 posse
2435 557 2698 605 naturam.
2721 550 2837 622 lpse
2863 552 3061 625 quippe
3088 571 3224 610 unus
3243 564 3323 612 est
3345 557 3608 631 Christus,
3623 572 3692 619 de

543 621 546 624 ’
571 639 734 694 quam
778 631 959 677 autem
989 621 1153 676 homo
1183 638 1211 676 a
1242 607 1354 678 Deo
1382 624 1606 692 gratiam
1641 624 1826 678 salutis
1855 627 2141 697 acciperet,

571 719 615 772 si
647 719 697 772 in
729 731 832 772 una
862 730 1087 785 persona
1117 714 1315 770 Christi
1343 714 1532 769 divinte
1559 715 1914 788 humanaeque
1942 725 2144 774 naturae

569 807 876 861 communio
905 820 1012 860 non
1041 794 1283 859 maneret
1311 814 1357 859 ⁸.

642 898 770 953 Car.
802 913 926 951 xvn.
961 896 1092 950 Duaz
1141 903 1342 950 naturte
1380 897 1432 948 in
1479 912 1585 948 una
1616 895 1806 950 Christi
1845 897 2142 952 mediatoris

571 1005 811 1059 persona.
863 987 994 1041 Dure
1034 987 1087 1040 in
1130 985 1331 1039 Christo
1374 995 1574 1039 natura:
1621 1003 1714 1040 nec
1758 987 2143 1058 confunduntur

562 1098 669 1135 nec
699 1081 826 1134 duas
855 1097 1104 1150 personas
1135 1088 1467 1132 constituunt.
1503 1077 1801 1149 Eutychetis
1831 1089 1879 1132 et
1911 1078 2144 1134 Nestorii

569 1172 819 1226 contrarii
847 1187 1064 1225 errores.
1091 1202 1162 1211 —
1204 1169 1291 1222 26.
1325 1168 1537 1224 Veritas
1584 1184 1710 1237 ergo
1760 1169 1956 1224 Christi
2004 1171 2142 1225 sicut

572 1266 734 1320 habet
761 1265 1040 1318 veritatem
1091 1262 1384 1316 naturalem
1416 1262 1707 1316 divinitatis
1750 1277 1816 1316 ex
1855 1261 2030 1324 Patre,
2065 1263 2142 1316 sic

571 1355 731 1409 habet
759 1354 1054 1408 naturalem
1102 1353 1386 1406 veritatem
1431 1352 1779 1408 humanitatis
1807 1369 1874 1407 ex
1900 1353 2141 1420 Virgine.

570 1448 710 1503 Deus
737 1450 879 1502 enim
906 1447 1210 1516 unigenitns
1237 1447 1482 1513 dignatus
1510 1454 1592 1500 est
1641 1446 1698 1499 iu
1723 1455 1876 1500 utero
1905 1444 2138 1513 Virginis

569 1539 948 1594 fierihumanm
991 1539 1164 1593 carnis
1203 1538 1495 1605 animmque
1545 1546 1843 1606 susceptor,
1901 1546 1959 1590 ut
1997 1545 2140 1592 esset

567 1631 814 1684 humanzc
844 1629 1020 1682 carnis
1062 1627 1360 1697 animasque
1406 1628 1660 1681 salvator.
1703 1625 1823 1695 Ipse
1870 1640 2030 1693 unus,
2083 1625 2134 1679 in

564 1737 672 1790 quo
711 1730 794 1777 est
839 1722 1068 1790 gemina,
1122 1723 1512 1792 inseparabilis,
1569 1721 2062 1790 inconfusibilisque
2108 1719 2135 1759 δ

563 1823 774 1883 natura,
822 1823 878 1870 et
930 1815 1204 1884 utriusque
1251 1823 1452 1870 natz'ru:
1493 1830 1594 1868 una
1621 1829 1891 1884 persona:
1947 1814 2006 1867 in
2029 1828 2135 1881 quo

2248 639 2376 693 illud
2396 641 2538 708 quod
2557 641 2668 710 jam
2689 646 2934 714 superius
2955 647 3188 716 positum
3213 657 3326 718 est,
3341 645 3468 705 dicit
3489 653 3814 723 Apostolus:

2247 727 2472 793 Quorum
2499 743 2699 803 patres,
2725 747 2775 789 et
2811 753 2875 790 ex
2903 737 3082 809 quibus
3120 738 3356 794 Christus
3395 744 3675 798 secundum
3702 761 3817 799 ωτι

2245 839 2385 890 nem,
2416 827 2499 894 qui
2528 837 2611 890 est.
2631 843 2785 894 super
2828 829 3001 882 omnia
3035 827 3173 882 Deus
3203 828 3494 886 benedictus
3533 835 3588 886 in
3626 836 3818 891 stecula

2247 913 2432 985 (Rom.
2464 934 2540 981 ιι,
2560 917 2638 993 5).
2673 917 2772 972 Ubi
2803 928 2858 976 et
2885 935 3042 974 unam
3088 919 3286 976 Christi
3317 939 3623 993 personam,
3646 933 3701 985 et
3726 941 3817 994 ge-

2245 1007 2440 1058 minam
2467 1016 2730 1070 naturam,
2757 1009 2947 1078 plenus
2977 1009 3178 1080 Spiritu
3203 1022 3389 1067 sancto
3408 1013 3818 1071 demonstravit.

2245 1089 2434 1152 Dicens
2459 1101 2658 1168 quippe
2691 1117 2702 1151 :
2736 1097 2820 1152 Eat
2837 1098 3014 1171 quibus
3036 1098 3268 1157 Christus
3288 1089 3565 1159 secundum
3586 1123 3816 1176 carnem,

2207 1260 2210 1262 γ
2241 1183 2327 1258 qui
2356 1197 2430 1240 est
2456 1206 2607 1258 super
2636 1189 2811 1242 omnia
2839 1190 3133 1245 benedictus
3164 1193 3214 1245 in
3244 1195 3453 1259 swcula,
3484 1195 3621 1249 sicut
3643 1194 3737 1249 Dei
3760 1209 3818 1254 et,

2242 1279 2420 1342 carnis
2442 1280 2657 1333 nomine
2684 1279 2962 1334 veritatem
2987 1289 3188 1337 natur-.e
3217 1284 3493 1354 utriusque
3518 1284 3817 1340 indubitan—

2241 1359 2323 1425 ter
2351 1373 2613 1440 ostendit,
2637 1371 2715 1428 sic
2743 1373 2797 1426 in
2820 1390 2926 1428 uno
2947 1371 3142 1429 Christi
3181 1376 3396 1430 nomine
3435 1375 3594 1430 unam
3623 1393 3816 1446 perso-

2241 1480 2362 1516 nam
2387 1457 2680 1521 divinitatis
2711 1473 2874 1536 atque
2921 1467 3266 1522 humanitatis
3307 1467 3539 1523 edocuit.
3570 1468 3816 1523 Christus

2239 1557 2402 1628 cutim,
2426 1557 2514 1626 qui
2547 1567 2630 1626 est
2657 1575 2723 1612 ex
2749 1558 2979 1629 patribus
3009 1560 3282 1614 secundum
3310 1575 3537 1626 carnem,
3577 1560 3694 1630 ipse
3738 1569 3817 1614 est

2237 1665 2392 1724 super
2415 1645 2591 1718 omnia
2621 1647 2759 1703 Deus
2787 1649 3079 1703 benedictus
3108 1650 3161 1704 in
3191 1651 3400 1704 stvcula.
3431 1649 3545 1704 Non
3586 1650 3817 1705 confun-

2232 1741 2382 1799 ditur
2410 1748 2601 1796 natura
2628 1756 2788 1818 qpam
2813 1739 2905 1795 Dei
2934 1740 3097 1795 Filius
3123 1740 3285 1796 habet
3304 1757 3370 1795 ex
3402 1739 3585 1806 Patre,
3604 1758 3724 1794 cum
3748 1756 3813 1795 ea

2241 1840 2431 1904 natura
2461 1845 2622 1902 quam
2653 1829 2796 1884 idem
2825 1830 2966 1884 Deus
2993 1831 3219 1902 sumpsit
3249 1846 3312 1885 ex
3335 1830 3556 1899 virgine.
3582 1829 3687 1884 Sed
3710 1845 3814 1886 nec

531 1921 534 1925 ‘
562 1907 648 1960 alii
679 1906 786 1961 duo
811 1923 995 1962 rursus
1017 1906 1273 1969 haeretici,
1298 1906 1515 1962 sibimet
1529 1905 1793 1960 contraria
1819 1903 2132 1968 sentientes,
2169 1917 2210 1974 Β
2239 1923 2426 1977 habui,
2450 1922 2691 1977 Christus
2729 1921 2861 1978 duas
2889 1922 3172 1993 aliquando
3203 1938 3489 1993 personas,
3514 1923 3638 1991 quia
3670 1921 3812 1976 idem

561 1999 801 2052 diversos
828 2013 1044 2052 errores
1071 1997 1310 2051 intulisse
1339 1995 1431 2064 (al.
1457 1994 1772 2063 instituisse)
1801 2006 2134 2060 cognoscun-

561 2095 667 2152 tur,
695 2085 970 2140 Nestorius
994 2086 1198 2140 scilicet
1227 2094 1282 2139 et
1304 2083 1595 2155 Eutychos.
1617 2083 1890 2138 Nestorius
1910 2082 2129 2152 quippe,

561 2175 681 2244 quia
710 2161 842 2228 duas
871 2175 923 2228 in
952 2174 1166 2228 Christo
1195 2175 1448 2243 cognovit
1474 2190 1593 2229 esse
1619 2182 1868 2239 naturas,
1909 2180 2133 2228 conatus

561 2275 641 2320 est
668 2265 802 2321 duas
832 2267 884 2321 in
915 2282 981 2321 eo
1011 2266 1301 2337 pnedieare
1329 2281 1606 2336 personas,
1640 2276 1694 2322 et
1717 2268 1788 2321 ita
1817 2283 1912 2325 cor
1931 2265 2133 2321 habens

530 2358 804 2412 falsitatis
847 2357 1173 2412 obscuritate
1222 2365 1501 2423 cacatum,
1531 2354 1650 2411 fidei
1678 2355 1992 2410 Christianae
2023 2370 2128 2408 non

559 2452 818 2506 dubitavit
862 2465 976 2505 sum
1012 2447 1246 2519 perfidia:
1304 2449 1514 2503 sociare
1572 2447 1922 2503 mendacium.
1975 2447 2132 2501 Fides

530 2541 700 2598 .enim
728 2557 855 2596 vera
897 2541 1039 2595 sicut
1080 2541 1132 2594 in
1161 2539 1376 2594 Christo
1425 2539 1558 2594 duas
1604 2547 1823 2592 naturas
1869 2537 2132 2591 veraciter

557 2631 833 2702 prmdicat,
875 2631 952 2684 sic
979 2630 1110 2686 duas
1155 2630 1208 2684 in
1237 2646 1304 2685 eo
1331 2645 1592 2699 personas
1632 2629 1850 2682 omnino
1878 2627 2126 2695 denegat.

557 2723 824 2795 Eutyches
852 2739 980 2777 vero
1005 2730 1152 2777 recte
1180 2723 1404 2778 credens
1431 2737 1588 2776 unam
1619 2722 1670 2774 in
1701 2721 1914 2776 Christo
1943 2735 2129 2791 perso-

531 2830 696 2881 nam,
730 2830 980 2885 perverse
1008 2815 1151 2870 visus
1180 2822 1264 2869 est
1292 2829 1456 2868 unam
1481 2815 1533 2867 in
1563 2829 1631 2868 eo
1655 2814 1948 2883 przedicare
1974 2820 2128 2866 natu-

555 2920 687 2972 ram,
709 2921 830 2961 cum
853 2921 976 2961 vera
1002 2906 1130 2960 tides
1151 2905 1308 2960 simul
1336 2905 1388 2959 in
1411 2905 1628 2959 Christo
1647 2904 1725 2960 sic
1745 2905 2128 2974 proprietatem

555 3005 756 3050 natum
787 2996 1065 3064 utriusque
1098 3003 1418 3064 cognoscat,
1454 3003 1512 3048 ut
1540 3009 1700 3048 unam
1731 3009 2014 3064 personam
2045 2993 2128 3048 di-

553 3087 790 3144 vinitatis
817 3095 980 3156 atque
1011 3086 1358 3141 humanitatis
1387 3085 1672 3152 intelligat.

621 3177 754 3231 Car.
781 3193 926 3231 svnt.
977 3175 1260 3231 Sabellius.
1288 3177 1469 3230 Arius.
1504 3173 1705 3228 Manes.
1758 3171 2027 3239 Photinus.
2059 3202 2129 3213 —

552 3268 638 3322 27.
674 3269 820 3323 Unus
865 3269 1063 3339 quippe
1091 3267 1334 3323 Christus
1367 3273 1476 3332 est,
1503 3266 1593 3336 qui
1626 3265 1689 3319 In
1721 3265 1974 3334 principio
2017 3273 2128 3316 erat

559 3359 808 3425 Verbum,
833 3369 883 3413 et
937 3358 1154 3412 Verbum
1199 3367 1314 3411 erat
1355 3358 1494 3429 apud
1522 3356 1727 3423 Deum,
1760 3363 1812 3409 et
1851 3354 1991 3408 Deus
2019 3363 2130 3408 erat

559 3449 803 3503 Verbum.
835 3448 936 3515 Qui
965 3449 1128 3503 etiam
1169 3447 1388 3502 Verbum
1419 3465 1540 3502 caro
1568 3449 1760 3518 factum
1789 3455 1884 3508 est,
1916 3455 1964 3499 et
1985 3444 2130 3498 habi-

553 3542 758 3596 tavit'in
799 3539 970 3596 nobis.
1003 3539 1139 3596 Hinc
1167 3540 1504 3596 Sabellianus
1544 3539 1798 3603 vincitur,
1828 3539 1950 3606 quia
1982 3537 2034 3591 in
2062 3553 2129 3592 eo

554 3615 693 3700 quod
731 3628 947 3684 Verbum
971 3639 1082 3684 erat
1112 3630 1252 3701 apud
1271 3627 1455 3696 Deum,
1487 3627 1784 3684 ostenditur
1805 3629 1907 3682 alia
1931 3628 2124 3697 Patris,

553 3721 655 3775 alia
686 3719 802 3774 Filii
843 3737 962 3776 esse
999 3737 1251 3792 persona.
1295 3720 1430 3776 Hinc
1459 3722 1618 3776 etiam
1649 3722 1877 3776 Arianus
1905 3735 2127 3790 supera-

552 3821 656 3878 tur,
703 3812 827 3882 qnia
873 3812 924 3866 in
955 3827 1021 3867 eo
1049 3811 1192 3880 quod
1224 3809 1359 3866 Deus
1392 3820 1499 3865 erat
1537 3810 1777 3876 Verbum,
1828 3810 2126 3866 ostenditur

527 3899 529 3902 ’
551 3917 653 3957 una
674 3918 792 3958 esse
809 3902 979 3957 Patris
994 3900 1216 3972 Filiique
1237 3910 1446 3956 natura.
1473 3901 1548 3956 Ad
1570 3901 1949 3956 ostendendam
1971 3901 2125 3971 quip-

550 4011 616 4065 pe
663 3995 1047 4066 proprietatem
1098 4010 1342 4065 persona:
1387 3995 1529 4050 valet
1575 3994 1717 4065 quod
1765 3993 1912 4049 solus
1958 3993 2125 4048 Filius

551 4086 781 4141 Verbum
811 4086 1006 4141 dicitur
1029 4102 1045 4152 ;
1076 4085 1142 4138 ad
1170 4085 1554 4140 ostendendam
1581 4079 1708 4138 vero
1741 4084 1894 4141 unius
1920 4092 2124 4137 natura:

550 4177 978 4232 communionem
1009 4178 1271 4246 pertinet,
1300 4177 1442 4246 quod
1469 4176 1607 4230 sicut
1643 4176 1783 4230 Deus
1811 4175 1969 4229 Pater
1991 4175 2124 4228 dici-

550 4275 656 4331 tur,
702 4268 781 4321 sic
808 4267 968 4321 etiam
1000 4265 1164 4320 Filius
1206 4265 1364 4320 Deus
1398 4273 1750 4335 nuncupatur.
1796 4264 1928 4320 Hinc
1957 4265 2119 4319 etiam

527 4369 604 4416 'et
628 4359 950 4415 Manichazus
975 4360 1133 4414 simul
1162 4357 1537 4425 confunditur,
1567 4367 1621 4412 et
1648 4356 1940 4423 Photinus,
1974 4357 2027 4410 in
2056 4371 2121 4434 eo

551 4452 692 4522 quod
721 4452 954 4508 dicitur:
987 4451 1056 4506 Et
1083 4451 1287 4507 verbum
1313 4468 1434 4506 cura
1464 4454 1656 4523 factum
1685 4459 1781 4506 est.
1811 4451 1869 4506 1n
1900 4452 2117 4506 nomine

550 4543 747 4614 quippe
775 4543 931 4597 Verbi
958 4542 1209 4598 divinitas
1254 4558 1380 4597 vera
1409 4543 1750 4612 cognoscitur
1772 4583 1790 4608 ,
1836 4551 1890 4598 et
1937 4543 1992 4605 in
2021 4558 2119 4597 no-

2238 2011 2378 2066 Deus
2407 2011 2726 2080 unigenitus,
2757 2020 2813 2065 et
2859 2011 3151 2066 secundum
3182 2011 3514 2066 divinitatem
3541 2019 3698 2064 natus
3726 2015 3810 2064 est

2235 2099 2302 2155 de
2325 2099 2504 2164 Patre,
2530 2109 2583 2156 et
2613 2101 2906 2156 secundum
2929 2116 3144 2155 carnem
3171 2100 3437 2170 processit
3464 2115 3530 2154 ex
3563 2098 3802 2166 Virgine.

2234 2190 2302 2245 Et
2325 2192 2414 2260 qui
2445 2191 2676 2246 Verbum
2707 2191 2847 2246 Deus
2875 2199 3027 2246 natus
3056 2199 3138 2246 est
3162 2191 3228 2246 de
3250 2191 3378 2255 Deo,
3404 2188 3541 2244 idem
3572 2188 3809 2242 Verbum

2235 2299 2362 2338 caro
2385 2281 2584 2338 factum
2609 2293 2852 2356 tanquam
2880 2301 3095 2354 sponsus
3117 2283 3361 2354 processit
3384 2283 3446 2335 de
3469 2281 3696 2334 thalamo
3716 2296 3810 2333 suo

2238 2373 2408 2444 (Psal.
2435 2393 2582 2443 xvul,
2602 2374 2677 2446 6).
2701 2374 2817 2445 Ipse
2841 2391 2997 2439 unus,
3020 2374 3129 2445 qui,
3154 2383 3364 2428 servata
3391 2364 3667 2440 utriusque
3690 2384 3810 2440 pro-

2235 2466 2462 2536 prietate
2489 2477 2711 2530 natum,
2740 2476 2793 2521 et
2815 2457 3090 2536 cruciﬁxus
3111 2475 3185 2520 est
3207 2483 3271 2528 ea:
3300 2466 3626 2535 inﬁrmitate,
3651 2471 3707 2518 et
3735 2462 3808 2516 ri-

2233 2559 2301 2610 t'it
2330 2575 2393 2610 ea:
2419 2559 2602 2611 virtute
2629 2557 2748 2611 Dei.

2305 2643 2434 2698 CAP.
2462 2663 2551 2699 xx.
2584 2645 2853 2700 Conclusio
2876 2647 3002 2700 libri
3020 2647 3302 2701 exhortans
3326 2645 3606 2716 adscripta
3636 2645 3809 2700 Sanc-

2234 2747 2401 2791 torum
2426 2737 2756 2810 perlegenda.
2780 2771 2850 2779 —
2869 2737 2956 2811 29.
2990 2736 3113 2792 Παξο
3141 2738 3258 2800 tibi,
3288 2737 3558 2792 cariSsime
3588 2735 3680 2799 ﬁli,
3709 2749 3804 2804 pro

2235 2835 2325 2881 tuo
2354 2834 2540 2882 sancto
2570 2828 2835 2882 desiderio
2865 2836 2920 2882 et
2960 2827 3245 2906 dilectione
3279 2827 3566 2891 transmisi,
3591 2842 3657 2881 ex
3685 2826 3804 2895 qui-

2233 2919 2330 2974 bus
2363 2920 2457 2974 tibi
2484 2920 2697 2989 quidem
2719 2922 3020 2990 praebeatur
3049 2920 3410 2974 instructionis
3427 2927 3630 2988 gustus,
3663 2929 3718 2972 et
3740 2933 3804 2974 ex
3831 2947 3838 2954 -

2234 3013 2342 3068 hoc
2365 3022 2522 3082 gustu
2553 3021 2762 3068 crescat
2801 3013 2852 3066 in
2879 3020 2929 3067 te
2956 3011 3260 3082 prolixioris
3290 3011 3532 3066 lectionis
3559 3011 3802 3074 ailectus,

2235 3113 2290 3158 ut
2313 3113 2462 3158 tanto
2484 3105 2652 3173 magis
2675 3105 2846 3173 possis
2875 3104 2986 3158 Deo
3007 3103 3289 3172 adjuvante
3310 3100 3809 3173 prolicere,_Quanto

2232 3194 2527 3248 studiosius
2544 3194 2772 3263 coeperis
2784 3201 3090 3248 sanctorum
3108 3192 3323 3246 Patrum
3349 3191 3488 3246 dicta
3503 3191 3802 3258 requirere,

2156 3303 2201 3363 ρ
2235 3285 2448 3339 inventa
2477 3282 2804 3354 frequentius
2833 3292 2993 3353 atque
3022 3282 3278 3357 attentius
3310 3294 3616 3336 recensere.
3653 3277 3802 3333 Unde

2237 3373 2356 3437 tibi,
2377 3372 2485 3427 Deo
2508 3371 2813 3441 adjuvante,
2841 3372 3009 3441 gratia
3030 3372 3264 3427 scientia:
3286 3371 3539 3440 plenioris
3559 3368 3804 3434 accedat,

2233 3479 2338 3532 qua
2375 3462 2549 3532 possis
2573 3477 2679 3515 non
2710 3461 2882 3515 solum
2927 3476 3105 3516 veram
3136 3461 3366 3516 retinere
3406 3458 3586 3522 fidem,
3615 3473 3801 3512 verum

2231 3555 2391 3608 etiam
2420 3552 2790 3608 haereticorum
2814 3551 3143 3606 mortiferam
3161 3551 3477 3606 convincere
3494 3547 3801 3613 falsitatem,

2230 3644 2453 3700 credens
2504 3651 2557 3699 et
2607 3642 2828 3698 ﬁrmiter
2855 3643 3109 3708 retinens,
3141 3657 3299 3696 unam
3343 3648 3588 3695 naturam
3617 3647 3673 3693 et
3692 3645 3804 3693 tres

2229 3752 2486 3808 personas
2514 3737 2566 3791 in
2599 3735 2866 3790 Trinitate
2906 3735 3034 3796 Deo,
3062 3743 3116 3789 et
3146 3749 3302 3788 unam
3328 3747 3613 3815 personam
3642 3731 3803 3785 duas-

2209 3830 2331 3900 ‘que
2360 3839 2581 3886 naturas
2631 3828 2682 3884 in
2714 3828 2985 3898 unigenito
3032 3827 3128 3882 Dei
3157 3827 3292 3882 Filio
3339 3825 3566 3880 Domino
3613 3831 3803 3879 nostro

2225 3921 2348 3977 Jesu
2371 3923 2600 3977 Christo.

2678 4036 2840 4107 203
2878 4030 3208 4086 EPISTOLA
3249 4028 3336 4084 lx.

2234 4150 2408 4203 Victor
2434 4147 2478 4200 F
2483 4147 2740 4218 uigentia,
2752 4147 2919 4218 ipsius
2947 4160 3120 4218 preces
3150 4141 3593 4218 eniseﬂagttaus.
3618 4146 3668 4191 et
3697 4152 3801 4191 ser-

2329 4209 2840 4272 ntonevaastidiosi
2887 4209 3071 4267 Ariani
3101 4209 3438 4283 refellendum
3464 4209 3693 4262 mittens.

2293 4337 2518 4390 Domino
2572 4331 2884 4387 beatissimo
2945 4336 3000 4384 et
3064 4326 3374 4398 apostolicis
3437 4322 3642 4378 meritis
3703 4337 3796 4376 co-

2218 4425 2516 4496 aequando,
2561 4429 2749 4476 sancto
2776 4421 2914 4490 patri
2931 4419 3250 4476 'FoLennno
3287 4417 3541 4488 episcopo
3570 4413 3792 4468 Vuzros.

2293 4539 2343 4592 I.
2376 4536 2700 4591 Desideratte
2726 4533 2803 4589 'rei
2829 4533 3084 4588 divinitus
3117 4532 3432 4588 attributum
3463 4537 3671 4598 tempus
3699 4527 3795 4580 ad-

552 4636 694 4690 mine
723 4635 900 4689 carnis
932 4649 1058 4690 vera
1096 4634 1402 4690 humanitas
1443 4635 1745 4689 invenitur:
1795 4642 1851 4688 ut
1876 4633 2120 4689 Christus
2149 4669 2196 4728 ο
2220 4629 2386 4690 venit,
2419 4641 2529 4696 quo
2574 4633 2757 4680 nostra
2810 4625 3000 4694 petitio
3027 4623 3291 4679 sortiatur
3331 4620 3596 4676 eil'ectum.
3639 4618 3799 4673 Nefas

549 4724 713 4780 Filius
741 4724 854 4790 Dei,
889 4732 943 4780 et
967 4740 1123 4780 verus
1150 4724 1314 4791 Deus,
1345 4733 1402 4782 et
1427 4741 1584 4780 verus
1611 4725 1800 4792 homo,
1841 4725 1891 4778 in
1923 4723 2122 4778 utrius-

548 4832 653 4886 que
685 4817 918 4872 nominis
958 4817 1117 4888 207
1166 4818 1394 4872 naturali
1442 4817 1667 4873 veritate
1717 4823 2116 4886 cognoscatur;

547 4924 609 4964 ac
637 4909 732 4974 sic,
764 4925 863 4964 nec
885 4908 1206 4964 Manichacus
1235 4908 1287 4963 in
1317 4923 1383 4964 eo
1403 4907 1586 4963 falsam
1610 4908 1899 4978 praedicare
1923 4904 2121 4959 audeat

546 5015 786 5066 carnem,
841 5013 942 5054 nec
972 4997 1236 5055 Photinus
1261 4998 1311 5053 ei
1341 4997 1638 5052 naturalem
1682 4996 1853 5052 valeat
1883 4995 2122 5049 adimere

545 5091 817 5147 deitatem.

613 5181 743 5237 Car.
773 5197 879 5235 six.
917 5179 1192 5236 Nestorius
1216 5190 1267 5236 et
1291 5179 1551 5250 Eutyches
1591 5195 1657 5231 ex
1680 5177 1927 5245 Apostolo
1966 5177 2121 5248 refel-

547 5274 738 5325 luntur.
773 5271 1072 5344 Inconfusw
1100 5279 1400 5326 manserunt
1421 5270 1536 5323 dua:
1557 5270 1609 5321 in
1635 5283 1736 5322 uno
1765 5267 1964 5322 Christo
1995 5267 2115 5322 sub-

544 5363 770 5429 stantia,
801 5379 893 5416 nec
921 5381 1142 5433 persona
1191 5363 1452 5433 geminata
1501 5367 1594 5412 est.
1635 5357 1809 5409 -28.
1843 5357 2118 5411 Nestorius

545 5457 743 5527 quippe
761 5463 816 5511 et
839 5455 1106 5527 Eutyches
1122 5453 1431 5523 apostolicis
1450 5450 1837 5507 convincuntur
1855 5449 2082 5516 eloquiis
2100 5466 2112 5500 :

549 5549 654 5614 ille,
670 5557 728 5604 ut
747 5555 1004 5616 agnoscat
1027 5562 1182 5600 unam
1206 5545 1403 5599 Christi
1425 5539 1683 5612 geminari
1705 5553 1989 5608 personam
2011 5553 2117 5592 non

548 5654 722 5706 posse,
754 5639 876 5700 iste,
903 5645 960 5690 ut
987 5636 1198 5690 noverit
1225 5633 1422 5689 Christi
1444 5631 1708 5700 geminam
1730 5626 1984 5684 confundi
2012 5643 2115 5683 non

622 5819 645 5845 ³
673 5808 796 5872 Με..
829 5808 888 5863 Si
919 5809 973 5860 in
1003 5823 1105 5858 una
1133 5822 1347 5872 persona
1387 5804 1616 5856 Christus
1640 5802 2108 5858 diriuwhumanw-

545 5894 576 5950 ᾳ
595 5894 640 5930 te
669 5887 870 5931 natura!
897 5877 1138 5929 continuo
1168 5891 1266 5928 non
1302 5881 1547 5928 maneret.
1619 5941 1626 5948 _

2221 4721 2362 4778 enim
2405 4720 2578 4774 fuerat
2601 4729 2662 4773 ut
2687 4719 2732 4773 is
2769 4718 2859 4786 qui
2904 4717 2969 4772 ad
3001 4714 3429 4786 respondendum
3449 4711 3653 4768 callida:
3683 4725 3797 4764 ma-

2220 4811 2514 4868 chinationi
2543 4809 2929 4865 beatitudinem
2959 4817 3104 4862 tuam
3148 4806 3460 4876 frequenter
3486 4803 3598 4873 ipse
3626 4801 3798 4870 petie-

2222 4917 2356 4967 ram,
2385 4899 2655 4956 dilferrem
2686 4899 2988 4963 volentem;
3019 4896 3163 4966 quod
3209 4894 3349 4966 apud
3387 4891 3793 4949 honestissimos

2221 5009 2398 5050 mores
2418 4992 2698 5048 mendacio
2729 4992 3041 5061 plerumque
3066 4989 3352 5058 deputatur
3379 4982 3634 5055 quidquid
3655 4982 3797 5037 dific.

2220 5085 2391 5141 rendo
2418 5083 2768 5153 promittitur.
2798 5079 2903 5134 Sed
2949 5080 3050 5134 hoc
3103 5078 3239 5133 sicut
3295 5076 3571 5131 nobiscum
3617 5080 3796 5128 vestra

2223 5173 2498 5229 beatitudo
2527 5173 2716 5226 melius
2757 5169 3093 5238 recognoscit
3111 5207 3124 5231 ,
3155 5184 3262 5222 non
3291 5167 3569 5222 voluntate
3597 5163 3795 5218 factum

2223 5271 2323 5327 est,
2349 5261 2444 5318 sed
2464 5263 2694 5332 spatium
2715 5260 2992 5329 regionum
3011 5258 3339 5313 diversarum
3356 5254 3794 5326 impedimentum

2223 5355 2518 5419 detulerat;
2549 5355 2743 5422 quibus
2773 5352 2876 5406 huc
2894 5359 3053 5420 atque
3075 5350 3197 5404 illuc
3227 5351 3491 5404 incassum
3520 5345 3794 5405 ducimur;

2224 5446 2312 5501 ubi
2342 5445 2488 5499 nulla
2517 5443 2703 5497 salutis
2731 5450 2944 5496 aeternae
2972 5441 3092 5495 vitae
3140 5440 3339 5494 utilitas
3383 5436 3668 5491 invenitur.
3702 5431 3796 5490 sed

2220 5537 2398 5607 potius
2424 5536 2492 5590 ab
2523 5535 2632 5604 ipsa
2661 5534 2850 5588 futura:
2878 5533 3000 5587 vitae
3019 5533 3245 5587 utilitate
3272 5527 3618 5600 exquirenda,
3643 5540 3796 5580 mens

2219 5628 2445 5682 diversis
2473 5625 2910 5694 occupationibus
2937 5632 3221 5688 avocatur;
3253 5631 3309 5676 ut
3335 5635 3454 5677 cum
3483 5628 3694 5688 tempus
3714 5621 3796 5670 est

2290 5802 2314 5840 ι)
2341 5803 2520 5867 Ante.,
2555 5798 2886 5855 inronscissib
2910 5799 2971 5852 le.
