4124 6480
320 453 419 512 επ

1499 445 1826 533 .vrcronts
1860 446 2206 513 EPISTOL‘A,
2249 444 2335 501 nt.

3445 443 3554 500 3ἷό

316 547 558 632 diabolici
585 571 795 629 timoris
833 570 1084 628 instinctu
1109 610 1125 639 ,
1151 566 1350 638 aliquid
1388 568 1530 638 quod
1558 569 1627 624 ad
1652 569 1878 623 salutem
1907 570 1959 630 Α
1983 563 2364 620 venerabilium
2409 559 2792 615 monachorum
2834 557 3128 629 spiritalem
3155 558 3350 625 vitam,
3394 568 3451 615 et
3477 576 3555 616 sea

314 675 564 723 aeternam
611 663 874 735 proficiat,
904 662 1130 734 quisque
1173 667 1414 716 nostrum
1452 657 1671 715 minime
1717 673 1878 730 agere

316 757 665 828 permittatur.

378 863 435 919 2.
466 863 737 918 lnduimur
764 851 924 919 'enim
979 859 1204 918 diversis
1231 859 1612 930 cupiditatibus
1639 873 1701 914 ac
1730 856 1875 913 desi-

293 957 472 1012 deriis
495 956 652 1024 hujus
678 936 882 1020 mundi,
912 969 1030 1024 qua:
1054 953 1230 1010 subito
1258 962 1515 1020 tanquam
1545 948 1719 1005 fumus
1752 964 1878 1004 eva-

299 1053 556 1113 nescunt,
569 1054 622 1100 et
642 1045 1008 1101 insatiabiliter
1021 1043 1365 1119 amcularibus
1384 1041 1648 1098 illecebris
1666 1041 1742 1096 sic
1761 1056 1881 1096 nos-

311 1143 392 1192 tta
417 1134 649 1190 deservit
675 1134 902 1206 intentio
920 1175 937 1206 ,
960 1141 1022 1188 ut
1045 1141 1295 1204 tanquam
1323 1130 1369 1187 si
1398 1129 1800 1186 immutabiliter
1824 1129 1880 1183 in

309 1227 415 1282 hoc
462 1224 664 1280 mundo
689 1210 967 1293 vivamus,
991 1224 1070 1280 sic
1121 1222 1188 1278 de
1214 1222 1390 1278 latura
1436 1221 1758 1285 aeternitate,
1789 1227 1882 1274 aut

310 1315 448 1379 vitae,
481 1320 577 1369 aut
601 1313 790 1368 mortis
827 1312 1083 1383 periculo,
1111 1310 1256 1382 quod
1282 1310 1532 1379 utrinque
1555 1309 1649 1380 (al.
1675 1315 1882 1362 utrum-

308 1406 435 1476 que)
464 1413 570 1470 est,
602 1404 820 1460 minime
847 1403 1144 1473 cogitemus
1171 1418 1188 1459 :
1218 1401 1311 1456 sed
1338 1401 1444 1456 hoc
1482 1407 1690 1454 tantum
1737 1407 1884 1455 sata-

308 1495 502 1563 gimus,
532 1493 677 1563 quod
698 1493 750 1547 in
779 1492 1029 1562 praesenti
1048 1490 1420 1560 cognoscimus
1449 1490 1647 1547 nostris
1673 1487 1884 1546 deside-

312 1591 406 1647 riis
459 1588 788 1643 adfuturum.
817 1586 1244 1654 Quantacunque
1269 1586 1413 1640 enim
1459 1584 1884 1638 utilitasnostrte

312 1677 577 1734 voluntati
605 1683 880 1732 accrescat
899 1690 1088 1746 parum
1120 1688 1237 1730 esse
1262 1681 1513 1742 putamus
1535 1712 1553 1740 ,
1590 1671 1882 1726 secundum

289 1751 450 1824 'illam
484 1768 543 1822 Β.
588 1766 843 1839 Cypriani
871 1766 1191 1826 sententiam
1223 1782 1236 1816 :
1272 1761 1408 1827 Quid
1444 1763 1588 1816 aliud
1613 1763 1667 1816 in
1695 1761 1884 1815 mundo

306 1879 459 1934 quam
510 1877 684 1932 pugna
730 1858 974 1912 adversus
1001 1853 1266 1910 diabolum
1309 1851 1532 1924 quotidie
1559 1849 1791 1921 geritur?
1817 1848 1886 1908 Et

1974 655 2210 712 cundum
2240 652 2493 710 saeculum
2531 652 2685 721 quasi
2728 650 3037 706 vilissimam
3061 691 3077 718 ,
3119 650 3392 706 fastidiose
3417 667 3555 706 con-

1976 755 2257 809 temnens.
2283 743 2468 814 usque
2494 744 2559 798 ad
2589 743 2780 798 cedros
2807 741 2992 797 Libani
3023 741 3244 798 evolans
3272 757 3331 797 se
3359 758 3553 812 perve-

1976 833 2121 893 nisse
2147 834 2426 904 gloriatur,
2441 833 2594 903 cujus
2611 848 2832 901 nomen,
2863 833 2962 888 nisi
2988 832 3162 898 fallor,
3190 847 3290 902 per
3312 832 3557 888 ordinem

1977 925 2270 980 verborum
2293 924 2568 994 superiore
2599 939 2756 978 versu
2787 922 3085 978 evidentius
3109 921 3300 977 videor
3331 936 3558 998 expres-

1978 1015 2132 1082 sisse,
2178 1013 2334 1084 cujus
2363 1021 2646 1069 tractatum
2689 1014 3015 1082 direxi,.qui
3059 1013 3407 1068 emendicatis
3436 1012 3559 1066 hinc

1978 1103 2105 1162 inde
2137 1102 2504 1170 sermonibus,
2529 1104 2812 1159 adversum
2841 1112 3041 1159 rectam
3071 1103 3226 1158 tidem
3247 1111 3305 1158 et
3342 1103 3558 1158 catholi-

1977 1210 2100 1251 cam
2123 1193 2404 1250 veritatem
2450 1195 2597 1250 visus
2625 1204 2706 1250 est
2735 1195 3050 1260 oblatrasse,
3082 1203 3137 1249 et
3162 1194 3557 1250 liomousiauos

1978 1286 2142 1360 (quos
2164 1300 2265 1341 nos
2293 1299 2411 1341 esse
2438 1286 2748 1355 appellavit)
2778 1293 2835 1340 et
2861 1285 3166 1340 Donatistas
3193 1284 3558 1355 objectionum

1977 1395 2197 1436 suarum
2222 1378 2417 1448 jaculis
2457 1379 2613 1448 Quasi
2641 1379 2946 1443 vulnerans,
2977 1379 3077 1433 sibi
3117 1387 3305 1448 postea
3330 1377 3558 1432 catholi-

1979 1485 2101 1528 cam
2140 1469 2466 1535 vindicavit,
2515 1469 2653 1523 sicut
2690 1485 2757 1522 ex
2799 1468 3031 1523 lectione
3059 1469 3344 1536 diligenter
3381 1474 3559 1520 vestra

1981 1557 2279 1632 patemitas
2323 1559 2586 1614 advertet.
2629 1557 2805 1624 Quare
2835 1559 3065 1627 petimus
3095 1566 3153 1611 ut
3195 1557 3261 1612 de
3305 1555 3558 1611 mellilluo

1982 1659 2179 1706 vestrae
2224 1650 2580 1720 paternitatis.
2610 1651 2756 1705 fo'ntc
2805 1650 2957 1704 istius
2999 1650 3207 1703 vanitas
3251 1649 3556 1712 refellatur,

1981 1738 2327 1807 auctorisque
2355 1738 2472 1806 ejus
2500 1740 2786 1807 serpentis,
2821 1739 2970 1806 cujus
3000 1736 3120 1800 iste,
3149 1737 3286 1790 mala
3315 1738 3557 1804 gramina

1985 1835 2208 1896 pastus,
2256 1828 2541 1895 quemdam
2570 1827 2716 1881 velut
2761 1843 2956 1880 novum
3004 1841 3240 1880 errorem
3287 1827 3434 1880 visus
3480 1833 3560 1878 est

310 1915 469 2020 paulo
498 1915 622 2020 post
643 1947 884 2016 sequitur
909 1934 1011 2000 :V'Si
1037 1943 1259 1996 avaritia
1291 1915 1555 2010 prostrata
1578 1947 1673 2002 est,
1702 1954 1884 2019 exsur-

1992 1917 2297 1986 pullulasse,
2331 1917 2471 1972 adsit
2509 1915 2778 1972 luculenta
2824 1917 3125 1986 responsio,
3172 1926 3228 1971 et
3266 1917 3440 1972 omnis
3467 1925 3561 1970 ad-

306 2015 380 2111 git
406 2015 597 2105 libido;
626 2038 671 2092 si
700 2015 855 2090 libido
882 2047 1173 2100 compressa
1201 2039 1296 2094 est,
1328 2028 1551 2084 succedit
1578 2029 1816 2092 ambitio;
1839 2015 1882 2080 si

310 2131 526 2184 ambitio
559 2136 846 2197 contempta
872 2134 972 2189 est,
1001 2125 1085 2177 ira
1118 2129 1409 2190 exasperat,
1434 2120 1586 2189 inﬂat
1608 2118 1846 2188 superbia
1865 2160 1880 2186 ,

309 2218 590 2272 vinolentia
613 2216 825 2281 invitat,
857 2213 1051 2268 invidia
1092 2210 1424 2265 concordiam
1457 2209 1673 2279 rumpit,
1705 2209 1884 2261 amici-

310 2310 441 2362 tiam
464 2308 600 2362 zelus
629 2305 883 2361 abscindit
911 2303 1052 2378 (Lib.
1084 2302 1148 2357 de
1194 2300 1532 2365 Mortalitate,
1566 2299 1719 2371 paulo
1770 2308 1884 2370 post

309 2397 561 2470 initium),
585 2406 689 2452 etc.
710 2393 1001 2450 Pervidens
1019 2393 1102 2448 vir
1127 2391 1448 2446 venerabilis
1467 2389 1627 2443 tantis
1654 2389 1884 2443 animam

310 2489 515 2544 inimici
539 2487 734 2558 jaculis
771 2485 1012 2556 quotidie
1055 2483 1326 2538 vulnerari
1353 2499 1367 2535 :
1399 2480 1536 2535 unde
1564 2494 1672 2534 non
1715 2480 1887 2534 virtus

315 2579 559 2651 pr0pria,
584 2578 676 2634 sed
698 2577 812 2633 sola
835 2575 1015 2631 divina
1043 2573 1244 2645 poterit
1269 2586 1461 2626 eruere
1499 2570 1884 2626 misericordia.

383 2693 442 2746 3.
483 2691 777 2761 Propterea
804 2688 1218 2760 lacrymabiliter
1245 2700 1550 2749 exoramus,
1575 2695 1634 2738 ut
1661 2699 1758 2754 pro
1786 2697 1888 2740 uo-

312 2784 399 2841 bis
421 2801 548 2840 cum
586 2784 837 2839 omnibus
891 2783 996 2836 illis
1023 2796 1159 2852 quos
1208 2780 1436 2834 Domino
1482 2779 1775 2847 acquisisti,
1828 2793 1894 2834 ac

312 2876 606 2932 mundanis
619 2874 954 2946 squaloribus
973 2881 1154 2928 erutos
1174 2871 1239 2925 ad
1262 2869 1553 2941 spiritalem
1575 2869 1736 2922 vitam
1759 2883 1892 2924 con-

313 2969 452 3025 verti
483 2967 677 3032 fecisti,
709 2966 825 3035 ejus
845 2966 1101 3036 pietatem
1129 2977 1360 3018 exorare
1387 2961 1637 3029 digneris,
1660 2969 1720 3015 ut
1739 2959 1894 3015 nobis

314 3057 705 3114 misericordiae
729 3072 841 3112 suae
867 3057 1046 3110 lumen
1069 3053 1338 3117 ostendat,
1372 3062 1432 3109 ut
1458 3068 1565 3108 non
1585 3059 1759 3107 sumat
1786 3051 1898 3106 vin-

315 3150 516 3210 dictam
542 3148 608 3202 de
631 3147 864 3219 peccatis
885 3145 1099 3212 nostris,
1130 3141 1191 3200 ut
1229 3145 1281 3199 in
1311 3143 1520 3199 delictis
1562 3144 1760 3200 nostris
1787 3159 1895 3200 non

317 3241 638 3308 moriamur,
668 3246 726 3293 ut
750 3251 1012 3294 exuamur
1040 3251 1069 3290 a
1111 3235 1318 3304 laqueis
1337 3243 1397 3290 et
1419 3234 1766 3305 compedibus
1792 3234 1894 3290 ini-

315 3333 466 3397 mici,
490 3339 550 3386 ut
571 3346 675 3386 non
704 3344 764 3385 se
783 3329 1012 3399 gaudeat
1046 3327 1285 3382 lucrasse
1313 3327 1568 3395 animam,
1598 3343 1757 3396 quam
1785 3327 1893 3382 Do-

316 3425 498 3478 minus
525 3436 626 3476 suo
649 3414 908 3490 sanguine
935 3417 1182 3473 redemit.
1213 3415 1319 3472 Sed
1341 3417 1446 3472 hoc
1465 3416 1770 3472 enixissime
1795 3417 1896 3472 ob-

315 3526 628 3579 secramus,
655 3518 714 3565 ut
743 3517 979 3564 nostram
1029 3507 1474 3578 supplicationem
1523 3507 1628 3562 tuis
1651 3507 1900 3576 precibus

317 3604 498 3676 justis,
525 3611 849 3670 nostrosque
871 3600 1104 3669 gemitus
1124 3599 1232 3653 tuis
1257 3599 1456 3656 sanctis
1484 3599 1693 3654 ﬂetibus
1713 3599 1900 3670 adjun-

281 3737 284 3740 ι
313 3712 429 3767 gas,
647 3703 708 3750 ut
735 3707 1038 3748 mereamur
1066 3690 1257 3746 vestris
1301 3690 1773 3746 intercessionibus
1818 3689 1896 3745 fu-

314 3794 448 3841 tum
469 3787 598 3841 vitm
618 3781 910 3839 subsidium
938 3787 1238 3850 reportare,
1256 3786 1316 3834 ut
1334 3779 1425 3850 qui
1445 3779 1680 3850 peccatis
1701 3779 1899 3833 mortui

314 3894 520 3944 sumus,
553 3875 750 3931 vestris
776 3872 975 3928 sanctis
1003 3871 1334 3926 orationibus
1379 3885 1741 3938 resurgamus.
1789 3869 1901 3925 Ali-

315 3977 398 4024 ter
415 3971 568 4025 enim
596 3965 818 4020 Elisaaus
848 3963 1110 4034 propheta
1139 3961 1396 4016 suscitare
1417 3975 1522 4015 non
1544 3967 1725 4030 posset
1751 3959 1903 4014 cada-

315 4072 410 4113 ver
438 4056 714 4119 exanime,
747 4054 871 4119 nisi,
895 4051 1194 4107 refraanatis
1221 4051 1583 4106 membrorum
1604 4050 1900 4104 lineamen-

311 4151 400 4215 tis,
426 4150 519 4205 illo
540 4163 602 4203 se
631 4145 844 4216 corpori
874 4143 1075 4200 faceret
1093 4142 1350 4213 aequalem
1381 4140 1435 4204 (1
1448 4141 1489 4196 γ
1516 4140 1643 4214 Reg.
1671 4133 1806 4206 iv,5,
1823 4139 1899 4213 4).

315 4241 609 4298 Minoravit
631 4255 690 4295 se
718 4237 993 4308 paululum
1022 4235 1354 4304 magnitudo,
1383 4243 1440 4288 ut
1467 4249 1588 4289 cum
1628 4233 1903 4290 osculatur

313 4343 614 4394 mortuum,
648 4328 1010 4400 implastraret
1037 4328 1290 4392 animam,
1324 4335 1377 4382 et
1398 4325 1649 4381 redderet
1675 4341 1900 4396 puerum

317 4425 516 4478 vivum.
545 4419 698 4476 Unus
725 4435 784 4474 se
807 4419 1020 4486 sternit,
1047 4425 1102 4471 et
1128 4417 1234 4472 duo
1262 4424 1623 4486 consurgunt;
1648 4424 1704 4471 et
1723 4416 1901 4472 subito

294 4513 562 4568 redditur
610 4509 896 4565 incolumis
923 4507 1199 4577 genitrici,
1229 4507 1317 4576 qui
1350 4507 1526 4562 alieno
1572 4507 1763 4577 spiritu
1810 4523 1899 4562 re-

293 4604 466 4657 ‘vixit.
501 4602 574 4656 Et
594 4615 694 4670 ego
719 4601 804 4654 ita
820 4599 1032 4653 confido
1061 4606 1239 4652 vestro
1284 4597 1577 4652 intercessu
1613 4612 1702 4652 me
1723 4597 1900 4651 vivum

297 4693 576 4749 Ecclesiae
601 4692 762 4746 matri
788 4689 1017 4754 restitui,
1037 4690 1348 4759 qui'vidcor
1385 4691 1730 4758 gravantibus
1773 4705 1900 4759 pec-
1929 4681 1979 4740 Ι)

320 4789 452 4842 catis
477 4786 674 4841 mortis
700 4784 888 4838 aculeo
913 4781 1161 4836 detineri.
1185 4780 1312 4837 Scio
1336 4783 1476 4836 enim
1498 4783 1723 4853 quodin
1749 4783 1904 4852 juve-

319 4877 410 4930 nili
435 4884 600 4931 tetate
621 4875 766 4938 vitae,
791 4881 916 4927 ante
959 4886 1128 4926 annos
1155 4871 1414 4944 plurimos
1457 4873 1686 4927 salutem
1712 4873 1902 4928 anima:

321 4974 519 5020 nostrae
542 4963 840 5034 quaesieris,
873 4962 1264 5030 Dominumque
1293 4977 1360 5016 ex
1396 4963 1496 5017 hac
1525 4978 1584 5017 re
1611 4965 1902 5034 smpissime

320 5056 705 5124 postulaveris,
744 5062 804 5108 ut
840 5068 926 5109 me
947 5069 976 5107 a
1001 5054 1383 5108 tentationibus
1403 5054 1560 5122 hujus
1588 5055 1710 5109 vitae
1749 5071 1905 5112 erue-

320 5153 420 5200 ret.
456 5145 526 5200 Et
554 5145 680 5214 quia
711 5144 887 5199 adhuc
913 5151 1258 5214 peccatorum
1303 5144 1444 5199 mole
1471 5144 1756 5216 depressus
1783 5163 1899 5203 me-

297 5261 299 5264 ⁴
321 5239 426 5292 reri
452 5255 563 5294 non
589 5239 762 5309 potui,
790 5238 895 5294 hoc
914 5238 1193 5308 deprecor,
1223 5246 1281 5292 ut
1302 5237 1528 5294 assiduis
1551 5241 1899 5310 supplicatio-

320 5333 477 5389 nibus
507 5351 606 5405 pro
629 5334 780 5390 nobis
802 5334 1082 5390 Dominum
1113 5352 1339 5392 exorare
1385 5336 1617 5406 digneris
1638 5378 1653 5403 ,
1683 5347 1740 5391 ut
1767 5354 1901 5408 quo-

317 5421 452 5480 libet
477 5425 667 5481 ordine
695 5425 781 5481 vel
810 5433 1052 5496 tempore
1100 5426 1416 5481 delictorum
1467 5436 1772 5482 nostrorum
1803 5442 1898 5482 ve—

321 5515 464 5569 niam
496 5523 836 5587 assequatur.

389 5627 442 5682 4.
478 5626 548 5681 Et
575 5644 642 5684 ne
670 5636 852 5684 nostra
884 5626 1074 5684 ﬂebilis
1119 5643 1186 5682 ac
1221 5628 1470 5684 diuturna
1497 5629 1670 5686 oratio
1712 5637 1900 5684 vestra:

320 5718 664 5784 paternitatis
704 5717 949 5773 sensibus
979 5715 1244 5772 fastidium
1273 5725 1527 5788 generet,
1568 5717 1696 5772 illud
1746 5717 1900 5772 nobis

321 5805 512 5860 lterum
547 5806 922 5877 postulandum
964 5816 1175 5883 est,'ut
1223 5810 1664 5878 promissionibus
1707 5811 1900 5866 vestris

318 5897 461 5953 celer
501 5910 760 5973 sequatur
785 5899 1040 5967 ellectus;
1071 5916 1131 5955 ac
1178 5900 1408 5970 maligno
1439 5902 1586 5973 operi
1618 5901 1776 5968 illius,
1806 5904 1895 5971 qui

1988 2019 2178 2060 versus
2205 2004 2374 2060 Deum
2407 2007 2708 2075 excogitata
2754 2007 2989 2076 nequitia
3033 2006 3434 2076 comprimatur,
3493 2022 3562 2061 ne
3614 2058 3622 2068 ,

1985 2094 2192 2165 aliquid
2217 2101 2422 2149 rectum
2451 2095 2704 2150 adversus
2750 2092 3015 2164 dogmatis
3043 2096 3200 2150 [idem
3240 2097 3330 2166 qui
3376 2098 3558 2164 legunt

1989 2200 2113 2240 eum
2139 2184 2336 2240 dixisse
2363 2193 2630 2255 reputent.
2671 2184 3046 2240 Confundatur
3067 2187 3271 2257 antiqui
3299 2186 3562 2256 serpentis

1987 2276 2205 2341 astutia,
2248 2276 2374 2345 q'uia
2402 2277 2503 2332 sibi
2525 2275 2664 2332 tales
2689 2277 3066 2347 prtedicatores
3093 2278 3317 2334 diversis
3344 2278 3562 2333 seditio~

1989 2381 2116 2420 num
2138 2381 2201 2421 ac
2219 2366 2556 2436 voluptatum
2585 2366 2849 2422 illecebris
2878 2368 3213 2437 aggregavit;
3240 2368 3464 2437 ejusque
3484 2368 3561 2421 vi-

1988 2473 2208 2530 peream
2227 2473 2657 2529 venenosamque
2679 2459 2952 2514 trisulcem
2976 2459 3208 2529 linguam
3240 2460 3343 2515 tuis
3363 2461 3563 2516 sanctis

1987 2547 2432 2618 responsionibus
2455 2548 2670 2618 dissipa.
2703 2547 2803 2614 Qui
2834 2565 2940 2603 non
2973 2550 3233 2618 doctoris,
3263 2549 3354 2606 sed
3385 2551 3562 2620 potius

1990 2637 2285 2692 adulatoris
2326 2635 2380 2690 id
2423 2637 2679 2707 temporis
2717 2634 2896 2694 ofticio
2937 2636 3258 2706 fungebatur
3298 2637 3560 2693 falsitatis.

1991 2725 2365 2783 Commentum
2388 2728 2531 2796 quod
2552 2730 2661 2784 suis
2683 2731 2913 2799 posteris
2935 2731 3236 2800 dereliquit,
3269 2739 3322 2786 te
3341 2747 3563 2803 respon-

1994 2815 2158 2872 dente
2197 2831 2383 2872 eorum
2413 2817 2680 2872 mentibus
2707 2828 3022 2883 evanescat,
3054 2834 3161 2888 quo
3191 2820 3443 2874 adversus
3472 2821 3564 2874 Dei

1995 2908 2306 2979 mysterium
2329 2891 2498 2963 voluit
2525 2909 2775 2963 militare.
2808 2907 3097 2978 Propterea
3130 2923 3382 2978 rogamus
3416 2919 3475 2964 ut
3512 2911 3564 2964 in

1995 2996 2097 3052 bac
2124 3005 2299 3067 parte,
2331 2997 2558 3053 Domino
2596 2997 2904 3067 adjuvante,
2936 2999 3090 3052 home
3117 2998 3269 3053 fama:
3295 3001 3568 3065 meritum,

1994 3099 2051 3146 et
2078 3090 2389 3161 praeclarum
2419 3089 2668 3146 omnibus
2707 3090 2967 3145 extendas
3007 3091 3295 3160 ingenium.
3343 3090 3409 3143 Et
3435 3106 3564 3160 quo-

1995 3179 2140 3236 niam
2163 3194 2398 3250 pmsens
2427 3187 2588 3236 astus
2625 3179 2799 3248 aliqua
2830 3180 3064 3236 recentia
3091 3180 3284 3250 quzerit
3305 3222 3320 3248 ,
3366 3181 3565 3236 deside-

1996 3269 2135 3324 rium
2164 3270 2362 3325 entis
2387 3268 2650 3326 audacter
2674 3271 2934 3340 expressi,
2982 3272 3213 3342 antiquae
3242 3273 3566 3327 familiarita-

1997 3359 2067 3416 tis
2091 3359 2322 3416 caritate
2352 3374 2660 3431 possessus;
2691 3369 2747 3415 et
2782 3361 2921 3416 sicut
2948 3377 3058 3432 pra:
3081 3363 3288 3418 caeteris
3315 3362 3566 3419 sacerdo-

1999 3450 2142 3506 tibus
2165 3451 2434 3507 mentibus
2461 3461 2517 3506 et
2544 3451 2714 3507 oculis
2741 3452 3061 3508 intuentium
3080 3451 3268 3523 fulges,
3300 3455 3373 3508 ita
3398 3463 3451 3509 te
3474 3470 3567 3509 cu-

1996 3540 2173 3612 piinus
2213 3541 2522 3612 frequenter
2549 3541 2851 3598 ﬂorulentis
2878 3544 3150 3614 opusculis
3194 3544 3567 3614 fulgentiorem

1997 3639 2053 3686 et
2082 3630 2238 3686 nobis
2265 3639 2321 3685 et
2347 3631 2594 3686 omnibus
2620 3634 2870 3700 gentibus
2897 3649 3175 3704 apparere.

2071 3718 2121 3774 5.
2156 3719 2271 3776 Hoc
2307 3721 2398 3790 pio
2426 3720 2595 3778 fretus
2627 3725 2812 3780 amore
2839 3725 3084 3782 indocilis
3126 3741 3304 3782 rerum
3333 3727 3518 3797 scripsi
3552 3745 3565 3780 :

1998 3815 2198 3870 Sitiens
2225 3831 2346 3871 cum
2376 3816 2542 3873 nimio
2569 3817 2761 3873 ardore
2789 3819 2858 3874 ad
2879 3818 3083 3875 fontem
3111 3821 3314 3892 peritia:
3355 3837 3418 3877 ac
3445 3821 3567 3875 doc-

2002 3907 2154 3962 trina:
2198 3922 2323 3964 cum
2370 3908 2574 3964 rustico
2621 3924 2750 3965 meo.
2789 3910 3005 3980 eloquio
3050 3911 3230 3967 alacer
3273 3913 3568 3967 accucurri.

2003 3994 2155 4051 Unde
2198 4005 2434 4052 nostram
2460 3997 2603 4053 sitim
2639 4007 2697 4052 et
2724 4000 3042 4069 imperitiam
3083 4001 3268 4055 satiari
3307 4001 3570 4070 cupimus,

2001 4095 2061 4143 ut
2095 4102 2202 4143 non
2230 4088 2404 4144 solum
2432 4087 2624 4144 futurze
2647 4091 2769 4146 vitae
2802 4093 3108 4161 prtemium,
3141 4093 3374 4152 sicut—in
3403 4093 3601 4164 prima.

1999 4179 2176 4235 fronte
2220 4180 2460 4250 epistola:
2497 4191 2794 4238 vestrarum
2824 4183 3128 4243 orationum
3171 4185 3332 4256 210
3383 4183 3571 4240 solatia

2001 4269 2318 4339 conquisivi,
2353 4286 2564 4328 merear
2587 4271 2809 4343 adipisci
2826 4314 2856 4337 ,.
2872 4289 3060 4332 verum
3075 4276 3238 4330 etiam
3277 4275 3401 4330 huic
3422 4277 3572 4346 operi

2003 4359 2056 4414 in
2099 4359 2348 4416 omnibus
2392 4359 2723 4416 satisfactum
2765 4363 2932 4418 fuisse
2963 4363 3332 4432 gaudeamus:
3364 4373 3424 4420 ut
3466 4381 3573 4420 non

2002 4449 2176 4508 solum
2219 4465 2358 4516 nos,
2407 4451 2503 4506 sed
2541 4461 2598 4506 et
2637 4453 2814 4508 munis
2847 4468 3232 4510 conservorum
3271 4459 3573 4512 nostrorum

2005 4537 2234 4597 ﬁliorum
2278 4548 2578 4598 vestrorum
2607 4543 2946 4611 religiositas,
2977 4544 3068 4613 qui
3099 4545 3152 4599 in
3182 4552 3237 4601 te
3265 4546 3354 4615 pio
3383 4545 3576 4603 atl'ectu

2003 4629 2405 4700 dependent,_et
2434 4632 2537 4686 hoc
2551 4631 2618 4686 de
2644 4641 2701 4687 te
2730 4633 3007 4689 nobiscum
3036 4643 3371 4706 exspectant,
3397 4634 3577 4692 divine

2003 4721 2211 4779 muneri
2227 4736 2348 4776 cum
2369 4721 2447 4776 eis
2462 4720 2689 4776 referam
2711 4721 2732 4795 Ῐ
2737 4739 2824 4776 an.
2841 4721 3092 4795 referat?]
3104 4726 3320 4794 gratias.
3348 4723 3416 4778 Et
3441 4725 3577 4795 peti-

2003 4825 2122 4865 mus
2139 4818 2196 4864 ut
2216 4819 2412 4865 nostra:
2427 4812 2714 4866 rusticitati
2736 4813 3000 4882 ignoscas,
3013 4816 3105 4884 qui
3126 4816 3305 4871 uthtec
3319 4815 3578 4878 auderem

2003 4904 2119 4974 ipse
2128 4903 2350 4973 jussisti.
2380 4903 2446 4957 Et
2467 4905 2590 4960 licet
2610 4921 2709 4961 nos
2729 4915 2822 4961 aut
2845 4907 3054 4975 exigua,
3077 4917 3168 4964 aut
3186 4909 3328 4964 nulla
3343 4909 3578 4966 doctoris
3631 4899 3634 4902 ’

2005 4998 2232 5053 scicntia
2282 4997 2506 5064 imbuit,
2554 5001 2760 5056 accedit
2787 5002 2948 5056 etiam
2999 5011 3055 5057 ut
3102 5004 3144 5057 si
3175 5004 3374 5072 aliquid
3419 5004 3578 5058 conlo

2004 5097 2328 5159 conceptum
2359 5091 2714 5147 retineremus
2733 5133 2747 5159 ,
2791 5095 2910 5149 aliis
2938 5096 3375 5165 occupationibus
3402 5097 3576 5165 impii.

2002 5180 2131 5243 cati.
2155 5195 2306 5234 usum
2330 5195 2464 5250 pene
2490 5180 2663 5236 Latini
2684 5185 2947 5240 sermonis
2969 5186 3263 5251 amisimus,
3285 5187 3575 5242 secundum

2002 5268 2131 5322 illud
2151 5267 2368 5336 dictum,

2129 5380 2334 5433 Pectora
2359 5390 2519 5433 nostra
2540 5383 2662 5432 duas
2685 5396 2780 5432 non
2802 5384 3103 5433 admittentia
3121 5397 3277 5435 curas.

2003 5483 2110 5539 Sed
2137 5500 2232 5540 ora
2265 5493 2323 5540 ut
2349 5485 2606 5542 Dominus
2630 5494 2846 5556 przestet
2870 5494 2924 5540 et
2953 5484 3109 5541 faciat
3135 5489 3277 5561 quod
3305 5489 3571 5546 volumus.

2003 5574 2256 5632 Guberna
2301 5592 2432 5647 ergo
2459 5586 2515 5632 et
2541 5591 2742 5631 exorna
2781 5575 3036 5630 famulum
3064 5591 3222 5647 quem
3253 5580 3487 5647 nutristi,
3517 5590 3574 5636 et

2004 5675 2196 5736 praesta
2237 5665 2535 5722 doctrinam
2563 5681 2722 5735 quam
2765 5663 3093 5734 frequentius
3130 5668 3377 5724 docuisti.
3410 5667 3568 5733 Orang

2003 5769 2109 5816 tem
2138 5777 2235 5832 pro
2277 5762 2431 5816 nobis
2478 5759 2860 5815 beatitudinem
2893 5769 3034 5815 tuam
3076 5763 3325 5820 divinitas
3372 5774 3567 5826 mlcrna

2002 5854 2287 5919 custodiat,
2317 5851 2456 5922 quod
2485 5859 2751 5923 optamus,
2783 5853 2994 5909 domine
3023 5853 3194 5910 Pater.
