4124 6464
540 433 652 498 375

748 600 753 607 .
837 534 1095 604 smnio
1133 540 1506 612 FASTlDlOSl
1547 539 1795 595 ARIANI.

614 639 873 705 Dicimus,
895 635 1295 711 prudentissimi
1320 628 1532 698 fratres,
1553 630 1698 701 quod
1719 638 1917 685 nostra:
1937 627 2125 699 digna-

492 798 499 803 ,
546 740 637 791 tur
663 730 1220 802 pusillitatidivinitas
1248 726 1448 796 largiri.
1480 724 1623 785 Deus
1644 721 1863 792 iustitiae
1890 726 1976 776 est
1998 720 2128 782 alic-

544 832 637 879 tor
664 830 722 878 et
746 823 889 886 vitae,
931 823 1041 878 imo
1079 822 1196 892 ipse
1218 818 1427 889 iustitia
1474 822 1657 871 nostra
1688 820 1743 870 et
1773 814 1878 868 vita
1918 810 2123 882 nostra.

547 917 659 973 Nec
684 916 753 985 ad
782 924 1061 989 peccatum
1101 915 1235 972 fecit
1255 914 1529 969 hominem
1552 951 1569 977 ,
1618 926 1732 977 nec,
1766 907 1837 967 ad
1865 900 2124 974 mortem;

542 1006 830 1078 Scriptum
859 1007 1094 1074 dicente,
1127 1007 1264 1061 Deus
1293 1012 1512 1060 mortem
1551 1020 1656 1058 non
1691 1004 1831 1074 fecit,
1856 1018 1954 1069 nec
1970 1001 2123 1056 ltela-

442 1094 451 1099 ⁷
548 1108 638 1154 tur
677 1101 733 1154 in
774 1100 1061 1172 perditione
1097 1099 1322 1154 vivorum
1363 1097 1519 1169 (Sap.
1572 1113 1611 1165 ι,
1644 1094 1756 1168 i5).
1787 1092 1924 1161 Quid
1962 1092 2129 1162 ergo?
2158 1088 2172 1097 ”

550 1206 702 1247 mors
729 1191 929 1247 accidit
956 1191 1187 1257 homini,
1229 1206 1391 1261 quem
1420 1188 1623 1245 fecerat
1651 1187 1812 1243 Deus.
1841 1186 1960 1242 Non
1986 1184 2129 1240 enim

549 1279 748 1336 dicitur
770 1280 1075 1349 Creatoris,
1114 1281 1210 1337 sed
1243 1279 1444 1342 diaboli
1472 1278 1795 1348 deceptoris.
1840 1276 2130 1351 Postquam

552 1371 715 1439 igitur
743 1387 775 1425 a
802 1372 1019 1428 diabolo
1047 1373 1310 1442 deceptus
1338 1379 1420 1426 est
1458 1371 1643 1437 horno,
1660 1370 1762 1443 qui
1795 1368 1979 1424 volens
2004 1366 2134 1423 fecit
2161 1356 2171 1360 ’

548 1460 908 1529 iniquitatem,
936 1460 1137 1515 invitus
1163 1460 1388 1515 incurrit
1416 1459 1729 1538 inumortem
1762 1475 1779 1509 :
1806 1457 2129 1528 praevaricac

552 1558 640 1604 tus
665 1556 749 1605 est
787 1548 986 1617 injuste
1006 1588 1022 1615 ,
1064 1558 1121 1603 et
1146 1549 1365 1619 punitus
1387 1558 1470 1623 est
1492 1546 1659 1623 juste.
1687 1547 1983 1606 Deusvero
2011 1539 2133 1603 cum
2164 1539 2177 1543 ⁷

550 1638 669 1701 ιιωο
712 1636 939 1697 vidisset
962 1637 1072 1692 duo
1111 1638 1166 1692 in
1207 1638 1428 1703 homine
1510 1620 1821 1709 culpamet
1866 1642 2130 1700 mortem;

551 1738 713 1811 unam
742 1739 906 1792 quam
934 1725 1074 1781 male
1098 1725 1573 1807 fecerat,alteram
1595 1737 1755 1794 quam
1778 1723 1923 1794 iuste
1950 1730 2163 1811 pertu-J

552 1810 730 1876 lerat;
759 1826 882 1867 cum
900 1812 1228 1869 -hisduabus
1256 1813 1601 1869 validissimis
1626 1813 1832 1870 catenis
1861 1813 2025 1870 homo
2053 1820 2135 1867 te-

1474 428 1530 483 S.
1571 420 2003 482 FULGENTIUS
2018 468 2023 473 .
2038 420 2405 509 EPISCOPUS
2436 417 2828 513 DUSPENSIS.

3699 415 3817 474 376

2050 600 2056 604 ,
2108 590 2112 594 Α
2148 518 2768 618 Αυοηιὶιιιιηιριιιιῃικςι
2808 530 3235 618 CitristumDeus
3411 573 3428 607 ,
3471 532 3609 586 hunc
3633 519 3823 611 desum

2182 696 2185 699 _
2210 614 2370 707 Lquem'
2396 614 3217 707 ro’scruciﬁxis‘trs“infit,56).
3245 616 3536 707 salmnone
3558 627 3727 681 etiam
3741 643 3821 683 ex

2184 706 2195 729 "
2225 699 2453 788 persona
2484 699 2693 772 Christi
2721 700 2867 787 prius
2893 699 3425 770 declara‘nt‘eritnt?
3449 706 3647 772 secuta
3688 720 3822 789 fun-

2226 808 2364 891 darit
2410 825 2491 862 me
2520 807 2699 887 (Prov.
2734 824 2846 875 rm,
2873 807 2992 888 25).
3019 806 3159 887 Ecce
3186 796 3407 875 factum,
3435 796 3684 865 creatum
3706 800 3825 866 ’ἶρις

2166 908 2175 911 '
2226 882 2333 967 que
2386 896 2663 983 fundatum
2692 882 3417 979 Scriptura'testatur'qnem
3448 896 3827 958 ‘ita'credere

2164 998 2180 1007 “
2206 984 2209 987 ’
2226 988 2469 1059 sacrilegi
2486 990 2859 1069 detestantur;
2884 989 3024 1045 Item'
3036 990 3459 1061 inseparabilem
3476 992 3651 1061 atque
3670 993 3820 1049 indi-

2228 1080 2463 1158 viduam,
2496 1078 2554 1137 ut
2579 1066 2825 1152 superius
2842 1076 3046 1137 dictum
3075 1088 3179 1147 est,
3204 1082 3454 1138 asserunt
3466 1080 3821 1140 Trinitatem.

2188 1170 2192 1183 “
2229 1169 2365 1227 Etsi
2379 1171 2564 1234 Filius,
2588 1170 2654 1228 de
2670 1186 2778 1241 quo
2801 1169 3128 1253 evangelista
3142 1165 3305 1228 dicit:
3323 1171 3551 1229 Verbum
3570 1170 3827 1245 cerofac-

2196 1286 2203 1287 ν
2229 1267 2337 1315 tum
2359 1271 2474 1337 est,
2492 1262 2554 1315 et
2578 1257 2829 1316 habitarit
2852 1260 2915 1315 in
2940 1261 3089 1315 nobis
3105 1278 3115 1338 ς
3145 1261 3329 1334 (lacn;
3358 1278 3397 1328 ι,
3422 1262 3543 1332 ﬂ),
3561 1253 3825 1319 obceiata

2231 1348 2500 1421 paulisper
2549 1348 2842 1405 divinitatis
2880 1350 3142 1420 polentia
3188 1350 3482 1405 thalamum
3534 1350 3825 1421 virginalis

2231 1436 2368 1515 uteri
2389 1437 2534 1493 solus
2555 1430 2825 1513 ingressus
2852 1440 2956 1505 est,
2978 1428 3342 1509 proculdubio
3354 1438 3643 1510 separatus
3662 1441 3829 1496 ινα-

2232 1536 2314 1586 tre
2341 1540 2398 1583 et
2417 1527 2618 1598 Spiritu
2632 1528 2825 1585 sancto
2846 1528 2949 1585 est.
2965 1528 3083 1584 Sed
3100 1530 3167 1584 ab
3188 1532 3296 1585 uno“
3316 1518 3623 1587 nullatenus
3644 1534 3826 1602 potuit

2233 1620 2471 1673 Trinitas
2489 1621 2756 1688 separari,
2785 1634 2943 1688 quam
2978 1616 3455 1678 constat’omu'iuo
3491 1622 3600 1678 ho’n
3631 1624 3822 1691 dividi,

2233 1708 2794 1788 secundumipsornm
2839 1706 3243 1770 absurditateni.
3274 1714 3416 1784 Ergo
3446 1725 3559 1772 tota
3588 1717 3826 1774 Trinitas

2234 1816 2454 1877 carnem
2483 1803 2791 1873 assumpsit,
2803 1804 2938 1859 itota
2956 1804 3033 1858 -Τι
3047 1805 3233 1862 initas"
3252 1808 3560 1878 passionum
3588 1810 3826 1878 injurias

550 1901 785 1957 nebatur
813 1899 1064 1968 innexus,
1093 1890 1351 1972 prmcepit
1377 1910 1438 1961 ut
1464 1919 1682 1960 carnem
1710 1905 2008 1973 susciperet
2032 1902 2135 1959 Do-
2158 1911 2211 1970 ‘B
2237 1898 2424 1963 sensit,
2456 1905 2567 1953 tota
2607 1897 2839 1953 Trinitas
2868 1900 2922 1953 in
2949 1892 3200 1969 sepulcri)
3222 1899 3417 1970 iacuit,
3432 1904 3547 1957 tota
3584 1902 3824 1960 Trinitas

490 2062 493 2067 η
553 1991 732 2046 minus
755 1989 1019 2055 Christus,
1063 2005 1170 2047 non
1200 1991 1254 2045 in
1281 2005 1388 2059 qua
1426 1996 1682 2060 peccator
1719 1989 1931 2045 debitor
1958 1990 2130 2055 ﬁeret,

555 2080 652 2141 sed
683 2081 737 2135 in
766 2096 872 2150 qua
899 2081 1016 2137 sine
1042 2082 1252 2164 peccati
1279 2082 1462 2138 debito
1513 2089 1744 2137 mortem
1771 2081 2007 2137 indebite
2033 2097 2134 2154 pro

555 2171 892 2229 debitoribus
917 2170 1228 2227 sustineret.
1271 2171 1390 2227 Non
1431 2180 1492 2226 ut
1516 2171 1612 2226 Dei
1645 2171 1813 2227 Filius
1840 2172 2137 2243 iniquitatis

556 2262 772 2320 vinculo
817 2262 1100 2334 ligaretur,
1125 2263 1220 2319 sed
1248 2271 1309 2319 ut
1346 2263 1510 2319 homo
1548 2271 1803 2334 peccator
1839 2263 2138 2334 iniquitatis

558 2353 775 2415 vinculo
813 2354 1136 2411 solveretur.
1169 2352 1287 2409 Hoc
1331 2360 1417 2408 est
1462 2352 1606 2423 quod
1636 2351 1927 2422 Apostolus
1969 2353 2157 2423 dicit,

568 2445 822 2517 Magnum
849 2447 1058 2518 pietatis
1077 2453 1484 2511 sacramentum,
1508 2444 1645 2516 quod
1660 2444 2048 2515 manifestatum
2061 2454 2140 2500 est

558 2537 614 2591 in
647 2552 826 2603 carne,
859 2538 1205 2608 iustificatam
1233 2544 1310 2590 est
1334 2536 1388 2589 in
1414 2535 1617 2606 spiritu,
1647 2535 1889 2605 apparuit
1916 2534 2139 2606 angelis,

560 2627 900 2697 prwdicatum
937 2626 1248 2697 gentilibus,
1288 2625 1539 2680 creditum
1564 2634 1641 2689 est
1682 2625 1736 2678 in
1776 2624 1873 2678 hoc
1913 2624 2138 2690 mutulo,
2185 2636 2189 2640 ‘

560 2725 884 2786 assumptum
911 2726 989 2770 est
1015 2718 1071 2771 in
1098 2716 1268 2788 gloria
1311 2715 1367 2788 (Ι
1398 2715 1531 2770 Tim.
1563 2731 1620 2770 in
1643 2757 1659 2783 ,
1702 2714 1815 2786 16).
1842 2714 1908 2770 Et
1931 2731 2158 2784 revera,"

562 2806 859 2863 doctissimi
885 2806 1193 2873 Christiani,
1224 2822 1344 2877 quae
1372 2808 1544 2878 major
1577 2807 1755 2878 potuit
1798 2822 1918 2863 esse
1945 2809 2138 2878 pietas,

562 2916 724 2970 quant
754 2910 814 2956 ut
839 2916 938 2972 pro
964 2900 1272 2957 carnalibus
1304 2899 1609 2955 hominibus
1649 2880 1745 2955 Dei
1792 2898 1994 2969 Filius,
2042 2915 2142 2971 pa-

562 3001 722 3059 ,teruo
743 3008 941 3065 parens
967 2993 1213 3064 imperio,
1244 2992 1533 3047 humanam
1564 3007 1781 3048 carnem
1821 2993 2142 3063 susciperet,

564 3095 621 3141 et
641 3086 748 3141 vita
776 3095 1003 3143 mortem
1028 3101 1127 3159 pro
1151 3084 1469 3140 mortalibus
1495 3085 1825 3140 sustineret?
1850 3091 1907 3139 et
1935 3084 2026 3139 ille
2052 3083 2145 3153 qui

562 3185 693 3233 ante
718 3178 911 3235 smcula
937 3177 1177 3232 nascitur
1205 3176 1457 3231 fundatus
1498 3190 1529 3229 a
1560 3176 1738 3250 Patre,
1778 3177 1830 3230 in
1852 3176 2145 3232 novissimo

2235 1986 2437 2042 inferos
2464 1982 2788 2057 penetravit,
2812 1998 2921 2044 tota
2954 1985 3209 2047 Trinitas
3227 1988 3384 2047 tertia
3413 1992 3500 2048 die
3530 2008 3563 2047 a
3594 1994 3826 2050 mortuis

2233 2077 2548 2143 resurrexit,
2581 2086 2692 2131 tota
2742 2076 2977 2134 Trinitas
3004 2074 3407 2151 quadragesima
3436 2082 3524 2138 die
3574 2083 3628 2137 in
3658 2085 3826 2140 celos

2236 2165 2517 2223 ascendit?
2546 2165 2613 2221 Et
2640 2167 2708 2221 ad
2737 2169 2890 2238 cujus
2918 2169 3210 2243 dexteram
3232 2179 3346 2226 tota
3378 2172 3613 2228 Trinitas
3637 2175 3826 2231 sedet?

2234 2258 2325 2313 vel
2347 2273 2505 2330 quem
2554 2258 2811 2330 Spiritum
2849 2260 2937 2316 die
2965 2259 3315 2319 Pentecostes
3364 2272 3474 2319 tota
3504 2260 3742 2323 Trinitas
3766 2269 3824 2325 in

2237 2354 2514 2424 apostolos
2534 2353 2711 2409 misit?
2732 2361 2825 2409 aut
2852 2354 2943 2434 cui
2966 2353 3079 2411 Dco
3101 2353 3471 2412 tota'Trinitas
3492 2358 3543 2412 in
3573 2358 3721 2415 caelo
3738 2360 3824 2415 di-

2237 2460 2361 2503 cere
2391 2447 2601 2517 potuit:
2632 2446 2794 2514 Deus,
2820 2443 2958 2501 Deus
2989 2463 3149 2515 meus,
3179 2465 3337 2520 quare
3387 2450 3703 2522 dereliquiin
3748 2469 3830 2507 me

2240 2534 2412 2608 (Psal.
2445 2550 2573 2600 χχιι,
2602 2536 2680 2606 l)?
2707 2537 2790 2592 vel
2817 2536 2903 2592 cui
2933 2522 3077 2592 Patri
3112 2547 3221 2594 tota
3244 2538 3477 2595 Trinitas
3496 2550 3610 2595 att:
3648 2542 3825 2610 Pater,

2238 2629 2293 2682 in
2321 2646 2503 2684 manus
2542 2640 2655 2684 tuas
2683 2630 2984 2685 commendo
3029 2631 3267 2699 spiritum
3295 2648 3461 2687 nteant
3492 2631 3643 2704 (Luc.
3677 2651 3829 2701 mu,

2240 2721 2363 2794 46),
2402 2722 2448 2778 si
2492 2730 2735 2792 possunt,
2784 2722 3016 2777 edicunt.
3048 2722 3289 2789 Quodsi
3317 2725 3499 2781 dicere
3529 2736 3830 2796 nequeunt,

2241 2812 2343 2883 ipsi
2369 2829 2429 2869 se
2455 2814 2687 2884 propriis
2701 2813 2892 2884 iaculis
2920 2810 3209 2885 perimunt,
3231 2814 3321 2885 qui
3344 2816 3826 2875 Trinitateminse-

2241 2905 2535 2975 parabilem
2556 2920 2679 2961 esse
2702 2906 3369 2965 contendunt.-Donatiana
3395 2910 3596 2981 quippe
3621 2913 3829 2968 vanitas

2243 3011 2350 3051 non
2372 2997 2599 3052 attendit
2623 2997 2695 3052 ob
2722 2997 2826 3053 hoc
2854 2997 3105 3053 collatum
3129 2999 3436 3057 hominibus
3458 2998 3716 3072 baptismi
3746 3005 3830 3060 be-

2245 3086 2516 3155 nelicium,
2548 3097 2606 3145 ut
2632 3089 2724 3160 qui
2749 3091 3081 3158 originaliter
3101 3086 3293 3148 alienis
3318 3097 3830 3163 gravanturerrori-

2243 3181 2363 3243 bus,
2380 3181 2562 3251 gratia:
2577 3181 2842 3237 medentis
2858 3175 3059 3238 auxilio
3074 3183 3315 3250 relevati,
3330 3186 3548 3255 propria
3578 3187 3834 3259 deinceps

566 3276 809 3338 tempore
852 3278 1167 3325 nasceretur
1206 3284 1273 3324 ex
1312 3268 1571 3337 Virgine?
1600 3268 1689 3323 ille
1716 3268 1807 3337 qui
1847 3268 1941 3322 dat
1981 3267 2143 3337 vitam
2168 3286 2213 3346 ρ
2245 3270 2615 3327 tantummodo
2642 3270 2974 3341 baiularent;
3016 3288 3118 3329 nec
3147 3276 3459 3330 communio
3482 3279 3834 3348 sacramenti,

563 3357 769 3413 mundo
791 3357 999 3427 iaceret
1045 3365 1293 3413 mortuus
1319 3358 1373 3413 in
1419 3357 1712 3429 sepulcro?
1755 3356 1979 3424 Quantis
2017 3370 2147 3425 ergo

564 3466 712 3506 nunc
736 3448 1039 3506 dedendum
1066 3458 1151 3505 est
1190 3450 1465 3521 lacrymis,
1509 3451 1594 3506 vel
1616 3458 1819 3520 quanta
1846 3449 2028 3506 cordis
2067 3449 2148 3504 af-

564 3540 804 3598 ﬂictione
849 3541 1161 3611 lugendum,
1187 3542 1333 3611 quod
1364 3542 1605 3612 plerique
1644 3557 1787 3597 nunc
1834 3556 2006 3612 usque
2044 3541 2146 3597 du-

568 3633 790 3688 rissima:
817 3632 1203 3689 obstinationis
1242 3633 1432 3688 nolunt
1477 3633 1839 3703 pervicaciam
1876 3632 2149 3702 deserere,
2182 3670 2185 3673 -

566 3722 690 3779 dum
741 3723 1095 3793 assumptioni
1143 3724 1317 3778 noxiae
1363 3722 1651 3779 indiscrete
1681 3724 1920 3794 cupiunt
1959 3722 2147 3777 deser-

564 3816 702 3871 xire.
733 3814 836 3883 Qui
877 3830 998 3871 cum
1028 3815 1357 3889 saltuaribus
1378 3830 1734 3886 nequaquam
1776 3815 2031 3871 remediis
2056 3830 2150 3870 ac-

563 3908 868 3980 quiescunt,
886 3906 973 3962 vel
985 3908 1339 3963 correctionis
1361 3906 1692 3963 voluntatem
1709 3906 1986 3976 abjieiunt,
2014 3906 2151 3960 vita-

563 3998 708 4059 libus
726 4000 883 4057 dictis
905 4007 1156 4071 tanquam
1171 3999 1581 4055 medicinalibus
1601 3997 1940 4054 ferramentis
1960 4013 2151 4053 manus

564 4093 867 4148 contrarias
894 4100 1250 4162 opponentes,
1296 4092 1421 4153 inde
1442 4107 1507 4147 se
1533 4090 1838 4156 vulnerant,
1869 4088 2013 4145 unde
2050 4105 2148 4145 cu-

559 4186 674 4240 rari
701 4186 1021 4254 debuerant,
1045 4186 1235 4240 ac-vim
1260 4185 1584 4255 spiritalium
1608 4184 2025 4240 medicaminum
2047 4181 2150 4238 sibi

564 4279 726 4349 Ωιι
757 4277 812 4331 iu
849 4278 1181 4343 contrarium
1219 4284 1442 4332 vertunt
1469 4296 1481 4329 .
1538 4276 1666 4341 inde
1694 4275 2006 4330 vulneribus
2033 4273 2153 4329 suis

566 4378 767 4437 augent
796 4366 1139 4438 putredinem
1201 4366 1344 4421 unde
1372 4366 1583 4434 assequi
1623 4373 1913 4436 potuerant
1939 4364 2148 4420 sanita-

564 4465 700 4513 tem.
733 4457 1024 4528 Bipartitus
1063 4466 1300 4525 namque
1334 4456 1541 4526 pridem
1576 4471 1749 4511 {error
1793 4454 2024 4527 irrepsit,
2058 4455 2150 4526 qui

564 4549 834 4606 hactenus
857 4548 1186 4621 perditorum
1210 4549 1417 4606 animas
1439 4548 1698 4614 vinciens,
1717 4548 1784 4603 ad
1809 4547 2148 4619 qurerendam

2245 3360 2341 3415 scd
2369 3377 2666 3417 consensus
2689 3360 3424 3436 damnaret'unumquemque
3439 3368 3670 3437 peccati.
3689 3368 3833 3435 Quo-

2246 3451 2387 3505 niam
2428 3452 2568 3506 sicut
2603 3462 2822 3523 peccata
2851 3462 3135 3523 parentum
3166 3456 3221 3511 in
3250 3456 3461 3512 tertiam
3500 3468 3557 3513 et
3581 3469 3832 3528 quartam

2246 3544 2649 3613 generationem
2692 3545 2767 3599 ait
2813 3560 2873 3600 se
2917 3545 3174 3602 Dominus
3195 3547 3697 3620 redditurum,un
3723 3559 3834 3607 ter-

2246 3650 2376 3690 rena
2399 3636 2738 3704 carnalisqne
2757 3636 3008 3691 nativitas
3022 3636 3267 3706 originali
3288 3638 3481 3694 delicto
3505 3648 3835 3696 monstratur

2248 3726 2479 3781 obnoxia
2518 3745 2532 3779 :
2582 3726 2659 3782 sic
2685 3727 2791 3782 alio
2821 3727 2959 3792 loco,
2989 3728 3143 3783 sicuti
3176 3724 3410 3783 animam
3453 3730 3643 3801 patris,
3676 3732 3752 3788 ita
3781 3743 3834 3789 et

2249 3818 2481 3872 animam
2513 3816 2605 3873 lilii
2634 3833 2784 3873 suam
2815 3833 2933 3875 esse
2964 3824 3209 3885 testatur,
3244 3823 3545 3888 utsecuntla
3568 3825 3833 3881 caelestis-

2249 3926 2356 3980 que
2391 3910 2644 3966 nativitas
2692 3910 2881 3965 alienis
2929 3911 3164 3980 peccatis
3214 3920 3573 3981 cognoscatur
3618 3918 3838 3985 penitus

2250 4001 2515 4057 absoluta.
2557 3999 2756 4056 Statim
2811 4015 3041 4070 namque
3084 4001 3284 4057 infert:
3316 4002 3520 4071 Anima
3571 4022 3690 4077 qua
3717 4024 3837 4077 pec-

2250 4096 2455 4161 caverit,
2478 4095 2594 4165 ipsa
2615 4082 3100 4165 morietur(Ezec/:.
3123 4109 3272 4159 xm],
3297 4094 3409 4167 ΞΟ).
3438 4081 3841 4154 (Ξιιίεεῐιιιιιιιίίρ

2249 4182 2554 4240 Salomonis
2573 4184 2799 4240 monitio
2823 4183 3085 4253 concinit,
3112 4201 3211 4242 nec
3232 4186 3460 4241 alterum
3486 4187 3709 4242 alterius
3728 4204 3839 4258 gra-

2253 4274 2365 4328 vari
2394 4274 2635 4344 peccatis
2660 4273 2923 4329 ostendit:
2956 4273 3085 4339 Fili,
3107 4276 3372 4345 inquiens,
3400 4278 3447 4331 si
3473 4277 3632 4332 bonus
3658 4280 3841 4350 fueris,

2253 4365 2342 4419 tibi
2387 4373 2435 4420 et
2462 4366 2712 4437 proximis
2742 4366 2843 4420 tuis
2873 4383 2892 4420 :
2939 4367 2984 4421 si
3013 4375 3186 4421 autem
3218 4370 3387 4422 malus
3426 4371 3669 4435 evaseris,
3696 4370 3844 4428 solut

2252 4457 2474 4512 Itanries‘
2509 4457 2651 4511 mala
2701 4456 2882 4528 (Prov.
2914 4474 2986 4523 ιχ,
3021 4457 3133 4526 19).
3185 4456 3372 4527 Itaque
3400 4459 3668 4514 catholica
3712 4461 3842 4516 fides

2255 4548 2669 4618 uniuscujusque
2691 4549 2888 4603 erroris
2915 4555 3181 4619 praerupta
3209 4546 3593 4617 refugiens’,ac,
3611 4549 3844 4606 Domino

563 4642 850 4698 ueritatem
877 4641 1084 4711 spirare
1132 4654 1239 4698 non
1281 4641 1427 4697 sinit.
1462 4639 1838 4697 Homousianis
1865 4642 2152 4707 asserenti-
2179 4639 2564 4722 Dreducente,
2605 4638 2746 4691 viam
2790 4637 2996 4692 itineris
3040 4636 3277 4694 cmlestls
3328 4637 3607 4709 incedens,
3663 4639 3842 4696 sobria

568 4732 669 4790 bus
688 4733 1100 4804 inseparabilem
1128 4740 1290 4803 atque
1332 4732 1659 4788 individuam
1691 4732 2027 4799 Trinitatem,
2053 4749 2153 4790 nec

563 4823 719 4880 Patri
748 4824 938 4880 Filium
977 4824 1144 4882 fuisse
1172 4826 1460 4894 minorem,
1483 4840 1581 4881 nec
1609 4824 1821 4881 Patrem
1853 4825 2147 4893 ingenitum

568 4912 690 4969 Filii
717 4914 801 4971 sui
824 4930 945 4971 esse
969 4914 1263 4995 factorem;
1296 4916 1589 4973 Donatistis
1616 4917 1779 4972 etiam
1809 4916 2151 4986 praedicanti-

569 5003 670 5059 hus
697 5004 1077 5060 communione
1107 5006 1369 5060 malorum
1394 5006 1564 5061 bonos
1585 5004 1770 5075 pollui,
1795 5004 1921 5059 dum
1950 5013 2151 5061 sancta:

565 5092 862 5166 Scriptura:
906 5109 1097 5151 munus
1127 5094 1391 5150 medelam
1421 5094 1609 5149 salutis
1643 5093 1833 5163 procul
1869 5094 2147 5163 abjiciunt.

506 5169 515 5176 ’
570 5177 717 5239 inter
738 5197 889 5252 quos.
918 5191 1105 5240 sancta
1132 5192 1311 5239 mater
1341 5182 1580 5239 Ecclesia
1604 5184 1869 5238 catholica
1899 5183 2151 5240 Davidico

573 5288 847 5331 murmure
862 5277 1115 5333 noscitur
1146 5275 1456 5347 decantare,
1482 5277 1621 5332 sicut
1653 5277 1704 5330 in
1732 5277 1984 5347 prtesenti
2011 5276 2151 5333 ceci-

572 5362 750 5419 nimus
769 5364 1009 5434 psalmo:
1042 5365 1282 5433 Domine,
1314 5367 1478 5421 deduc
1507 5384 1586 5421 me
1607 5367 1660 5421 in
1686 5377 1774 5421 tua
1796 5368 2001 5437 justitia
2028 5385 2153 5437 pro-

572 5463 687 5524 pter
715 5455 948 5513 inimicos
978 5477 1117 5515 meos
1150 5460 1325 5529 (Psal.
1352 5478 1404 5529 ν,
1432 5461 1510 5530 9).
1534 5458 1591 5514 In
1626 5469 1711 5515 tua
1743 5460 1885 5514 enim
1914 5458 2155 5516 deducor

572 5544 801 5616 iustitia,
833 5548 957 5629 dum
988 5559 1043 5606 te
1071 5552 1497 5623 omnipotentem
1527 5552 1720 5619 Deum,
1748 5550 2043 5621 ingenitum
2069 5558 2153 5606 at-

574 5648 680 5704 que
727 5637 1045 5709 increatum,
1085 5641 1176 5697 lilii
1206 5643 1281 5698 tui
1330 5642 1544 5697 Domini
1589 5640 1717 5714 Jestt
1765 5641 1964 5698 Christi
1992 5642 2155 5699 credo

575 5723 855 5795 factorem,
872 5729 1077 5785 Joanne
1097 5731 1331 5801 Baptista
1360 5739 1594 5788 testante
1619 5750 1631 5785 :
1653 5730 1781 5787 Post
1803 5749 1884 5787 me
1909 5733 2044 5788 venit
2070 5733 2158 5804 qui

576 5826 697 5871 ante
723 5836 804 5874 me
832 5823 996 5900 factus
1031 5830 1107 5876 est
1148 5820 1326 5893 (Joan.
1361 5839 1399 5887 ι,
1452 5822 1562 5894 Η).
1614 5823 1684 5879 Et
1721 5822 1881 5879 Petro
1907 5824 2157 5894 apostolo

576 5907 903 5968 prmdicante
923 5926 989 5967 ac
1006 5911 1244 5968 dicente:
1269 5912 1409 5969 Sciet
1429 5917 1596 5971 omnis
1623 5901 1811 5972 domus.
1828 5914 1996 5972 Israel
2037 5916 2158 5986 quia

2253 4729 2569 4786 credulitate
2604 4731 2762 4801 212
2806 4728 3100 4784 decantans
3127 4728 3242 4783 ait:
3276 4727 3518 4794 Domine,
3563 4729 3729 4785 deduc
3759 4748 3841 4785 me

2252 4821 2305 4873 iu
2338 4829 2423 4873 tua
2444 4818 2651 4891 justitia
2680 4826 2892 4890 propter
2918 4819 3157 4873 inimicos
3186 4834 3326 4873 meos
3354 4817 3527 4891 (Psal.
3553 4834 3608 4889 v,
3639 4819 3717 4891 9).
3748 4820 3846 4874 Δις

2255 4926 2359 4980 que
2389 4910 2512 4965 inde
2535 4925 2564 4964 a
2597 4908 2757 4965 Patre
2802 4925 2900 4981 per
2927 4907 3119 4965 Filium
3143 4907 3403 4980 Spiritum
3424 4918 3669 4966 sanctum
3691 4908 3844 4981 ﬂagi-

2256 5010 2393 5070 tans,
2426 5004 2632 5059 itineris
2657 5002 2996 5068 rectitudine,
3036 5001 3190 5071 cujus
3216 5003 3453 5071 gratuito
3476 5018 3703 5060 munere
3725 5019 3845 5074 gra-

2259 5093 2439 5148 diendi
2469 5094 2659 5164 adepta
2688 5102 2770 5150 est
2796 5092 3123 5159 facultatem,
3156 5093 3315 5149 sicuti
3346 5093 3572 5150 necdum
3601 5095 3846 5165 baptiza-

2264 5192 2366 5250 tos,
2391 5198 2497 5238 nou
2524 5184 2695 5238 solum
2726 5184 2976 5255 prepriis,
2998 5197 3182 5238 verum
3203 5184 3367 5239 etiam
3399 5185 3590 5241 alienis
3616 5187 3848 5257 peccatis

2262 5273 2458 5329 fatetur
2502 5275 2787 5341 obnoxios,
2834 5290 2971 5344 quos
3015 5275 3068 5329 in
3116 5275 3487 5345 iniquitatibus
3528 5279 3679 5333 novit
3733 5295 3849 5335 esse

2260 5375 2571 5438 conceptas,
2615 5366 2685 5421 ita
2715 5368 3021 5435 genitaliter
3066 5370 3208 5424 lotos
3238 5369 3398 5425 latice
3427 5371 3728 5441 iniquitatis
3757 5374 3843 5426 in-

2261 5456 2484 5511 demnes
2512 5456 2703 5511 asserit
2738 5456 2944 5523 aliente,
2980 5459 3024 5511 si
3049 5459 3339 5514 voluntatis
3361 5474 3609 5514 assensus
3632 5476 3741 5515 non
3773 5469 3851 5517 te-

2261 5556 2453 5602 nentur
2476 5547 2528 5602 in
2557 5547 2799 5602 crimine.
2830 5544 3087 5619 Quotquot
3115 5548 3251 5601 enim
3277 5548 3606 5601 crediderunt
3633 5551 3687 5603 in
3710 5566 3848 5614 eum,

2261 5639 2336 5692 ait
2362 5636 2597 5693 Joannes
2617 5638 2965 5707 evangelista,
2993 5637 3132 5692 dedit
3159 5638 3234 5691 eis
3260 5646 3564 5705 potestatem
3586 5639 3726 5708 ﬁlios
3750 5638 3847 5693 Dei

2258 5728 2375 5798 ﬁeri
2388 5744 2406 5793 ;
2429 5727 2509 5781 his
2533 5728 2619 5799 qui
2638 5726 2853 5781 credunt
2870 5728 2924 5780 in
2946 5727 3152 5781 nomine
3172 5726 3303 5796 ejus,
3325 5727 3411 5798 qui
3434 5744 3537 5781 non
3560 5743 3624 5780 ex
3647 5729 3853 5799 stingui.

2258 5818 2438 5887 uibus,
2475 5835 2635 5890 neque
2671 5835 2738 5873 ea:
2783 5819 3047 5873 voluntate
3081 5820 3277 5882 carnis,
3310 5834 3471 5887 neque
3500 5835 3567 5872 ea:
3591 5819 3853 5875 voluntate

2259 5914 2375 5982 uiri,
2402 5913 2491 5969 sed
2530 5931 2595 5969 cx
2624 5912 2729 5968 Deo
2758 5913 2869 5967 uati
2890 5922 3010 5967 sunt
3040 5911 3216 5986 (Joan.
3242 5929 3280 5982 ι,
3309 5910 3416 5983 l6).
3445 5910 3597 5967 Sicut
3621 5926 3752 5983 ergo
3783 5926 3849 5975 cx
