4124 6458
284 431 378 487 577

1317 411 1663 470 FERRANDI
1703 406 1969 465 DIACONI
2006 402 2358 471 EPISTULA,
2399 401 2488 457 XI.

3411 394 3516 452 578

289 541 544 596 voluntate
568 532 745 589 carnis
765 537 926 599 atque
957 543 1024 582 ex
1048 526 1322 581 voluntate
1348 526 1444 580 viri
1470 523 1644 579 exorti
1660 523 1832 577 aliena
1865 529 1906 582 Α
1939 519 2330 584 animalia'qua:
2352 514 2585 585 cymices
2607 516 3002 579 nuncupantur,
3018 509 3157 562 Deus
3179 523 3286 562 non
3307 506 3511 571 fecerit,

241 617 1019 693 -trahunt-peccata,quamvis
1054 615 1288 673 nondum
1323 615 1562 672 habeant
1588 612 1835 683 propria:

241 759 249 766 λ
281 715 351 773 ita
367 714 572 777 unm
593 710 792 775 nati,.si
815 705 1046 779 propriae
1062 704 1361 767 voluntatis
1379 703 1431 758 in
1455 704 1534 762 eis
1553 702 1709 771 culpa
1733 716 1840 758 non

277 808 448 870 fuerit,
479 802 622 858 nulla
653 806 1007 870 asperguntur
1057 796 1245 854 alienae
1301 792 1597 861 iniquitatis
1625 790 1833 859 injuria.

277 897 535 965 Quoniam
568 893 717 947 sicut
763 890 935 960 prima
960 882 1454 951 nativitasedendo
1501 881 1683 951 inlixit
1699 877 1840 948 quod

235 1035 238 1038 .
277 1001 637 1044 nascensnon
666 982 822 1053 fecit,
857 982 946 1038 ita
963 977 1203 1039 secunda
1233 971 1686 1041 ablutooriginali
1717 984 1843 1040 pec-

275 1087 394 1135 cato
412 1075 682 1136 nativitas.
709 1072 764 1128 in
796 1070 913 1126 sola
941 1068 1172 1137 positum
1203 1066 1435 1134 imputat
1448 1062 1728 1124 voluntate,
1746 1059 1844 1113 de-

236 1217 241 1223 .
274 1169 472 1222 lietum.
497 1163 558 1219 In
588 1164 689 1219 hac
718 1161 876 1230 igitur
901 1165 1059 1228 parte
1086 1173 1116 1211 a
1145 1155 1299 1210 malis
1325 1151 1653 1223 sequestrari
1681 1149 1868 1218 debe-

269 1273 408 1322 mus,
461 1256 514 1311 in
541 1269 646 1323 qua
675 1251 940 1322 primitias
991 1245 1506 1330 spiritushabentes
1546 1239 1844 1315 consepulti

271 1349 480 1407 Christo
509 1347 564 1400 in
595 1345 862 1414 baptismo
883 1338 1301 1402 ,rnsurreximus.
1328 1334 1386 1389 In
1414 1349 1520 1402 quo
1551 1333 1711 1387 etiam
1743 1345 1839 1384 ve-

271 1451 438 1497 terem
464 1434 860 1503 hominem,qui
879 1429 1244 1499 corrumpitur
1263 1427 1556 1498 secundum
1574 1421 1843 1492 desideria
1875 1474 1877 1478 ,

272 1531 488 1596 erroris,
521 1527 692 1598 gratia
720 1526 812 1597 Dei
840 1521 1200 1593 praeveniente
1229 1527 1286 1576 et
1303 1517 1601 1584 comitante
1623 1512 1841 1583 deponi-
1919 1562 1928 1566 ..

268 1637 402 1686 mus,
435 1628 494 1676 ut
544 1633 741 1672 novum
790 1615 1084 1678 hominem,
1129 1610 1223 1680 qui
1269 1603 1563 1680 secundum
1590 1603 1760 1661 Deum
1791 1603 1845 1657 in

266 1710 467 1781 iustitia
494 1761 498 1766 ,
524 1714 582 1762 et
623 1707 676 1761 in
701 1703 984 1767 sanctitate
1011 1700 1250 1757 caritatis
1276 1705 1491 1771 creatus
1516 1702 1618 1762 est,
1654 1693 1842 1771 indua-

265 1802 560 1859 muszPer
591 1799 893 1853 Dominum.
989 1857 992 1860 ,
1327 1833 1349 1840 ..

841 1902 1176 1959 EPISTULA
1206 1899 1276 1954 X.

265 2027 471 2084 Scarila
528 2023 804 2094 Fulgentio
832 2017 1094 2094 ltropgltit
1145 2014 1287 2094 duas
1330 2010 1655 2094 minationes,
1683 2022 1841 2089 unum

235 2119 238 2123 λ
275 2081 294 2084 ⁷
316 2081 409 2152 de
427 2081 796 2150 Ιησανηᾶιὶοιιε
815 2081 1088 2154 .ι⁴”’ἱιὶί”ι)εὶ,
1108 2085 1326 2138 alterum
1344 2081 1410 2135 de
1435 2082 1609 2135 vilium
1638 2081 1841 2133 anima-

333 2171 462 2223 lium
493 2175 723 2221 auctore.
1103 2222 1106 2224 γ
1272 2227 1277 2232 Ξ

332 2279 560 2334 Domino
581 2281 766 2332 saneto
787 2288 851 2328 ac
876 2268 1206 2329 beatissimo,
1234 2273 1290 2320 et
1317 2262 1630 2334 apostolicis
1679 2261 1840 2316 meri-

258 2374 324 2427 tis
370 2366 723 2437 coaequando,
771 2362 908 2436 patri
961 2359 1263 2414 Funcsnrro
1310 2355 1567 2425 episcopo
1613 2351 1841 2407 famulus

259 2473 386 2518 tuus
410 2461 664 2516 Scamu.
1276 2459 1278 2461 '
1646 2518 1647 2522 η

325 2553 377 2608 l.
417 2552 792 2620 Imperitorum
837 2541 1097 2599 desideria
1124 2538 1462 2612 paternitatis
1487 2545 1682 2591 vestrm
1704 2535 1839 2589 mul-

253 2655 367 2698 tum
396 2641 705 2696 desiderant
719 2620 1011 2712 peritiam;
1043 2632 1163 2701 quia
1193 2629 1453 2698 scriptum
1480 2637 1561 2682 est
1586 2644 1598 2679 :
1632 2626 1841 2695 Inquiro

251 2744 453 2807 patrem
478 2740 640 2794 tuum,
672 2738 717 2783 et
750 2723 1074 2780 annuntiabit
1105 2721 1226 2785 tibi;
1259 2721 1484 2774 seniores
1514 2725 1644 2781 tuos,
1677 2726 1726 2770 et
1750 2716 1843 2770 do-

233 2828 436 2883 rebunt
469 2834 518 2879 te
552 2824 728 2896 (Deut.
772 2836 940 2880 χχιιι,
971 2817 1057 2887 7);
1090 2823 1144 2870 et
1183 2815 1306 2884 quia
1354 2812 1498 2882 quod
1545 2811 1843 2880 intelligere

251 2936 355 2975 non
389 2921 700 2989 possumus,
733 2910 1032 2969 sanctitatis
1077 2915 1181 2962 tua:
1219 2905 1466 2961 doctrina
1496 2918 1655 2958 nosse
1695 2902 1840 2958 desi-

252 3010 533 3065 deramus.

234 3123 238 3128 ·
317 3099 371 3153 ‘2.
415 3097 556 3152 Dum
586 3095 652 3149 ad
682 3107 920 3148 mensam
965 3087 1254 3144 Christiani
1285 3084 1536 3140 Ecclesia:
1563 3083 1839 3138 catholica:

256 3190 349 3244 lilii
379 3189 456 3244 tui
478 3185 668 3242 Eventi
689 3183 860 3239 deDei
885 3179 1260 3236 lncarnatione
1279 3176 1480 3230 locutio
1505 3183 1837 3238 nasceretur,

1942 607 2057 662 sed.
2067 614 2189 676 post
2205 603 2560 672 dejectionem
2581 601 2754 668 angeli
2783 599 2922 662 illius
2943 598 3143 666 indigni
3161 597 3376 662 diaboli,
3402 599 3516 654 haec

1921 697 2121 753 omnia
2141 696 2209 752 ab
2237 695 2353 764 ipso
2379 692 2592 748 diabolo
2617 690 2756 745 facta
2785 698 2941 755 sunt;
2967 696 3022 744 et
3061 690 3186 744 dum
3215 687 3516 752 diceremus

1941 790 2066 859 quia
2093 787 2273 857 omnia
2324 786 2464 840 Deus
2521 783 2728 850 fecerit,
2759 789 2813 836 et
2842 782 2956 836 haec
2982 781 3122 836 bona
3163 778 3318 837 valde
3339 819 3353 846 ,
3385 777 3518 832 dixit

1916 879 2084 948 -quod
2107 876 2446 934 sanctitatem
2471 884 2615 930 tuam
2657 874 2803 930 etde
2835 873 2940 928 hoc
2975 871 3294 936 deberemus
3316 885 3516 934 consu-

1919 969 2072 1033 lere,
2106 975 2164 1020 ut
2193 966 2308 1035 ipse
2333 964 2529 1024 debet
2576 963 2823 1020 satisﬁeri
2849 961 3039 1030 jubeas
3063 979 3075 1013 :
3103 959 3160 1014 Si
3189 967 3518 1029 antetrans-

1917 1059 2266 1128 gressionem
2294 1055 2507 1133 quando
2536 1055 2676 1111 Deus
2704 1054 2883 1109 omnia
2906 1053 3050 1121 fecit,
3079 1059 3207 1107 tunc
3229 1053 3330 1108 ista
3372 1050 3515 1106 facta

1919 1155 2084 1214 sunt,
2110 1162 2179 1201 an
2219 1157 2343 1218 post
2386 1146 2863 1213 transgressionem
2891 1144 3038 1199 Adae.
3083 1142 3186 1198 Ora
3214 1159 3312 1213 pro
3341 1143 3515 1208 nobis,

1921 1240 2158 1298 .domine
2182 1246 2366 1296 sancte
2386 1254 2450 1294 ac
2477 1238 2781 1293 beatissime
2811 1245 2964 1306 pater

2509 1327 2837 1382 EPISTOLA
2856 1327 2946 1382 XI.

1941 1419 2248 1476 Ferrandus
2275 1420 2522 1474 diaconus
2546 1418 2819 1487 Fulgentio
2850 1419 3086 1487 proponit
3117 1417 3248 1470 duas
3276 1419 3515 1488 quiestio-

2014 1508 2122 1555 nes,
2155 1491 2216 1543 de
2244 1491 2410 1542 salute
2435 1489 2698 1558 Ait/dapis
2729 1489 3096 1552 catcchumeni,
3129 1488 3377 1556 baptizuti
3402 1504 3515 1540 cum

2007 1563 2127 1634 jam‘
2163 1562 2219 1634 vi
2251 1561 2412 1634 morbi
2459 1569 2588 1634 esset
2618 1561 2798 1611 mentis
2827 1559 3012 1628 impos,
3043 1575 3103 1610 ac
3132 1576 3233 1610 non
3277 1567 3515 1626 percepta

2012 1631 2324 1686 cucharistia
2353 1631 2559 1684 mortui.

2013 1723 2242 1777 Domino
2289 1721 2602 1776 beatissimo
2629 1729 2684 1774 et
2703 1735 2825 1776 cum
2855 1719 3000 1774 omni
3029 1718 3376 1774 veneratione
3396 1733 3515 1772 sus-

1943 1812 2192 1882 cipiendo
2222 1812 2359 1882 patri
2400 1811 2706 1866 Fuccsa'no
2758 1811 3014 1881 episcopo
3042 1809 3358 1864 annannus
3402 1808 3515 1863 dia-

1875 1912 1924 1972 B
1948 1919 2118 1959 conus
2146 1905 2196 1957 in
2220 1903 2448 1956 Domino
2479 1903 2724 1956 salutem.
2807 1941 2809 1943 .

1978 2009 1982 2014 '
2016 1994 2068 2048 l.
2094 1992 2204 2059 Qui
2235 1993 2462 2048 terrenis
2500 1992 2738 2060 indigent
2765 1992 3127 2056 facultatibus,
3157 2004 3260 2045 nec
3285 1988 3517 2045 diuturni

1941 2087 2122 2157 oper-is
2145 2087 2462 2140 continuato
2481 2084 2686 2149 labore,
2714 2083 2799 2137 vel
2826 2084 3064 2138 honesta:
3086 2081 3216 2136 artis
3238 2081 3517 2148 industria,

1940 2181 2054 2234 sive
2082 2179 2303 2233 forsitan
2333 2177 2556 2231 honesta
2597 2174 2961 2243 negotiatione
2986 2181 3311 2243 pascuntur,
3343 2172 3518 2226 solent

1891 2317 1894 2319 λ
1941 2279 2069 2325 ante
2094 2270 2318 2324 divitum
2347 2267 2508 2333 fores,
2540 2272 2826 2336 postquam
2842 2264 3220 2320 verecundiam
3237 2262 3407 2318 fames
3427 2277 3519 2316 ex-

1940 2363 2178 2428 cluserit,
2201 2360 2529 2430 suspirantes
2556 2358 2754 2412 victum
2779 2356 3030 2430 precibus
3058 2368 3332 2424 quaerere;
3359 2353 3507 2408 viro-

1940 2451 2079 2508 rum‘
2105 2465 2322 2522 quoque
2367 2449 2623 2504 nobilium
2665 2447 3106 2502 clementissimas
3143 2459 3303 2500 aures
3357 2443 3519 2497 etiam

1941 2544 2248 2612 importuna
2277 2540 2565 2608 aliquando
2586 2538 2859 2608 petitione?
2877 2538 3128 2607 pulsare:
3161 2542 3358 2590 norunt
3379 2534 3518 2588 enim

1933 2633 2368 2688 mendicantibus
2396 2646 2503 2686 non
2545 2629 2810 2699 prodesse
2852 2628 3086 2682 silentia.
3128 2624 3399 2694 Egovvero
3426 2623 3518 2692 qui

1938 2725 2144 2793 ingenii
2175 2725 2426 2793 pauperis
2468 2724 2654 2776 laboro
2683 2721 2928 2790 penuria,
2953 2733 3128 2787 neque
3147 2717 3337 2772 multis
3365 2716 3518 2772 obla-

1935 2817 2210 2872 trantibus
2240 2816 2382 2869 curis
2422 2813 2634 2882 operari
2656 2813 2837 2868 cibum
2886 2810 3165 2880 sapientia:
3207 2808 3518 2878 quotidiana
3556 2828 3575 2842 -

1935 2908 2138 2962 divinae
2166 2906 2411 2961 lectionis
2441 2902 2791 2956 meditatione
2815 2901 3128 2971 permittor;
3157 2899 3334 2954 minus
3356 2898 3518 2952 etiam

1898 3025 1905 3032 -
1942 2997 2240 3068 prmi-alens
2270 2995 2421 3056 meis,
2456 2994 2506 3046 id
2535 3002 2617 3048 est
2641 2993 3062 3063 disputationum
3099 2991 3212 3047 sive
3241 2990 3519 3057 cogitatios

1946 3106 2074 3143 num
2126 3104 2366 3143 mearum
2393 3089 2592 3141 viribus
2646 3085 2967 3152 investigare
3016 3081 3519 3151 dubia,-explanare

1943 3179 2195 3245 obscura,
2227 3179 2465 3232 dividere
2493 3193 2555 3232 ac
2579 3174 2802 3232 delinire
2829 3175 3118 3238 contraria,
3143 3173 3298 3243 pulso
3321 3173 3518 3230 crebri:

254 3295 387 3335 unus
413 3295 482 3334 ex
507 3277 661 3331 nobis
687 3277 788 3329 hoc
817 3275 883 3327 de
905 3273 1016 3341 ipsa
1040 3268 1418 3324 lncarnatione
1437 3265 1687 3323 asseruit,
1712 3277 1842 3332 quo-

1941 3270 2226 3339 gemitibns
2274 3270 2342 3322 ad
2396 3268 2632 3324 caelestis
2679 3265 3065 3337 patrisfamiliae
3089 3265 3256 3336 214
3276 3264 3518 3332 januam.

253 3372 394 3426 niam
417 3385 528 3424 non
560 3367 702 3422 Deus
732 3365 908 3425 Pater,
935 3360 1027 3417 sed
1052 3361 1194 3414 Deus
1207 3358 1368 3412 Filius
1395 3371 1613 3410 carnem
1637 3353 1836 3418 indnit;

253 3472 303 3518 et
325 3462 464 3516 alius
493 3460 670 3514 dixit:
703 3455 821 3526 Ipse
851 3455 993 3508 Dens
1013 3451 1108 3520 qui
1140 3465 1276 3504 unus
1305 3455 1388 3502 est
1434 3447 1488 3500 in
1519 3445 1688 3500 tribus
1715 3441 1838 3510 dig-

252 3561 406 3608 natus
449 3560 536 3606 est
579 3562 800 3604 carnem
825 3557 1120 3605 assumere,
1153 3547 1214 3594 ut
1249 3545 1490 3606 nostram
1521 3535 1835 3591 servitutem

251 3661 348 3716 qua
381 3660 477 3715 per
509 3639 995 3708 transgressionem
1038 3633 1204 3703 patris
1247 3630 1417 3685 nostri
1450 3629 1578 3682 Adae
1615 3625 1838 3694 obligati

249 3735 647 3800 detinebamur,
674 3729 741 3783 ad
764 3729 1068 3782 libertatem
1095 3723 1435 3793 perduceret.

311 3827 365 3880 ὅ.
392 3825 460 3880 Ει
489 3825 636 3880 scire
665 3821 906 3890 cupimus
928 3818 971 3872 si
1003 3818 1114 3885 ipse
1151 3814 1290 3868 Deus
1312 3811 1469 3866 Pater
1506 3808 1840 3864 descenderit

248 3926 298 3973 et
351 3930 582 3972 carnem
636 3909 1014 3980 assumpserit;
1044 3922 1133 3972 an,
1171 3905 1289 3974 ipso
1343 3901 1630 3964 residente,
1665 3899 1838 3953 Verbo

247 4008 590 4064 mandaverit
638 4003 784 4073 quod
835 4014 1051 4055 carnem
1107 3993 1644 4064 assumpserit?cum
1697 3989 1866 4053 scias

246 4116 358 4155 mus
403 4097 676 4168 quoniam
722 4091 955 4147 Verbum
1002 4104 1131 4143 caro
1161 4085 1357 4141 factum
1387 4090 1490 4145 est,
1523 4088 1582 4135 ut
1606 4081 1720 4148 ipse
1751 4079 1841 4132 ha-

236 4191 438 4246 bitaret
461 4191 516 4244 in
553 4185 732 4249 nobis,
755 4181 850 4238 sed
873 4181 1014 4235 inter
1035 4177 1288 4237 Verbum,
1312 4173 1458 4243 quod
1488 4172 1628 4227 Dens
1657 4177 1759 4233 est,
1783 4181 1840 4223 et

249 4281 477 4347 Patrem,
503 4278 607 4349 qui
633 4275 772 4330 Deus
791 4281 894 4337 est,
921 4287 1023 4326 una
1048 4278 1396 4336 utrorumque
1428 4265 1585 4335 213
1612 4262 1837 4316 descen-

156 4389 158 4391 ‘
239 4375 320 4428 adit
377 4375 444 4429 ad
478 4368 810 4428 induendum
841 4381 1058 4421 carnem
1087 4361 1372 4432 majestas,
1422 4359 1546 4427 quia
1575 4357 1833 4425 legimus:

249 4465 346 4520 Hic
373 4477 449 4522 est
481 4467 638 4520 Deus
674 4473 864 4525 noster,
897 4471 947 4513 et
973 4475 1078 4512 non
1108 4455 1439 4511 wstlmabitui
1491 4451 1624 4508 alius
1649 4449 1837 4521 absque

249 4560 361 4624 illo;
389 4570 504 4630 post
532 4560 648 4611 hair
675 4557 728 4608 in
757 4556 907 4608 terris
927 4555 1062 4606 visus
1086 4560 1184 4617 est,
1207 4558 1256 4604 et
1277 4565 1390 4602 cum
1411 4545 1699 4601 hominibus
1721 4561 1838 4598 ron-

1943 3360 2048 3414 Sed
2077 3360 2167 3414 ubi
2222 3375 2408 3413 rursus
2465 3357 2760 3426 indignum,
2791 3357 2877 3411 cui
2935 3365 3058 3410 tam-
3096 3357 3205 3412 cito
3252 3356 3518 3427 aperiatur

1941 3449 2251 3518 quodvolo,
2283 3450 2657 3518 memetipsum
2679 3448 2968 3511 convinco,
3007 3455 3136 3502 tunc
3167 3463 3262 3503 eos
3291 3462 3428 3516 quos
3455 3448 3518 3503 de

1940 3540 2310 3608 intimisregis
2338 3540 2568 3594 cubiculi
2599 3539 2966 3609 penetralibus
3009 3539 3280 3609 accepisse
3305 3539 3516 3609 dispen-

1939 3630 2160 3685 sandam
2209 3630 2409 3685 domini
2458 3630 2562 3683 mei
2604 3631 2884 3698 pecuniam
2911 3629 3102 3693 video,
3137 3644 3268 3684 voce
3295 3629 3518 3699 supplici

1936 3721 2226 3790 deprecor,
2253 3729 2314 3774 ut
2334 3722 2620 3788 dignentur
2647 3719 2842 3774 famem
2873 3728 3114 3774 nostram
3135 3721 3370 3775 modicis
3410 3721 3517 3775 sal-

1941 3821 2047 3866 tem
2094 3813 2394 3881 sumptibus
2422 3811 2706 3865 consolari.
2739 3809 2978 3876 Quorum
3007 3811 3132 3878 quia
3155 3826 3293 3864 unus
3319 3825 3387 3864 ex
3415 3827 3515 3865 nu-

1939 3919 2089 3959 mero
2120 3905 2442 3958 talentorum
2473 3903 2568 3956 tibi
2617 3903 2942 3957 creditorum
2989 3901 3343 3970 multiplicare
3373 3901 3516 3957 lucra

1938 3992 2211 4048 desideras
2233 4033 2247 4059 ,
2277 4000 2332 4046 et
2358 3991 2594 4045 cmleslis
2621 3991 2810 4046 scriba:
2839 3990 3279 4058 pretiosissimam
3310 4004 3516 4057 marga-

1939 4085 2116 4148 ritam,
2146 4098 2305 4151 quam
2327 4082 2594 4136 distractis
2623 4081 2870 4136 omnibus
2897 4095 3014 4148 qum
3051 4081 3250 4134 habeas
3275 4081 3515 4149 negotia‘

1939 4183 2023 4230 tor
2042 4175 2384 4230 ﬁdelissimus
2410 4173 2752 4243 comparasti,
2771 4172 3093 4242 generaliter
3113 4172 3512 4242 acquirendam,

1939 4265 2761 4337 possidendam,perfruendam,
2791 4265 2908 4320 sine
2965 4265 3160 4318 invidia
3207 4265 3518 4319 tabescentc

1937 4358 2325 4421 communicas;
2347 4355 2546 4426 profer,
2559 4357 2805 4416 obsecro,
2826 4353 2892 4407 de
2909 4355 3158 4408 thesauro
3171 4360 3282 4418 tuo,
3301 4354 3515 4422 dispen-

1935 4457 2086 4503 sator
2113 4450 2346 4517 egregie,
2378 4463 2516 4502 nova
2557 4446 2714 4501 simul
2745 4452 2802 4500 et
2823 4453 3030 4512 vetera,
3053 4445 3248 4513 quibus
3276 4444 3521 4512 indigcné

1937 4550 2046 4596 tem
2093 4540 2408 4610 locupletes,
2450 4539 2775 4593 esurientem
2827 4550 3051 4605 pascas,
3087 4535 3389 4604 imperitum
3415 4534 3514 4588 do-

241 4627 472 4703 cet-satus
494 4655 580 4703 est
606 4644 850 4716 (Daruch.
871 4658 944 4705 Ill,
960 4642 1072 4708 56).
1091 4639 1156 4692 Ει
1177 4653 1296 4693 cum
1315 4638 1455 4691 istud
1471 4635 1831 4690 testimonium
1867 4651 1911 4708 υ
1936 4647 2080 4699 cens,
2108 4631 2369 4689 dubitanti
2391 4629 2516 4697 quid
2537 4635 2801 4696 sequatur,
2818 4627 3084 4681 ostendas.

241 4738 298 4793 in
327 4739 571 4794 medium
605 4735 991 4806 prolerremus,
1025 4732 1130 4785 hoc
1167 4731 1326 4784 etiam
1369 4729 1456 4782 ille
1492 4741 1523 4781 e
1560 4727 1836 4784 contrario
1901 4781 1905 4784 λ
1941 4769 1947 4776 .

248 4823 456 4884 locutus
485 4816 575 4884 est
601 4845 613 4880 :
647 4825 720 4879 De
749 4823 885 4878 Filio
917 4823 1020 4876 hoc
1049 4821 1202 4886 dixit,
1249 4836 1358 4874 non
1407 4819 1474 4873 de
1504 4819 1611 4873 Deo
1642 4817 1832 4882 Patre;

243 4931 300 4972 et
322 4936 422 4989 ego
452 4922 521 4976 ad
553 4930 793 4988 praesens
823 4917 1036 4970 locutus
1055 4929 1174 4968 sum
1209 4931 1223 4964 ε
1259 4911 1414 4978 Quod
1443 4911 1600 4964 simul
1631 4909 1835 4979 pariter

250 5009 556 5077 ignoremus
580 5053 596 5077 ,
635 5011 701 5063 ad
749 5008 921 5062 sancti
958 5006 1126 5076 patris
1166 5003 1427 5072 Fulgentii
1454 5003 1710 5071 episcopi,
1748 5001 1833 5055 cui

250 5097 386 5154 Deus
417 5110 586 5155 tantm
633 5101 845 5153 virtutis
895 5097 1176 5151 scientiam
1205 5094 1410 5148 donare
1450 5093 1696 5159 dignatus
1724 5099 1832 5158 est,

248 5204 526 5248 recursum
583 5192 858 5253 faciamus,
889 5189 978 5258 qui
1009 5195 1206 5241 nostrae
1245 5184 1528 5253 imperitiae
1558 5199 1653 5252 per
1681 5165 1832 5251 pate-

250 5278 536 5338 factionezn
555 5284 855 5336 divinarum
867 5281 1263 5349 Scripturarum
1286 5277 1444 5347 plano
1463 5288 1714 5329 sermone
1731 5273 1835 5327 iter

250 5372 514 5424 ostendat.
576 5369 727 5424 Unde
778 5384 862 5422 me
912 5369 1015 5421 tuis
1059 5383 1125 5422 co
1184 5365 1444 5420 mendans
1497 5360 1835 5417 orationibus

249 5465 463 5527 sanctis,
501 5472 629 5533 peto
681 5477 774 5531 per
819 5461 968 5514 illum
1016 5461 1104 5529 qui
1149 5460 1487 5513 sanctitatem
1515 5463 1659 5510 tuam
1685 5463 1833 5508 tanta

250 5555 414 5617 gratia
447 5552 773 5615 muneravit,
798 5558 855 5604 ut
877 5551 1064 5617 iubeas
1092 5566 1190 5604 nos
1225 5557 1282 5602 ut
1314 5549 1486 5603 bonus
1513 5556 1666 5618 pater
1710 5562 1830 5615 quae

253 5640 564 5711 ignoramus
596 5643 854 5708 imbuere,
877 5650 931 5695 et
971 5640 1038 5694 de
1067 5641 1157 5694 illo
1181 5639 1325 5694 fonte
1355 5640 1494 5708 unde
1515 5654 1705 5694 omnes
1732 5639 1826 5693 oui

250 5732 432 5788 sitiunt
461 5733 745 5802 replentur
777 5731 1018 5786 inundes.

315 5823 367 5875 4.
399 5823 465 5875 Et
499 5824 647 5876 [inita
676 5824 975 5886 locutione,
1028 5822 1162 5876 alius
1210 5836 1240 5874 c
1280 5821 1433 5908 nouis
1479 5820 1652 5878 dixit.
1681 5819 1825 5888 quod

251 5929 482 5983 muscas,
529 5915 735 5986 puliccs
762 5923 815 5971 et
841 5915 1173 5987 scorpiones,
1209 5913 1291 5969 vel
1346 5909 1388 5968 si
1435 5928 1552 5982 quae
1606 5912 1832 5968 foediora

2009 4723 2063 4775 2.
2097 4722 2351 4789 Religiosi
2381 4719 2660 4788 cujusdam
2687 4719 2783 4772 viri
2833 4718 3060 4772 famulus
3100 4723 3258 4770 tntate
3305 4715 3512 4784 adoles-

1938 4831 2085 4880 cens,
2117 4815 2300 4870 colore
2325 4812 2598 4882 Ethiops,
2625 4827 2691 4866 ex
2721 4811 2920 4864 ultimis
2941 4809 3103 4864 credo
3131 4809 3372 4864 barbara:
3397 4822 3512 4876 pro-

1938 4905 2418 4978 vincizepartibus.
2450 4904 2538 4957 ubi
2572 4904 2714 4957 sicco
2741 4904 2869 4957 solis
2901 4901 3039 4971 ignei
3067 4900 3249 4954 calore
3296 4897 3512 4952 fuscan-

1939 5008 2042 5063 tnr,
2066 4998 2343 5059 adductus,
2375 4995 2624 5048 salutaris
2649 4993 2844 5047 lavacri
2877 4990 3102 5046 necdum
3125 4991 3296 5046 fuerat
3326 5004 3512 5057 asper-

1938 5090 2061 5156 gine
2086 5087 2392 5150 mundatus,
2415 5093 2508 5138 ant
2536 5085 2768 5137 micante
2798 5082 2994 5136 Christi
3017 5080 3188 5147 gratia
3209 5077 3510 5132 dealbatus.

1940 5179 2038 5234 llic
2056 5191 2184 5244 ergo
2212 5175 2548 5230 dominorum
2577 5173 2812 5228 ﬁdelium
2842 5170 3134 5240 diligentia,
3159 5168 3511 5236 sacramentis

1938 5268 2316 5326 ecclesiasticis
2358 5265 2708 5330 imbuendus,
2741 5264 2807 5318 ad
2837 5261 3119 5317 ecclesiam
3168 5256 3422 5322 traditur;
3455 5256 3508 5311 tit

1937 5381 2006 5420 ex
2027 5378 2176 5418 more
2195 5360 2637 5418 catechumenns;
2667 5364 2786 5426 post
2811 5355 3142 5420 aliquantum
3164 5347 3510 5404 nihilominus

1940 5457 2198 5527 temporis
2246 5454 2636 5524 propinquante
2687 5446 3024 5503 solemnitate
3081 5441 3316 5510 paschali
3369 5439 3509 5494 inter

1935 5555 2306 5617 competentes
2354 5544 2608 5606 oll‘ertur,
2639 5537 2912 5598 scribitur,
2946 5533 3188 5588 eruditur
3203 5551 3225 5603 .z
3258 5532 3506 5586 universa

1932 5653 2144 5709 quoque
2173 5637 2444 5706 religionis
2467 5632 2745 5688 catholica:
2795 5625 3099 5682 veneranda
3132 5624 3386 5696 mysteria
3411 5637 3506 5676 co-

1928 5744 2190 5798 gnoscens
2209 5737 2368 5803 atque
2390 5723 2706 5796 percipiens,
2729 5719 3000 5790 celebrato
3019 5715 3332 5772 solemniter
3351 5729 3505 5768 scru-

1931 5819 2085 5880 tinio.
2115 5834 2211 5887 per
2232 5817 2592 5871 cxorcismum
2641 5820 2827 5868 contra
2857 5809 3130 5864 diabolum
3169 5805 3502 5868 vindicatur;

1931 5911 2014 5966 cui
2043 5925 2102 5965 sc
2134 5908 2438 5964 renuntiare
2485 5912 2816 5972 constanter,
2848 5901 3004 5959 sicut.
3035 5898 3121 5981 hic
3170 5893 3501 5960 consuetudo
