4124 6464
585 392 690 450 379

1623 390 1681 447 S.
1718 384 2079 445 FULGENTII
2115 383 2429 444 EPISCOPI
2460 378 2827 446 RUSPENSIS

3749 391 3866 446 330

587 508 866 584 poscebat,
893 507 1171 565 auditurus
1198 507 1514 582 Symbolum
1536 507 1835 581 proﬁtetur.
1871 507 1990 579 Ipsa
2013 508 2161 563 insu-
2196 509 2247 568 Α
2269 506 2419 562 verbi
2447 506 2581 563 liber
2607 507 2728 562 sita
2758 506 2916 578 culpa
2946 505 3309 577 negligentim,
3339 521 3448 561 non
3479 512 3538 562 ut
3559 505 3650 562 ille
3677 515 3864 563 osten-

587 616 688 673 per
713 599 886 656 sancti
905 599 1146 672 Symboli
1169 599 1334 662 verba
1367 599 1678 655 memoriter
1705 599 1758 653 in
1787 605 2080 668 conspectu
2105 597 2170 649 fl-

589 691 725 747 delis
752 690 934 760 populi
970 690 1114 745 clara
1167 705 1298 745 voce
1343 691 1714 760 pronuntians,
1743 690 1888 760 piam
1931 689 2174 759 regulam

589 780 874 836 dominica:
903 780 1166 836 orationis
1219 781 1450 850 accepit.
1501 780 1778 850 Simulque
1819 780 1928 849 jam
1957 789 2012 836 et
2049 779 2177 850 quid

591 872 860 940 crederet,
891 879 946 927 et
973 872 1100 942 quid
1152 881 1335 927 oraret
1390 872 1713 940 intelligens,
1747 872 1924 927 futuro
1969 873 2176 943 baptis-

580 964 722 1021 rmati
755 964 1062 1034 parabatur,
1089 979 1209 1019 cum
1239 963 1416 1018 subito
1442 964 1691 1019 violentis
1723 963 1991 1018 invaditur
2011 963 2176 1018 febri-

589 1051 712 1120 bus,
735 1061 789 1108 et
817 1062 1093 1108 crescente
1118 1053 1300 1108 lethali
1323 1053 1632 1109 infirmitate
1661 1054 1924 1109 turbatur.
1948 1052 2178 1108 Persua-

593 1143 664 1198 sit
689 1143 892 1198 dierum
920 1144 1174 1208 brevitas,
1205 1151 1262 1198 ut
1284 1143 1351 1198 ad
1372 1143 1572 1199 fontem
1591 1160 1712 1200 eum
1730 1145 1938 1200 caeteris
1957 1145 2180 1200 abluen-

593 1233 696 1288 dus
723 1233 1050 1297 diflerrewr,
1078 1237 1192 1290 sive
1219 1235 1397 1305 potius
1420 1243 1747 1291 servaretur.
1766 1235 1978 1306 thuid
2007 1235 2178 1306 pluri-

547 1365 554 1372 ~
597 1341 696 1382 nus
723 1329 1011 1383 immorer?
1041 1327 1185 1382 Hora
1218 1337 1470 1398 exoptata
1524 1330 1732 1384 cunctis
1773 1329 2098 1392 advenerat,
2125 1329 2177 1382 in

593 1431 696 1486 qua
729 1418 958 1488 populus
1005 1418 1396 1488 acquisitionis,
1431 1417 1778 1489 Redemptori
1808 1435 1906 1474 suo
1929 1434 2025 1488 per
2048 1418 2182 1488 bap-

595 1508 808 1562 tismum
839 1510 1202 1579 consepultus,
1245 1510 1409 1564 vitam
1436 1519 1675 1566 veterem
1722 1519 1967 1582 poneret,
2000 1521 2056 1566 et
2084 1528 2182 1567 no-

591 1611 713 1654 vam
757 1601 1172 1655 resurrectionis
1197 1598 1355 1654 fidem
1378 1601 1663 1656 innovatus
1689 1609 2003 1656 assumeret.
2033 1599 2183 1656 Tunc

593 1691 683 1745 ille
729 1691 782 1745 in
832 1699 1076 1748 extremo
1125 1691 1294 1747 halitu
1352 1694 1694 1759 constitutus,
1728 1694 1845 1748 sine
1873 1709 2032 1760 voce,
2065 1694 2181 1750 sine

593 1790 764 1849 motu,
791 1783 908 1838 sine
948 1799 1130 1850 sensu,
1160 1785 1290 1838 nihil
1317 1785 1502 1841 valens
1529 1786 1798 1841 sacerdoti
1828 1786 2179 1855 interroganti

2274 599 2434 654 datur
2458 614 2685 655 consors
2706 600 3082 671 particepsque
3097 598 3617 669 justitiaMaxime,
3647 599 3771 670 quia
3796 598 3869 652 li-

2275 697 2365 744 cet
2409 690 2610 744 multos
2659 690 2712 744 in
2765 691 2865 745 hac
2913 705 2975 745 re
3003 689 3211 745 moveri
3239 689 3474 752 videam,
3506 703 3650 758 saepe
3680 696 3868 743 tamen

2277 783 2398 852 plus
2418 783 2534 852 ipse
2554 797 2928 848 commoveor;
2953 782 3208 837 haesitans
3233 782 3406 853 qualis
3433 780 3628 836 debeat
3678 781 3872 837 haberi

2278 873 2545 928 sententia
2594 873 2662 928 de
2710 874 2796 929 his
2839 873 2954 944 qui,
3002 873 3217 928 etiamsi
3245 873 3480 942 legitime
3505 888 3641 928 sana
3688 882 3892 928 mentes

2279 963 2636 1033 baptizantur,
2665 963 3026 1034 prmvenienle
3048 965 3286 1019 velet-ius
3314 972 3509 1029 morte,
3532 979 3755 1019 carnem
3766 962 3874 1018 Do~

2282 1057 2412 1111 mini
2442 1057 2768 1112 manducare
2820 1065 2876 1112 et
2905 1057 3216 1126 sanguinem
3243 1056 3362 1126 ejus
3409 1057 3596 1112 bibere
3641 1074 3753 1110 non
3799 1055 3876 1110 si—

2281 1156 2503 1204 nuntur.
2534 1147 2670 1202 Nota
2698 1148 2896 1217 quippe
2925 1155 3050 1203 sunt
3078 1147 3324 1203 fidelibus
3352 1147 3653 1202 Salvatoris
3708 1147 3876 1202 verba

2279 1239 2509 1316 dicentis
2535 1256 2547 1292 :
2582 1238 2704 1294 Nisi
2730 1240 3166 1294 manducaveritis
3189 1256 3410 1294 carnem.
3441 1239 3566 1294 Filii
3622 1239 3874 1304 hominis,

2280 1341 2328 1384 et
2350 1330 2578 1385 biberitis
2608 1332 2719 1401 ejus
2748 1331 3075 1400 sanguinem,
3101 1347 3202 1386 non
3235 1329 3484 1386 habebitis
3514 1333 3672 1384 vitam
3703 1333 3758 1384 in
3785 1346 3876 1383 vo-

2283 1422 2359 1477 bis
2391 1423 2572 1494 (Joan.
2602 1438 2675 1490 vi,
2699 1421 2813 1492 54);
2851 1420 3002 1478 Unde
3055 1421 3308 1490 petimus,
3361 1429 3422 1474 ut
3467 1420 3727 1476 velociori
3787 1435 3877 1474 re-

2283 1513 2574 1584 sponsione
2603 1528 2702 1568 nos
2731 1513 3002 1568 instruas:
3035 1520 3212 1566 utrum
3237 1519 3447 1577 noceat,
3479 1520 3743 1582 quantum
3774 1526 3880 1564 uo-

2281 1614 2422 1672 eeat,
2471 1620 2542 1660 an
2589 1605 2811 1662 omnino
2853 1604 2987 1659 nihil
3016 1611 3229 1666 noceat,
3261 1603 3306 1657 si
3334 1603 3456 1672 quis
3483 1602 3796 1672 baptizatus
3826 1600 3878 1654 in

2289 1699 2512 1754 nomine
2541 1704 2744 1755 sanctae
2793 1695 3075 1752 Trinitatis
3102 1711 3258 1752 sacro
3279 1695 3402 1750 cibo
3439 1702 3680 1766 potaque
3733 1692 3879 1748 frau-

2283 1790 2458 1845 detur.
2509 1788 2681 1845 Simul
2729 1788 2800 1843 ad
2845 1796 3073 1858 utraque
3101 1785 3431 1857 respondere
3461 1784 3736 1853 dignatus,
3759 1798 3899 1853 qus:—

592 1875 940 1944 respondere,
969 1874 1324 1930 deferenlium
1355 1877 1600 1932 manibus
1620 1886 1936 1948 apportatur
1959 1895 1972 1942 ;
2004 1885 2059 1932 et
2079 1893 2176 1947 pro
2210 1892 2251 1952 Β
2280 1881 2697 1950 praesumptione
2719 1879 2958 1934 caritatis
2973 1876 3354 1946 interroganda
3377 1875 3667 1940 credimus,
3689 1883 3746 1930 et
3761 1890 3881 1945 quae

587 1979 663 2043 'co
712 1964 868 2021 nobis
909 1967 1062 2037 quasi
1115 1982 1214 2036 pro
1270 1966 1471 2021 infante
1501 1968 1966 2038 respondentibus,
1999 1976 2179 2023 mente

591 2057 1004 2114 absentissimus
1059 2061 1270 2130 accepit
1327 2060 1676 2129 baptismum,
1718 2076 1878 2130 quem
1925 2075 1984 2116 se
2026 2076 2180 2116 acce-

591 2149 755 2218 pisse,
787 2157 908 2218 post
931 2151 1203 2221 paululum
1235 2158 1500 2220 mortuus,
1532 2150 1583 2204 in
1606 2151 1707 2206 hac
1736 2152 2004 2222 pnesenti,
2034 2151 2178 2206 arbi-

593 2246 726 2307 tror,
757 2241 863 2295 vita
889 2241 1136 2297 nescivit.

662 2330 717 2386 3.
765 2330 957 2398 Quaeso
989 2349 1131 2390 nunc
1161 2343 1338 2389 utrum
1372 2335 1500 2389 nihil
1531 2336 1596 2390 ad
1641 2343 1898 2391 aeternam
1931 2321 2180 2390 ‘beatitu-

591 2423 774 2494 dinem
829 2425 1267 2496 consequendam
1327 2443 1430 2482 vox
1485 2427 1663 2486 ablata
1715 2427 1978 2481 nocuerit.
2013 2426 2181 2482 Valde

593 2517 735 2572 enim
759 2518 923 2572 timeo
953 2533 1021 2572 ne.
1044 2527 1334 2588 propterea
1377 2519 1654 2584 Dominus,
1681 2520 1768 2575 cui
1797 2519 1975 2574 omnia
2005 2521 2180 2590 possi-

593 2604 721 2662 bilia
769 2617 914 2675 sunt,
956 2607 1262 2664 facultatem
1320 2610 1568 2679 loquendi
1625 2612 2006 2680 denegaverit,
2037 2610 2181 2682 quod

593 2713 716 2755 curn
747 2697 1008 2754 beneficio
1029 2701 1278 2754 secundae
1298 2702 1591 2756 nativitatis
1599 2701 1861 2770 judicavit
1883 2702 2175 2772 indignum.

541 2833 552 2842 τ
595 2789 878 2859 Quomodo
904 2807 1134 2864 namque
1175 2794 1414 2863 potuerit
1458 2803 1590 2849 tetas
1617 2795 1707 2848 illa
1738 2795 1961 2849 rationis
2009 2811 2181 2864 capax

595 2881 769 2954 aliena
799 2882 1138 2938 confessione
1169 2883 1404 2953 purgari,
1443 2900 1548 2939 non
1579 2885 1756 2939 video.
1804 2883 1994 2940 Nonne
2035 2884 2181 2940 solos

593 2973 847 3042 parvulos
876 2975 977 3029 rite
1005 2975 1272 3030 credimus
1296 2975 1634 3032 offerentium
1668 2977 1770 3031 fide
1799 2976 2013 3039 salvari,
2045 2991 2180 3044 quos

595 3064 842 3134 originali
891 3073 1095 3120 tantum
1159 3067 1406 3131 novimus
1461 3067 1747 3136 iniquitate
1794 3067 2084 3121 damnari?
2123 3066 2181 3120 ιιι

596 3167 788 3230 agente
811 3157 986 3212 divina
1013 3157 1220 3228 justitia
1251 3160 1400 3214 miris
1430 3160 1620 3225 modis,
1677 3170 1735 3214 ut
1780 3159 2180 3228 quodammodo

2285 1969 2466 2024 multis
2498 1969 2778 2024 utilissima
2809 1969 2925 2024 fore
2945 1967 3314 2037 suggerimus-
3333 1967 3476 2023 Deus
3494 1974 3685 2021 noster
3707 1974 3879 2035 pater-

2283 2061 2507 2116 nitatem
2529 2073 2763 2116 vestram
2806 2059 2874 2114 ad
2896 2054 3572 2115 aedificationem‘nostram
3598 2056 3880 2112 custodire

2282 2152 2549 2222 dignetur,
2577 2151 2796 2207 domine
2823 2151 2896 2206 mi
2927 2164 3144 2220 semper
3168 2158 3338 2220 pater.

2745 2285 2908 2356 216
2937 2280 3268 2337 EPISTOLA
3296 2277 3420 2337 ΧΠ..

2285 2396 2590 2469 Fulgentius
2615 2394 2661 2448 F
2665 2397 2889 2469 errando
2918 2395 3247 2469 respondens
3265 2393 3342 2446 ad”
3362 2395 3659 2469 propositas
3710 2409 3882 2464 quies-

2535 2469 2696 2521 tiones
2720 2467 2782 2520 de
2804 2467 2971 2521 salute
3003 2465 3274 2535 'zEtliiopis
3307 2465 3621 2518 moribundi.

2357 2579 2583 2634 Domino
2616 2579 2903 2633 venerabili
2928 2585 2981 2632 et
3008 2579 3059 2631 in
3089 2575 3284 2630 Christi
3331 2575 3555 2631 Caritate
3589 2553 3885 2646 plurimum

2285 2671 2647 2737 desiderabili,
2683 2681 2872 2726 sancto
2919 2671 3068 2725 fratri
3117 2678 3172 2724 et
3221 2669 3556 2724 condiacono
3590 2669 3898 2727 Faunum.

2284 2761 2643 2826 FULGENTIL‘S,
2668 2777 2944 2818 servorum
2968 2761 3164 2816 Christi
3189 2759 3439 2821 famulus.
3465 2761 3518 2814 in
3534 2760 3773 2816 Domino
3795 2779 3885 2818 sa-

2288 2855 2475 2910 lutem.

2355 2967 2536 3022 CAPUT
2567 2968 2730 3022 i.—l.
2761 2945 3004 3031 Gaudeo,
3038 2976 3224 3023 sancte
3248 2969 3433 3036 frater,
3457 2967 3602 3038 quod
3636 2969 3690 3023 in
3713 2969 3883 3024 corde

2286 3066 2379 3113 tuo
2408 3057 2617 3112 flamma
2645 3060 2905 3128 caritatis,
2935 3075 3053 3128 quae
3078 3075 3175 3130 per
3199 3058 3456 3129 Spiritum
3481 3069 3730 3114 sanctum
3783 3059 3889 3114 dif-

2286 3148 2543 3214 funditur,
2570 3151 2741 3218 gratia
2772 3150 2997 3205 subinde
3019 3160 3297 3206 crescente
3327 3151 3561 3205 nutritur
3586 3170 3598 3205 :
3629 3167 3756 3221 qua:
3810 3151 3891 3206 fa-

597 3239 689 3316 ubi
713 3249 941 3305 minime
962 3253 1198 3325 propria,
1222 3251 1276 3306 id
1304 3261 1388 3306 est,
1416 3253 1640 3307 actualis
1661 3253 1863 3306 malitia
1889 3253 2176 3322 reperitur,
2211 3284 2255 3345 Ο
2285 3245 2360 3298 Cit
2389 3245 2439 3298 ill
2489 3244 2571 3299 his
2600 3258 2718 3312 qua:
2747 3243 2997 3298 videnlur
3025 3244 3297 3314 plerisque
3327 3245 3489 3299 dubia
3535 3236 3907 3301 manifestum

597 3340 702 3395 rite
735 3355 836 3396 nec
885 3341 1101 3410 propria
1129 3343 1379 3400 voluntas
1408 3344 1745 3413 requiratur;
1773 3344 1866 3399 sed
1898 3360 1993 3414 per
2017 3344 2180 3398 abun-

598 3429 833 3484 dantiam
877 3429 1065 3500 gratim
1107 3430 1286 3499 detur,
1318 3432 1437 3486 aliis
1465 3432 1827 3498 credentibus,
1860 3435 2024 3500 salus,
2065 3435 2184 3504 qni-

598 3519 718 3587 bus,
751 3521 869 3576 aliis
901 3523 1267 3592 peccantibus,
1316 3531 1501 3578 reatus
1555 3525 1819 3593 ascriptus
1871 3533 1973 3578 est.
2009 3524 2076 3577 At
2103 3524 2188 3578 hic

599 3613 820 3685 proprio
848 3613 1064 3670 vivebat
1083 3615 1305 3670 arbitrio
1340 3635 1351 3668 :
1386 3631 1549 3686 super
1578 3617 1707 3671 illud
1750 3617 1895 3687 quod
1923 3616 1989 3672 dc
2011 3618 2185 3672 radice

599 3711 838 3758 traxerat
882 3704 1051 3758 multa
1090 3705 1208 3760 sine
1247 3705 1412 3761 dubio
1456 3706 1582 3761 vitia
1631 3707 1846 3776 propria
1897 3707 2189 3778 cupiditate

599 3803 964 3862 contraxerat,
992 3795 1345 3865 plurimorum
1386 3806 1731 3868 peccatorum
1761 3800 1920 3880 215
1962 3780 2188 3852 vinculis

600 3885 888 3957 obligatus,
921 3895 978 3942 et
1009 3904 1116 3944 non
1149 3890 1248 3945 nisi
1289 3891 1595 3945 voluntaria
1623 3890 1946 3946 credulitate
1974 3892 2188 3946 salvan—

600 3980 718 4047 dus,
749 3995 911 4051 quam
961 3981 1014 4036 in
1046 3982 1138 4037 illo
1182 3982 1570 4053 redemptionis
1617 3983 1737 4038 loco
1779 3984 2055 4048 confiteri,
2089 3999 2188 4040 nec

600 4072 789 4152 voluit,
819 4089 920 4130 nec
945 4074 1145 4141 valuit;
1198 4075 1289 4144 qui
1321 4075 1451 4130 nihil
1504 4076 1769 4141 sentiens,
1802 4075 1940 4131 velle
1966 4077 2188 4133 omnino

601 4163 806 4232 aliquid
850 4181 957 4220 non
998 4166 1186 4220 valuit.
1219 4165 1300 4220 An
1357 4166 1599 4222 fortassis
1649 4167 1872 4222 scientis
1917 4168 2188 4238 pmterita

602 4252 870 4309 confessio
901 4256 1274 4310 remisSionetn
1323 4266 1667 4325 peccatorum
1695 4258 1890 4312 meruit
1917 4258 2080 4313 etiam
2102 4275 2190 4313 ne-

603 4343 833 4398 scienti?
854 4341 962 4398 Sed
993 4344 1098 4400 hoc
1128 4344 1311 4400 dicere
1334 4345 1542 4409 dubito,
1576 4362 1642 4401 ne
1671 4347 1792 4415 quis
1821 4347 1948 4402 mihi
1979 4348 2188 4402 veraci-

603 4438 689 4486 ter
711 4431 855 4486 dicat
880 4449 892 4486 :
923 4431 1066 4502 Ergo
1086 4433 1267 4490 salvus
1287 4443 1448 4498 esset,
1479 4436 1525 4490 si
1555 4452 1654 4491 nec
1675 4437 1742 4491 ad
1774 4437 1942 4507 ipsam
1973 4437 2189 4492 tinctio-

605 4539 727 4578 nem
743 4524 987 4594 corporis
1002 4526 1362 4595 pervenisset;
1389 4528 1670 4596 quoniam,
1699 4529 1841 4583 sicut
1863 4529 2079 4594 asseris,
2103 4545 2191 4583 ex-

2291 3335 2490 3404 aliquid
2522 3335 2591 3390 de
2622 3335 2816 3390 litteris
2835 3350 3158 3405 agnoscere;
3185 3350 3252 3391 ne
3277 3336 3403 3391 dum
3434 3336 3771 3405 amb'gu-itas
3792 3338 3892 3393 ha-

2291 3429 2449 3483 betur
2472 3430 2524 3483 in
2554 3429 2670 3498 ipso
2692 3437 3034 3484 sacramento
3058 3429 3265 3494 salutis,
3296 3436 3517 3499 putetur
3546 3429 3599 3482 in
3653 3445 3892 3486 vacuum

2289 3520 2632 3576 credentibus
2651 3521 2766 3575 dari
2789 3521 2956 3590 gratia
2987 3521 3296 3576 Salvatoris.

2363 3610 2414 3664 2.
2460 3611 2601 3666 Dicis
2639 3611 2838 3678 itaque,
2862 3612 3002 3680 quod
3027 3613 3254 3682 religiosi
3283 3611 3554 3682 cujusdam
3575 3612 3673 3665 viri
3701 3614 3893 3682 famas-

2293 3704 2391 3766 lus,
2425 3713 2576 3758 (etate
2601 3704 2922 3768 adolescens,
2950 3705 3122 3758 colore
3143 3702 3415 3774 zEthiops,
3448 3705 3788 3759 dominorum
3831 3706 3894 3776 [δ.

2291 3796 2482 3850 delium
2504 3796 2776 3866 diligentia
2804 3797 3145 3849 sacramentis
3168 3795 3532 3850 ecclesiasticis
3553 3795 3895 3858 imbuendus,

2293 3891 2447 3962 fuerit
2476 3889 2545 3942 ad
2565 3890 2830 3942 ecclesiam
2858 3888 3103 3954 traditus,
3144 3897 3193 3941 et
3213 3904 3278 3941 ea:
3308 3905 3450 3942 more
3477 3887 3888 3942 catechumenus

2293 3985 2482 4054 factus.
2514 3981 2641 4035 Post
2669 3982 2992 4052 aliquantum
3021 3980 3357 4034 nihilominus
3387 3990 3609 4050 tempus,
3663 3982 3896 4050 propin-

2292 4083 2480 4144 quante
2507 4073 2832 4126 solemnitate
2859 4071 3114 4141 paschali,
3131 4073 3269 4124 inter
3287 4080 3630 4140 competentes
3661 4070 3897 4135 oblatus,

2290 4167 2529 4236 scriptus,
2546 4165 2797 4232 eruditus,
2818 4164 3054 4217 universa
3075 4181 3270 4236 quoque
3290 4165 3557 4236 religionis
3572 4165 3897 4219 Christiana:

2292 4255 2582 4310 veneranda
2611 4255 2854 4324 mysteria
2879 4270 3190 4324 cognoscens
3221 4263 3373 4326 atque
3402 4256 3717 4326 percipiens,
3751 4258 3897 4310 cele-

2293 4347 2439 4400 brato
2462 4347 2675 4399 solemni
2697 4347 2966 4410 scrutinio,
2989 4362 3082 4414 per
3110 4348 3454 4400 exorcismnm
3483 4356 3665 4400 contra
3699 4347 3898 4402 diabo-

2291 4439 2395 4493 lum
2447 4440 2602 4508 [iterit
2646 4438 2967 4501 vindicatus;
3017 4438 3097 4490 cui
3137 4455 3192 4491 se
3233 4439 3534 4491 renuntiare
3561 4447 3895 4498 constanter.

2292 4532 2422 4583 sicut
2451 4527 2704 4582 Ecclesia:
2732 4526 3209 4604 [Carthaginensis,
3236 4527 3287 4581 in
3317 4544 3420 4598 qua
3447 4527 3581 4596 jam,
3613 4527 3728 4583 Deo
3761 4546 3891 4599 pro.

604 4615 856 4686 piationis
878 4615 1127 4670 meritum
1151 4631 1246 4686 per
1269 4618 1523 4689 mysteria
1555 4626 1822 4674 transacta
1854 4628 2146 4692 meruerat.
2223 4663 2271 4722 υ
2297 4619 2447 4688 pitio,
2466 4617 2725 4672 diaconus
2747 4615 3315 4687 militas],consuetado
3335 4619 3598 4688 poscebat,
3617 4621 3916 4677 auditurus.

610 4777 612 4779 ν
675 4704 728 4759 4.
770 4703 1072 4770 Postremo,
1100 4723 1196 4761 cur
1219 4723 1326 4762 non
1347 4708 1510 4762 etiam
1553 4719 1795 4765 mortuos
1841 4708 2194 4780 baptizemus,

541 4837 552 4846 .
605 4813 743 4867 quos
768 4813 924 4853 sacro
953 4797 1275 4868 baptismate
1313 4802 1593 4870 repentina
1615 4817 1756 4871 szepe
1779 4817 1925 4856 mors
1955 4801 2190 4867 abstulit,

606 4888 701 4944 sed
747 4904 932 4944 eorum
984 4896 1162 4944 tanien
1189 4891 1458 4960 voluntas,
1491 4891 1770 4961 fidelisque.
1818 4891 2035 4946 devotio
2065 4899 2192 4946 nota

605 4980 854 5036 omnibus
907 4980 1043 5037 fuit?
1094 4981 1190 5038 Cui
1235 4983 1360 5038 talia
1406 4984 1751 5054 respondenti
1799 4984 1845 5038 si
1872 4998 2194 5038 consensum

606 5074 845 5143 praibere
873 5082 1174 5139 tentavero,
1200 5089 1392 5144 magna
1415 5075 1557 5130 illico
1577 5079 1818 5144 sequitur
1859 5073 2192 5138 absurditas;

611 5173 668 5217 ut
687 5173 921 5234 putetur,
955 5165 1058 5221 illis
1089 5173 1296 5220 tantum
1328 5167 1594 5236 mysteriis
1617 5164 2007 5220 sufficientibus
2028 5173 2083 5219 et
2109 5179 2196 5219 sa-

607 5254 768 5310 lutem
794 5257 1004 5326 plenam
1028 5256 1450 5321 conferentibus,
1475 5272 1666 5324 aquam
1688 5257 1849 5310 fontis
1872 5256 2058 5310 aeterni
2088 5271 2194 5310 non

607 5348 998 5404 renasciturum
1026 5349 1321 5418 suscipere,
1350 5346 1444 5402 sed
1473 5355 1737 5401 renatum.
1769 5346 1938 5402 Video
1989 5347 2040 5400 in
2092 5350 2196 5403 hoc

607 5443 834 5498 articulo
855 5459 1014 5515 posse
1041 5443 1290 5498 usitatam
1311 5454 1576 5495 canonum
1599 5440 1825 5508 proponi
1847 5440 2191 5506 sententiam,

608 5544 727 5607 qua:
749 5537 987 5591 infirmos
1003 5534 1178 5603 jubet,
1207 5533 1250 5588 si
1274 5547 1372 5601 pro
1397 5546 1456 5586 se
1478 5529 1806 5600 respondere
1829 5545 1936 5583 non
1958 5530 2190 5597 valeant,

607 5625 700 5680 sed
729 5642 915 5681 eorum
946 5623 1210 5678 voluntati
1233 5621 1597 5676 testimonium
1617 5622 1701 5678 sui
1721 5621 1938 5690 proprio
1961 5621 2200 5689 periculo

608 5718 858 5780 dixerint,
891 5713 1176 5786 baptizari.
1208 5712 1320 5768 Sub
1343 5727 1448 5782 qua
1477 5711 1787 5767 definitione
1831 5711 2000 5780 magis
2052 5711 2197 5767 arbi-

609 5819 724 5865 trar
751 5811 875 5880 quid
909 5807 1146 5864 Ecclesia
1176 5806 1352 5861 facere
1401 5806 1596 5861 debeat
1643 5807 1983 5876 imperatum,
2038 5819 2198 5874 quam

607 5899 738 5970 quid
769 5901 853 5955 ille
887 5898 1146 5971 percipiat
1180 5895 1488 5950 indicatum.
1534 5896 1790 5952 Videlicet
1848 5903 1904 5950 ut
1957 5893 2200 5950 minister

2299 4709 2599 4780 Symbolum
2631 4709 2784 4781 fuerit
2823 4711 3106 4781 professus.
3139 4708 3260 4763 Jam
3290 4712 3502 4780 insuper
3529 4714 3700 4765 sancti
3733 4713 3900 4783 εφη-

2297 4800 2399 4854 boli
2442 4798 2592 4854 verba
2621 4801 2915 4853 memoriter
2950 4802 3003 4852 in
3029 4809 3304 4869 conspectu
3330 4801 3499 4869 ﬁdelis
3531 4803 3710 4872 populi
3741 4806 3900 4856 clara

2296 4909 2416 4948 voce
2457 4894 2821 4963 pronuntians,
2868 4893 3005 4960 piam
3050 4892 3277 4960 regulam
3319 4892 3597 4946 dominicae
3637 4895 3904 4947 orationis

2297 4986 2512 5053 accepit.
2543 4981 2644 5046 Qi
2667 4984 2819 5035 simul
2827 4984 2961 5053 jam,
2995 4989 3042 5034 et
3071 4981 3196 5051 quid
3215 4982 3466 5049 crederet,
3489 4990 3538 5035 et
3568 4984 3695 5054 quid
3721 4996 3920 5038 oraret-

2255 5067 2260 5071 ’
2295 5077 2607 5146 intelligens,
2651 5077 2823 5145 futuro
2872 5072 3169 5141 baptismati
3218 5075 3522 5142 parabatur.
3559 5074 3727 5139 Quem
3768 5078 3905 5131 dicis

2303 5171 2536 5224 violentis
2557 5168 2781 5240 febribus
2804 5168 3054 5230 invasam,
3081 5175 3129 5218 et
3159 5177 3418 5220 crescente
3447 5167 3630 5221 letliat'i
3669 5170 3907 5238 inﬁrmi-

2303 5266 2408 5312 tate
2438 5259 2710 5312 turbatum.
2748 5256 2946 5326 Adjicis
2975 5265 3141 5308 autem
3171 5258 3308 5325 quod
3347 5262 3666 5326 persuaserit
3693 5261 3907 5313 dierum

2301 5350 2522 5403 brevitas
2572 5360 2627 5401 ut
2653 5347 2722 5400 ad
2743 5351 2932 5418 fontem
2969 5363 3081 5399 cum
3107 5349 3306 5400 cwteris
3336 5348 3621 5402 abluendus
3651 5350 3906 5419 cli/ferre.

2302 5449 2402 5501 tur,
2433 5440 2538 5493 sive
2564 5439 2734 5508 potius
2763 5445 3070 5490 servaretur.
3100 5435 3241 5490 Dicis
3271 5454 3468 5508 quoque
3493 5440 3773 5494 advenisse
3804 5443 3906 5495 lio-

2300 5548 2414 5585 ram
2455 5538 2749 5601 exoptatam
2798 5529 3012 5589 cunctis,
3057 5528 3110 5580 in
3153 5545 3252 5597 qua
3291 5529 3510 5597 papulas
3534 5533 3907 5602 acquisitionis

2307 5623 2635 5692 Redemptori
2661 5639 2754 5684 suo
2773 5640 2863 5691 per
2891 5623 3198 5693 baptismum
3218 5625 3548 5695 consepultus
3577 5625 3736 5680 vitam
3761 5638 3905 5682 rete-

2301 5733 2409 5770 rem
2429 5715 2726 5785 deponeret,
2750 5725 2798 5769 et
2821 5732 3000 5772 novam
3022 5715 3409 5769 resurrectionis
3433 5716 3593 5785 ﬁdem
3618 5718 3907 5772 innovatus

2302 5814 2603 5860 assumeret.
2639 5803 2781 5887 Tang
2812 5805 2918 5870 ille,
2942 5813 2996 5856 ut
3026 5803 3123 5867 ais,
3151 5805 3204 5856 in
3228 5813 3458 5858 extremo
3488 5805 3657 5858 hali'u
3697 5810 3904 5860 consti-

2303 5909 2460 5962 tutus,
2513 5898 2624 5950 sine
2664 5915 2798 5957 race.
2850 5900 2959 5953 sine
2997 5905 3154 5961 motu,
3204 5899 3314 5950 sine
3346 5915 3516 5965 sensu,
3552 5900 3689 5953 nihil
3719 5901 3908 5956 ralens
