4124 6514
307 459 395 520 381

1617 545 1619 548 ⁴
1679 477 2010 538 EPISTOLA
2048 477 2164 539 xu.

3447 493 3577 550 589.⁴

276 645 278 648 ν
307 574 558 630 sacerdoti
577 576 918 651 interroganti
937 587 1258 654 respondere,
1285 587 1618 660 deferentium
1639 593 1875 646 manibus
1904 599 1950 657 Α
1979 598 2204 665 guinem,
2231 611 2332 650 non
2355 595 2604 651 habebitis
2626 598 2784 652 vitam
2805 598 2861 652 in
2881 599 3020 654 vobis
3051 600 3231 674 (Joan.
3263 620 3335 670 γι,
3373 605 3486 678 54).
3526 629 3547 664 s
3605 613 3616 629 ‘

307 677 624 738 apportatur,
655 681 704 724 et
730 691 823 742 pro
843 691 901 728 eo
925 677 1083 744 vobis,
1110 683 1260 750 quasi
1286 685 1628 756 proinfante,
1655 704 1874 757 respon-

307 759 558 829 dentibus,
579 780 693 816 men
701 774 747 818 te
765 767 1148 826 absentissimus
1163 776 1357 845 accepit
1372 777 1708 846 baptismum;
1730 797 1874 852 quem

305 867 356 904 se
383 854 661 922 accepisse,
692 867 806 925 post
831 859 1094 928 paululum
1121 874 1368 931 mortuus,
1399 867 1452 920 in
1479 867 1579 921 hac
1612 872 1873 938 prtesenti,

273 943 276 948 ’
302 949 548 1010 quantum
577 942 865 1011 arbitraris,
898 947 1000 1002 vita
1021 953 1248 1005 nescivit.
1324 1010 1327 1012 _
1491 1017 1494 1020 ,

369 1031 500 1086 Car.
541 1026 612 1119 Vn.
663 1069 732 1115 τ-
759 1036 810 1090 5.
864 1030 976 1116 Hac
1022 1031 1201 1110 itaque
1255 1045 1562 1110 narratione
1607 1048 1874 1118 completa

301 1123 491 1182 deinde
515 1129 914 1196 qu:eris,utrum
933 1134 980 1186 ei
1003 1135 1133 1206 nihil
1147 1135 1216 1189 ad
1237 1145 1486 1214 aeternam
1506 1139 1874 1196 beatitudinem

301 1221 710 1291 consequendam
746 1239 842 1300 vos;
869 1226 1050 1296 ablata,
1069 1230 1318 1296 nocuerit.
1349 1234 1517 1302 217.
1540 1232 1704 1288 Valde
1733 1235 1873 1290 enim

299 1316 354 1364 le
382 1313 571 1397 timere
607 1316 838 1390 testaris,
871 1333 934 1371 ne
963 1327 1236 1392 prapterea
1263 1320 1422 1387 Deus,
1453 1325 1535 1378 cui
1556 1327 1729 1380 omnia
1757 1343 1877 1397 pos-

297 1403 474 1457 sibilia
495 1391 648 1478 sunt,
659 1409 959 1482 facultatem
978 1410 1219 1482 loquendi
1245 1413 1593 1486 denegaverit,
1607 1418 1742 1488 quod
1757 1391 1876 1472 eum

267 1575 272 1580 ι
297 1495 546 1568 beneﬁcio
576 1502 817 1556 secunda?
837 1505 1118 1567 nativitatis
1136 1505 1389 1575 judicarit
1423 1507 1710 1578 indignum.
1736 1505 1876 1568 Dicis

295 1602 514 1656 quoque
545 1598 598 1645 te
650 1607 758 1646 non
789 1592 972 1649 videre
1013 1596 1286 1664 quomodo
1332 1597 1569 1666 potuerit
1617 1608 1744 1652 tetas
1784 1598 1875 1656 illa

293 1683 517 1750 rationis
547 1699 714 1762 capas:
739 1685 911 1759 aliena
932 1688 1254 1755 confessione
1277 1691 1512 1759 purgari,
1543 1707 1602 1744 eo
1631 1690 1766 1759 quod
1791 1707 1877 1744 so-

292 1774 372 1826 los
418 1777 668 1846 parvulos.
699 1767 833 1832 recte
878 1779 1143 1846 credamus
1174 1781 1496 1848 o/I'erentium
1533 1782 1636 1851 ﬁde
1662 1783 1874 1856 salvari,

293 1880 420 1934 quos
450 1866 693 1945 originali
731 1876 930 1942 tantum
957 1872 1184 1924 novimus
1215 1872 1485 1940 iniquitate
1512 1873 1790 1926 damnari:
1822 1873 1876 1926 id

1979 685 2180 740 Deinde
2210 686 2351 756 petis,
2377 695 2436 740 ut.
2473 687 2726 743 velociori
2765 691 3117 759 responsione
3144 710 3241 748 vos
3270 695 3550 764 instruant,

1976 786 2148 830 utrum
2175 786 2376 844 noceat,
2419 791 2668 851 quantum
2713 792 2914 848 noceat,
2949 799 3016 837 an
3045 787 3256 841 omnino
3285 789 3414 842 nihil
3454 808 3551 846 no-

1975 878 2110 935 cent,
2132 870 2193 922 .si
2219 871 2330 941 quis
2360 871 2648 942 baptizatus
2686 874 2738 927 in
2769 877 2975 929 nomine
3001 885 3198 931 sancta:
3239 877 3510 935 Trinitatis
3533 921 3548 947 ,
3598 894 3605 900 ‘

1977 976 2125 1014 sacro
2171 963 2281 1017 cibo
2310 973 2530 1036 potuque
2573 967 2860 1037 fraudetur.
2895 969 3157 1036 Quoniam
3189 972 3348 1041 igitur
3391 975 3550 1032 simul

1976 1049 2043 1101 ad
2075 1058 2302 1120 utraque
2331 1067 2429 1107 nos
2468 1054 2794 1122 respondere
2823 1059 3018 1112 caritas
3054 1059 3303 1128 imperat,
3332 1061 3550 1131 dignum

1975 1147 2058 1194 est
2106 1149 2164 1194 ut
2209 1143 2496 1213 imperanti
2543 1147 2752 1201 caritati
2797 1149 2994 1230 caritas
3039 1151 3269 1207 libenter
3314 1155 3548 1214 obediat.

1976 1229 2265 1302 Speramus
2311 1244 2494 1290 autem
2535 1240 2790 1306 quoniam
2820 1229 2890 1294 ad
2932 1245 3095 1313 218
3137 1246 3550 1313 persolvendnm

1975 1319 2212 1376 debitum
2264 1324 2506 1380 caritatis
2545 1326 2684 1380 illius
2721 1329 2894 1397 gratia
2940 1329 3128 1386 adesse
3157 1332 3477 1402 dignabitur,
3519 1351 3550 1390 a

1965 1426 2084 1489 quo
2115 1413 2229 1482 ipsa
2253 1415 2452 1469 caritas
2478 1417 2790 1485 inspiratur.

1980 1561 1987 1566 -
2045 1525 2175 1580 Car.
2204 1529 2430 1581 m.——6.
2456 1528 2708 1584 Primitus
2731 1529 2911 1599 itaque
2937 1534 3244 1588 meminisse
3265 1550 3365 1590 nos
3385 1552 3549 1606 opor«

1976 1623 2056 1670 tet
2091 1617 2233 1671 illius
2258 1621 2538 1673 sententiae
2565 1635 2724 1690 quam
2753 1623 3078 1688 generaliter
3105 1624 3169 1677 ad
3214 1625 3430 1680 humani
3459 1641 3550 1682 sa-

1977 1707 2142 1762 lutem
2200 1710 2415 1778 generis
2475 1711 2835 1780 promulgavit
2891 1715 3122 1781 gratuita
3178 1716 3549 1775 benevolentia

1977 1795 2292 1852 Salvatoris.
2324 1797 2472 1852 lllam
2499 1801 2664 1868 porro
2695 1817 2838 1856 nunc
2861 1803 2983 1857 dico
3023 1806 3343 1859 sententiam
3391 1823 3548 1877 quam

1977 1885 2092 1955 ipse
2120 1885 2375 1944 Dominus
2405 1898 2552 1944 tanto
2585 1892 2822 1947 tenacius
2857 1893 3027 1948 voluit
3058 1895 3255 1950 nostris
3283 1899 3549 1954 mentibus

259 2018 266 2023 θ
291 1965 480 2034 agente
504 1956 891 2026 divinajustitia
919 1961 1062 2013 miris
1092 1960 1284 2027 modis,
1310 1969 1365 2013 ut
1386 1960 1759 2030 quodammodo
1789 1961 1864 2014 ubi

1976 1977 2256 2044 inhaerere,
2281 1994 2537 2050 quantum
2562 1999 2681 2038 eam
2710 1986 2914 2040 cunctis
2935 1989 3214 2057 praiceptis
3242 1990 3350 2044 suis
3371 1999 3549 2060 poste;

291 2043 506 2096 minime
535 2047 764 2116 propria,
797 2047 850 2100 id
877 2057 954 2102 est
983 2050 1223 2114 actualis,
1256 2049 1455 2104 malitia
1487 2053 1758 2121 reperitur,
1783 2070 1874 2106 nec

288 2135 508 2206 prapria
522 2135 668 2222 volun
677 2123 1076 2224 tas‘requiratur,
1091 2139 1181 2212 sed
1192 2157 1281 2210 per
1297 2140 1671 2196 abundantiam
1689 2145 1874 2214 gratia:

289 2227 459 2292 detur,
478 2229 597 2312 aliis
618 2228 960 2304 credentibus,
978 2230 1148 2300 salus,
1166 2231 1363 2304 quibus,
1386 2233 1502 2287 aliis
1522 2234 1868 2303 peccantibus,

287 2311 468 2384 reatus
493 2307 793 2400 adscriptas
819 2331 915 2376 est.
943 2319 1046 2396 ic
1068 2323 1324 2392 autem,ut
1341 2325 1547 2388 asseris,
1568 2326 1776 2395 proprio
1801 2326 1875 2379 vi-

287 2409 913 2482 vebat_arbitrio:super
940 2413 1071 2467 illud
1115 2416 1250 2486 quod
1299 2417 1362 2470 de
1406 2416 1578 2470 radice
1617 2424 1868 2484 traxerat,

256 2502 453 2580 -multu
490 2504 602 2558 sine
642 2501 796 2570 dubio
825 2506 944 2559 vitia
979 2508 1190 2577 prapria
1217 2507 1496 2577 cupiditate
1520 2516 1869 2577 contraxerat,

285 2595 627 2665 plurimorum
655 2588 983 2667 peccatorum.
1014 2599 1227 2652 vinculis
1267 2598 1544 2670 obligatus,
1569 2609 1616 2653 et
1641 2616 1742 2653 non
1769 2601 1870 2654 nisi

284 2688 579 2744 voluntaria
608 2688 910 2742 credulitate
937 2690 1232 2754 salvandus,
1260 2707 1412 2762 quam
1448 2691 1500 2744 in
1522 2691 1612 2744 illo
1637 2691 1870 2761 redemp-

285 2767 444 2832 tionis
493 2778 602 2833 loco
644 2779 879 2848 conﬁteri
928 2795 1019 2832 nec
1067 2779 1244 2845 voluit,
1291 2796 1386 2834 nec
1415 2781 1591 2848 valuit,
1625 2782 1709 2852 qui
1739 2781 1868 2834 nihil

283 2867 510 2922 sentiens
535 2859 654 2922 velle
674 2869 882 2946 omnino
903 2868 1097 2940 aliquid
1117 2886 1218 2923 non
1249 2869 1428 2923 valuit.

261 3029 268 3054 ί
327 2981 408 3035 4.
446 2981 541 3036 llis
579 2981 755 3058 verbis
784 2981 889 3048 tuis
917 2981 1020 3034 alia
1059 2981 1158 3036 sub
1193 2963 1398 3044 timore
1421 2982 1865 3050 interrogationis

281 3073 516 3143 opponis
544 3070 748 3138 dicens,
784 3089 799 3121 ι
835 3071 916 3122 An
950 3072 1187 3142 fortassis
1213 3071 1422 3124 scientia
1447 3072 1711 3141 praeterita
1741 3088 1864 3127 con.

280 3165 440 3234 fessio
467 3147 821 3216 remissionem
848 3169 1172 3229 peccatorum
1195 3162 1376 3214 meruit
1399 3161 1554 3214 etiam
1583 3162 1863 3215 nescienti?

267 3256 328 3313 Π
335 3273 418 3320 oc,
451 3254 640 3325 inquis,
673 3252 842 3307 dicere
869 3250 1044 3305 dubito
1073 3266 1098 3304 .'
1121 3267 1185 3304 ne
1212 3251 1324 3321 quis
1353 3251 1480 3305 mihi
1507 3253 1753 3305 veraciter
1781 3253 1861 3305 di-

1976 2073 2121 2128 riore
2148 2073 2400 2143 dignatus
2429 2085 2509 2131 est
2537 2085 2780 2148 tempore
2809 2081 3168 2149 promulgare.
3204 2079 3332 2138 Post
3367 2099 3547 2138 resur—

1975 2163 2269 2218 rectionem
2311 2166 2573 2234 siquidem
2604 2177 3198 2237 corpore‘ascensurns
3240 2171 3292 2224 in
3331 2173 3546 2237 coelum,

1975 2252 2082 2308 sed'
2114 2269 2236 2310 cum
2266 2257 2378 2311 suis
2407 2258 2461 2311 in
2494 2265 2634 2313 terra
2669 2259 2948 2315 divinitate
2976 2275 3278 2326 mansurus,
3311 2262 3426 2317 haec
3465 2264 3548 2317 in:

1971 2347 2189 2402 venitur
2213 2349 2324 2404 suis
2369 2348 2568 2405 dixisse
2598 2350 2872 2421 discipulis
2912 2370 2924 2404 :
2963 2351 3160 2405 Euntes
3205 2353 3260 2405 in
3304 2355 3546 2409 mundum

1969 2441 2262 2504 universum
2291 2441 2568 2512 pra’dicate
2593 2443 2928 2515 Evangelium
2955 2450 3092 2501 omni
3122 2457 3410 2503 creaturte‘:
3448 2446 3546 2512 Qui

1962 2533 2268 2596 crediderit,
2309 2541 2357 2587 et
2396 2532 2687 2604 baptizatus
2717 2523 2907 2606 fuerit,
2930 2539 3120 2592 "salvus
3153 2540 3281 2603 erit;
3311 2541 3394 2610 qui
3432 2555 3544 2593 vero

1965 2635 2082 2678 non
2116 2625 2410 2689 crediderit,
2437 2626 2860 2681 condemnabitur
2900 2628 3091 2699 (Marc.
3126 2645 3234 2694 XVI,
3269 2629 3377 2699 l5).
3404 2629 3544 2685 Bene
3583 2642 3588 2650 '

1971 2715 2058 2771 hic
2088 2716 2342 2771 Dominus
2379 2732 2501 2771 eum
2527 2718 2616 2786 qui
2644 2717 2928 2773 crediderit
2955 2729 3009 2774 et
3037 2720 3337 2790 baptizatus
3389 2721 3544 2776 fuerit

1885 2851 1894 2859 .
1968 2805 2163 2862 Salvari
2192 2808 2471 2877 przedixit,
2501 2823 2608 2862 non
2639 2807 2944 2863 credentem
2973 2819 3153 2865 autem
3181 2810 3542 2866 damnandum

1967 2898 2084 2953 sine
2112 2897 2445 2953 dubitatione
2478 2900 2811 2954 monstravit.
2844 2899 2901 2954 In
2929 2917 3034 2955 non
3065 2901 3318 2957 credente
3346 2903 3542 2972 quippe

1967 2989 2110 3042 nulla
2142 2989 2238 3043 l'uit
2266 2990 2426 3043 luturi
2453 2990 2590 3044 ratio
2615 2988 2853 3045 facienda
2889 2992 3243 3060 baptismatis.
3276 2991 3374 3058 Qui
3399 2993 3542 3047 enim

1965 3096 2073 3135 non
2107 3080 2410 3147 crediderit,
2452 3082 2565 3136 sive
2591 3081 2910 3152 baptizetur,
2940 3083 3052 3137 sive
3080 3098 3187 3138 non
3218 3075 3538 3153 baptizetur,

1963 3172 2079 3228 sine
2104 3172 2434 3228 dubitatione
2460 3173 2820 3228 damnabitur.

1963 3291 1966 3294 ’
2035 3287 2085 3340 7.
2115 3285 2225 3340 Hac
2245 3293 2422 3340 autem
2450 3285 2733 3350 sententia,
2758 3300 2860 3354 qua
2884 3283 3141 3339 Dominus
3166 3284 3352 3338 statuit
3377 3293 3538 3354 atque

257 3346 566 3445 x‘“‘_‘E'9°
587 3345 757 3445 “in”
785 3351 938 3407 esse"
955 3343 1000 3445 ³,ί
1029 3359 1120 3396 nec
1143 3342 1212 3445 ait
1237 3343 1402 3445 imm
1428 3342 1862 3445 “fimonémfor'
1888 3350 1936 3412 ο
1964 3377 2202 3433 deﬁnivit
2222 3391 2433 3432 omnem
2457 3391 2561 3430 non
2584 3372 2889 3430 credentem
2918 3375 3242 3445 sempiterna
3265 3375 3539 3445 punitione

253 3442 420 3514 _poris
453 3438 802 3509 pervenisset;
831 3436 1102 3506 quoniam,
1141 3436 1270 3488 sicut
1311 3435 1523 3499 asseris,
1551 3434 1863 3504 expiationis

272 3531 520 3586 meritum
555 3545 646 3598 per
672 3527 916 3597 mysteria
962 3535 1226 3596 transacta
1261 3533 1538 3579 meruerat.
1569 3523 1858 3588 Postremo,

269 3641 364 3678 cur
377 3640 488 3677 non
504 3621 662 3675 etiam
678 3627 904 3674 mortuos
916 3617 1378 3688 baptizemus,quos
1396 3631 1543 3669 sacro
1557 3615 1863 3685 baptismate

268 3716 364 3790 [F.
381 3711 721 3785 baptismali]
734 3712 998 3782 repentina
1018 3725 1154 3779 saepe
1174 3697 1312 3761 mors
1337 3708 1568 3770 abstulit,
1583 3707 1672 3760 sed
1684 3724 1861 3760 eorum

267 3821 449 3862 tamen
472 3805 707 3860 voluntas
725 3802 990 3874 ﬁdelisque
1011 3800 1209 3853 devotio
1231 3807 1354 3852 nota
1367 3797 1598 3852 omnibus
1615 3799 1711 3868 fuit
1728 3797 1863 3850 ?Ad-

266 3900 391 3971 iicis
419 3898 640 3960 deinde,
661 3895 806 3964 quod
831 3895 879 3947 si
907 3893 1035 3946 talia
1066 3890 1698 3962 respondenticonsensum
1719 3905 1858 3958 prw~

266 3991 393 4045 bere
421 3987 718 4054 tentaveris,
749 4001 941 4056 magna
961 3983 1100 4037 illico
1134 3989 1424 4054 sequeretur
1451 3980 1767 4041 absurditas,
1807 3988 1860 4042 ut

263 4091 480 4154 putetur
502 4081 610 4135 illis
642 4088 841 4133 tantum
867 4075 1125 4146 mysteriis
1155 4072 1542 4144 sufﬁcientibus,
1566 4081 1615 4126 et
1639 4072 1859 4125 salutem

261 4175 632 4246 plenissimam
672 4168 1084 4243 conferentibus,
1126 4184 1313 4239 aquam
1353 4167 1513 4235 fontis
1541 4167 1722 4221 veterni
1751 4181 1855 4220 non

260 4271 654 4334 renasciturum
680 4265 955 4335 suscipere,
987 4261 1077 4316 sed
1100 4270 1353 4316 renatum.

337 4384 395 4437 5.
429 4381 735 4443 Postremo,
777 4392 844 4431 ne
879 4375 1004 4446 quid
1035 4373 1454 4442 vigilantissinw
1487 4370 1858 4439 intelligentia:

251 4487 377 4531 {me
426 4470 884 4538 sollicitudiniqne
911 4467 1160 4536 piissimae
1185 4465 1359 4519 minus
1387 4463 1668 4533 quaesitum
1699 4469 1856 4531 puta-

255 4577 440 4630 retur,
479 4562 732 4634 adjungis
760 4561 814 4615 in
843 4560 948 4614 hoc
977 4557 1204 4613 articulo
1234 4572 1383 4625 posse
1412 4556 1660 4608 usitatam
1700 4563 1882 4606 cano-'

255 4675 394 4714 nam
421 4655 644 4729 proponi
665 4651 988 4710 sententiam,
1019 4663 1138 4717 qua:
1161 4647 1397 4716 infirmos
1414 4645 1580 4714 jubet,
1609 4643 1657 4697 si
1681 4659 1773 4711 pro
1803 4658 1858 4694 se

251 4749 584 4820 respondere
611 4762 715 4800 non
743 4743 1013 4806 valuerint,
1038 4739 1128 4793 sed
1155 4755 1330 4793 eorum
1351 4737 1603 4791 voluntati
1628 4737 1855 4790 testimo-

250 4846 414 4899 nium
434 4842 518 4896 sui
549 4837 759 4910 proprio
780 4833 1008 4906 periculo
1029 4831 1273 4894 dixerint,
1306 4827 1581 4898 baptizari.
1617 4825 1725 4880 Sub
1754 4841 1855 4896 qua

248 4934 572 5005 deﬁnitione
599 4928 766 4998 magis
795 4922 1039 4978 arbitrari
1083 4919 1212 4973 dicis
1259 4927 1307 4971 te
1343 4917 1465 4988 quid
1500 4915 1739 4969 Ecclesia
1768 4917 1853 4986 fa-

249 5049 383 5087 cere
409 5031 558 5085 debet
585 5030 923 5096 imperatum,
956 5033 1105 5089 quam
1145 5015 1266 5087 quid
1306 5014 1393 5067 ille
1419 5013 1675 5082 percipiat
1715 5009 1855 5063 indi-

250 5132 460 5178 catum.
482 5118 736 5173 Videlicet
760 5122 815 5167 ut
841 5111 1078 5164 minister
1107 5106 1241 5160 verbi
1275 5103 1402 5158 liber
1423 5105 1490 5157 sit
1519 5121 1550 5156 a
1573 5103 1724 5171 culpa
1764 5117 1855 5154 ne-

251 5213 550 5287 gligentiae,
581 5225 688 5262 non
724 5213 780 5258 ut
808 5204 895 5257 ille
928 5200 1227 5256 ostendatur
1256 5213 1466 5251 consors
1491 5197 1847 5264 particepsque

250 5306 502 5378 justititc.
529 5300 768 5356 Maxime.
789 5295 911 5368 quia
932 5295 1050 5348 licet
1075 5291 1262 5345 multos
1290 5305 1354 5344 ea:
1377 5289 1472 5342 hac
1495 5304 1569 5352 re,
1595 5289 1725 5340 sicut
1746 5288 1874 5350 ais,‘

254 5399 458 5455 moeri
486 5396 684 5458 videas,
711 5407 849 5462 ωερε
873 5398 1042 5443 tamen
1063 5387 1177 5458 plus
1204 5388 1313 5454 ipse
1333 5384 1716 5445 commovearis,
1742 5382 1850 5435 ha?-

254 5495 432 5546 sitans
453 5489 621 5561 qualis
649 5484 832 5538 debeat
859 5480 1033 5533 haberi
1062 5479 1315 5533 sententia
1343 5477 1407 5530 de
1427 5477 1506 5530 his
1530 5476 1616 5546 qui
1645 5474 1848 5529 etiamsi
1878 5495 1890 5507 ο

255 5582 492 5655 legitime
519 5593 652 5634 sana
685 5582 852 5629 mente
881 5571 1229 5640 baptizantur,
1259 5569 1599 5639 praeveniente
1624 5566 1845 5620 velocius

257 5682 446 5737 morte,
501 5683 716 5725 carnem
746 5661 954 5718 Domini
989 5657 1301 5712 manducare
1327 5666 1376 5710 et
1402 5658 1706 5728 sanguinem
1733 5656 1844 5726 ejus

163 5813 168 5834 ,
260 5766 432 5819 bibere
471 5778 575 5816 non
627 5759 885 5813 sinuntur.
931 5750 1159 5820 Propter
1193 5749 1280 5803 illa
1327 5749 1532 5802 scilicet
1559 5762 1678 5816 qute
1720 5756 1842 5800 nota

261 5868 382 5913 sunt
402 5853 645 5926 ﬁdelibus
677 5846 966 5906 Saluatoris
995 5843 1144 5898 verba
1172 5843 1390 5896 dicentis
1421 5859 1438 5894 :
1476 5861 1493 5892 α
1531 5839 1580 5893 Ν
1586 5842 1648 5894 isi
1687 5857 1838 5893 man-

261 5949 569 6004 ducaveritis
599 5957 806 5999 carnem
826 5937 1225 6004 Filii-hominis,
1248 5945 1296 5989 et
1325 5933 1550 5988 bibet-itis
1579 5933 1689 5990 eius
1717 5949 1839 5987 san-

1885 4709 1932 4768 D

1963 3468 2354 3533 damnandum,
2389 3483 2492 3521 non
2521 3466 2696 3521 solum
2725 3481 2820 3520 eos
2846 3481 2983 3534 quos
3026 3465 3181 3535 hujus
3211 3467 3332 3520 vita:
3361 3464 3479 3520 ﬁnis
3507 3471 3537 3520 ο

1962 3566 2302 3614 sacramento
2323 3555 2660 3626 baptismatis
2688 3555 2889 3609 invenit
2913 3555 3140 3622 alienos,
3167 3569 3352 3609 verum
3375 3555 3538 3610 etiam

1963 3665 2154 3704 omnes
2193 3647 2476 3703 haereticos
2504 3646 2680 3701 divina
2714 3662 2818 3701 non
2867 3645 3085 3700 dubium
3114 3653 3196 3701 est
3223 3645 3538 3701 deﬁnitione
3627 3697 3636 3707 ,

1963 3738 2311 3793 damnandos.
2344 3737 2401 3792 Si
2431 3738 2573 3792 enim
2613 3737 2775 3803 ﬁdes,
2804 3751 2963 3807 quam
2996 3753 3157 3791 unam
3201 3752 3320 3791 esse
3348 3738 3536 3794 beatus

1962 3829 2158 3886 Paulus
2185 3829 2365 3884 divino
2381 3829 2582 3898 Spiritu
2608 3829 2844 3898 repletus
2873 3837 3164 3893 asseverat,
3194 3828 3284 3881 illa
3314 3837 3399 3882 est
3428 3827 3535 3882 ulié

1961 3935 2067 3990 que
2095 3935 2213 3990 quae
2263 3936 2366 3975 non
2398 3917 2518 3974 ﬁcta
2543 3958 2557 3982 ,
2605 3920 2699 3974 sed
2734 3934 2860 3973 vera
2905 3918 3120 3990 (Ephes.
3155 3935 3226 3983 iv,
3274 3918 3362 3988 5);
3409 3920 3536 3988 quia

1961 4013 2351 4083 ﬁnis'prazcepti
2375 4019 2449 4064 est
2480 4013 2670 4065 caritas
2700 4012 2763 4064 de
2786 4011 2938 4065 corde
2959 4028 3106 4081 puro,
3137 4019 3186 4064 et
3219 4012 3536 4064 conscientid

1961 4103 2116 4171 bona,
2146 4112 2196 4157 et
2233 4103 2338 4172 fide
2366 4119 2467 4155 non
2509 4103 2631 4171 ﬁcta
2679 4101 2731 4172 (I
2762 4100 2894 4155 Tim.
2928 4118 2965 4168 ι,
3006 4101 3091 4171 5);
3122 4100 3392 4169 quomodo
3417 4115 3534 4155 cre‘

1959 4193 2090 4248 dere
2118 4192 2331 4258 dicitur,
2360 4208 2390 4247 a
2419 4209 2526 4262 quo
2557 4193 2676 4247 lidei
2699 4194 2894 4247 veritas
2946 4207 3054 4246 non
3089 4193 3335 4248 tenetur?
3364 4191 3532 4258 Quid—

1960 4285 2086 4353 quid
2115 4285 2257 4340 enim
2288 4284 2555 4339 credentis
2596 4285 2832 4338 animum
2879 4283 3121 4339 continet
3162 4282 3304 4353 quod
3335 4298 3365 4337 a
3407 4281 3532 4338 ﬁdei

1958 4378 2186 4433 veritate
2233 4378 2572 4448 cognoscitur
2609 4377 2880 4445 alienum,
2930 4392 3150 4432 necesse
3193 4384 3276 4431 est
3316 4375 3366 4431 id
3413 4391 3534 4432 esse

1957 4471 2312 4526 mendacium.
2337 4468 2460 4524 Odit
2489 4480 2666 4524 autem
2699 4469 2956 4524 Dominus
2977 4483 3165 4522 omnes
3183 4467 3276 4536 qui
3303 4482 3534 4537 operan-

1959 4567 2044 4614 tur
2073 4560 2426 4630 iniquitatem,
2463 4570 2517 4614 et
2545 4559 2732 4629 perdet
2753 4574 2846 4614 eos
2875 4558 2964 4628 qui
2995 4558 3286 4626 loquuntur
3315 4557 3534 4612 menda-

1959 4651 2101 4705 cium
2128 4651 2298 4721 (-Psal.
2328 4667 2378 4714 v,
2409 4648 2486 4719 7).
2516 4648 2741 4719 Propter
2765 4648 2908 4719 quod
2934 4656 2990 4703 et
3015 4647 3293 4719 Sapientia
3316 4647 3368 4702 in
3400 4646 3533 4701 Pro-

1960 4743 2156 4797 verbiis
2183 4742 2311 4796 dicit
2343 4760 2354 4795 :
2383 4740 2641 4805 Quoniam
2663 4742 2924 4795 veritatem
2948 4741 3330 4795 meditabantur
3358 4743 3530 4812 fauces

1956 4852 2103 4899 mete,
2131 4834 2426 4888 abominata
2460 4851 2575 4888 vero
2605 4842 2724 4887 ante
2750 4851 2829 4887 me
2858 4833 2996 4887 labia
3034 4833 3304 4887 mendacia
3339 4833 3520 4905 (Prov.

1960 4941 2068 4990 vin,
2097 4925 2173 4994 '7).
2207 4924 2320 4979 Non
2351 4938 2479 4993 ergo
2504 4924 2774 4994 accipiunt
2799 4924 2853 4978 ir.
2879 4924 3145 4993 baptismo
3168 4924 3414 4988 salutem,
3439 4925 3528 4993 qui

1957 5033 2080 5072 non.
2107 5026 2290 5072 tenent
2331 5018 2384 5072 in
2413 5015 2577 5073 corde
2617 5025 2779 5087 atque
2827 5033 2920 5072 ore
2951 5016 3070 5071 ﬁdei
3098 5017 3401 5071 veritatem.
3454 5017 3530 5072 Ac

1956 5125 2053 5178 per
2080 5110 2182 5164 hoc
2212 5110 2335 5164 licet
2362 5108 2584 5162 formam
2614 5109 2828 5178 pietatis
2856 5109 3088 5162 habeant
3107 5123 3225 5178 qua:
3240 5113 3451 5161 constat
3478 5106 3528 5158 in

1955 5210 2291 5255 sacramento
2320 5201 2688 5270 baptismatis,
2738 5201 3052 5269 abnegando
3090 5209 3268 5253 tamen
3313 5199 3528 5267 pietatis

1954 5292 2242 5357 virtutem,
2289 5308 2385 5347 nec
2409 5293 2572 5346 vitam
2602 5293 2916 5362 percipiunt,
2951 5307 3050 5347 nec
3089 5291 3335 5343 salutem.
3387 5287 3527 5354 Quid

1955 5391 2132 5436 autem
2160 5381 2351 5437 talibus
2371 5390 2554 5444 restat,
2587 5381 2686 5436 nisi
2713 5381 2984 5435 damnatio
3012 5378 3524 5448 sempiternaquam

1955 5473 2033 5528 eis
2056 5473 2226 5543 pariet
2255 5473 2385 5529 ﬁdes
2415 5491 2520 5528 non
2552 5489 2698 5538 vera,
2724 5473 2817 5527 scd
2847 5472 3000 5526 ﬁcta?
3029 5469 3086 5524 In
3107 5469 3304 5524 talibus
3324 5470 3524 5540 quippe

1955 5581 2053 5620 nec
2081 5565 2277 5620 caritas
2307 5573 2390 5619 est
2417 5565 2484 5620 de
2509 5565 2670 5620 corde
2701 5579 2834 5633 puro
2868 5582 2880 5616 :
2912 5565 3032 5632 quia
3056 5563 3349 5618 secundum
3379 5564 3520 5618 beati

1953 5657 2094 5710 Petri
2124 5656 2443 5713 sententiam
2473 5656 2607 5727 (Act.
2642 5671 2730 5720 xv,
2776 5656 2854 5727 9),
2883 5653 2985 5709 ﬁde
3018 5654 3274 5709 Dominus
3301 5671 3520 5709 suorum

1948 5751 2110 5806 Corda
2157 5749 2428 5820 puriﬁcat;
2470 5765 2568 5803 nec
2597 5749 2775 5803 cordis
2823 5751 3029 5818 puritas
3072 5765 3190 5805 esse
3221 5757 3396 5819 potest
3433 5748 3521 5802 ubi

1950 5841 2079 5897 ﬁdes
2119 5859 2223 5897 non
2255 5851 2337 5898 est
2380 5862 2390 5895 :
2440 5842 2561 5912 quia
2595 5857 2692 5895 nec
2723 5839 2852 5897 ﬁdes
2896 5843 3115 5897 omnino
3157 5841 3379 5896 dicenda
3416 5849 3519 5903 est,

1945 5935 2034 5991 ubi
2081 5951 2202 5990 vera
2237 5953 2339 5990 non
2370 5943 2468 5990 est.
2502 5932 2764 5999 Quoniam
2798 5933 2957 6001 igitur
2989 5934 3074 5990 ubi
3113 5943 3191 5989 est
3228 5933 3424 5987 caritas
3455 5932 3522 5986 dc
