4120 6620
549 467 658 528 533
1581 451 1636 506 S.
1678 443 2039 504 FULGENTH
2078 441 2382 500 EPISCOPI
2421 439 2792 496 RUSPENSIS
3735 436 3844 496 384

555 581 718 641 corde
750 595 904 648 puro,
936 576 1007 630 ibi
1046 573 1178 628 ﬁdes
1204 577 1287 626 est
1316 584 1422 624 non
1451 567 1590 630 ﬁcta,
1619 565 1714 619 sed
1743 580 1819 617 ve.
1839 580 1888 627 a,
1921 577 2016 617 cor
2043 577 2135 614 au-
2170 572 2212 624 Α
2244 559 2488 612 turaliter
2516 557 2840 619 habuerunt,
2871 553 2965 608 sed
2987 553 3130 609 dono
3151 553 3336 622 gratia:
3366 565 3756 623 perceperunt.
3774 553 3858 612 De

557 686 666 730 tetu
698 643 803 727 non
841 669 1058 724 ﬁctione
1095 663 1240 727 ﬁdei,
1271 664 1366 716 sed
1396 660 1620 714 veritate
1647 665 1934 726 purgatur;
1969 652 2142 707 mani—
2248 650 2446 704 talibus
2472 649 2573 702 diis
2603 645 2955 716 lititﬁloyscs,
2986 646 3072 699 cui
3105 645 3192 698 ille
3221 659 3358 698 unus
3381 659 3538 700 verus
3571 643 3719 698 Deus
3739 647 3858 700 ait:

559 765 753 821 festum
779 769 862 816 est
886 758 1028 828 apud
1055 755 1361 820 brereticos,
1385 752 1438 805 in
1461 750 1654 818 quibus
1685 764 1791 803 non
1819 754 1900 801 est
1924 746 2142 807 veritas.
2248 741 2384 796 Ecce
2403 741 2520 795 dedi
2554 751 2599 793 te
2625 738 2778 792 deum
2805 737 3074 790 Pharaoni
3095 734 3294 804 (Exod.
3315 751 3404 801 vn,
3429 734 3507 804 ι).
3537 734 3616 789 De
3638 732 3845 790 talibus

559 854 655 912 sed
684 851 829 906 ﬁctio
859 826 978 903 ﬁdei
1005 889 1021 914 ,
1064 845 1345 900 caritatem
1375 841 1442 894 de
1480 838 1644 894 corde
1671 839 1810 908 puro
1839 836 2150 890 nullatenus
2249 839 2374 888 sunt
2398 832 2562 888 etiam
2601 831 2678 885 illi
2705 830 2774 885 de
2799 827 2994 898 quibus
3020 827 3237 892 dicitur,
3272 826 3385 898 Ego
3423 827 3556 890 dixi,
3593 829 3668 881 dii
3708 829 3866 896 estis,

560 945 809 1006 inveniri.
861 937 1259 996 Conscientiam
1291 948 1422 988 vero
1453 931 1654 986 bonam
1701 923 1976 1000 quomodo
2003 941 2149 997 ‘pos-
2244 934 2300 980 et
2344 924 2446 996 Ιίίῆ
2491 922 2702 977 Επειεί
2728 916 3110 992 omnes'(Psal.
3148 917 3330 986 mn,
3376 919 3455 988 6).
3487 917 3581 975 lsti
3613 933 3757 988 ergo
3787 921 3870 974 dii

561 1045 687 1096 sunt
717 1037 917 1091 habere
937 1074 953 1099 ,
1004 1032 1054 1086 in
1087 1029 1281 1100 quibus
1327 1028 1426 1098 per
1475 1022 1908 1080 incredulitatem
1945 1019 2152 1074 habitat
2224 1021 2372 1073 eam
2401 1015 2980 1086 gratiatn‘acceperuht
3016 1007 3074 1066 ut
3104 1011 3175 1066 dii
3203 1021 3406 1080 essent,
3435 1015 3600 1081 quam
3623 1027 3864 1082 accepe-

513 1134 515 1136 ’
562 1127 815 1200 princeps
836 1123 924 1177 ille
954 1099 1172 1175 malitiae
1189 1114 1214 1171 ?'
1238 1115 1331 1172 lsti
1360 1117 1510 1186 ergo,
1543 1113 1648 1168 nisi
1675 1111 2076 1174 convertantur",
2098 1118 2154 1164 et
2254 1117 2380 1164 runt
2410 1115 2469 1162 ut
2498 1105 2591 1161 ﬁlii
2620 1105 2716 1192 Dei
2747 1104 2956 1159 ﬁerent.
2981 1099 3124 1158 Dicit
3145 1114 3326 1157 autem
3356 1103 3861 1173 evangelista,quis

564 1193 690 1273 iidei
721 1193 948 1271 veritate
988 1198 1302 1274 salventur',
1353 1223 1454 1278 pro
1497 1203 1884 1260 incredulitatis
1931 1201 2156 1256 crimine
2256 1207 2498 1272 quotquot
2525 1205 2836 1266 acceperunt
2871 1212 3008 1264 eum,
3059 1193 3200 1249 dedit
3245 1196 3321 1249 eis
3367 1204 3673 1266 potestatem
3723 1197 3865 1266 ﬁlios

566 1307 964 1364 damnabantur
995 1320 1010 1357 ι
1042 1301 1170 1370 quia
1198 1312 1307 1354 non
1335 1299 1484 1352 illum
1515 1295 1822 1350 dilexerunt
1851 1337 1866 1361 ,
1914 1294 1966 1347 in
1996 1307 2155 1362 quem

568 1414 675 1454 non
712 1394 1004 1450 secundum
1049 1392 1331 1446 veritatem
1376 1388 1498 1442 ﬁdei
1549 1385 1914 1448 crediderunt,
1963 1399 2064 1437 nec
2103 1383 2155 1436 in

568 1488 648 1543 eis
675 1485 849 1556 potuit
879 1497 998 1537 esse
1021 1479 1351 1535 conscientia
1378 1477 1536 1542 bona,
1569 1491 1704 1545 quos
1729 1482 1942 1529 constat
1969 1480 2158 1527 contra

569 1576 726 1632 ﬁdem
756 1588 942 1628 veram
970 1585 1140 1640 usque
1168 1569 1222 1623 in
1251 1569 1410 1622 linem
1425 1567 1549 1620 vita:
1574 1562 1900 1618 mortiferam
1925 1562 2160 1616 tenuisse

568 1664 871 1738 perﬁdiam.

640 1757 693 1812 8.
726 1757 836 1811 Nec
866 1761 1082 1810 moveat
1109 1751 1366 1819 aliquem,
1415 1748 1558 1816 quod
1589 1747 1715 1801 licet
1742 1744 1940 1807 ﬁctam,
1981 1750 2159 1796 tamen

570 1848 762 1906 beatus
792 1843 1084 1916 Apostolus
1113 1841 1277 1913 219
1308 1836 1466 1893 ﬁdem
1495 1833 1829 1905 nuncupavit
1862 1850 1874 1884 :
1907 1831 2032 1900 quia
2051 1829 2160 1884 alio

2260 1289 2356 1345 Dei
2383 1291 2530 1360 ﬁeri;
2562 1289 2641 1342 his
2669 1291 2755 1361 qui
2783 1288 2998 1342 credunt
3030 1288 3083 1340 in
3128 1286 3336 1342 nomine
3356 1288 3501 1358 ejus;
3532 1291 3624 1358 qui
3653 1305 3771 1342 non
3804 1305 3867 1340 ea:

2260 1381 2792 1454 sunguinibus,neque
2814 1396 2878 1433 ea:
2901 1379 3164 1432 voluntate
3189 1379 3384 1444 carnis,
3411 1378 3501 1432 sed
3521 1394 3588 1432 ea:
3610 1377 3732 1432 Deo
3759 1380 3870 1431 nati

2261 1485 2380 1528 sunt
2409 1472 2588 1540 (Ioan.
2633 1488 2670 1535 ι,
2713 1471 2823 1539 ii).
2862 1470 2998 1540 Ipsis
3045 1467 3174 1524 item
3219 1469 3433 1534 dicitur,
3468 1467 3584 1542 Ego
3616 1470 3764 1534 dixi,
3797 1470 3872 1522 dii

2261 1569 2404 1628 estis,
2436 1573 2484 1620 et
2505 1565 2603 1634 ﬁlii
2627 1563 2835 1617 Επειδὶ
2861 1575 3036 1617 omnes
3067 1561 3242 1633 (Psal.
3274 1578 3456 1629 um,
3485 1561 3564 1631 6).

2337 1656 2421 1712 10.
2465 1656 2580 1710 Duo
2603 1667 2732 1722 ergo
2762 1654 2848 1708 i~ti
2880 1654 3029 1708 modi
3059 1653 3112 1707 in
3155 1654 3481 1708 nominando
3511 1652 3833 1708 laudabiles
3863 1674 3873 1704 :

2263 1765 2404 1806 mus
2431 1763 2540 1818 quo
2571 1747 2886 1802 naturaliter
2914 1754 3138 1801 vocatur
3163 1759 3324 1800 verus
3350 1745 3512 1811 Deus,
3535 1745 3678 1799 alter
3700 1761 3878 1813 quem

2265 1856 2364 1912 per
2384 1840 2613 1908 gratiam
2643 1838 2836 1908 quibus
2866 1837 3035 1891 voluit
3065 1836 3291 1906 largitus
3320 1845 3401 1891 est
3434 1829 3612 1900 Deus:
3655 1837 3757 1904 qui
3795 1845 3880 1888 ta-

574 1935 731 2001 loco,
781 1935 919 1989 sicut
964 1945 1130 1986 unum
1170 1929 1338 1982 Deum
1364 1967 1378 1993 ,
1424 1925 1503 1982 sic
1544 1939 1706 1979 unam
1747 1920 2062 1993 praedicavit
2107 1926 2162 1973 et

2288 1947 2388 1986 nen
2416 1931 2483 1985 ab
2513 1930 2744 1985 invicem
2771 1942 2965 1996 magna
2994 1925 3294 1983 differentia
3324 1925 3757 1996 distinguuntur.
3787 1926 3896 1981 [lle-

575 2029 756 2084 ﬁdem-
799 2026 936 2082 ΙΙΙυά
964 2025 1107 2080 enim
1148 2023 1357 2076 beaius'
1385 2017 1679 2088 ΑΡοδιοιυε
1714 2030 1824 2069 τιοη
1866 2011 2162 2067 secundum
2265 2025 2464 2094 quippe
2508 2022 2702 2077 modus
2744 2036 2854 2090 quo
2895 2020 2948 2074 in
2977 2017 3073 2075 Dei
3107 2019 3325 2074 nomine
3365 2019 3569 2074 veritas
3601 2019 3883 2073 naturalis

577 2121 659 2175 rei
683 2119 986 2181 veritatem,
1018 2114 1116 2172 sed
1143 2110 1438 2169 secundum
1467 2109 1778 2178 opinionem
1810 2104 2044 2160 ﬁdelium
2068 2117 2164 2172 po-

578 2213 704 2267 suit.
735 2210 864 2264 Nam
905 2219 958 2262 et
996 2206 1124 2262 illud
1153 2205 1299 2276 quod
1329 2219 1360 2257 a
1388 2199 1877 2273 pseudoapostolls.
1908 2195 2166 2267 pradica-

581 2305 767 2368 batur,
810 2302 951 2358 idem
995 2298 1295 2370 apostolus,
1326 2304 1381 2350 et
1407 2293 1754 2362 Evangelium
1784 2295 2077 2359 nuncupat,
2113 2294 2169 2341 et

582 2392 934 2460 Evangelium
978 2405 1084 2444 non
1133 2402 1256 2443 esse
1307 2384 1612 2440 conﬁrmat.
1659 2380 1812 2448 Quod
1858 2381 1912 2434 in
1941 2377 2168 2450 epistola

585 2483 722 2553 ejus,
747 2499 866 2553 qua:
895 2481 1095 2550 scripta
1126 2488 1207 2533 est
1236 2476 1305 2531 ad
1317 2477 1574 2542 ‘Galatas,
1606 2473 1915 2528 continetur
1940 2470 2024 2525 his
2048 2482 2170 2522 ver-

586 2575 668 2632 bis
699 2593 713 2629 :
741 2574 909 2628 Miror
948 2572 1083 2644 quod
1114 2572 1187 2625 sic
1218 2578 1324 2624 tam
1347 2570 1450 2622 cito
1480 2565 1863 2636 transferimini
1899 2560 1965 2616 ab
1993 2577 2053 2616 eo
2085 2561 2169 2632 qui

588 2669 786 2724 vocavit
808 2683 896 2721 vos
919 2667 972 2720 in
995 2665 1166 2735 gratia
1189 2662 1400 2727 Christi,
1431 2662 1484 2713 in
1507 2658 1650 2713 aliud
1675 2657 2016 2728 evangelium,
2035 2652 2174 2724 quod

591 2777 698 2817 non
760 2768 836 2814 est
890 2757 1034 2812 aliud
1083 2753 1226 2828 (Gal.
1260 2771 1300 2824 ι,
1353 2754 1429 2822 6).
1487 2751 1772 2819 Quomodo
1840 2763 1970 2818 ergo
2029 2745 2174 2802 aliud

589 2850 946 2920 evangelium,
990 2849 1036 2904 si
1077 2861 1186 2901 non
1213 2856 1297 2901 est
1335 2844 1481 2898 aliud
1505 2884 1521 2910 ,
1572 2844 1673 2898 nisi
1704 2841 1851 2896 aliud
1879 2841 2173 2897 secundum

591 2941 923 3014 perﬁdorum
972 2953 1254 3003 errorem,
1305 2952 1414 2991 non
1462 2943 1644 2989 autem
1689 2933 1833 2988 aliud
1881 2931 2176 2987 secundum

592 3036 716 3092 ﬁdei
743 3033 1061 3090 veritatem?
1090 3030 1179 3086 Sic
1198 3039 1252 3085 et
1281 3029 1410 3084 ﬁdes
1431 3044 1461 3082 a
1490 3025 1710 3097 perﬁdis
1737 3025 2028 3080 secundum
2053 3039 2179 3093 pro-

593 3130 767 3200 priam
796 3127 1105 3198 opinionem
1138 3122 1371 3192 ﬁngitur,
1405 3137 1434 3174 a
1467 3120 1664 3190 quibus
1693 3135 1820 3174 vera
1851 3119 1983 3172 ﬁdes
2015 3133 2178 3186 quant

597 3221 832 3291 Spiritus
871 3227 1089 3273 sanctus
1120 3216 1335 3277 tribuit,
1383 3229 1491 3266 non
1520 3213 1764 3265 habetur.
1799 3208 1941 3262 Falsi
1967 3221 2181 3276 quoque

2268 2117 2593 2184 ostenditur,
2625 2115 2705 2170 sic
2752 2131 2918 2170 unum
2947 2113 3118 2170 Deum
3173 2114 3284 2184 ipsa
3335 2113 3595 2167 naturalis
3633 2113 3884 2166 nominis

2268 2209 2496 2264 veritate
2525 2207 2884 2275 demonstrat,
2931 2215 2990 2261 ut
3026 2205 3158 2261 deos
3190 2205 3240 2259 in
3275 2217 3335 2260 se
3379 2215 3655 2273 nunquam
3682 2206 3885 2260 vocari

2265 2300 2563 2372 permittat.
2598 2299 2734 2354 Hinc
2763 2305 2846 2354 est
2873 2297 3016 2369 quod
3043 2295 3203 2368 220
3229 2297 3366 2350 sicut
3394 2293 3542 2350 solus
3566 2295 3759 2356 l‘ater,
3790 2307 3888 2350 aut

2271 2393 2419 2448 solus
2446 2390 2630 2456 Filius,
2657 2399 2749 2444 aut
2777 2388 2923 2445 solus
2947 2387 3180 2458 Spiritus
3201 2393 3418 2441 sanctus
3438 2386 3707 2440 veraciter
3735 2385 3888 2440 Deus

2271 2483 2499 2549 dicitur,
2532 2481 2606 2536 ita
2633 2480 2792 2537 simul
2822 2478 3002 2545 Pater,
3038 2486 3092 2533 et
3139 2477 3324 2543 Filius,
3373 2483 3428 2531 et
3465 2471 3699 2546 Spiritus
3752 2492 3892 2532 sam

2277 2587 2417 2642 ctus,
2451 2593 2559 2632 non
2593 2584 2704 2632 tres
2735 2575 2829 2640 dii,
2860 2573 2953 2628 sed
2985 2587 3124 2628 unus
3153 2569 3295 2626 Deus
3325 2570 3590 2624 veraciter
3617 2559 3890 2623 nomina-

2275 2679 2382 2723 tur.
2415 2664 2527 2722 lloc
2549 2666 2712 2732 habet
2735 2665 2824 2719 illa
2847 2663 3082 2717 Trinitas
3107 2677 3243 2717 unus
3260 2661 3418 2727 Deus,
3436 2668 3495 2714 ut
3515 2669 3629 2715 tres
3650 2660 3889 2729 quidem

2233 2809 2251 2823 .
2275 2776 2518 2834 persona
2546 2761 2674 2827 sint,
2716 2760 2808 2816 sed
2840 2767 2949 2814 tres
2981 2758 3051 2812 dii
3084 2773 3189 2811 non
3219 2756 3362 2810 sint:
3395 2756 3520 2830 quia
3562 2755 3656 2809 illa
3691 2753 3888 2809 Trini-

2280 2866 2361 2911 tas
2405 2871 2542 2909 unus
2575 2865 2730 2907 verus
2757 2860 2840 2906 est
2863 2851 3022 2905 Deus.
3057 2849 3180 2904 Ideo
3213 2848 3306 2903 Dei
3333 2845 3520 2913 Filius,
3551 2863 3662 2903 non
3695 2847 3886 2902 solum

2277 2947 2572 3005 secundum
2605 2961 2782 3000 veram
2804 2945 3159 3008 divinitatem,
3193 2941 3357 3012 quam
3385 2927 3548 2996 habet
3589 2940 3660 2996 de
3682 2951 3897 2996 natura.

2281 3040 2478 3105 Patris,
2511 3037 2605 3093 sed
2635 3037 2797 3091 etiam
2818 3034 3112 3090 secundum
3139 3029 3355 3087 carnem
3381 3016 3757 3100 quam-veram
3786 3047 3888 3085 ηις

2283 3131 2532 3186 turaliter
2560 3127 2721 3183 habet
2750 3127 2817 3181 de
2845 3140 3076 3196 corpore
3109 3125 3401 3193 genitricis,
3447 3123 3590 3178 Deus
3628 3138 3803 3177 verus
3835 3131 3888 3178 et

2284 3223 2538 3286 creditur,
2571 3229 2626 3276 et
2651 3218 2972 3290 praedicatur
3000 3233 3030 3272 a
3061 3218 3237 3272 nobis.
3269 3216 3531 3282 Quoniam
3559 3219 3772 3271 teter-na
3803 3216 3890 3270 di-

597 3313 831 3369 nominis
857 3311 1168 3373 scientiam,
1202 3308 1339 3360 idem
1369 3305 1562 3362 beatus
1600 3301 1934 3356 demonstrat
1963 3309 2182 3369 aposto—
2207 3326 2252 3385 ο
2285 3312 2483 3386 Vinius
2513 3309 2632 3365 Fim
2663 3300 2785 3365 cum
2828 3310 2983 3378 plena
3031 3307 3364 3364 humanitate
3415 3322 3533 3374 sua,
3585 3313 3641 3362 ει
3685 3308 3900 3366 eadem

599 3406 706 3466 lus.
729 3403 915 3458 dicens
944 3421 956 3455 :
985 3400 1028 3453 Ο
1065 3399 1342 3462 Timotheo,
1368 3396 1654 3465 depositum
1674 3391 1902 3456 custodi,
1947 3391 2180 3444 devitans

601 3483 851 3572 profanas
879 3511 1054 3551 vocum
1078 3495 1346 3553 novitates,
1365 3499 1413 3544 et
1428 3487 1782 3560 oppositiones
1808 3485 1929 3556 falsi
1959 3484 2183 3538 nominis

601 3590 832 3646 scientiis
871 3586 1032 3660 (Tim.
1071 3601 1145 3646 vt,
1194 3582 1307 3654 εει).
1339 3580 1494 3636 Sicut
1535 3586 1716 3633 autem
1765 3577 1854 3631 illa
1881 3591 2001 3645 qua:
2047 3574 2185 3630 falso

508 3676 525 3692 “
605 3679 823 3738 nomine
845 3676 1068 3732 scientia
1093 3680 1452 3743 nuncupatur,
1483 3669 1708 3726 scientia
1737 3682 1850 3723 non
1880 3673 1981 3729 est,
2030 3666 2102 3720 ita
2133 3673 2189 3720 et

606 3772 740 3828 lides
765 3786 927 3841 quam
973 3785 1078 3823 non
1130 3759 1359 3837 Spiritus
1405 3762 1659 3818 divinitus
1699 3761 1792 3832 (al.
1836 3756 2070 3827 divinus)
2104 3757 2186 3810 in-

608 3864 801 3933 fundit,
836 3863 934 3920 sed
965 3863 1230 3917 humanus
1260 3859 1362 3914 sibi
1377 3856 1612 3927 spiritus
1643 3854 1811 3923 ﬁngit.
1845 3854 2030 3923 utique
2060 3851 2190 3905 lides

607 3972 716 4014 non
744 3964 859 4022 est;
909 3970 974 4009 ac
1002 3969 1098 4024 per
1127 3953 1250 4015 hoc,
1301 3947 1597 4004 secundum
1639 3946 1849 4000 illorum
1882 3943 2190 4013 opinionem

609 4049 742 4105 ﬁdes
769 4049 978 4112 dicitur,
1013 4062 1131 4114 qua:
1155 4054 1332 4098 tamen
1361 4041 1493 4096 ﬁdes
1513 4055 1630 4095 esse
1657 4039 1961 4093 nullatenus
1989 4035 2194 4090 inveni-

610 4149 716 4194 tur.
749 4137 882 4191 Nam
913 4147 966 4190 et
1005 4135 1135 4189 deos
1167 4133 1468 4188 invenimus
1515 4131 1567 4184 iu
1597 4130 1799 4185 sanctis
1843 4127 2071 4196 eloquiis
2100 4141 2195 4195 ap-

611 4228 820 4300 pellari,
853 4242 990 4296 quos
1027 4233 1204 4278 tamen
1233 4239 1341 4277 non
1373 4237 1493 4276 esse
1531 4221 1662 4275 deos
1691 4221 1802 4289 ipsa
1829 4234 2050 4288 prorsus
2077 4216 2191 4270 clo‘

614 4321 736 4390 quia
785 4319 964 4371 divina
999 4323 1280 4370 tetantur.
1333 4312 1535 4368 Dicitur
1581 4311 1780 4380 quippe
1819 4310 1872 4363 in
1904 4307 2130 4362 Psalmis
2179 4324 2191 4358 :

616 4407 808 4462 Omnes
848 4408 918 4460 dii
961 4408 1186 4477 gentium
1231 4403 1489 4456 daemonia
1520 4399 1690 4470 (Psal.
1723 4415 1844 4464 xcv,
1895 4396 1970 4467 5).
2005 4396 2195 4451 Hiere-

617 4501 752 4556 mias
779 4512 994 4568 quoque
1020 4496 1095 4550 ait
1123 4513 1135 4547 :
1170 4495 1258 4548 Dii
1287 4494 1371 4562 qui
1402 4509 1504 4546 non
1535 4493 1763 4560 fecerunt
1792 4491 1974 4542 cazlutn
2004 4497 2051 4540 et
2092 4497 2197 4539 ter-

618 4610 751 4657 ram,
785 4599 997 4662 pereant
1020 4593 1084 4643 de
1107 4586 1198 4642 sub
1228 4586 1353 4640 calo
1380 4583 1509 4652 (Jer.
1542 4600 1592 4647 x,
1624 4582 1726 4652 ll).
1758 4581 1858 4647 Qui
1886 4590 2065 4644 tamen
2094 4578 2199 4632 alio

2286 3405 2444 3476 plena
2468 3404 2772 3458 humanitas
2801 3399 2918 3456 Filii
2941 3417 3062 3457 cum
3085 3410 3286 3457 :eterna
3309 3401 3592 3456 divinitate
3617 3417 3738 3470 sua,
3777 3419 3892 3459 una

2289 3503 2370 3552 est
2401 3497 2452 3550 in
2483 3495 2746 3550 Trinitate
2792 3509 3024 3564 persona
3051 3511 3065 3546 :
3096 3501 3152 3549 et
3193 3493 3306 3562 ipse
3335 3500 3482 3548 totus
3511 3492 3566 3547 in
3594 3493 3892 3553 divinitate

2289 3596 2452 3660 atque
2478 3590 2812 3642 humanitate
2843 3603 2938 3641 sua
2965 3586 3270 3656 unigenitus
3291 3586 3456 3643 Filius
3477 3602 3600 3644 cum
3631 3589 3800 3644 Patre
3836 3598 3900 3646 et

2290 3676 2492 3748 Spiritu
2523 3686 2709 3733 sancto
2740 3693 2877 3732 unus
2905 3685 2986 3731 est
3023 3676 3179 3731 Deus.
3206 3677 3355 3732 Alter
3378 3692 3508 3734 vero
3535 3679 3732 3734 modus
3757 3681 3890 3749 quia

2293 3784 2400 3825 non
2443 3778 2528 3824 est
2567 3779 2793 3835 naturae,
2836 3768 2929 3823 sed
2972 3769 3177 3836 gratiae,
3211 3769 3332 3824 ideo
3373 3767 3490 3825 sine
3532 3769 3712 3840 aliqua
3759 3769 3889 3830 ﬁdei

2292 3862 2558 3932 pravitate
2586 3876 2782 3915 nomen
2824 3860 3048 3914 deorum
3099 3859 3154 3913 in
3196 3873 3257 3914 se
3303 3861 3526 3931 recipit;
3556 3863 3684 3931 quia
3706 3863 3888 3918 solam

2293 3953 2537 4008 continet
2565 3953 2938 4023 adoptivorum
2969 3950 3386 4017 multitudinem,
3430 3952 3641 4020 quibus,
3689 3963 3747 4008 ut
3790 3953 3891 4010 ﬁlii

2297 4046 2391 4099 Dei
2423 4045 2633 4106 ﬁerent,
2665 4059 2875 4097 summa
2907 4041 3141 4096 Trinitas
3170 4057 3496 4098 unus-verus
3524 4043 3664 4098 Deus
3695 4045 3893 4100 tribuit

2297 4143 2639 4207 potestatem.
2669 4161 2740 4172 ——
2761 4133 2888 4188 CAP.
2921 4149 2994 4188 tv.
3017 4166 3089 4175 --
3108 4131 3164 4185 In
3198 4132 3288 4187 illo
3318 4138 3448 4207 ergo
3473 4134 3638 4188 modo
3659 4133 3894 4191 claritas

2300 4229 2558 4282 naturalis
2602 4225 2944 4296 agnoscitur;
2978 4225 3030 4278 iu
3060 4226 3165 4279 isto
3195 4233 3374 4279 autem
3403 4201 3624 4295 {giratize'
3655 4226 3888 4296 largitas

2301 4320 2588 4375 invenitur.

2375 4410 2460 4463 ll.
2505 4409 2620 4462 Duo
2651 4423 2780 4462 vero
2809 4406 3004 4461 residui
3037 4406 3181 4461 modi
3211 4407 3407 4475 quibus
3437 4406 3599 4473 Deus,
3643 4415 3739 4461 aut
3787 4410 3894 4464 ali-

2302 4519 2407 4572 qua
2449 4516 2535 4555 res
2575 4508 2669 4554 aut
2697 4514 2928 4569 persona
2971 4498 3297 4564 nominatur,
3339 4497 3509 4565 magis
3537 4498 3889 4561 inveniuntur

2303 4593 2448 4662 digni
2478 4592 2868 4661 vituperatione
2896 4605 3057 4659 quam
3102 4589 3279 4644 laude.
3327 4588 3395 4642 Et
3423 4588 3546 4648 ideo
3571 4591 3626 4646 in
3657 4599 3889 4659 utroque

619 4685 741 4740 loco
783 4685 927 4752 ipsos
971 4697 1106 4748 quos
1145 4679 1276 4732 deos
1317 4686 1624 4744 nuncupat,
1668 4672 1906 4728 ostendit
1948 4687 2052 4725 non
2083 4686 2187 4724 esse

2305 4683 2587 4738 manifesta
2613 4683 2884 4737 invenitur
2909 4682 3088 4750 culpa,
3117 4681 3242 4749 quia
3275 4681 3404 4736 nulli
3436 4697 3624 4742 eorum
3669 4685 3754 4740 vel
3793 4701 3890 4739 na-

621 4773 770 4829 tieos.
811 4773 898 4826 Ait
925 4773 1066 4826 enim
1101 4788 1114 4822 :
1148 4769 1372 4823 Circuite
1405 4767 1627 4820 insulam
1662 4764 1883 4832 Cet/tim,
1916 4773 1964 4816 et
2006 4763 2198 4827 videte;

621 4868 746 4920 etin
775 4865 944 4918 Cedar
975 4863 1177 4926 mittite,
1221 4871 1267 4914 et
1297 4860 1567 4930 intelligite
1591 4859 1932 4922 vehementer,
1963 4865 2010 4909 et
2040 4855 2202 4910 videte

623 4960 669 5014 si
696 4960 836 5030 facta
864 4970 984 5010 sunt
1016 4955 1162 5007 talia.
1206 4953 1265 5006 Si
1295 4953 1503 5008 mutarit
1545 4968 1667 5022 gens
1705 4951 1826 5004 deos
1855 4965 1996 5020 suos,
2029 4957 2077 5000 et
2116 4947 2204 5000 isti

624 5065 727 5104 non
757 5057 876 5101 sunt
902 5046 973 5099 dii
1003 5044 1133 5115 (Jer.
1167 5061 1220 5108 lt,
1262 5043 1364 5112 l0,.

695 5139 748 5194 9.
788 5138 1090 5193 invenimus
1117 5143 1294 5189 autem
1325 5133 1419 5189 Dei
1466 5149 1659 5190 nomen
1689 5134 1741 5188 in
1769 5131 2060 5201 Scripturis
2093 5144 2213 5182 san-

625 5234 744 5297 ctis,
775 5239 1034 5302 quantum
1062 5229 1215 5283 nobis
1264 5243 1406 5283 nunc
1454 5227 1706 5291 occurrit,
1741 5225 1914 5280 modis
1949 5232 2204 5294 quatuor.

628 5322 835 5378 Dicitur
857 5321 1000 5377 enim
1029 5321 1167 5375 Deus
1195 5318 1486 5375 secundum
1514 5319 1792 5372 veritatem
1823 5326 2046 5378 naturae,
2073 5331 2208 5385 quo-

629 5413 790 5468 tnodo
816 5414 930 5467 sola
957 5420 1142 5467 sancta
1167 5411 1398 5465 Trinitas
1427 5419 1508 5466 est
1537 5427 1692 5475 umis,
1727 5427 1884 5463 verus
1912 5419 1966 5463 et
2001 5411 2211 5464 incom-

629 5505 898 5559 tnutabilis
946 5505 1102 5568 Deus,
1147 5505 1237 5573 qui
1287 5504 1400 5557 ait:
1440 5503 1621 5557 Videte
1668 5505 1910 5573 quoniam
1959 5518 2049 5573 ego
2096 5518 2210 5555 sum

632 5596 794 5663 Deus,
824 5607 872 5649 et
897 5614 997 5649 non
1027 5605 1100 5649 est
1123 5597 1258 5649 alius
1299 5606 1487 5664 praeter
1506 5613 1584 5649 me
1605 5595 1781 5654 (Deut.
1809 5612 1975 5659 xxx",
2000 5595 2121 5664 59);
2152 5602 2208 5650 et.

629 5687 699 5741 de
727 5701 833 5756 quo
865 5686 1026 5740 David
1056 5686 1182 5740 dicit
1211 5705 1222 5739 :
1258 5685 1384 5750 Quis
1415 5686 1552 5740 Deus
1581 5696 1769 5756 prmter
1791 5685 2088 5750 Dominum,
2120 5692 2208 5738 aut
2258 5724 2266 5728 -

630 5781 746 5851 quis
775 5777 909 5832 Deus
939 5788 1124 5849 prwter
1157 5780 1313 5833 Deum
1346 5789 1575 5835 nostrum
1600 5779 1770 5851 (Psal.
1800 5794 1923 5844 xvn,
1957 5776 2085 5849 δερ
2115 5777 2212 5834 ilic

632 5878 718 5927 est
747 5887 881 5924 unus
907 5879 962 5925 et
981 5873 1128 5926 solus
1158 5873 1297 5926 Deus
1321 5874 1410 5942 qui
1435 5872 1580 5927 solus
1609 5871 1923 5926 naturaliter
1947 5870 2089 5927 Deus
2109 5879 2208 5926 est.

633 5960 717 6021 Ab
743 5961 846 6018 hoc
873 5977 978 6019 uno
1022 5977 1150 6019 vero
1180 5963 1288 6018 Deo
1317 5962 1551 6034 quidam,
1584 5970 1641 6018 ut
1669 5973 1847 6020 essent
1867 5963 1958 6031 dii,
1987 5981 2089 6020 non
2119 5979 2216 6019 ua-

2304 4782 2422 4827 tura
2467 4780 2646 4841 potest
2691 4772 2886 4839 inesse,
2926 4772 3014 4827 vel
3039 4771 3232 4840 gratia.
3267 4769 3415 4830 Unus
3461 4772 3664 4843 quippe
3689 4783 3775 4837 est
3801 4791 3886 4829 se-

2303 4863 2536 4919 cundum
2567 4861 2813 4920 allectum
2845 4877 3021 4932 pravae.
3067 4861 3397 4930 cupiditatis,
3424 4863 3565 4918 alter
3591 4864 3884 4924 secundum

2307 4959 2618 5028 opinionem
2665 4959 2882 5012 erroris.
2932 4955 3069 5012 Nam
3109 4957 3312 5012 carnali
3351 4957 3632 5026 cupiditati
3679 4958 3886 5014 deditus

2307 5050 2539 5113 animus,
2587 5049 2691 5104 hoc
2734 5047 2834 5101 sibi
2870 5046 3029 5102 deum
3074 5046 3200 5103 facit
3245 5061 3365 5103 esse
3403 5048 3547 5116 quod
3585 5047 3759 5116 diligit
3785 5063 3886 5118 pra:

2310 5141 2577 5196 omnibus.
2593 5139 2728 5194 Hinc
2751 5146 2832 5195 est
2847 5137 2992 5208 quod
3006 5137 3198 5193 beatus
3212 5137 3524 5208 Apostolus,
3537 5139 3884 5208 quorumdam

2310 5241 2526 5287 terrena
2554 5232 2875 5301 sapientium
2915 5239 3160 5286 ventrem
3189 5229 3348 5293 deum
3377 5246 3496 5286 esse
3530 5232 3647 5286 sine
3669 5231 3889 5296 dubita-

2311 5325 2458 5379 tione
2481 5323 2811 5393 pronuntiat,
2841 5322 3026 5378 dicens
3049 5340 3061 5375 ε
3093 5319 3323 5385 Quorum
3343 5324 3466 5392 ﬁnis
3493 5325 3890 5396 interitus,.quo-

2277 5453 2294 5470 .
2311 5431 2426 5468 rum
2447 5405 2571 5467 deus
2594 5423 2764 5467 venter
2796 5422 2892 5478 est,
2915 5422 2966 5465 et
2988 5413 3156 5484 gloria
3183 5415 3236 5466 in
3274 5416 3580 5485 confusione
3611 5432 3789 5479 eorum
3809 5417 3892 5487 qui

2313 5515 2519 5560 terrena
2549 5504 2758 5574 sapiunt
2789 5503 3116 5574 (Pliilip.-ttl,
3162 5503 3274 5575 i9).
3309 5504 3408 5562 Hic
3445 5507 3698 5562 existimo
3748 5508 3890 5576 ᾼρο·

2311 5597 2510 5650 stoium
2537 5603 2749 5651 terrena
2779 5611 2990 5666 sapere,
3021 5612 3119 5666 pro
3142 5604 3354 5653 terrena
3373 5598 3597 5667 diligere
3626 5594 3890 5668 posuisse.

2316 5686 2502 5742 Talem
2525 5703 2741 5742 sensum
2772 5688 2863 5742 illo
2893 5689 3055 5744 etiam
3078 5689 3198 5744 loco
3229 5691 3462 5750 arbitror
3487 5693 3775 5761 contineri,
3803 5693 3888 5748 ubi

2317 5787 2647 5833 memoratus
2693 5780 2970 5849 apostolus
3009 5780 3179 5834 dicit:
3211 5779 3380 5852 Igitur
3423 5783 3470 5836 si
3504 5769 3896 5838 consurresistis

2320 5888 2434 5925 cum
2464 5871 2687 5936 Christo,
2721 5888 2836 5943 qua:
2860 5889 3062 5926 sursum
3103 5881 3222 5927 sunt
3258 5875 3491 5944 quwrile,
3537 5874 3625 5928 ubi
3669 5873 3898 5930 Christus

2323 5974 2396 6018 est
2426 5965 2477 6018 in
2509 5964 2720 6020 dextera
2760 5963 2855 6020 Dei
2893 5964 3115 6020 sedens:
3146 5981 3260 6033 qua:
3307 5982 3507 6021 sursum
3557 5977 3674 6020 sunt
3711 5967 3893 6031 sapite.
