4124 6458
262 374 400 432 335:
484 380 487 382 ’

1652 360 1984 422 EPISTOLA
2025 359 2132 415 XII.
2151 411 2154 414 .

3423 358 3530 438 τηδδ

262 504 368 544 non
395 493 508 558 quin
535 497 689 554 super
718 474 903 534 terram
934 478 1154 551 (Coloss.
1176 494 1252 554 ut,
1280 472 1675 548 l).0stendens
1699 488 1848 527 nam—
1877 483 1920 540 Α
1955 477 2015 526 Si
2047 472 2213 526 credis
2239 487 2304 525 ex
2328 478 2432 524 toto
2455 469 2626 536 corde,
2659 467 2777 524 licet
2807 466 2991 538 (Ibid,
3022 467 3134 535 57).
3166 467 3232 520 Et
3251 468 3374 537 quia
3403 483 3540 537 ptas~
3571 507 3574 510 ι

247 574 368 649 qus
393 575 622 648 quod'ea
643 574 772 643 quae
799 584 923 627 sunt
947 565 1121 640 super
1139 575 1334 624 terram
1361 567 1574 637 sapere
1616 581 1724 618 non
1754 565 1846 617 de-

265 673 474 735 berent,
502 668 660 738 paulo
689 675 808 735 post
837 663 1040 718 addidit
1067 681 1079 715 :
1112 661 1442 738 Mortiﬁcate
1469 675 1593 728 ergo
1619 653 1849 708 membra
1877 722 1881 726 Α

262 761 430 814 vestra
451 753 710 830 que-sum
737 756 901 827 super
927 763 1138 819 terram,
1161 751 1595 822 fornicationem,
1627 748 1850 799 imnnm-

262 847 468 913 ditimn,
510 846 792 911 libidinem,
845 836 1310 914 concupiscentiam
1349 839 1561 902 malum,
1593 847 1641 891 et
1671 836 1847 890 avari-

262 937 408 1005 nam,
434 945 548 1011 qua?
573 943 647 992 est
677 931 1074 990 simulacrorum
1119 935 1333 986 servitus
1383 928 1580 1001 (Ibid.,‘
1610 925 1685 997 5).
1715 923 1849 980 Cum

261 1029 392 1100 ei‘g'o
426 1028 744 1085 mortificari
790 1027 1046 1102 praa'cipit
1081 1025 1320 1081 membra
1370 1031 1552 1077 nostra
1580 1035 1700 1090 qua:
1728 1025 1851 1074 sunt

261 1130 426 1194 super
449 1125 672 1189 terram;
708 1119 1199 1190 cnncupiscentiam
1232 1115 1415 1186 utique
1445 1117 1498 1169 in
1528 1112 1688 1168 nobis
1706 1128 1852 1165 mor-

262 1215 450 1272 lilica'ri
471 1219 652 1268 rerum
677 1211 907 1282 imperat
934 1211 1289 1264 terrenarum.
1321 1205 1550 1275 Propter
1570 1203 1715 1272 quod
1745 1201 1850 1256 alio

267 1322 383 1364 .oco
426 1305 658 1362 dicitur:
686 1301 794 1368 'Qui
826 1314 995 1356 autem
1033 1297 1151 1356 sant
1189 1298 1403 1362 Chr-isti,
1441 1284 1661 1350 'carnem
1703 1305 1851 1347 suam

263 1391 632 1469 :Lruciﬁxerunt
660 1412 773 1449 cum
796 1394 930 1449 vitiis
959 1402 1007 1447 et
1034 1391 1464 1461 concupiscentiis
1493 1385 1614 1452 βλ
1657 1402 1708 1449 v,
1733 1383 1845 1452 ‘24).

263 1491 468 1558 Quibus
488 1491 648 1543 etiam
672 1483 783 1542 vult
808 1495 859 1541 el
875 1485 975 1540 nos
992 1493 1236 1539 mortuos
1258 1483 1606 1546 :‘estimemus,
1630 1479 1811 1533 dicens
1835 1495 1846 1530 :

264 1583 588 1638 EIr-istimate
608 1568 692 1634 ros
729 1567 960 1632 ntortuos'
985 1573 1186 1649 qu'tlem
1218 1590 1326 1627 esse
1358 1573 1588 1644 peccato,
1633 1572 1852 1623 viventes

265 1661 435 1728 autem
467 1671 574 1727 Deo
601 1672 654 1725 in
685 1669 887 1724 Christo
916 1645 1042 1721 Jesu
1070 1663 1246 1737 (Rom.
1288 1679 1360 1727 vt,
1409 1659 1519 1731 11).
1549 1659 1627 1714 11ὶί
1656 1645 1855 1728 quippe

264 1767 342 1820 rei
369 1764 501 1818 vivit
530 1763 760 1834 quisque
787 1773 947 1828 quam
977 1757 1166 1825 diligit,
1199 1764 1253 1810 et
1274 1753 1348 1807 illi
1374 1768 1432 1807 se
1457 1750 1677 1805 exhibet
1707 1763 1853 1802 mor-

1950 563 2112 617 cessit
2137 561 2378 616 Eunuchi
2418 559 2706 624 confessio,
2737 560 3133 628 subsequenter
3180 560 3345 613 etiam
3381 557 3435 612 in
3467 575 3538 616 eo

1949 671 2047 725 per
2075 655 2304 724 Philippi
2324 654 2680 709 ministerium
2705 651 2927 708 effectus
2955 658 3153 706 sanctae
3180 638 3537 721 regeneratioa

1950 749 2032 802 nis
2058 748 2326 818 impletur.
2359 747 2473 814 Qua
2495 761 2624 815 ergo
2654 746 2856 816 justitia
2887 746 2976 800 ille
3003 746 3091 814 qui
3123 745 3456 800 credulitatis
3480 755 3538 801 et

1950 838 2299 894 confessionis
2342 839 2598 908 persolvit
2645 837 2900 901 oﬂicium,
2953 853 3058 891 non
3109 845 3536 906 consequeretur
3573 866 3575 868 -

1949 935 2147 985 sancta:
2177 930 2602 998 regenerationis
2643 929 2931 984 effectura?
2962 927 3093 982 Nam
3123 928 3330 986 sivordo
3359 935 3536 985 atten-

1944 1021 2108 1106 _datur
2131 1023 2314 1094 operis
2334 1031 2391 1078 et
2413 1023 2696 1090 mercedis,
2723 1037 2860 1092 opus
2889 1030 2972 1076 est
3012 1022 3064 1075 in
3111 1020 3211 1075 lide
3242 1029 3298 1075 et
3326 1019 3538 1075 confes-

1951 1116 2415 1184 sione,mercesin
2439 1116 2707 1186 baptismo
2735 1133 2747 1168 ς
2780 1115 2901 1170 ideo
2925 1115 3067 1170 enim
3098 1115 3324 1184 quisque
3349 1113 3540 1181 dignus

1953 1207 2282 1276 baptismate
2313 1206 2606 1275 judicatur,
2639 1205 2853 1275 quando
2881 1205 3138 1274 pnecedit
3178 1205 3298 1258 ﬁdei
3326 1203 3551 1259 confes-'

1951 1301 2226 1368 sionisque
2257 1299 2526 1364 meritum,
2558 1298 2643 1353 cui
2676 1307 2930 1366 tanquam
2959 1298 3010 1350 in
3042 1296 3347 1354 mercedem
3368 1296 3541 1350 sancti

1952 1391 2291 1459 baptismatis
2332 1390 2530 1443 debeat
2567 1389 2730 1443 tribui
2769 1397 3186 1444 sacramentum.
3237 1386 3439 1458 Dignus
3468 1395 3541 1438 est

1954 1492 2132 1536 autem
2161 1483 2427 1551 aperarius
2456 1481 2689 1536 mercede
2728 1499 2825 1536 sua
2876 1480 3026 1553 (Luc.
3061 1498 3116 1543 χ,
3149 1481 3223 1550 7).
3255 1479 3372 1534 Non
3413 1493 3542 1547 ergo
3583 1461 3587 1467 ’

1953 1573 2288 1643 baptismatis
2318 1575 2567 1629 mercede
2594 1573 2830 1628 fraudari
2855 1573 3038 1628 debuit
3070 1573 3162 1642 qui
3188 1587 3324 1640 opus
3353 1570 3545 1625 credu-

1957 1664 2122 1718 litatis
2151 1674 2205 1718 ct
2228 1664 2605 1732 confessionis,
2637 1665 2892 1719 divinitus
2919 1664 3055 1718 data
3101 1663 3281 1717 cordis
3325 1670 3380 1716 et
3435 1664 3545 1716 oris

1957 1753 2264 1818 devotione,
2279 1755 2554 1824 persolvit.
2571 1754 2688 1808 Non
2721 1756 2825 1809 hoc
2862 1754 3046 1822 utique
3074 1752 3171 1807 fuit
3189 1754 3321 1807 hora
3347 1753 3546 1822 baptis-

253 1859 437 1919 ‘tuum,
464 1852 616 1922 cujus
634 1854 684 1906 in
701 1855 765 1906 'se
786 1847 1128 1905 mortiﬁcavit
1157 1843 1426 1900 affectum.
1461 1841 1698 1896 Terrena
1728 1852 1856 1906 ergo
1891 1852 1935 1911 Β
1964 1847 2118 1900 matis
2149 1847 2579 1915 interrogandus,
2606 1846 2750 1915 quod
2774 1853 2855 1900 est
2884 1853 3042 1899 antea
3074 1845 3126 1897 in
3160 1843 3398 1914 Symboli
3426 1858 3546 1911 pru-

267 1948 481 2020 sa‘piunt
512 1947 602 2018 qui
632 1953 846 2000 terrena
883 1942 1145 2020 diligunt;
1199 1947 1254 1992 et
1288 1937 1448 1991 deum
1479 1933 1581 1988 sibi
1613 1939 1853 1986 ventrem

267 2041 469 2094 faciunt
523 2037 613 2105 qui
664 2033 800 2104 gulae
846 2027 1298 2087 delectationibus
1355 2024 1728 2081 illec‘ebrosam
1776 2020 1857 2075 sui

267 2129 447 2186 cordis
475 2114 789 2195 mancipant'
815 2121 1149 2177 servitutem.

339 2220 426 2274 12.
465 2218 656 2288 Opinio
682 2229 811 2270 vero
838 2211 1053 2267 humani
1083 2207 1286 2266 erroris
1313 2207 1602 2278 dupliciter
1629 2203 1730 2260 sibi
1766 2203 1858 2256 Dei

270 2329 467 2372 nomen
495 2299 830 2366 mendaciter
851 2307 904 2361 in
928 2299 1098 2362 suum
1135 2300 1541 2358 ﬁnxit'exitium
1563 2319 1581 2355 :
1612 2312 1732 2367 quae
1765 2310 1858 2363 ge-

270 2407 413 2462 mina
444 2403 644 2459 erroris
673 2400 854 2470 Opinio
879 2413 988 2451 non
1017 2397 1194 2450 minus
1227 2393 1329 2449 sibi
1376 2382 1661 2446 hatreti'cos
1691 2386 1862 2441 vindi-

270 2508 357 2555 cat
379 2513 540 2567 quam
591 2508 854 2566 paganos;
883 2479 1011 2545 dum
1041 2497 1096 2544 et
1125 2489 1256 2542 istos
1283 2496 1338 2541 et
1365 2485 1484 2539 illos
1508 2499 1574 2537 eo
1605 2481 1704 2536 sibi
1731 2481 1860 2535 sub-

270 2565 413 2666 iicit,
441 2580 907 2664 221quosimul
938 2572 1128 2666 omnes
1155 2581 1381 2637 diversis
1411 2577 1641 2632 vinculis
1682 2565 1869 2630 multi--

270 2660 718 2741 medie—falsitatis
744 2664 1235 2746 astringit.l'Pagani
1260 2673 1476 2742 quippe,
1512 2663 1702 2723 relicto
1733 2660 1862 2721 vero

272 2774 411 2841 Deo,
435 2772 690 2826 falsorum
721 2769 943 2823 deorum
978 2757 1347 2834 Superstitioni
1381 2760 1718 2823 deserviunt;
1752 2757 1861 2810 hm-

271 2867 426 2923 retiei
444 2873 624 2919 autem
646 2862 713 2917 de
734 2869 863 2916 vero
881 2860 990 2913 Deo
1013 2857 1144 2911 falsa
1176 2855 1477 2924 opinantes,
1498 2851 1710 2905 veritati
1739 2866 1864 2904 san-

273 2967 374 3014 cta:
398 2953 671 3023 religionis
700 2941 983 3007 obsistunt.
1020 2944 1360 3010 Manifestum
1388 2949 1470 2998 est
1505 2942 1664 3010 igitur
1693 2940 1865 2994 hmreé

273 3053 412 3106 ticos
453 3045 671 3100 vinculo
700 3041 964 3098 mortiferi
998 3035 1198 3094 erroris
1228 3035 1509 3103 obstringi,
1538 3050 1639 3088 nec
1667 3033 1866 3086 debere

275 3141 380 3198 dici
408 3137 594 3193 ﬁdeles
619 3149 756 3204 quos
777 3129 1025 3203 Ecclesia
1049 3129 1293 3183 inimicos
1307 3126 1510 3197 patitur
1526 3125 1828 3193 pertinaces
1849 3140 1861 3175 :

272 3226 710 3304 quandoquidem
760 3221 1090 3278 inﬁdelitatis
1137 3229 1320 3274 reatus
1361 3217 1451 3282 sit,
1503 3215 1588 3269 vel
1635 3213 1765 3267 falsa
1797 3212 1866 3266 de
1893 3221 1937 3282 ί]

273 3321 406 3379 vero
437 3321 548 3376 Deo
575 3306 819 3384 credere,
847 3315 931 3369 vel
961 3313 1152 3368 falsum
1197 3310 1356 3366 deum
1387 3305 1486 3364 sub
1513 3306 1730 3361 nomine
1753 3304 1864 3359 veri

273 3407 371 3470 Dei
399 3413 648 3468 adorare.
962 3398 965 3400 ’
1229 3411 1234 3420 ·

347 3493 475 3559 Clin.
497 3499 999 3566 v.—'—-13.Quoniam
1019 3493 1162 3565 ergo
1195 3492 1261 3547 de
1288 3491 1376 3546 illa
1409 3490 1618 3545 Domini
1644 3499 1863 3545 senten-

276 3598 350 3653 tia
391 3594 714 3665 sumpsimus
743 3587 1120 3660 disputationis
1159 3583 1460 3645 exordium,
1507 3597 1629 3651 qua:
1655 3582 1860 3644 statuit,

273 3669 401 3759 quia
430 3684 593 3741 omnis
617 3685 700 3756 qui
724 3681 1016 3743 crediderit,
1042 3685 1090 3730 et
1121 3675 1412 3746 baptizatus
1443 3674 1614 3744 fuerit,
1648 3671 1867 3725 salvebi-

275 3791 360 3836 tur
385 3775 578 3850 (Marc.
607 3791 714 3841 xvr,
748 3771 864 3841 15);
892 3771 1039 3825 illum
1066 3783 1290 3839 puerum
1317 3766 1580 3820 salvatum
1611 3779 1729 3817 esse
1749 3778 1869 3816 cre—

278 3869 493 3948 damus,
513 3869 564 3921 in
588 3883 694 3936 quo
716 3863 845 3918 nihil
860 3860 1093 3916 defuisse
1115 3873 1299 3912 eorum
1314 3871 1434 3926 qua:
1455 3855 1520 3907 ad
1533 3853 1869 3923 baptismatis

273 3943 512 4022 ofﬁcium
559 3970 719 4030 atque
759 3956 1010 4012 effectum
1059 3952 1330 4023 pertinent
1379 3946 1696 4002 invenimus.
1739 3943 1868 3997 Olli-

272 4059 418 4113 cium
440 4053 639 4124 quippe
659 4047 906 4104 secundae
932 4042 1223 4099 nativitatis
1240 4042 1290 4095 in
1309 4038 1413 4093 lide
1430 4046 1484 4093 et
1505 4035 1864 4102 confessione,

273 4145 498 4202 effectus
539 4151 718 4195 autem
757 4138 808 4191 in
856 4132 1268 4203 regeneratione
1304 4126 1571 4183 consistit.
1607 4124 1867 4194 Quotquot

273 4236 420 4292 enim
463 4241 760 4300 receperunt
788 4245 922 4290 eum,
955 4224 1093 4279 dedit
1116 4219 1198 4276 eis
1229 4229 1535 4292 potestatem
1576 4217 1716 4287 ﬁlios
1766 4213 1863 4270 Dei

273 4327 411 4399 fieri,
433 4326 511 4378 his
527 4321 609 4394 qui
633 4320 844 4384 credunt
866 4320 918 4371 in
947 4316 1157 4371 nomine
1185 4315 1295 4384 ejus
1327 4309 1507 4382 (Joan.
1533 4327 1572 4375 ι,
1598 4307 1708 4381 12).
1731 4307 1862 4363 Cre-

276 4419 415 4487 dunt
441 4423 665 4487 ergo,ut
690 4412 780 4466 ﬁlii
799 4410 892 4464 Dei
925 4405 1358 4486 liant;quoniam
1385 4401 1449 4456 ad
1467 4401 1571 4457 hoc
1592 4399 1866 4470 accipiunt

275 4483 524 4580 gratiamv
548 4506 690 4572 fidei,
720 4513 778 4558 ut
805 4501 1088 4580 credentes
1129 4483 1395 4568 accipiant
1424 4495 1650 4564 gratiam
1679 4507 1863 4548 sacra-

276 4600 463 4656 menti.
489 4597 713 4667 Dignum
736 4606 968 4660 namque
990 4597 1073 4645 est
1103 4596 1161 4643 ut
1189 4587 1316 4641 dum
1337 4583 1500 4640 corde
1528 4584 1763 4640 creditur
1791 4581 1858 4638 ad
1889 4603 1941 4664 ο

277 4684 559 4770 iustitiam,
572 4696 671 4742 ore
684 4683 951 4761 cenl‘essio
971 4682 1062 4733 ttat
1078 4680 1141 4733 ad
1159 4673 1407 4734 Salutem.
1426 4674 1764 4730 Manifestum
1779 4676 1862 4730 est

273 4760 455 4858 autem
482 4779 644 4851 quod,
668 4780 805 4833 sicut
836 4772 1068 4830 ofﬁcium
1085 4770 1416 4827 Credulitatis
1435 4760 1866 4824 etconf‘essionis

273 4855 510 4946 pertinet
537 4873 603 4927 ad
631 4865 1098 4930 catechumenu'm,
1144 4864 1222 4918 sic
1271 4860 1492 4945 clientas
1522 4855 1863 4930 baptismatis

274 4941 508 5038 pertinet
529 4963 592 5018 ad
620 4962 950 5024 ministrum;
970 4954 1162 5012 etdum
1181 4955 1247 5009 ab
1266 4941 1356 5008 illo
1380 4967 1474 5021 per
1495 4965 1677 5006 veram
1702 4951 1862 5026 fidem

272 5037 538 5114 confessio
565 5055 847 5126 promitur,
875 5050 1270 5118 subsequenter
1296 5037 1380 5101 est
1408 5053 1467 5099 ut
1491 5037 1594 5099 isto
1626 5045 1865 5113 lingentc

273 5131 525 5214 salutaris
553 5145 792 5218 mysterii
822 5142 994 5220 gratia
1022 5136 1330 5212 peragatur.

345 5238 432 5294 Η.
475 5239 646 5306 Quam
676 5225 929 5305 regulam'
957 5231 1009 5286 in
1040 5230 1263 5285 Actibus
1290 5228 1658 5301 apostolorum
1687 5226 1864 5282 sancti

277 5331 505 5402 Philippi
551 5323 789 5382 videmus
817 5340 980 5395 opere
1010 5322 1332 5378 custoditam
1359 5340 1370 5374 :
1406 5321 1496 5390 qui
1527 5335 1648 5374 cum
1672 5319 1862 5374 admo-

276 5429 495 5477 neretur
521 5436 548 5474 a
579 5419 780 5489 Spiritu
809 5423 996 5470 sancto
1027 5422 1085 5467 ut
1115 5413 1430 5483 praedicaret
1459 5411 1722 5465 Eunucho
1759 5410 1864 5474 D0-

273 5514 478 5568 minnm
493 5510 672 5565 Iesum
686 5507 973 5570 Christum,
990 5504 1254 5573 simulque
1270 5500 1338 5557 ad
1357 5503 1643 5572 quamdam
1671 5517 1864 5570 aquam

273 5606 529 5668 venisset,
562 5601 820 5656 Eunucho
853 5597 1158 5668 postulante
1187 5604 1242 5649 et
1265 5595 1513 5649 dicente:
1547 5593 1680 5648 Ecce
1707 5610 1863 5664 aqua,

272 5697 388 5768 quis
429 5694 662 5766 prohibet
689 5709 769 5745 me
797 5687 1053 5759 baptizari
1083 5686 1220 5756 (Act.
1251 5701 1365 5747 vm,
1416 5684 1549 5754 56)?
1602 5685 1689 5737 ille
1721 5683 1867 5751 prius

273 5787 458 5842 elicuit
486 5781 839 5841 confessionis
869 5778 1129 5841 oflieium,
1177 5776 1261 5831 cui
1293 5784 1439 5830 recte
1467 5776 1638 5830 sancti
1664 5774 1868 5843 baptis-

274 5880 435 5936 matis
463 5878 788 5934 ministraret
819 5872 1086 5928 eﬁectum.
1107 5867 1231 5923 Ideo
1261 5866 1537 5930 respondit
1569 5865 1860 5921 Eunucho:

1962 1941 2298 1995 nnmiatione
2345 1939 2646 1995 confessus.
2695 1939 2833 1993 Nihil
2866 1939 3048 2009 itaque
3080 1937 3153 1990 illi
3195 1935 3262 1990 ad
3289 1944 3548 1990 mternam

1960 2030 2344 2087 beatitudinem
2383 2030 2818 2100 consequendam
2867 2044 2969 2081 vox
2997 2027 3176 2080 ablata
3210 2025 3421 2087 nocuit,
3454 2022 3549 2092 qui

1959 2121 2198 2192 quandiu
2212 2121 2406 2190 potuit,
2424 2120 2475 2174 in
2496 2120 2608 2189 ipsa
2626 2117 2745 2172 ﬁdei
2765 2116 3106 2172 confessione
3119 2115 3549 2186 per:nansit.Ab-

1962 2213 2067 2268 lata
2088 2229 2198 2267 non
2226 2221 2442 2277 est,nec
2462 2220 2693 2274 mutata;
2723 2225 2822 2264 nec
2849 2209 3108 2263 abolitum
3126 2216 3209 2262 est
3229 2206 3373 2275 quod
3396 2206 3549 2271 dixit,

1961 2306 2175 2377 quando
2189 2305 2372 2362 dicere
2391 2319 2504 2359 non.
2521 2304 2716 2377 potuit,
2727 2303 2856 2372 quia
2872 2299 3326 2372 quandiulsentire
3337 2297 3512 2369 potuit
3534 2337 3567 2366 ,λ

1963 2400 2290 2456 sententiam
2322 2414 2429 2454 non
2455 2397 2714 2452 mutavit.

1991 2529 1994 2532 '
2038 2517 2124 2570 15.
2166 2516 2272 2571 Sed
2310 2535 2328 2567 ε
2363 2517 2553 2583 timeo,
2593 2513 2789 2583 inquis,
2835 2527 2902 2566 ne
2944 2519 3231 2582 propterea
3275 2508 3551 2576 Dominus,

1964 2612 2047 2665 cui
2079 2611 2259 2665 omnia
2285 2608 2562 2679 possibilia
2593 2613 2740 2671 sunt,
2775 2602 3084 2658 facultatem
3118 2601 3373 2679 loquendi
3395 2601 3551 2655 dene-

1965 2705 2190 2774 gaverit,
2224 2675 2366 2772 quoi
2396 2715 2520 2756 eum
2542 2697 2804 2754 beneﬁcio
2829 2697 3079 2753 secundm
3109 2675 3407 2750 nativitatis
3422 2694 3553 2764 judi-

1965 2799 2109 2853 cavit
2141 2797 2434 2864 indignum.
2476 2814 2495 2845 ι
2530 2793 2643 2847 lmo
2674 2792 2843 2860 magis
2873 2791 2942 2845 ibi
2983 2805 3340 2860 agnoscamus
3372 2787 3552 2842 Domi-

1968 2907 2093 2946 num
2138 2893 2296 2961 222
2328 2895 2568 2940 nostrum
2591 2901 2699 2940 non
2729 2883 2890 2937 fuisse
2923 2883 3145 2936 oblitum
3172 2877 3553 2934 misericordia

1965 2998 2094 3046 suae,
2128 2981 2181 3035 in
2216 2994 2324 3048 quo
2354 2977 2456 3032 etsi
2495 2962 2685 3030 vocem
2723 2975 2965 3042 abstulit,
3006 2973 3170 3026 vitam
3219 2980 3400 3026 tamen
3450 2985 3554 3026 non

1968 3075 2188 3138 ademit,
2217 3081 2279 3126 ut
2305 3071 2449 3142 quod
2495 3069 2723 3140 prtebuit
2750 3067 2972 3122 credere
3001 3064 3377 3135 conﬁterique,
3410 3063 3552 3119 acci-

1971 3176 2127 3238 peret
2151 3167 2358 3221 vivens.

2042 3260 2129 3316 16.
2171 3257 2279 3315 Sed
2325 3257 2618 3323 dubitatur,
2658 3274 2676 3307 ι
2712 3253 2985 3325 quomodo
3028 3250 3267 3323 potuerit
3307 3259 3440 3304 tetas
3470 3247 3556 3306 illa

1967 3351 2192 3406 rationis
2216 3365 2384 3420 capax
2415 3348 2588 3402 aliena
2614 3344 2952 3401 confessione
2988 3341 3224 3412 purgari.
3266 3360 3283 3392 ι
3319 3339 3432 3393 lmo
3461 3354 3556 3395 sua

1966 3444 2238 3498 invenitur
2258 3441 2598 3498 confessione
2619 3445 2864 3509 purgata,
2899 3435 2985 3489 cui
3016 3443 3142 3488 tunc
3171 3433 3398 3486 aliorum
3431 3445 3556 3485 con-

1967 3537 2128 3591 fessio
2158 3536 2443 3592 subsecuta
2474 3533 2730 3604 prodesse
2759 3546 2866 3584 non
2898 3537 3101 3599 posset,
3129 3527 3172 3580 si
3205 3523 3420 3596 propria
3461 3523 3551 3576 mi-

1968 3629 2113 3682 nime
2142 3627 2527 3697 pmcessisset.
2559 3616 2811 3678 Secundo
2843 3621 3024 3690 itaque
3051 3619 3131 3673 illi
3166 3617 3392 3672 aliorum
3423 3630 3556 3669 con-

1971 3718 2131 3773 fessio
2186 3719 2303 3772 sine
2351 3717 2515 3770 dubio
2571 3713 2802 3785 profuit,
2857 3712 3074 3782 quando
3124 3725 3231 3763 non
3285 3709 3557 3763 nolentem

1969 3809 2244 3880 pnnvenit,
2269 3823 2390 3863 cum
2413 3805 2684 3861 deﬁcienti
2712 3804 2996 3859 subsecuta
3023 3800 3294 3862 subvenit,
3329 3807 3383 3854 et
3413 3797 3557 3867 quod

1969 3902 2023 3955 in
2047 3901 2138 3956 illo
2169 3901 2421 3955 voluntas
2469 3897 2768 3952 illuminata
2814 3892 3084 3949 credendo
3140 3900 3194 3944 et
3249 3887 3556 3944 conﬁtendo

1969 3993 2151 4062 carpit,
2179 3992 2284 4045 hoc
2311 4005 2411 4061 pro
2442 3989 2534 4044 illo
2564 3989 2760 4044 caritas
2785 3985 3019 4039 fraterna
3052 3981 3302 4052 perfecit.

2041 4108 2168 4162 Car.
2197 4093 2268 4161 vi.
2293 4134 2359 4144 ——
2386 4103 2637 4174 Legimus
2667 4102 2847 4170 itaque
2871 4098 3154 4154 Dominum
3185 4095 3384 4149 dixisse
3411 4111 3422 4146 :
3457 4089 3558 4158 Qui

1968 4218 2048 4256 me
2075 4200 2342 4269 confessus
2371 4195 2525 4268 fuerit
2552 4207 2726 4246 coram
2743 4187 3054 4251 hominibus,
3079 4183 3362 4256 conﬁtebor
3390 4193 3438 4237 et
3463 4198 3558 4254 ego

1967 4317 2080 4355 eum
2107 4315 2280 4353 coram
2303 4295 2463 4350 Patre
2487 4308 2622 4360 meo,
2655 4293 2739 4362 qui
2768 4301 2845 4344 est
2874 4289 2926 4343 in
2957 4287 3098 4342 costis
3127 4284 3340 4358 (Matth.
3375 4281 3556 4354 x,'52).

1967 4390 2058 4466 lsti
2105 4399 2287 4446 autem
2327 4381 2847 4458 quandiu'loquendi
2883 4380 3111 4436 facultas
3139 4377 3256 4438 fuit.
3286 4374 3558 4437 confessio

1967 4483 2056 4538 illa
2083 4500 2189 4538 non
2219 4479 2407 4536 defuit.
2456 4477 2594 4546 Quis
2642 4485 2776 4546 ergo
2805 4473 2985 4528 dicere
3015 4469 3234 4526 audebit
3260 4466 3557 4523 confessio—

1969 4590 2091 4629 nem
2112 4573 2257 4628 illam
2287 4571 2474 4626 salutis
2503 4567 2800 4637 indignam,
2842 4579 3004 4635 quam
3052 4560 3202 4617 videt
3231 4575 3338 4614 non
3367 4557 3559 4613 volun-

1965 4667 2092 4721 tatis
2119 4654 2479 4738 perversitate
2505 4662 2784 4734 rejectam,
2815 4657 2909 4713 sed
2953 4654 3278 4711 inﬁrmitatis
3321 4649 3556 4706 necessi-
3629 4650 3636 4656 ’

1963 4764 2072 4813 tate
2101 4736 2586 4826 camprehensam‘!
2618 4750 2900 4806 Debilitata
2930 4755 3012 4806 est
3040 4748 3184 4803 enim
3215 4741 3415 4812 lingua,
3442 4736 3555 4796 non

1965 4849 2299 4923 conscientia
2339 4845 2668 4916 depravata;
2699 4839 2830 4897 dicit
2859 4849 3040 4913 autem
3071 4835 3364 4908 Apostolus
3389 4851 3402 4887 :
3441 4831 3555 4914 fla-

1966 4942 2138 5004 bentes
2169 4943 2346 4994 autem
2361 4935 2590 5006 eumdem
2606 4935 2840 5006 spiritum
2857 4932 3005 5004 ﬁdei,
3030 4931 3160 5000 sicut
3180 4928 3427 4998 scriptum
3445 4933 3520 4977 est
3536 4939 3555 4977 :

1967 5029 2198 5100 Credidi,
2242 5039 2453 5101 propter
2477 5026 2612 5097 quod
2655 5025 2854 5080 locutus
2885 5038 3029 5088 sum;
3067 5029 3116 5074 et
3145 5035 3239 5072 nos
3278 5017 3554 5079 credimus,

1963 5133 2173 5195 propter
2202 5122 2336 5193 quod
2365 5130 2413 5175 et
2441 5119 2696 5192 loquimur
2727 5117 2814 5192 (11
2849 5103 2968 5172 Cor.
3000 5132 3074 5180 tv,
3108 5113 3218 5183 15).
3252 5111 3344 5164 Ille
3374 5109 3556 5178 itaque

1965 5217 2055 5287 qui
2085 5216 2277 5286 spiritu
2310 5214 2430 5269 ﬁdei
2457 5221 2683 5283 accepto
2712 5210 2960 5275 credidit,
2993 5219 3049 5264 et
3070 5208 3285 5261 locutus
3305 5210 3407 5266 est,
3429 5216 3557 5271 quo.

1969 5310 2108 5363 niam
2141 5309 2256 5377 ipso
2287 5306 2514 5377 Spiritu,
2543 5321 2704 5374 quem
2727 5309 3034 5371 acceperat,
3062 5305 3120 5351 ut
3148 5295 3556 5358 crederet,tunc

1967 5417 2152 5456 carere
2179 5408 2393 5471 poterat
2420 5400 2462 5455 si
2492 5405 2748 5466 negaret;
2783 5393 2998 5464 quando
3029 5404 3137 5443 non
3167 5385 3401 5455 negavit,
3427 5400 3556 5454 pro-

1971 5493 2114 5550 fecto
2158 5508 2265 5548 non
2311 5491 2504 5548 caruit.
2537 5490 2661 5559 Ipso
2686 5501 2814 5555 ergo
2841 5483 3042 5553 Spiritu
3073 5494 3181 5550 quo
3225 5477 3436 5531 locutus
3476 5481 3556 5534 est

1973 5585 2218 5655 credens,
2242 5584 2551 5656 redemptus
2572 5589 2654 5635 est
2677 5587 2860 5633 tacens
2885 5594 2898 5628 :
2932 5573 3186 5643 quoniam
3217 5570 3334 5644 ipso
3354 5567 3556 5638 Spiritu

1973 5681 2223 5734 nativitas
2241 5676 2478 5733 secunda
2497 5673 2792 5745 perﬁcitur,
2807 5686 2915 5740 quo
2927 5668 3161 5724 secunda
3177 5661 3552 5719 crcdnlitasda-

1975 5781 2077 5827 tur.
2094 5769 2326 5826 Proinde
2347 5767 2560 5836 quando
2576 5780 2684 5818 non
2699 5762 3014 5816 defuitsano
3030 5755 3282 5813 credendi
3316 5761 3371 5806 et
3393 5749 3534 5805 conli

1974 5865 2116 5920 tendi
2147 5862 2414 5918 voluntas.
2435 5874 2538 5912 non
2567 5855 2737 5912 obfuit
2768 5853 2976 5910 infirmo
3002 5841 3539 5912 larendi'ncccssitas
