4120 6504
575 394 680 450 587

1543 457 1549 463 _
1604 392 1658 446 S.
1701 385 2062 443 FULGENTII
2093 383 2394 442 EPlSCOPl
2439 384 2804 444 ltUSPENSlS

3848 382 3935 440 .588

645 525 777 580 Car.
808 540 880 579 vn
922 556 991 566 —-
1019 523 1099 577 Π.
1138 521 1236 576 Est
1265 475 1444 578 autem
1472 537 1678 589 verum,
1707 521 1831 590 quia
1858 522 2022 576 solum
2042 538 2156 592 par—
2187 503 2232 560 Α
2259 498 2476 592 dimi“?
2515 499 2680 592 misse
2710 513 2870 592 υῗωίξ
2909 493 3142 592 ﬁdem“?
3177 494 3462 552 δυδίιέη·
3512 491 3828 552 Palem“
3856 501 3942 569 ἰεί-

577 618 719 674 vulos
749 618 847 670 rite
874 617 1127 671 credimus
1164 616 1486 684 oﬂ'erentium
1512 613 1617 683 ﬁde
1643 613 1860 681 salvari,
1898 629 2022 683 quos
2052 612 2161 666 ori-

579 711 741 780 ginali
786 718 985 762 tantum
1023 709 1255 762 norimus
1284 708 1552 778 iniquitate
1579 706 1838 769 damnari,
1886 705 1944 758 id
1981 713 2166 776 agente

578 801 756 855 dit-ina
801 801 1009 872 justitia
1071 801 1220 854 miris
1275 800 1480 863 modis,
1546 807 1602 852 ut
1651 797 2166 870 quodammodoubi

580 893 792 946 minime
828 895 1062 962 prapria,
1089 893 1144 946 id
1179 901 1255 945 est
1282 892 1503 945 actualis
1540 890 1742 945 malitia
1777 891 2047 957 reperitur,
2074 906 2167 942 nes

581 984 816 1040 voluntas
865 987 1082 1056 propria
1131 985 1463 1055 requiratur;
1518 983 1609 1037 sed
1653 999 1749 1053 per
1795 981 2169 1036 abundantiam

582 1075 766 1145 gratiae
811 1073 980 1140 detur,
1033 1073 1151 1126 aliis
1203 1070 1542 1136 credentibus,
1593 1071 1756 1137 salus,
1804 1069 2006 1142 quibus,
2049 1069 2170 1123 aliis

581 1162 932 1231 peccantibus,
973 1171 1145 1216 reatus
1190 1164 1442 1232 ascriptus
1490 1170 1585 1216 est.
1617 1161 1782 1216 Addis
1821 1160 2169 1229 autem,quia

583 1256 666 1308 hic
706 1257 914 1326 proprio
967 1253 1158 1309 vivebat
1210 1253 1425 1307 arbitrio
1466 1268 1484 1307 :
1531 1269 1686 1323 super
1725 1251 1855 1306 illud
1897 1251 2032 1322 quod
2079 1268 2171 1305 ra-

585 1347 696 1400 dice
729 1355 976 1411 traxerat,
1021 1347 1191 1414 .multa
1229 1349 1341 1400 sine
1379 1345 1531 1399 dubio
1559 1345 1684 1398 vitia
1718 1344 1929 1414 propria
1969 1343 2171 1413 cupidi-

587 1447 689 1492 tate
746 1448 1116 1506 contraxerat,
1175 1440 1513 1509 plurimorum
1567 1447 1890 1509 peccatorum
1958 1436 2172 1490 vinculis

583 1518 859 1604 obligatus,
901 1541 949 1585 et
990 1549 1092 1586 non
1145 1533 1247 1586 nisi
1293 1533 1583 1586 voluntaria
1623 1531 1921 1586 credulitate
1961 1530 2172 1584 salvan-

584 1627 708 1689 dus,
741 1641 857 1678 cum
901 1627 954 1680 in
1003 1626 1094 1680 illo
1141 1625 1504 1696 redemptionis
1547 1625 1658 1678 loco
1695 1625 1930 1694 conﬁteri
1966 1639 2057 1676 nec
2087 1639 2175 1676 ro-

584 1716 700 1781 luit,
732 1730 827 1768 nec
849 1715 1028 1780 valuit,
1051 1717 1174 1786 quia
1195 1717 1324 1769 nihil
1345 1717 1569 1770 sentiens
1587 1714 1712 1768 velle
1739 1714 1936 1784 aliquid
1963 1714 2174 1768 omnino

586 1822 689 1860 non
745 1807 923 1860 valuit.
985 1805 1112 1862 Haec
1167 1823 1398 1877 nempe,
1428 1807 1706 1862 carissime
1759 1804 1961 1871 frater,
2010 1803 2176 1860 verba

586 1906 712 1952 sunt
737 1905 979 1968 tua,qua:
1003 1899 1055 1952 in
1085 1897 1174 1952 illa
1203 1913 1366 1967 quam
1389 1897 1668 1952 destinasti
1698 1896 2043 1952 continentur
2065 1894 2179 1965 epi-
2210 1900 2257 1960 B

587 1989 747 2044 stola.

664 2101 752 2156 18.
793 2100 1026 2156 Proinde
1047 2101 1324 2170 originalis
1339 2100 1546 2170 peccati
1571 2099 1820 2168 primitus
1841 2105 1926 2153 est
1946 2096 2180 2168 qualitas

592 2194 919 2250 attendeuda
945 2212 958 2247 :
990 2194 1133 2262 quod
1166 2194 1351 2262 utique
1379 2193 1446 2246 ab
1475 2193 1594 2247 aliis
1621 2191 1937 2257 admissum,
1969 2191 2021 2243 in
2047 2189 2182 2244 alios

593 2297 680 2341 est
706 2285 1068 2354 generationis
1095 2286 1226 2340 vitio
1247 2293 1619 2357 propagatum.
1650 2282 1706 2337 lo
1720 2283 1874 2352 cujus
1887 2282 2183 2337 abolitione

592 2378 639 2431 si
667 2378 884 2446 quando
922 2377 1012 2431 illa
1035 2384 1166 2430 :etas
1195 2383 1297 2440 est,
1315 2375 1400 2429 cui
1432 2375 1648 2444 propria
1673 2389 1780 2427 non
1810 2373 1979 2442 possit
2005 2373 2182 2427 inesse

595 2469 884 2535 confessio,
932 2469 1052 2522 aliis
1099 2468 1450 2524 credentibus.
1486 2475 1542 2522 et
1581 2466 1984 2530 confitentibus,
2025 2464 2184 2519 datur

597 2561 838 2632 parvulis
887 2561 1050 2623 salus,
1083 2562 1300 2630 quibus,
1341 2561 1459 2615 aliis
1490 2560 1859 2630 peccantibus,
1889 2568 1971 2613 est
2000 2566 2184 2613 reatus

597 2653 882 2722 ascriptus.
908 2650 1169 2718 Quocirca
1199 2652 1454 2722 quoniam
1482 2652 1536 2706 in
1561 2651 1809 2706 aitatibus
1832 2650 1946 2720 jam
1972 2652 2184 2706 ratione

599 2743 872 2798 utentibus
894 2745 1109 2814 propria
1140 2742 1406 2798 confessio
1437 2744 1728 2813 quaeritur,
1760 2743 1845 2797 illa
1867 2743 2072 2798 scilicet
2091 2757 2182 2796 ra-

600 2836 770 2901 tione,
800 2836 1054 2904 quoniam
1077 2843 1132 2890 et
1161 2836 1348 2890 vivunt
1375 2843 1430 2891 et
1457 2835 1781 2904 intelligunt,
1812 2835 2075 2889 habentes
2115 2848 2183 2889 ex

599 2926 710 2982 vita
739 2933 1017 2994 peccatum
1044 2924 1292 2994 originis,
1327 2933 1381 2980 et
1410 2940 1478 2979 ex
1507 2924 1862 2992 intelligentia
1901 2934 2184 2994 peccatum

598 3023 830 3094 propria:
859 3024 1107 3091 actionis,
1158 3023 1281 3079 ideo
1310 3024 1471 3079 istum
1510 3032 1658 3079 recte
1689 3022 1917 3079 dicimus
1944 3025 2060 3078 sine
2083 3023 2180 3078 du-

600 3115 860 3170 bitatione
898 3115 1181 3179 salvatum,
1228 3116 1354 3185 quia
1393 3123 1449 3170 et
1490 3115 1793 3184 intelligens
1840 3116 2087 3183 credidit,
2131 3124 2186 3170 et

601 3209 762 3282 223
786 3209 936 3278 quod
957 3207 1185 3264 credidit
1217 3208 1436 3278 propria
1463 3207 1804 3263 confessione
1835 3206 2100 3272 firmavit;
2134 3216 2188 3262 et

602 3278 816 3367 deinde,
851 3300 1096 3368 quamvis
1119 3300 1232 3368 jam
1259 3315 1366 3354 non
1415 3299 1737 3366 intelligens,
1784 3306 1965 3354 tamen
2014 3299 2189 3355 adhuc
2215 3278 2260 3338 (Σ

605 3392 809 3454 vivens,
842 3396 1236 3444 sacramentum
1266 3396 1466 3454 sancta:
1502 3387 1928 3458 regenerationis
1963 3387 2189 3458 accepit.

606 3481 740 3537 Nam
761 3496 858 3552 per
879 3480 1050 3534 sancti
1073 3477 1410 3548 baptismatis
1433 3487 1848 3542 sacramentum,
1877 3465 1967 3532 illa
1989 3479 2099 3533 vita
2115 3487 2198 3534 est

608 3574 817 3644 peccati
845 3572 1121 3642 originalis
1151 3571 1674 3644 nexibusabsoluta,
1705 3589 1824 3642 qua:
1843 3566 2029 3627 fuerat
2049 3572 2195 3641 ejus—

609 3664 730 3718 dem
757 3664 966 3734 peccati
997 3662 1220 3718 vinculis
1242 3663 1496 3731 obligata.
1514 3661 1580 3716 Et
1601 3664 1724 3731 quia
1747 3672 1896 3717 tanta
1926 3671 2008 3718 est
2031 3664 2199 3717 virtus

610 3755 781 3811 sancti
796 3755 1151 3825 baptismatis,
1169 3762 1226 3808 ut
1251 3754 1340 3808 ubi
1371 3755 1531 3808 vitam
1556 3755 1838 3820 invenerit,
1869 3756 2048 3826 inqua
2071 3754 2199 3809 illud

612 3848 886 3917 originalis
912 3847 1123 3918 peccati
1140 3847 1411 3902 vinculum
1442 3848 1632 3912 solvat,
1648 3849 1828 3902 omnia
1859 3864 1979 3918 quae
2007 3863 2200 3916 super-

612 3939 820 4010 adjecta
839 3939 1122 4011 repererit,
1141 3938 1390 3994 secunda:
1409 3938 1707 3993 nativitatis
1727 3937 1990 3994 beneficio
2007 3939 2196 4004 diluat,

609 4033 762 4103 juxta
791 4032 920 4088 illud
940 4032 1086 4102 quod
1107 4031 1398 4103 Apostolus
1414 4032 1488 4085 ait
1518 4049 1530 4083 :
1566 4029 1709 4085 Nam
1729 4031 1983 4102 judicium
2012 4048 2076 4085 ex
2099 4048 2201 4084 uno

615 4129 666 4181 in
697 4125 1194 4191 condemnationem,
1226 4125 1396 4196 gratia
1425 4133 1597 4177 autem
1625 4141 1688 4177 ex
1716 4124 1888 4177 multis
1919 4123 2121 4177 delictis
2147 4124 2199 4176 in

618 4217 1040 4288 iustiﬁcationem
1073 4215 1250 4287 (Rom.
1280 4231 1335 4283 v,
1369 4215 1454 4285 16)
1486 4234 1497 4268 :
1532 4214 1692 4283 digne
1737 4215 1885 4268 illum
1931 4213 2202 4269 credimus

618 4324 737 4363 esse
767 4307 1052 4371 salvatum,
1077 4307 1162 4361 cui
1185 4315 1240 4361 et
1268 4315 1393 4360 ante
1415 4306 1678 4375 baptisma
1721 4304 2011 4359 credulitas
2033 4313 2087 4358 et
2117 4304 2201 4357 in-

622 4399 928 4467 telligentize
969 4397 1237 4453 confessio
1269 4413 1376 4451 non
1405 4395 1589 4458 defuit,
1611 4386 1682 4470 iet
1713 4396 1763 4449 in
1789 4396 1922 4450 hora
1951 4393 2204 4465 baptismi

623 4492 752 4556 vita,
795 4490 1039 4558 quamvis
1065 4489 1118 4542 in
1160 4487 1370 4542 infirmo
1399 4495 1454 4542 et
1485 4486 1839 4551 febricitante,
1882 4487 2198 4556 permansit.

555 4655 562 4660 ι
624 4583 742 4637 Vita
789 4583 949 4651 igitur
981 4595 1100 4651 quae
1143 4580 1412 4657 contraxit
1459 4580 1717 4648 originale
1747 4590 2046 4650 peccatum,
2080 4578 2202 4650 quia

2267 598 2356 644 tur
2381 591 2605 646 scientis
2642 588 2911 646 confessio
2936 588 3332 644 remissionem
3396 595 3808 657 peccatorum
3835 607 3937 650 me.

2264 685 2371 740 ruit
2392 686 2555 740 etiam
2581 685 2842 740 nescienti
2863 681 2991 753 quid
3013 682 3233 748 diceret,
3267 681 3360 742 de
3389 695 3530 751 quo
3569 689 3604 719 ι
3635 683 3942 744 nullatenus

2265 777 2594 834 dubitemus.
3785 819 3788 821 Α

2339 870 2468 924 Cn.
2483 867 2760 923 vnn—~19.
2786 867 2968 936 Neque
2979 866 3124 922 enim
3137 867 3338 929 abhac
3355 865 3690 922 sententia
3703 876 3935 923 mettum

2269 961 2506 1014 animum
2534 973 2794 1014 revocare
2823 957 2985 1012 debet
3014 957 3123 1012 ulla
3147 958 3424 1027 suSpicio
3443 987 3467 1022 ,
3509 971 3598 1011 ne
3627 957 3765 1026 quis
3789 957 3934 1023 dicat,

2269 1048 2417 1118 quod
2447 1049 2536 1103 ille
2571 1067 2589 1100 ‹
2618 1048 2800 1102 salvus
2827 1056 2993 1115 esset,
3045 1049 3090 1102 si
3113 1064 3213 1103 nec
3241 1048 3325 1103 ad
3363 1048 3578 1118 ipsam
3617 1049 3930 1105 unctionem

2271 1140 2517 1210 corporis
2567 1139 2924 1209 pervenisset,
2956 1159 2972 1191 ι
3017 1155 3139 1194 cum
3170 1140 3387 1208 utique
3423 1154 3562 1196 non
3593 1138 3854 1198 dicamus
3877 1143 3932 1195 il.

2273 1230 2381 1284 lum
2412 1230 2529 1290 sine
2576 1229 2828 1298 baptismi
2859 1239 3199 1284 sacramento
3243 1229 3388 1292 sola
3424 1228 3815 1286 Confessione
3841 1248 3926 1300 po-

2273 1319 2442 1373 tuisse
2464 1316 2681 1371 salvari.
2727 1313 2828 1379 Qui
2855 1316 3002 1370 enim
3030 1318 3339 1379 crediderit.
3380 1326 3441 1372 et
3475 1317 3805 1386 baptizatus
3827 1325 3926 1390 [ue-

2274 1409 2361 1472 rit,
2403 1409 2573 1464 salvus
2623 1408 2741 1461 erit.
2809 1406 2962 1460 Illum
3012 1407 3196 1477 utique
3243 1407 3778 1477 adolescentem,
3812 1412 3922 1481 quia

2276 1496 2569 1553 credidisse
2595 1507 2649 1556 et
2678 1497 2982 1554 confessum
3011 1496 3175 1556 fuisse
3195 1499 3511 1565 novimus,
3554 1499 3694 1554 ideo
3723 1515 3821 1569 per
3845 1517 3920 1560 sa-

2277 1595 2609 1652 cramentum
2632 1587 2968 1660 baptismatis
2994 1588 3200 1644 salvum
3247 1589 3448 1646 [uim
3479 1589 3803 1646 ﬁrmamus.
3831 1592 3916 1659 Qui

2278 1678 2324 1734 si
2356 1694 2462 1734 non
2490 1679 2872 1748 baptizaretur,
2904 1695 3011 1734 non
3042 1679 3214 1736 solum
3250 1681 3596 1750 nesciens,
3629 1683 3731 1737 sed
3769 1684 3916 1738 etiam

2279 1767 2455 1822 sciens
2485 1766 2790 1822 nullatenus
2815 1768 3132 1822 salvaretur.
3175 1768 3271 1824 Via
3307 1771 3490 1826 enim
3518 1772 3730 1828 salutis
3749 1773 3844 1827 fuit
3866 1774 3909 1830 in

2284 1856 2646 1928 confessione,
2677 1861 2822 1916 salus
2848 1861 2901 1914 in
2930 1861 3272 1931 baptismate.
3320 1863 3483 1920 Nam
3521 1866 3583 1919 in
3617 1866 3715 1920 illa
3745 1875 3910 1932 aetate,

2283 1967 2391 2006 non
2421 1952 2595 2006 solum
2627 1953 2678 2007 ei
2714 1953 2982 2010 confessio
3028 1956 3144 2010 sine
3183 1956 3556 2028 baptismate
3607 1957 3762 2016 nihil.
3793 1976 3903 2029 pro-

2281 2046 2481 2111 desset,
2539 2047 2631 2101 sed
2661 2063 2760 2103 nec
2789 2049 2960 2118 ipsum
2989 2049 3254 2118 baptisma
3282 2066 3413 2106 non
3449 2051 3720 2108 credenti
3749 2068 3904 2121 neque

2283 2138 2558 2194 confitenti
2589 2139 2856 2196 ullatenus
2881 2139 3170 2211 proficeret
3197 2141 3264 2196 ad
3293 2143 3592 2198 salutem.
3635 2143 3766 2200 Ideo
3791 2159 3901 2212 ergo

2284 2225 2359 2286 illi
2395 2231 2532 2286 Deus
2572 2232 2966 2288 confessionem
3010 2232 3266 2303 prodesse
3316 2235 3564 2302 voluit,
3624 2236 3755 2304 quia
3796 2251 3898 2290 eum

2284 2337 2453 2391 usque
2482 2322 2550 2376 ad
2574 2333 2815 2377 sanctam
2842 2323 3314 2392 regenerationem
3343 2325 3410 2378 in
3447 2325 3566 2380 hac
3598 2325 3712 2378 vita
3737 2339 3895 2380 sena-

2284 2414 2378 2468 vit.
2420 2413 2629 2469 Donum
2679 2414 2859 2483 itaque
2887 2421 3088 2469 sanctae
3119 2415 3584 2484 regenerationis
3616 2417 3762 2469 sicut
3798 2416 3892 2482 ille,

2283 2506 2408 2575 quia
2441 2506 2626 2571 voluit,
2661 2506 2890 2576 petivit;
2919 2507 2997 2562 sic
3023 2506 3184 2572 Deus,
3215 2508 3348 2576 quia
3389 2498 3604 2576 voluit,
3639 2508 3800 2563 dedit.

2356 2593 2485 2647 Cn.
2519 2610 2591 2648 ut.
2625 2594 2822 2648 Mor-tui
2852 2613 2943 2650 cur
2981 2613 3084 2650 non
3128 2596 3501 2668 baptizentur.
3536 2632 3611 2642 —
3644 2598 3731 2651 20.
3763 2597 3885 2658 Mor-

2285 2693 2407 2741 tuos
2435 2695 2616 2741 autem
2656 2697 2942 2758 propterea
2989 2704 3097 2742 non
3147 2674 3540 2760 baptizamus,
3592 2689 3722 2760 quia
3747 2703 3886 2744 omne

2286 2789 2589 2851 peccatum,
2609 2780 2723 2834 sive
2744 2779 3020 2849 originale,
3054 2781 3166 2835 sive
3191 2781 3438 2846 actuale,
3475 2782 3609 2850 quia
3641 2780 3790 2835 simul
3815 2789 3883 2833 est

2286 2876 2479 2931 anima:
2531 2875 2786 2944 carnique
2816 2889 3122 2942 commune,
3173 2875 3303 2928 nihil
3356 2891 3567 2930 eorum
3600 2874 3878 2935 dimittitur,

2285 2966 2329 3020 si
2359 2981 2388 3020 a
2418 2981 2512 3020 sua
2543 2981 2708 3020 carne
2735 2966 2914 3020 anima
2938 2975 3236 3036 separetur.
3272 2967 3482 3021 Omnes
3506 2967 3650 3021 enim
3677 2951 3768 3020 nos
3785 2983 3877 3018 ma-

2192 3095 2194 3098 τ
2287 3057 2523 3130 υἱιέδιανὶ
2547 3064 2746 3125 oportet
2778 3065 2897 3110 ante
2918 3055 3144 3108 tribunal
3164 3055 3386 3123 Christi,
3421 3065 3483 3110 ut
3507 3057 3726 3126 recipiat
3743 3071 3879 3108 unus-

2287 3151 2498 3221 quisque
2523 3151 2734 3220 propria
2765 3151 2998 3219 corporis
3027 3158 3178 3218 prout
3208 3151 3395 3221 gessit,
3421 3151 3534 3204 sive
3557 3149 3762 3214 bonum,
3787 3149 3872 3200 sive

2291 3240 2486 3295 malum
2517 3240 2571 3310 (I
2601 3238 2719 3295 Cor.
2754 3257 2807 3306 v,
2844 3239 2952 3309 lO).
2995 3239 3186 3294 Anima
3217 3240 3406 3309 itaque
3437 3239 3565 3294 sine
3594 3253 3751 3294 carne
3776 3235 3874 3288 nul.

2297 3331 2347 3385 la
2369 3332 2581 3386 ratione
2624 3331 2878 3393 salvatnr,
2931 3346 3050 3401 quae
3097 3331 3343 3400 peccavit
3389 3332 3449 3386 in
3502 3343 3750 3400 corpore,
3789 3339 3868 3379 nec

2297 3420 2521 3475 credidit
2549 3435 2670 3476 cum
2699 3420 2920 3475 essetin
2948 3435 3200 3492 corpore.
3239 3420 3317 3476 Ac
3361 3437 3470 3493 per
3517 3421 3655 3482 hoc,
3703 3416 3870 3472 malum

2298 3514 2489 3584 recipit
2521 3513 2663 3584 quod
2695 3515 2861 3584 gessit
2907 3515 2958 3568 in
3010 3529 3260 3584 corpore,
3309 3531 3425 3570 non
3469 3515 3694 3576 bonum,
3733 3505 3865 3582 224

2299 3603 2442 3674 quod
2471 3604 2524 3657 in
2555 3619 2786 3674 corpore
2814 3604 3105 3660 constituta
3138 3621 3243 3660 non
3274 3607 3469 3675 gessit.
3514 3603 3657 3660 Caro
3685 3613 3865 3671 quoqne

2300 3694 2416 3748 sine
2461 3695 2640 3748 anima
2670 3711 2776 3748 non
2833 3703 3012 3764 potest
3043 3681 3323 3763 baptizari,
3376 3695 3510 3764 quia
3559 3708 3661 3753 nec
3696 3687 3862 3754 remis-

2300 3782 2506 3837 sionem
2535 3791 2882 3852 peccatorum
2912 3784 3176 3853 accipere.
3219 3782 3351 3837 Nam
3385 3800 3478 3838 res
3519 3798 3640 3852 qua:
3665 3796 3763 3834 non
3798 3775 3861 3828 vi-

2303 3875 2397 3940 vit,
2445 3875 2583 3928 sicut
2614 3889 2860 3944 peccare,
2906 3858 3397 3951 itapmniteutiam
3440 3873 3649 3945 peccati
3682 3869 3861 3934 habere

2304 3981 2409 4018 non
2441 3972 2640 4033 potest.
2685 3962 2967 4030 Quomodo
2995 3973 3396 4018 sacramentum
3430 3959 3751 4020 remissionis
3769 3951 3858 4009 dari

2301 4061 2504 4124 potest,
2553 4054 2645 4108 ubi
2672 4054 2780 4108 vita
2819 4070 2922 4107 non
2954 4054 3078 4107 est?
3125 4063 3218 4109 aut
3261 4055 3716 4124 quemadmodum
3759 4059 3859 4101 caro

2302 4145 2605 4215 baptizetur
2650 4145 2711 4199 in
2752 4145 3125 4199 remissionem
3171 4154 3550 4214 peccatorum,
3602 4140 3684 4196 ubi
3712 4135 3857 4191 animi

2306 4249 2411 4286 non
2442 4241 2546 4300 est,
2575 4248 2696 4287 enm
2725 4248 2828 4302 qua
2860 4233 3018 4286 simul
3042 4233 3276 4287 adh-mret
3300 4235 3510 4304 peccati
3533 4221 3859 4288 consortium?

2305 4323 2469 4393 Igitur
2497 4325 2594 4378 etsi
2621 4322 2720 4376 fuit
2745 4322 3056 4392 cujusquam
3087 4325 3315 4379 viventis
3341 4326 3592 4380 voluntas
3622 4317 3854 4382 ιίιιειίειιυε

2307 4415 2527 4470 devotio
2560 4455 2574 4478 ,
2626 4414 2718 4483 qui
2752 4421 2929 4467 tamen
2977 4413 3260 4469 defunctus
3287 4424 3368 4470 est
3419 4417 3536 4471 sine
3562 4403 3854 4483 baptismatis

2307 4513 2666 4568 sacramento,
2701 4505 2821 4559 ideo
2852 4515 3096 4560 mortuus
3125 4507 3384 4575 baptizari
3421 4524 3525 4562 non
3554 4502 3733 4577 potuit,
3751 4495 3848 4564 quia

2312 4597 2380 4654 ab
2410 4597 2500 4651 illo
2528 4611 2759 4672 corpore
2803 4596 2979 4650 anima
3011 4597 3162 4665 cujus
3200 4597 3298 4652 fuit
3329 4599 3578 4654 voluntas
3608 4591 3758 4648 lldelis
3777 4587 3850 4641 de-

623 4672 841 4743 quando
881 4672 1074 4742 potuit,
1115 4670 1479 4725 testiinonium
1524 4686 1632 4725 sua:
1673 4671 2015 4726 conscientia:
2045 4679 2207 4738 atque
2235 4658 2284 4716 Ῑ)
2312 4688 2566 4756 γοιίοίιυε
2594 4658 2858 4740 discessit,
2877 4658 3168 4756 Pl-opie}ea
3201 4687 3299 4741 iste
3331 4687 3512 4758 igitur,
3541 4685 3606 4757 de
3625 4696 3721 4751 quo
3739 4687 3847 4731 nunc

627 4762 993 4829 intelligentia:
1033 4761 1214 4826 dedit;
1248 4762 1407 4815 etiam
1435 4762 1650 4832 quando
1680 4760 1927 4817 confiteri
1971 4777 2076 4816 non
2109 4779 2207 4831 po-

625 4855 747 4920 tuit,
781 4853 921 4906 illius
959 4851 1311 4908 confessionis
1352 4854 1545 4907 merito
1586 4852 1960 4908 remissionem
1999 4851 2210 4921 peccati

626 4942 899 5012 originalis
926 4944 1152 5015 accepit.
1189 4943 1416 4998 Maxime
1443 4943 1850 4999 consecratione
1879 4942 2099 4997 unitatis
2121 4940 2216 4998 Ec-

627 5035 803 5089 clesia:
845 5032 1193 5103 suli‘ragante,
1223 5050 1327 5105 qua
1361 5034 1556 5089 factum
1595 5043 1678 5090 est
1720 5040 1778 5087 ut
1815 5033 2210 5088 ceni‘essionem

629 5136 871 5197 tempore
894 5128 1166 5196 praeterito
1195 5127 1475 5190 redditam,
1512 5126 1636 5194 quia
1662 5140 1768 5178 non
1796 5123 1971 5194 potuit
2003 5125 2053 5177 in
2080 5123 2208 5178 hora

629 5220 877 5290 baptismi
906 5217 1132 5276 reddere
1158 5227 1381 5290 propter
1427 5218 1790 5272 infirmitatem
1818 5215 2081 5284 corporis,
2111 5213 2210 5269 ad-

624 5309 827 5379 jutorio
856 5309 1104 5365 fraternae
1142 5310 1390 5366 redderet
1420 5307 1696 5364 caritatis:
1732 5314 1790 5360 ut
1817 5320 2005 5360 eorum
2041 5321 2215 5360 mem-

633 5409 850 5464 brorum
877 5409 1045 5464 verbo
1068 5407 1253 5463 fuisset
1281 5407 1514 5477 adjutus,
1542 5420 1772 5476 quorum
1810 5401 1909 5458 fuit
1941 5405 2218 5462 consortio

632 5497 987 5568 deputandus.
1040 5498 1137 5554 lllo
1184 5507 1362 5552 autem
1405 5496 1652 5565 originali
1701 5503 1927 5565 peccato
1974 5494 2218 5563 dimisso,

633 5589 824 5649 cuncta
866 5602 1087 5665 peccata
1131 5609 1250 5663 qua:
1297 5593 1512 5664 propria
1541 5581 1818 5647 voluntate
1847 5601 2216 5663 contraxerat,

709 5761 731 5827 ξ
765 5751 954 5827 Plures
981 5751 1147 5827 codd;
1164 5750 1290 5804 editi
1317 5769 1431 5827 non
1449 5755 1648 5809 habent
1676 5755 1774 5808 has
1802 5771 1982 5819 voces,
2015 5755 2076 5809 de
2105 5771 2226 5827 quo,

637 5822 731 5897 sed
760 5823 838 5897 sic
858 5824 1074 5895 legunt:
1106 5821 1382 5877 Prwterita
1416 5826 1574 5897 igitur
1601 5827 1810 5880 scientis
1840 5827 2101 5897 confessio
2119 5821 2220 5880 re?

638 5895 935 5949 mis‘icnem
975 5901 1306 5964 peccatorum
1352 5895 1536 5949 meruit
1565 5897 1813 5952 nescienti
1862 5895 1984 5969 quid
2026 5897 2220 5951 diceret

2313 4780 2510 4847 agitur,
2540 4780 2698 4849 digne
2727 4781 3026 4850 baptizatus
3053 4791 3176 4846 est,
3210 4783 3334 4851 quia
3366 4784 3542 4836 anima
3574 4778 3708 4847 ejus,
3732 4768 3849 4836 Culus

2316 4867 2563 4922 voluntas
2595 4869 2762 4925 lidelis
2793 4879 2846 4924 et
2875 4869 3092 4926 devotio
3121 4859 3274 4926 nota~
3300 4874 3546 4928 omnibus
3574 4869 3682 4930 fuit.
3711 4869 3844 4934 υδίιυθ

2317 4959 2382 5014 ad
2413 4959 2601 5014 horam
2630 4962 2804 5017 sancti
2835 4962 3171 5032 baptismatis
3201 4964 3253 5018 in
3284 4981 3379 5020 sua
3403 4979 3563 5020 carne
3582 4949 3844 5032 permanSiL

2318 5043 2411 5107 Illa
2445 5053 2604 5122 igitur
2627 5055 2906 5125 mysteria,
2935 5071 3053 5124 qua:
3100 5064 3226 5114 ante
3248 5057 3512 5128 .haptisma
3560 5055 3606 5107 in
3654 5039 3842 5104 Εεοιεείε

2324 5151 2600 5211 geruntur,
2633 5145 2842 5216 concipi
2867 5146 3205 5220 spiritualem
3227 5147 3499 5202 hominem
3537 5141 3844 5220 {soloab-:30“

2318 5235 2547 5289 renasci.
2583 5233 2722 5298 Hine
2743 5245 2828 5292 est
2845 5236 2988 5308 quod
3006 5237 3286 5308 perveniet
3309 5236 3375 5292 ad
3395 5237 3630 5298 salutem,
3656 5225 3696 5284 δέ
3717 5229 3842 5296 ⁴1⁸¹⁸⁰¹

2319 5325 2552 5380 secunda
2583 5327 2837 5382 nativitas
2886 5327 3078 5382 educet
3117 5329 3170 5393 in
3201 5307 3396 5384 lucem.
3438 5325 3515 5381 Ad
3540 5335 3684 5402 quam
3707 5315 3841 5397 lucem

2323 5417 2427 5472 illis
2453 5419 2615 5474 homo
2645 5420 2916 5492 mysteriis
2941 5431 3294 5490 praeparatur,
3335 5422 3427 5477 sed
3459 5408 3839 5497 baptismatis:

2323 5518 2603 5564 cramento
2632 5509 2963 5579 perducitur.
3004 5511 3118 5568 Hoc
3147 5520 3230 5568 est
3256 5513 3400 5588 quod
3429 5495 3654 5582 superius
3680 5493 3770 5552 dixi
3800 5493 3838 5539 in

2325 5599 2428 5656 illis
2455 5602 2726 5673 mysteriis
2747 5615 2866 5660 esse
2893 5604 3080 5659 salutis
3109 5604 3366 5672 officium,
3399 5607 3449 5660 in
3473 5598 3753 5676 baptismate

2338 5758 2631 5836 nullatenus
2663 5750 2968 5836 dubitemus,
3018 5763 3113 5818 ubi
3137 5762 3288 5818 deest
3314 5763 3450 5836 quod
3489 5761 3564 5816 vel
3606 5737 3722 5829 quia.
3763 5743 3834 5804 εῖτ,

2327 5831 2463 5898 quod
2493 5834 2839 5888 remissionem
2870 5844 3210 5903 peccatorum,
3245 5831 3349 5890 etc'.
3739 5840 3742 5842 ’
