4124 6490
314 381 426 441 389

1675 391 1688 402 '
1726 377 2047 436 EPISTOLA
2084 377 2190 433 ΧΠ.

3482 383 3590 441 39ιὶ

313 498 443 553 Iutis
461 495 746 562 eﬁ'ectum;
775 509 934 566 quem
958 494 1142 564 utique
1161 509 1271 549 non
1294 494 1622 551 inﬁrmitatis
1647 495 1901 561 incursio,
1931 502 1984 559 Α
2011 505 2191 552 autem
2217 496 2459 552 laborem
2481 494 2647 551 divini
2668 495 2850 566 operis
2878 497 3094 556 inanem
3122 511 3240 554 esse
3267 513 3377 554 non
3400 513 3584 569 posse,

313 589 408 644 sed
431 587 544 642 sola
573 586 673 642 sibi
703 593 884 656 potest
911 599 1109 653 negare
1138 586 1365 640 mutatio
1393 585 1706 641 voluntatis.

385 678 515 733 Car.
549 693 604 732 x.
634 708 705 718 -—-
729 674 818 730 2|.
851 675 1082 732 Proinde
1111 673 1416 733 ﬁrmissime
1443 676 1677 732 tenenda
1698 685 1780 733 est
1811 677 1898 732 illa

312 786 580 827 canonum
605 768 870 824 sententia
901 776 1269 838 paternorum,
1311 782 1431 838 qua:
1459 764 1696 825 inﬁrmos
1721 769 1897 838 jubet,

312 862 356 918 si
386 878 486 932 pro
511 875 570 917 se
597 859 923 930 respondere
953 875 1060 914 non
1089 859 1328 922 valeant,
1363 859 1458 914 sed
1485 875 1674 916 eorum
1703 857 1898 913 volun-

314 956 412 1010 tati
433 953 800 1010 testimonium
824 951 906 1006 sui
933 950 1170 1019 periculo
1199 950 1418 1020 proprio
1444 949 1694 1015 dixerint,
1726 944 1902 1020 bapti-

312 1044 445 1098 zari.
485 1041 745 1098 Viderunt
771 1041 913 1096 enim
941 1041 1113 1094 sancti
1137 1039 1323 1095 Patres
1352 1055 1499 1096 ream
1521 1055 1629 1096 non
1657 1054 1778 1095 esse
1801 1054 1898 1093 vo-

312 1136 573 1192 luntatem
603 1148 722 1202 quae
766 1131 1022 1202 impedita
1063 1130 1441 1200 cognoscitur,
1492 1146 1602 1186 non
1649 1138 1849 1184 mutata
1882 1145 1896 1194 ;

301 1241 414 1281 nec
442 1224 640 1280 debere
667 1222 926 1291 denegari
973 1229 1369 1277 sacramentum
1402 1221 1760 1291 baptismatis,
1808 1217 1899 1276 ubi

315 1315 541 1370 ﬁrmitas
567 1312 910 1381 cognoscitur
937 1312 1248 1368 voluntatis.
1302 1311 1415 1368 Hoc
1443 1320 1625 1367 autem
1653 1319 1896 1367 statuen-

314 1414 398 1461 tes
426 1405 600 1460 sancti
625 1403 832 1469 Patres,
862 1411 916 1458 et
943 1402 1070 1472 quid
1099 1399 1334 1458 Ecclesia
1376 1401 1556 1458 facere
1583 1403 1798 1470 debeat,
1843 1412 1899 1460 et

314 1495 445 1566 quid
472 1494 564 1548 ille
591 1493 872 1564 percipiat,
913 1490 1238 1547 indicarunt.
1281 1490 1465 1561 Neque
1493 1492 1636 1547 enim
1664 1493 1766 1548 hoc
1796 1489 1898 1548 Ec-

315 1584 480 1640 clesia
526 1573 745 1646 faceret,
773 1581 818 1636 si
846 1580 935 1636 ille
963 1581 1164 1635 nullum
1194 1582 1248 1635 in
1276 1581 1380 1637 hoc
1408 1579 1549 1636 facto
1577 1579 1896 1639 beneﬁcium

311 1675 661 1748 percepisset.
702 1674 836 1728 Nam
885 1688 1006 1728 cum
1050 1670 1340 1729 Ecclesiam
1371 1673 1464 1729 Dei
1511 1674 1814 1734 columnam
1842 1683 1899 1730 et

315 1769 709 1822 ﬁrmamentum
740 1765 997 1820 veritatis
1041 1780 1160 1820 esse
1205 1773 1432 1822 testatur
1476 1765 1787 1835 Apostolus,
1847 1767 1896 1826 si

2001 589 2109 644 alio
2134 587 2258 642 loco
2284 583 2524 656 ejusdem
2546 585 2789 656 epistolae
2812 586 2888 642 sic
2913 586 3188 656 loquitur:
3227 587 3412 659 Itaque
3428 629 3443 654 ,
3475 591 3586 660 [ra-

2003 690 2104 735 tres
2134 678 2334 741 dilecti,
2385 675 2597 730 stabiles
2627 684 2790 730 estote
2816 685 2866 730 et
2895 675 3207 742 immobiles,
3261 676 3584 737 abundantes

1998 771 2055 824 in
2100 785 2250 840 opere
2282 766 2496 822 Domini
2538 782 2755 836 semper,
2801 767 3022 821 scientes
3061 766 3198 838 quod
3246 767 3395 821 labor
3425 777 3586 822 vester

2001 877 2103 915 non
2127 868 2200 913 est
2228 855 2401 912 inanis
2426 859 2479 911 in
2506 853 2731 912 Domino
2761 856 2814 928 (I
2843 855 2960 911 Cor.
2989 874 3075 923 xv,
3109 857 3222 928 58).

2071 949 2160 1004 25.
2191 946 2319 1004 illud
2346 956 2427 1004 est
2449 956 2627 1002 autem
2659 963 2794 1018 opus
2823 948 2936 1014 Dei,
2974 947 3118 1017 quod
3147 949 3224 1004 sic
3253 948 3583 1019 impenditur

2001 1041 2291 1108 unicuique
2318 1038 2538 1101 viventi,
2571 1045 2631 1092 ut
2659 1038 2776 1106 ejus
2797 1038 2888 1107 qui
2911 1039 3106 1109 accipit
3129 1048 3222 1094 aut
3241 1040 3432 1094 anima:
3453 1057 3583 1109 pro-

2000 1131 2159 1186 desse
2186 1130 2372 1201 possit,
2423 1136 2516 1184 aut
2565 1129 2798 1200 corpori.
2841 1129 2909 1184 Et
2949 1129 3038 1185 illa
3065 1131 3280 1200 quidem
3311 1147 3431 1200 qua:
3461 1148 3584 1201 pro~

1998 1232 2127 1280 sunt
2159 1223 2370 1288 animae,
2422 1235 2643 1276 necesse
2671 1230 2755 1276 est
2784 1228 2842 1276 ut
2868 1221 3032 1277 etiam
3076 1223 3289 1293 corpori
3337 1222 3584 1293 prosint;

1999 1333 2106 1372 non
2138 1323 2318 1370 autem
2345 1313 2524 1370 omnia
2553 1329 2672 1384 qua:
2693 1316 2905 1385 corpori
2936 1323 3182 1384 prosunt,
3212 1315 3280 1370 ad
3301 1297 3583 1376 utilitatem

1999 1410 2275 1482 pertinent
2315 1407 2654 1464 animarum:
2705 1407 2844 1462 sicut
2871 1416 2954 1462 est
2980 1407 3152 1473 cibus,
3202 1417 3378 1477 potus,
3430 1407 3586 1463 vesti-

2003 1510 2250 1559 mentum
2297 1509 2354 1556 et
2396 1501 2708 1570 hospitium,
2760 1515 2881 1570 quae
2928 1499 3277 1557 inveniuntur
3305 1517 3414 1558 non
3441 1499 3584 1556 acci-

1999 1590 2168 1664 pienti
2189 1591 2387 1647 anima:
2416 1589 2692 1660 prodesse,
2725 1589 2819 1645 sed
2842 1587 3013 1644 danti.
3054 1586 3462 1646 Sacramentum
3491 1604 3584 1644 ve~

1997 1699 2061 1741 ro
2088 1683 2427 1754 baptismatis
2451 1677 2519 1737 ad
2563 1682 2664 1736 hoc
2691 1681 2897 1736 homini
2925 1681 3103 1747 datur,
3154 1688 3214 1736 ut
3259 1681 3435 1736 anima
3461 1695 3583 1736 cum

1999 1789 2161 1830 carne
2188 1773 2445 1828 salvetur.
2479 1770 2635 1838 Quod
2663 1771 2905 1842 profecto
2934 1771 3164 1828 inaniter
3194 1772 3438 1828 minister
3467 1771 3582 1835 dat,

312 1860 546 1928 aliquam
574 1859 626 1912 in
657 1857 926 1928 mysteriis
956 1855 1078 1913 ﬁdei
1107 1857 1270 1913 habet
1296 1866 1524 1928 partem,
1574 1859 1664 1914 ubi
1694 1875 1800 1915 non
1825 1859 1896 1920 Sit
1926 1869 1970 1929 Β
1999 1865 2042 1921 si
2073 1882 2179 1921 non
2209 1861 2275 1918 ad
2300 1865 2541 1932 hoc,dat,
2575 1872 2634 1918 ut
2659 1865 2747 1920 ille
2769 1865 2860 1934 qui
2883 1865 3182 1934 baptizatur
3200 1864 3400 1922 donum
3423 1874 3584 1920 :eter-

315 1950 512 2004 veritas
541 1947 713 2011 ﬁrma,
747 1963 854 2003 non
885 1956 969 2004 est
996 1947 1049 2002 iu
1080 1948 1328 2004 omnibus
1356 1949 1627 2020 mysteriis
1655 1949 1918 2004 columna-

311 2051 362 2096 et
389 2043 775 2112 ﬁrmamentum
803 2041 1032 2094 veritatis
1057 2038 1110 2111 (Ι
1141 2039 1275 2095 Tim.
1305 2057 1382 2108 lu,
1408 2040 1517 2111 15).
1555 2040 1898 2111 Quaecunque

311 2136 458 2190 enim
482 2132 705 2188 ﬁrmitas
731 2133 1080 2188 sacramentis
1108 2132 1225 2201 ejus
1255 2132 1533 2201 adimitur,
1584 2134 1683 2204 ipsi
1708 2132 1896 2188 Eccle-

312 2226 405 2281 sia:
425 2239 643 2279 necesse
664 2230 746 2279 est
767 2222 1060 2278 auferatur.
1087 2223 1205 2278 Non
1235 2238 1363 2294 ergo
1380 2224 1619 2280 columna
1641 2235 1689 2278 et
1710 2226 1894 2294 ﬁrma-

313 2323 540 2370 mentum
584 2315 813 2368 reritatis
841 2313 1115 2368 veraciter
1143 2321 1370 2370 vocatur
1419 2313 1655 2370 Ecclesia
1680 2355 1695 2379 ,
1747 2314 1790 2368 si
1840 2313 1894 2367 in

312 2407 429 2476 ipso
457 2404 737 2476 principali
763 2405 1011 2459 humanae
1037 2404 1223 2460 salutis
1248 2407 1505 2476 mysterio
1527 2406 1796 2461 invenitur
1815 2406 1896 2461 in-

312 2497 482 2552 ﬁrma.
523 2494 628 2550 Sed
658 2496 782 2564 quia
822 2496 1090 2550 veraciter
1133 2496 1373 2551 columna
1413 2509 1462 2553 et
1508 2499 1895 2568 ﬁrmamentum

311 2591 534 2644 veritatis
562 2590 628 2644 ab
655 2588 915 2659 Apostolo
938 2591 1579 2660 nuncupatur,‘_quidquid
1604 2592 1894 2647 secundum

312 2681 481 2750 ipsius
508 2679 756 2734 Ecclesiae
794 2679 1107 2745 constituta,
1158 2681 1210 2734 in
1259 2682 1460 2736 sanctis
1499 2683 1768 2754 mysteriis
1809 2699 1898 2738 re-

312 2769 636 2840 demptionis
675 2779 729 2824 et
768 2770 1227 2826 reconciliationis
1257 2772 1530 2838 humanae,
1583 2773 1720 2827 intra
1768 2788 1890 2827 eam

309 2860 468 2916 datur
493 2870 548 2915 et
573 2861 847 2930 accipitur,
881 2859 1031 2914 ﬁrma
1053 2861 1278 2916 veritate
1304 2861 1480 2929 datur,
1515 2861 1665 2917 ﬁrma
1692 2863 1892 2918 verita-

309 2963 368 3008 te
389 2952 696 3024 percipitur.

379 3043 466 3097 22.
509 3043 576 3098 Ut
615 3052 793 3099 autem
842 3051 1044 3099 sanctae
1088 3043 1276 3098 matris
1322 3040 1574 3099 Ecclesia:
1621 3044 1892 3113 generalia

310 3133 620 3198 constituta,
663 3133 715 3188 id
745 3141 828 3190 est
856 3149 918 3188 ea
945 3148 1064 3202 quae
1106 3133 1526 3189 concordissima
1575 3143 1893 3190 cunctorum

1998 1973 2081 2011 nae
2109 1956 2296 2012 salutis
2323 1955 2570 2026 accipiat.
2611 1954 2847 2011 lnaniter
2874 1956 3017 2020 enim
3061 1963 3451 2012 sacramentum
3497 1969 3584 2009 re-

1995 2047 2321 2116 demptionis
2348 2044 2528 2111 datur,
2551 2045 2597 2100 si
2626 2061 2734 2100 non
2765 2045 3046 2100 redimitur
3073 2045 3158 2100 cui
3188 2043 3364 2098 datur.
3405 2043 3512 2099 Sed
3539 2043 3584 2102 si

1995 2136 2332 2190 attendamus
2358 2134 2583 2188 verbum
2612 2150 2774 2188 unum
2806 2134 3050 2203 epistola:
3080 2142 3205 2200 tum,
3248 2133 3392 2188 nulla
3424 2131 3584 2200 hujus

1995 2226 2258 2280 dubitatio
2305 2224 2622 2280 remanebit.
2689 2224 2881 2278 Dixisti
2929 2223 3098 2290 enim,
3145 2231 3432 2294 propterea
3482 2222 3584 2278 hoc

1995 2319 2235 2391 paternis
2262 2318 2562 2374 canonibus
2588 2317 2886 2380 deﬁnitum,
2924 2335 2942 2367 ι
2972 2323 3031 2369 ιιι
3059 2315 3302 2386 minister
3326 2314 3474 2369 verbi
3521 2313 3583 2366 li-

1995 2411 2092 2468 ber
2119 2412 2240 2466 sita
2262 2411 2416 2482 culpa
2449 2410 2803 2480 negligentiae.
2836 2427 2856 2462 ι
2892 2408 3175 2475 Quomodo
3205 2417 3386 2464 autem
3410 2409 3460 2462 in
3483 2409 3583 2464 hac

1998 2503 2323 2572 negligentia
2355 2501 2568 2573 culpam
2599 2501 2842 2556 minister
2870 2500 3127 2568 incurrit,
3152 2499 3197 2555 si
3225 2500 3277 2554 in
3303 2499 3582 2568 diligentia

1995 2610 2104 2649 non
2132 2592 2330 2664 aliquid
2357 2592 2613 2662 prolicit?
2650 2590 2768 2646 Non
2803 2592 2947 2645 enim
2985 2591 3216 2645 inaniter
3247 2589 3582 2658 negligentia

1997 2685 2265 2741 contrahit
2293 2685 2526 2755 culpam,
2558 2683 2657 2739 nisi
2679 2684 2804 2753 quia
2829 2683 2934 2738 hoc
2956 2698 3062 2737 non
3094 2681 3219 2749 fecit
3237 2681 3380 2750 quod
3403 2680 3582 2736 facere

1997 2778 2182 2833 debuit
2209 2795 2222 2830 :
2255 2777 2385 2831 illud
2413 2788 2592 2832 autem
2622 2775 2800 2832 facere
2828 2784 3113 2845 pr0pterea
3141 2774 3394 2837 deberet,
3435 2773 3582 2843 quod

1996 2869 2257 2941 prodesse
2278 2877 2496 2939 poterat
2523 2868 2568 2923 si
2606 2867 2842 2923 fecisset.
2881 2866 3006 2922 ideo
3037 2876 3215 2920 autem
3244 2864 3581 2933 negligentia!

2001 2960 2216 3029 culpam
2246 2958 2594 3024 contradixit,
2646 2958 2770 3027 quia
2799 2955 2972 3012 obfuit
3005 2971 3114 3010 non
3161 2953 3408 3010 faciendo
3435 2953 3581 3022 quod

1947 3118 1951 3122 ‘
1997 3049 2280 3123 prodesset
2304 3049 2493 3121 procul
2516 3048 2696 3113 dubio,
2727 3047 2774 3102 si
2801 3046 3036 3102 fecisset.
3078 3043 3314 3099 Proinde
3339 3043 3460 3098 ideo
3489 3041 3581 3096 de~

1997 3144 2113 3210 bet,
2142 3140 2436 3197 secundum
2465 3148 2724 3210 paternus
2751 3153 3006 3203 canones,
3037 3137 3277 3190 inﬁrmus
3306 3135 3397 3189 ille
3425 3133 3581 3206 cujus

307 3224 484 3278 ﬁrmat
507 3224 746 3280 assensio
767 3223 1098 3294 pontiﬁcum,
1133 3225 1435 3280 nullatenus
1462 3226 1804 3296 repellamus,
1837 3226 1890 3281 in
1922 3238 1967 3298 ς
1999 3232 2265 3288 voluntati
2292 3247 2398 3287 non
2427 3231 2580 3287 deest
2610 3230 2886 3284 attestatio
2914 3227 3310 3298 proximorum,
3339 3225 3456 3282 sine
3484 3223 3581 3286 du-

308 3314 609 3371 Proverbiis
639 3317 710 3370 ita
737 3317 1085 3387 praecipitur:
1116 3317 1273 3384 Audi,
1297 3319 1401 3388 ﬁli,
1432 3318 1570 3390 leges
1598 3321 1764 3390 patris
1795 3321 1888 3385 tui,

307 3416 356 3461 et
385 3425 448 3461 ne
474 3408 696 3477 repellas
724 3395 962 3462 instituta
992 3411 1175 3464 matris
1205 3420 1306 3465 tute
1346 3409 1526 3482 (Prov.
1559 3427 1611 3478 ι,
1642 3409 1719 3482 8).
1763 3410 1894 3478 Quis

307 3517 438 3571 ergo
466 3502 710 3556 utilitatis
739 3503 969 3556 :nstimet
995 3519 1222 3558 vacuum
1243 3545 1258 3571 ,
1290 3503 1434 3572 quod
1463 3503 1716 3559 divinitus
1745 3506 1894 3560 audit

305 3593 608 3648 nullatenus
633 3592 1000 3662 repellendum
1025 3594 1047 3646 ?
1084 3592 1141 3647 Si
1171 3607 1300 3662 ergo
1329 3593 1420 3662 qui
1450 3593 1529 3648 sic
1561 3593 1890 3662 baptizatur,

308 3700 416 3738 non
445 3683 702 3747 salvatur,
752 3683 929 3737 nullus
968 3691 1151 3738 reatus
1179 3690 1263 3738 est
1308 3684 1355 3737 si
1394 3683 1498 3737 hoc
1544 3683 1887 3752 negligatur:

305 3791 408 3832 nec
435 3776 677 3830 minister
697 3776 867 3842 verbi,
891 3775 934 3830 si
965 3777 1065 3830 hoc
1096 3791 1202 3830 non
1224 3774 1430 3839 fecerit,
1464 3775 1733 3829 tenebitur
1779 3775 1892 3830 cul-

304 3884 374 3939 pa
400 3867 754 3938 negligentiie,
803 3867 847 3922 si
878 3867 965 3921 ille
997 3867 1047 3920 in
1077 3881 1185 3935 quo
1215 3867 1318 3920 hoc
1347 3863 1424 3931 ﬁt,
1484 3865 1755 3934 particeps
1784 3880 1893 3920 non

302 3969 484 4034 potest
509 3974 630 4014 esse
653 3959 892 4030 justitiae.
935 3958 1011 4013 lbi
1037 3971 1166 4027 ergo
1195 3957 1421 4026 quisque
1451 3956 1691 4024 arguitur
1719 3955 1892 4023 negli-

299 4052 495 4121 gentiae
512 4051 668 4122 225
685 4066 827 4114 reus,
845 4051 934 4104 ubi
951 4050 1130 4120 operis
1152 4066 1258 4103 non
1290 4049 1610 4118 desperatur
1641 4046 1887 4103 ell‘ectus.

300 4141 373 4197 Et
397 4144 538 4198 sicut
567 4143 656 4198 ille
675 4143 834 4210 digne
858 4143 1100 4212 arguitur
1125 4141 1459 4210 negligentia:
1489 4141 1580 4212 qui
1596 4139 1741 4210 quod
1762 4140 1891 4196 utile

300 4245 385 4291 est
401 4252 507 4291 nou
525 4244 799 4306 operatur,
815 4236 888 4290 ita
904 4236 1044 4290 illius
1058 4235 1148 4306 qui
1165 4233 1448 4305 superﬂuis
1465 4232 1708 4288 laborem
1730 4233 1892 4288 rebus

303 4328 588 4399 impendit,
605 4327 880 4398 recteipse
909 4326 1058 4382 labor
1080 4327 1440 4395 irritusatque
1463 4325 1665 4380 inutilis
1689 4324 1892 4394 impro-

298 4421 481 4477 batur.
526 4419 682 4487 Quod
710 4428 766 4475 et
803 4419 847 4476 si
879 4435 931 4473 in
961 4419 1064 4474 hac
1104 4427 1261 4490 parte
1292 4419 1475 4476 irritus
1495 4417 1649 4472 labor
1677 4416 1888 4486 impen-

302 4510 465 4576 ditur,
498 4510 646 4564 irrita
675 4510 779 4564 erit
808 4507 958 4564 Pauli
989 4508 1218 4580 apostoli
1249 4509 1364 4564 sine
1395 4507 1734 4564 dubitatione
1762 4522 1887 4563 sen-

1995 3325 2087 3381 bio
2109 3323 2406 3394 baptizari,
2459 3330 2517 3376 ut
2542 3328 2598 3376 et
2619 3321 2863 3374 minister
2888 3318 3039 3374 verbi
3070 3317 3204 3371 liber
3251 3314 3322 3370 sit
3367 3329 3399 3368 a
3423 3314 3581 3390 culpa

1998 3414 2372 3486 negligentiae,
2432 3422 2486 3468 et
2527 3412 2618 3468 ille
2665 3409 2758 3465 ﬁat
2802 3425 3024 3466 consors
3073 3407 3452 3479 particepsque
3493 3404 3582 3474 ju-

1995 3509 2175 3564 stitiae.
3401 3543 3405 3546 ι

2065 3596 2196 3651 Car.
2218 3611 2291 3650 xl.
2315 3627 2375 3638 --
2401 3592 2492 3647 24.
2516 3593 2704 3648 Nullus
2731 3601 2911 3647 autem
2935 3590 3097 3646 debet
3121 3589 3326 3645 moveri
3345 3587 3580 3648 ﬁdelium

1994 3685 2048 3739 in
2101 3686 2234 3752 illis,
2281 3684 2367 3755 qui
2414 3683 2512 3736 etsi
2558 3683 2782 3754 legitime
2833 3698 2963 3734 sana
3014 3689 3182 3733 mente
3227 3679 3580 3750 baptizantur,

1992 3775 2336 3846 praeveniente
2358 3773 2578 3826 velocius
2604 3779 2786 3835 morte,
2818 3786 3027 3823 carnem
3049 3767 3259 3822 Domini
3289 3766 3580 3821 manduca-

1994 3884 2070 3932 re,
2101 3876 2150 3919 et
2171 3865 2481 3936 sanguinem
2509 3861 2680 3917 bibere
2719 3879 2824 3916 non
2862 3862 3137 3915 sinuntur:
3179 3868 3406 3929 propter
3430 3859 3578 3914 illam

1993 3956 2244 4010 videlicet
2270 3946 2592 4010 sententiam
2617 3952 2912 4008 Salvatoris
2939 3965 3043 4019 qua
3072 3950 3209 4005 dixit
3233 3967 3246 4002 :
3285 3949 3408 4003 Nisi
3429 3966 3578 4002 man-

1993 4046 2305 4100 ducareritis
2334 4060 2541 4097 carnem
2567 4041 2693 4096 Filii
2734 4042 2956 4096 hominis
2984 4051 3032 4094 et
3061 4040 3292 4094 biberitis
3315 4039 3426 4110 ejus
3454 4057 3578 4094 san-

1993 4140 2216 4210 guinem,
2249 4152 2355 4190 non
2394 4132 2643 4188 habebitis
2689 4133 2846 4187 vitam
2875 4134 2929 4186 in
2957 4131 3099 4186 vobis
3141 4129 3323 4200 (Joan.
3358 4147 3427 4194 v1,
3463 4130 3576 4200 54).

1993 4229 2147 4296 Quod
2173 4228 2414 4299 quisquis
2441 4242 2549 4283 non
2577 4226 2752 4282 solum
2775 4224 3073 4282 secundum
3097 4225 3342 4280 veritatis
3370 4234 3576 4296 myste-

1991 4323 2090 4386 ria,
2123 4319 2217 4376 sed
2243 4319 2537 4376 secundum
2559 4319 2723 4390 226
2750 4315 2995 4389 mysterii
3019 4315 3302 4372 veritatem
3331 4315 3578 4372 conside-

1992 4430 2114 4470 rare
2143 4413 2361 4484 poterit,
2393 4414 2444 4468 in
2489 4413 2606 4483 ipso
2646 4412 2863 4466 lavacro
2909 4416 3109 4465 sanctae
3153 4409 3578 4476 regenerationis

1993 4507 2098 4562 hoc
2127 4503 2241 4561 ﬁeri
2269 4504 2595 4576 providebit.
2633 4501 2774 4570 Quid
2819 4501 2964 4556 enim
3014 4500 3192 4568 agitur
3234 4513 3579 4556 sacramento

302 4604 472 4658 tentia
491 4619 594 4672 qua
616 4602 779 4657 dixit:
806 4601 941 4666 Quia
963 4601 1308 4673 unusquisque
1325 4602 1590 4672 propriam
1605 4600 1889 4654 mercedem
1920 4613 1970 4674 ο
1993 4599 2166 4654 sancti
2192 4596 2549 4666 baptismatis,
2576 4595 2680 4648 nisi
2711 4600 2768 4647 ut
2797 4591 3079 4647 credentes
3100 4591 3342 4645 membra
3365 4589 3576 4645 Domini

300 4694 518 4763 accipiet
545 4693 822 4747 secundum
849 4707 995 4744 suum
1017 4689 1243 4747 laborem
1274 4687 1328 4760 (ι
1359 4689 1478 4744 Cor.
1506 4705 1582 4755 ut,
1613 4687 1670 4760 8)
1699 4709 1711 4743 :
1764 4704 1887 4744 cum

301 4783 489 4856 procul
525 4782 687 4838 dubio
722 4781 790 4838 de
817 4780 1078 4836 ministris
1109 4777 1310 4833 Christi
1337 4786 1395 4834 et
1421 4779 1888 4848 dispensatoribus

300 4875 678 4948 mysteriorum
709 4873 827 4942 Dei,
858 4873 997 4928 sicut
1024 4870 1263 4941 ejusdem
1292 4871 1534 4941 epistola:
1564 4871 1717 4927 locus
1744 4871 1887 4926 indi--

300 4973 412 5034 cat,
459 4965 789 5036 loqueretur.
853 4962 1192 5018 Prtemiserat
1236 4963 1421 5017 enim:
1471 4959 1582 5034 Ego
1630 4963 1881 5032 plantavi,

301 5057 487 5128 Apollo
508 5060 712 5128 rigavit,
744 5056 836 5109 sed
863 5053 1120 5111 Dominus
1139 5055 1511 5109 incrementum
1529 5053 1672 5108 dedit
1694 5052 1884 5126 (Ibid.,

301 5151 382 5225 6).
423 5152 558 5220 Quid
586 5163 767 5207 autem
801 5150 899 5205 fuit
925 5151 1172 5223 plantare
1199 5148 1371 5213 Pauli,
1397 5156 1454 5205 et
1476 5148 1668 5219 Apollo
1689 5149 1881 5219 rigare,

301 5243 406 5300 nisi
447 5244 591 5314 quod
632 5241 829 5298 Paulus
871 5241 1149 5314 plantabat
1199 5238 1617 5311 evangelizando
1657 5239 1884 5295 verbum

301 5337 512 5406 salutis,
541 5336 734 5408 Apollo
762 5343 943 5391 autem
969 5334 1178 5404 rigabat
1197 5333 1550 5390 ministrando
1579 5347 1887 5389 sacramen-

302 5437 420 5484 tum
475 5426 858 5499 baptismatis?
902 5424 1037 5482 Cum
1093 5439 1226 5494 ergo
1278 5425 1506 5482 dixisset
1551 5423 1880 5494 Apostolus:

302 5517 488 5591 Itaque
514 5532 674 5588 neque
701 5515 790 5588 qui
819 5516 1022 5586 plantat
1048 5523 1125 5569 est
1153 5514 1382 5586 aliquid,
1423 5530 1582 5586 neque
1611 5513 1699 5585 qui
1725 5514 1884 5585 rigat,

301 5609 394 5664 sed
413 5609 502 5681 qui
524 5610 894 5662 incrementum
923 5605 1033 5674 (lat,
1075 5604 1216 5660 Deus
1247 5604 1437 5676 (Ibid.,
1470 5605 1523 5675 7)
1550 5645 1564 5670 ,
1618 5615 1675 5660 ut
1703 5612 1888 5662 osten-

302 5701 456 5757 deret
477 5699 620 5755 illius
641 5697 990 5769 plautationis
1017 5704 1073 5752 et
1099 5697 1380 5766 rigatiouis
1429 5696 1639 5752 ﬁrmam
1668 5711 1888 5753 manere

302 5790 632 5859 mercedem,
657 5790 911 5848 continuo
938 5787 1205 5844 subdidit:
1241 5787 1597 5859 Unusquisque
1625 5789 1889 5860 propriam

301 5882 589 5945 mercedem
616 5881 832 5949 accipiet
854 5880 1130 5938 secundum
1151 5896 1298 5938 suum
1320 5879 1567 5937 laborem.
1591 5877 1890 5936 Osteudcus

1999 4687 2168 4744 nostri
2215 4686 2341 4742 Jesu
2384 4684 2582 4740 Christi
2615 4683 2762 4749 ﬁant,
2812 4691 2865 4738 et
2893 4683 2960 4736 ad
2987 4696 3302 4752 compagem
3333 4682 3578 4752 corporis

1998 4783 2115 4851 ejus
2141 4779 2504 4835 ecclesiastica
2532 4778 2737 4832 unitate
2759 4775 3099 4846 pertineant?
3129 4773 3260 4844 Ipsis
3286 4773 3428 4828 enim
3448 4773 3578 4830 dicit

1995 4873 2186 4928 beatus
2213 4870 2541 4943 Apostolus:
2585 4867 2686 4922 Vos
2715 4867 2838 4922 estis
2881 4882 3067 4937 corpus
3097 4863 3318 4929 Christi,
3351 4863 3577 4918 membra

1995 4964 2059 5017 de
2085 4960 2308 5018 membro
2338 4958 2391 5030 (1
2420 4958 2540 5014 Cor.
2574 4975 2664 5025 xu,
2685 4957 2800 5027 27).
2839 4956 2986 5023 Quos
3005 4954 3248 5012 ostendit
3269 4970 3375 5010 non
3403 4953 3576 5009 solum

1993 5054 2161 5124 ipsius
2187 5049 2434 5108 sacriﬁcii
2464 5051 2771 5122 participes,
2795 5049 2891 5104 sed
2919 5049 3097 5128 ipsum
3125 5052 3376 5103 sanctum
3404 5043 3576 5099 sacri-

1993 5146 2173 5204 ﬁcium
2199 5159 2338 5209 esse,
2381 5143 2508 5199 dum
2551 5160 2649 5200 eos
2671 5144 2826 5214 jubet
2869 5145 3043 5198 vivam
3087 5141 3320 5198 hostiam
3367 5137 3576 5208 seipsos

1992 5237 2126 5301 Deo,
2156 5236 2431 5291 humiliter
2457 5235 2736 5304 exhibere,
2764 5234 2985 5290 dicens:
3020 5231 3246 5286 Obsecro
3273 5229 3445 5298 itaque
3467 5243 3572 5291 vos,

1994 5331 2205 5402 fratres,
2245 5344 2335 5399 per
2362 5326 2774 5382 misericordiam
2799 5323 2918 5390 Dei,
2961 5332 3018 5376 ut
3045 5318 3329 5376 exhibeatis
3355 5333 3575 5389 corpora

1990 5430 2159 5476 vestra
2205 5420 2427 5474 hostium
2472 5420 2716 5474 virentem
2739 5458 2755 5484 ,
2809 5423 3046 5470 sanctam
3069 5454 3086 5478 ,
3131 5410 3244 5466 Deo
3289 5410 3575 5482 placentem

1989 5513 2168 5586 (Rom.
2203 5529 2299 5582 xu,
2335 5514 2408 5584 l).
2449 5509 2605 5580 Quod
2635 5512 2796 5566 etiam
2826 5515 3041 5562 sanctus
3089 5503 3282 5561 Petrus
3327 5504 3574 5561 similiter

1989 5608 2213 5673 docens,
2242 5608 2356 5662 ait:
2388 5605 2459 5661 Et
2497 5621 2585 5661 vos
2612 5614 2856 5673 tanquam
2889 5599 3088 5671 lapides
3117 5600 3212 5655 vivi
3240 5598 3489 5669 ludiﬁcati
3517 5597 3572 5650 in

1989 5699 2170 5755 domos
2194 5698 2476 5767 spiritales,
2519 5698 2572 5751 in
2613 5691 2955 5749 sacerdotium
2995 5702 3255 5758 sanctum,
3300 5691 3570 5761 offerentes

1989 5787 2248 5859 spiritales
2277 5787 2470 5840 hostias
2497 5782 2835 5854 acceptabiles
2856 5781 2966 5837 Deo
2995 5800 3086 5854 per
3111 5781 3288 5838 Iesum
3310 5781 3568 5836 Christum

1997 5880 2052 5945 (I
2084 5879 2227 5934 Petr.
2261 5895 2318 5940 ιι.
2353 5877 2429 5938 5).
2473 5875 2625 5934 Unde
2653 5876 2842 5934 beatus
2869 5874 3065 5932 Paulus
3089 5891 3210 5930 cum
3239 5871 3470 5940 quodam
3494 5870 3568 5924 lo.
