4124 6480
564 398 667 467 5ῦῖ
714 406 719 411 ’

1598 402 1653 458 s.
1693 398 2057 457 FULGENTH
2096 390 2397 453 EPISCOPI
2438 376 2811 455 inscensu

3729 397 3843 456 393

568 544 635 585 co
663 504 923 583 dixisset:
957 504 1111 580 Catia:
1126 503 1499 579 benedictionis
1520 522 1599 577 cui
1622 504 1991 585 benedicimus,
2021 535 2152 572 non-
2181 517 2232 578 A
2258 528 2401 572 turus
2428 522 2483 571 ut
2505 519 2705 590 judicet
2738 500 2949 593 vivoset
2980 502 3226 572 mortuos.
3272 502 3354 571 lbi
3382 526 3460 571 est
3483 516 3635 603 modo
3657 519 3845 593 sedens

569 636 635 675 ne
662 618 1060 693 communicatio
1085 615 1354 690 sanguinis
1380 613 1570 670 Christi
1595 613 1709 671 est?
1752 619 1801 666 et
1830 628 1991 683 panes
2025 626 2151 691 quos

573 712 888 783 frangimus,
937 725 1108 763 nonne
1153 698 1487 786 participatio
1536 705 1765 777 corporis
1816 702 2028 758 Domini
2075 711 2153 756 est

568 800 623 873 (1
646 801 766 855 Cor.
800 818 857 868 ι,
897 799 1020 871 t6)?
1055 799 1119 859 Ut
1163 816 1256 855 nos
1280 815 1397 854 esse
1417 799 1586 869 ipsum
1612 814 1797 854 verum
1830 811 2024 867 panem
2055 811 2149 850 ve-

566 907 798 962 rumque
821 908 1019 965 corpus
1033 891 1362 965 ostenderet,
1386 890 1641 943 continuo
1663 887 1939 955 subjunxit
1968 906 1979 940 :
2012 883 2152 952 Quo-

571 985 714 1037 niam
740 998 874 1035 unus
913 982 1085 1057 panis,
1134 997 1293 1035 unum
1320 996 1507 1048 corpus
1554 978 1700 1032 multi
1730 994 1924 1041 sumus,
1976 992 2150 1037 omnes

567 1072 651 1131 aui
673 1069 738 1125 de
766 1087 867 1125 uno
901 1087 1034 1140 pane
1060 1070 1430 1140 participamus
1460 1068 1649 1139 (Ibid,
1684 1067 1809 1137 i7).'
1850 1064 2001 1121 Unde
2044 1066 2150 1137 alio

569 1174 688 1216 toco
720 1160 849 1215 dicit
874 1178 895 1237 εγ
924 1146 1091 1214 Unum
1112 1144 1319 1230 corpus,
1339 1169 1387 1213 et
1408 1176 1541 1213 unus
1572 1158 1804 1230 spiritus,
1834 1156 1964 1210 sicut
1986 1155 2152 1209 vocati

568 1252 690 1307 estis
730 1252 782 1305 in
812 1269 917 1305 una
962 1268 1051 1322 spe
1088 1236 1367 1304 vocationis
1400 1258 1582 1303 vestra:
1614 1246 1925 1320 (Ephes.1v,
1954 1246 2030 1316 4).
2084 1238 2152 1300 Et

570 1353 763 1400 iterum
787 1364 799 1397 ε
843 1345 1121 1400 Veritatem
1144 1355 1312 1399 autem
1337 1348 1583 1418 facientes
1604 1347 1657 1401 in
1680 1347 1916 1409 caritate,
1947 1360 2150 1398 cresca-

569 1453 680 1495 mus
709 1438 761 1490 iu
790 1435 877 1490 illo
911 1453 1003 1507 per
1024 1437 1216 1502 omnia,
1243 1436 1330 1507 qui
1357 1445 1433 1490 est
1461 1447 1613 1508 caput
1644 1434 1896 1491 Christus.
1939 1432 2023 1489 Ex
2052 1453 2150 1508 quo

568 1535 728 1582 totum
771 1512 956 1599 corpus
1005 1538 1329 1605 compactum
1376 1539 1425 1582 et
1471 1537 1779 1597 concretqu
1812 1546 1903 1600 per
1950 1544 2151 1582 onmem

569 1618 865 1679 iuncturam
908 1608 1422 1689 subministrationis,
1470 1620 1751 1677 secundum
1801 1608 2151 1697 operationem

568 1710 623 1763 in
652 1727 947 1765 mensuram
976 1711 1373 1783 uniuscujusque
1402 1712 1637 1781 membri,
1668 1710 2017 1785 augmentum
2038 1696 2163 1799 to};

568 1806 711 1876 poris
732 1805 856 1877 facit
883 1806 941 1860 in
959 1805 1358 1878 cediﬁcationeut
1378 1807 1457 1862 sui
1486 1808 1540 1861 in
1570 1808 1787 1862 caritate
1818 1805 2000 1880 (Ibid.,
2036 1792 2147 1879 i5).
2194 1800 2197 1801 ν

2253 610 2324 664 ad
2356 612 2619 664 dexteram
2646 606 2847 664 Patris.
2890 606 3155 675 Quomodo
3178 614 3255 664 est
3302 602 3454 680 panis
3493 602 3679 682 corpus
3702 602 3845 684 ejus,

2254 712 2301 756 et
2330 700 2499 767 calix,
2542 701 2620 756 vel
2662 701 2799 776 quod
2836 701 2988 756 habet
3024 703 3163 756 calix
3208 692 3462 772 quomodo
3508 712 3585 757 est
3629 700 3857 777 sanguis

2254 794 2367 864 ejus
2393 786 2416 847 ἲ)
2444 792 2580 858 Ista,
2610 795 2821 866 fratres,
2846 793 2965 847 ideo
2997 793 3240 847 dicuntur
3260 803 3611 862 sacramenta,
3642 798 3760 868 quia
3786 798 3844 851 in

2254 886 2325 939 eis
2356 885 2503 938 aliud
2529 872 2745 950 videtur,
2775 885 2920 939 aliud
2950 885 3275 959 intelligitur.
3322 884 3474 951 Quod
3504 889 3704 944 videtur
3725 906 3847 961 spe-

2254 979 2381 1031 ciem
2412 976 2561 1032 habet
2589 962 2926 1049 corporalem,
2957 978 3092 1053 quod
3118 966 3425 1053 intelligitur
3446 983 3669 1052 fructum
3692 981 3851 1035 habet

2255 1067 2561 1149 spiritalem.
2596 1064 2800 1149 ’βου-ρπβ
2829 1056 2948 1141 ergo
2972 1050 3168 1125 Christi
3196 1050 3338 1149 silvis
3361 1050 3666 1146 intelligere,
3699 1073 3848 1145 Apo-

2255 1156 2443 1233 stolum
2486 1138 2616 1215 audi
2642 1138 2912 1215 dicentem
2960 1150 3197 1232 ﬁdelibus
3231 1142 3255 1217 :I
3307 1161 3421 1219 Vos
3469 1138 3600 1219 estis
3646 1138 3850 1236 corpus

2257 1248 2455 1303 Christi
2486 1260 2541 1304 et
2580 1237 2820 1306 men-lbra
2851 1251 2905 1323 (Ι
2934 1248 3053 1307 Cor.
3081 1271 3137 1322 χ,
3166 1253 3281 1323 27).
3325 1253 3389 1309 Si
3434 1271 3557 1327 ergo
3606 1273 3692 1310 vos
3723 1258 3850 1310 estis

2255 1356 2438 1413 corpus
2471 1341 2663 1395 Christi
2684 1351 2733 1396 et
2759 1330 3006 1410 membra,
3029 1346 3327 1414 mysterium
3348 1355 3567 1401 vestrum
3590 1348 3642 1399 in
3666 1363 3851 1400 mensa

2255 1432 2477 1513 Domini.
2498 1436 2720 1505 positum
2749 1445 2854 1503 est,
2882 1438 3182 1508 mysterium
3210 1436 3423 1494 Domini
3467 1438 3722 1509 accipitis.
3766 1438 3853 1493 Ad

2255 1524 2310 1577 id
2335 1525 2470 1597 quod
2499 1527 2652 1591 estis,
2686 1525 2855 1583 Amen
2884 1528 3226 1598 respondetis,
3250 1538 3299 1584 et
3340 1529 3697 1603 respondendo
3728 1527 3853 1584 sub;

2255 1614 2499 1671 scribitis.
2543 1618 2704 1672 Audis
2744 1636 2886 1693 ergo,
2938 1618 3145 1690 Corpus
3187 1620 3420 1690 Christi,
3469 1630 3518 1676 et
3563 1622 3851 1692 respondes

2200 1762 2209 1769 ,
2256 1698 2451 1791 Arinen:
2488 1702 2619 1764 Esto
2647 1711 2928 1764 membrum
2955 1713 3187 1783 corporis
3209 1708 3438 1778 Christi,
3484 1721 3541 1764 ut
3571 1722 3747 1766 verum
3777 1712 3852 1765 sit

2256 1788 2447 1850 Amen.
2495 1795 2667 1862 Quare
2713 1817 2835 1871 ergo
2861 1801 2913 1853 in
2945 1801 3126 1870 pane?
3154 1797 3306 1853 Nihil
3334 1801 3416 1854 hic
3448 1798 3511 1853 de
3535 1808 3716 1853 nostro
3757 1808 3850 1852 as-

570 1894 704 1961 Nam
748 1904 804 1951 et
845 1913 1063 1955 carnem
1109 1898 1322 1955 Domini
1350 1914 1449 1954 nos
1492 1914 1609 1956 esse
1637 1897 1980 1966 conﬁrmans,
2033 1884 2148 1954 ait':

2260 1884 2513 1957 seramus,
2540 1888 2709 1959 ipsum
2734 1888 3033 1961 Apostolum
3059 1888 3181 1944 item
3211 1879 3503 1943 audiamus.
3549 1874 3850 1955 Cum'erqo

570 1984 741 2043 Nemo
787 1988 923 2042 enim
952 2006 1179 2061 unquam
1228 2006 1439 2045 carnem
1466 2006 1615 2045 suam
1643 1990 1762 2046 odia
1792 1990 2009 2058 habuit,
2060 1991 2153 2049 sed

576 2084 737 2143 nutrit
765 2092 816 2138 et
842 2085 975 2155 fovet
1002 2101 1135 2151 eam,
1174 2085 1307 2141 sicut
1326 2093 1373 2139 et
1403 2082 1638 2140 Christus
1665 2084 1992 2140 Ecclesium:
2022 2102 2152 2158 quo-

494 2233 498 2238 ,
574 2174 713 2229 uiam
744 2172 967 2242 membra
994 2162 1169 2243 sumus
1202 2176 1432 2246 corporis
1456 2177 1566 2248 ejus
1592 2217 1609 2244 ,
1648 2184 1698 2230 et
1722 2175 1785 2230 de
1815 2175 2015 2231 ossibus
2041 2177 2153 2249 ejus

576 2262 793 2335 (Ephes.
821 2282 875 2332 v,
900 2264 1009 2334 29).
1042 2266 1305 2333 Quocirca
1332 2266 1584 2338 quoniam
1604 2283 1737 2321 unus
1758 2265 1910 2337 panis
1930 2275 1979 2320 et
1996 2283 2157 2322 unum

574 2369 759 2424 corpus
786 2355 932 2410 multi
960 2372 1158 2429 sumus,
1198 2363 1326 2411 tunc
1354 2356 1541 2427 incipit
1570 2354 1934 2426 unusquisque
1982 2356 2154 2426 parti-

572 2460 703 2516 ceps
729 2462 846 2502 esse
876 2447 1015 2501 illius
1045 2447 1202 2502 unius
1224 2447 1418 2519 .panis,
1468 2446 1684 2517 quando
1722 2445 1945 2516 cmperit
1988 2463 2159 2502 mem-

574 2532 729 2605 brum
746 2551 864 2591 esse
884 2536 1026 2591 illius
1047 2536 1204 2592 unius
1223 2536 1484 2608 corporis,
1506 2535 1647 2606 quod
1672 2536 1726 2592 in
1746 2537 1968 2606 singulis
1984 2552 2156 2592 mem-

574 2623 705 2697 bris,
733 2623 947 2694 quando
974 2624 1029 2679 in
1058 2624 1329 2694 baptismo
1357 2624 1519 2694 capiti
1548 2623 1766 2679 Christo
1793 2622 2155 2695 subjungitur,

571 2713 839 2788 ,tuncjam
872 2713 983 2769 Deo
1012 2713 1133 2768 viva
1162 2713 1340 2768 hostia
1372 2712 1640 2768 veraciter
1679 2712 2005 2767 immolatur.
2059 2712 2157 2768 Illo

574 2805 722 2860 enim
753 2804 1048 2860 nativitatis
1077 2817 1298 2857 munere
1327 2801 1405 2859 sic
1440 2800 1497 2856 ﬁt
1534 2800 1887 2871 sacriﬁcium,
1918 2802 2057 2856 sicut
2101 2798 2160 2856 ﬁt

569 2899 638 2955 ,ει
676 2891 950 2962 templum.
1013 2888 1168 2957 Quod
1213 2890 1404 2957 beatus
1448 2890 1736 2961 Apostolus
1775 2890 1995 2958 docens,
2046 2876 2157 2943 ait:

570 2980 809 3049 Nescitis
833 2982 953 3053 quia
978 2979 1217 3052 templum
1248 2978 1349 3033 Dei
1374 2978 1516 3043 estis,
1549 2988 1597 3032 et
1633 2977 1859 3046 Spiritus
1891 2976 1986 3031 Dei
2013 2968 2163 3031 habi-

582 3083 659 3129 tat
684 3075 738 3129 iu
764 3072 904 3129 vobis
929 3070 982 3141 (ι
1007 3068 1127 3126 Cor.
1160 3087 1234 3137 ιιι,
1269 3067 1356 3137 16)
1382 3067 1408 3124 ?
1435 3069 1535 3136 Qui
1561 3083 1689 3137 ergo
1720 3069 2019 3122 membrum
2043 3076 2165 3147 cor?-

568 3148 734 3239 Iporis
757 3160 959 3217 Christi
988 3158 1067 3224 ﬁt,
1100 3152 1372 3230 quomodo
1393 3174 1499 3212 non
1527 3146 1725 3227 accipit
1753 3154 1894 3226 quod
1925 3157 2040 3227 ipse
2071 3146 2164 3211 ﬁt?

566 3251 798 3329 quando
828 3250 1012 3320 utique
1042 3249 1183 3306 illius
1229 3247 1287 3302 ﬁt
1317 3262 1500 3303 verum
1548 3246 1790 3317 corporis
1838 3247 2159 3315 membrum,
2187 3283 2233 3346 Ο

585 3342 738 3413 cujus
765 3340 1010 3411 corporis
1050 3345 1134 3395 est
1179 3338 1233 3393 in
1278 3335 1542 3393 sacriﬁcio
1582 3346 2002 3393 sacramentum.
2045 3334 2163 3394 Hoc

566 3447 717 3509 ,ergo
743 3430 802 3486 ﬁt
824 3430 913 3486 ille
940 3428 1349 3504 regeneratione
1394 3427 1567 3483 sancti
1614 3427 1973 3507 baptismatis,
2020 3425 2164 3497 quod

587 3532 666 3583 est
692 3524 759 3579 de
783 3518 1048 3580 sacriﬁcio
1076 3528 1385 3591 sumpturus
1408 3518 1611 3573 altaris.
1649 3517 1802 3586 Quod
1844 3519 2003 3573 etiam
2039 3532 2165 3572 san-

588 3621 708 3671 ctos
736 3610 925 3667 Patres
953 3610 1318 3666 indubitanter
1354 3607 1645 3664 credidisse
1689 3623 1751 3663 ac
1794 3608 2039 3663 docuisse
2080 3621 2169 3663 co-

566 3706 917 3777 gnoscimus.
973 3702 1169 3759 Beatus
1206 3718 1421 3773 quoque
1466 3701 1794 3770 Augustinus
1842 3700 1910 3756 de
1956 3701 2058 3757 hac
2106 3716 2166 3758 re

586 3814 890 3856 sermonem
920 3796 1047 3853 fecit
1067 3795 1353 3851 admodum
1376 3793 1721 3859 luculentum,
1755 3801 1809 3847 et
1829 3800 2012 3863 aptum
2037 3792 2167 3850 αξᾶί-

588 3888 824 3945 ticationi
854 3894 1014 3958 atque
1058 3885 1397 3942 instructioni
1438 3884 1693 3941 ﬁdelium.
1737 3882 1909 3951 Quem
1953 3896 2166 3940 sermo-

586 3974 711 4037 nem
740 3986 909 4033 totum
933 3977 1176 4051 epistola:
1217 3976 1380 4032 malui
1425 3973 1747 4043 subjungere
1786 3973 1908 4043 quia
1938 3989 2039 4029 nec
2085 3985 2168 4029 est

583 4074 842 4147 prolixus,
876 4080 932 4128 et
959 4072 1012 4127 in
1042 4071 1157 4143 ipsa
1179 4070 1445 4126 brevitate
1476 4083 1684 4138 magna:
1710 4066 2080 4124 instructionis
2105 4085 2168 4126 ac

583 4167 865 4223 suavitatis
888 4173 971 4220 est
1000 4166 1209 4235 plenus.

653 4255 743 4311 25.
792 4276 809 4309 ι
840 4256 957 4310 Hoc
985 4253 1119 4326 quod
1145 4252 1323 4307 videtis
1352 4253 1403 4306 in
1434 4253 1598 4307 altare
1629 4251 1751 4318 Dei,
1794 4253 1952 4308 etiam
1997 4261 2170 4308 trans-

581 4357 699 4403 acta
727 4355 875 4402 nocte
900 4345 1118 4423 vidistis,
1136 4342 1227 4398 sed
1237 4341 1360 4415 quid
1378 4351 1529 4408 esset,
1562 4342 1686 4415 quid
1710 4341 1808 4398 sibi
1830 4343 1996 4409 vellet,
2014 4361 2168 4415 quam

581 4453 787 4512 magna:
816 4437 886 4491 rei
919 4444 1294 4490 sacramentum
1321 4437 1629 4500 contineret,
1664 4436 1893 4491 nondum
1923 4438 2163 4494 audistis.

584 4526 739 4593 Quod
753 4541 877 4597 ergo
898 4524 1098 4589 ridetis,
1121 4524 1273 4593 panis
1297 4532 1393 4589 est,
1416 4532 1464 4578 et
1485 4524 1624 4579 culis:
1646 4543 1664 4590 ;
1689 4526 1824 4597 quod
1845 4525 1982 4581 vobis
2005 4528 2163 4583 etiam

582 4620 717 4676 oculi
764 4617 919 4672 vestri
970 4617 1284 4671 renuntiant.
1345 4612 1693 4680 Quod'autem
1723 4617 1855 4689 ﬁdes
1887 4620 2049 4693 227
2079 4614 2160 4676 ve-

2269 4643 2514 4714 corporis
2562 4644 2763 4721 Christi
2818 4612 3143 4724 constitutus
3192 4624 3494 4705 abscedata
3519 4646 3843 4703 Sacrameut

582 4718 691 4764 stra
711 4707 935 4780 postulat
964 4705 1288 4772 instruenda,
1319 4708 1467 4775 panis
1492 4714 1568 4761 est
1597 4725 1781 4778 corpus
1811 4705 2023 4775 Christi,
2070 4725 2161 4763 ca—

554 4800 657 4865 _li.r
705 4798 917 4870 sanguis
947 4796 1158 4865 Christi.
1203 4792 1428 4850 Breviter
1473 4794 1677 4870 quidem
1705 4798 1801 4852 hoc
1846 4798 2039 4853 dictum
2063 4807 2160 4865 est,

581 4888 717 4971 quod
888 4882 1266 4973 forte‘sufliciat
1284 4903 1304 4953 ;
1331 4880 1429 4967 sed
1449 4887 1579 4957 ﬁdes
1603 4889 1993 4943 instructionem
2023 4889 2161 4943 desi-

580 4981 746 5037 derat.
790 4978 929 5033 Dicit
958 4978 1092 5033 enim
1121 4978 1397 5050 propheta:
1423 4979 1532 5033 Nisi
1561 4980 1917 5046 credideritis,
1944 4982 2164 5035 nonin-

579 5055 832 5141 telligetis
857 5067 993 5140 (Isa.
1025 5085 1117 5136 vn,
1142 5068 1220 5139 9).
1253 5068 1477 5125 Potestis
1499 5087 1619 5141 ergo
1642 5058 1793 5125 modo
1815 5071 1983 5125 dicere
2003 5072 2159 5128 mihi:

552 5144 968 5235 :Prtecepisti'ut
995 5162 1306 5227 credamus;
1345 5180 1543 5234 expone
1570 5172 1625 5215 ut
1652 5163 2019 5234 intelligamus.
2047 5162 2159 5218 Pov

577 5262 679 5309 test
722 5256 856 5307 enim
901 5248 956 5307 in
1002 5254 1173 5307 animo
1203 5254 1491 5326 cujuspiam
1523 5254 1766 5324 cogitatio
1797 5253 1914 5307 talis
1944 5251 2157 5309 aboriri.

578 5342 833 5398 Dominus
873 5352 1048 5399 noster
1091 5343 1245 5399 Jesus
1273 5343 1507 5398 Christus
1545 5345 1776 5397 novimus
1844 5344 1981 5397 unde
2008 5361 2159 5400 acce-

578 5435 708 5507 perit
737 5451 966 5504 carnem,
1008 5435 1072 5490 de
1109 5430 1321 5507 Virgine
1352 5432 1529 5487 Maria
1551 5450 1583 5493 .1
1616 5434 1791 5504 infans
1814 5433 2035 5486 laetatus
2061 5442 2157 5503 est,

577 5528 800 5583 nutritus
827 5538 923 5596 est,
949 5529 1126 5597 crevit,
1156 5528 1227 5581 ad
1238 5526 1515 5598 juvenilem
1537 5533 1739 5579 aetatem
1765 5524 2039 5595 perductus
2061 5537 2157 5596 est,

576 5639 610 5677 a
653 5622 853 5678 Iudaeis
899 5622 1305 5691 persecutionem
1350 5635 1536 5690 passus
1580 5625 1674 5680 est,
1707 5618 1848 5689 ligno
1882 5634 2161 5689 suspensus

575 5723 670 5772 est.
701 5714 754 5768 in
785 5714 924 5787 ligno
946 5714 1244 5782 interfectus
1269 5718 1365 5778 est,
1396 5710 1460 5765 de
1489 5710 1631 5781 ligno
1659 5708 1922 5779 depositus
1951 5717 2054 5774 est,
2080 5725 2162 5765 se-

576 5807 749 5877 pullus
776 5815 875 5873 est,
908 5805 1059 5859 tertia
1101 5803 1184 5857 die
1214 5805 1514 5869 resurrexit,
1539 5821 1636 5875 quo
1667 5803 1750 5857 die
1773 5803 1929 5857 voluit
1972 5804 2026 5857 in
2055 5819 2158 5858 cce-

576 5898 681 5948 ιω..
707 5894 958 5948 ascendit.
1002 5892 1138 5949 Illuc
1159 5894 1339 5949 levavit
1363 5910 1548 5953 corpus
1575 5911 1745 5967 suum,
1777 5898 1915 5951 unde
1941 5905 2015 5953 est
2044 5912 2161 5954 ven-

2258 1976 2322 2031 de
2341 1978 2438 2032 isto
2460 1990 2786 2034 sacramento
2808 1980 3114 2051 loqueretur,
3140 1980 3251 2034 ait:
3285 1976 3433 2037 Unus
3461 1977 3644 2051 panis,
3679 1993 3850 2033 unum

2255 2084 2451 2137 corpus
2478 2069 2629 2123 multi
2660 2085 2867 2125 sumus.
2911 2069 3213 2144 Intelligite,
3259 2080 3307 2125 et
3347 2071 3584 2144 gaudete.
3629 2069 3848 2138 Unitas,

2255 2159 2440 2231 pietas,
2492 2161 2699 2228 veritas,
2743 2163 2972 2229 caritas,
3015 2179 3153 2218 unus
3199 2163 3386 2234 panis,
3435 2178 3597 2218 unum
3646 2176 3851 2232 corpus

2257 2249 2411 2306 multi
2437 2267 2622 2308 sumus
2653 2251 2708 2324 (I
2730 2252 2851 2308 Cor.
2884 2271 2936 2320 χ,
2970 2253 3080 2323 i7).
3125 2253 3353 2309 Recotite
3388 2256 3524 2309 enim
3548 2254 3667 2327 quia
3692 2256 3851 2324 panis

2257 2360 2360 2397 non
2386 2343 2447 2415 ﬁt
2477 2343 2540 2397 de
2577 2361 2679 2398 uno
2707 2362 2901 2417 grano,
2935 2345 3027 2399 sed
3056 2344 3121 2399 de
3144 2345 3342 2399 multis.
3391 2341 3613 2409 Quando
3641 2344 3852 2398 exorci-

2257 2433 2539 2503 zabamini,
2581 2436 2729 2508 quasi
2759 2435 3129 2501 niolebamini;
3177 2437 3386 2508 quando
3417 2433 3666 2505 baptisati
3700 2435 3852 2500 estis,

2257 2525 2404 2595 quasi
2451 2512 2715 2598 conspersi
2759 2528 2921 2591 estis;
2970 2526 3176 2599 quando
3223 2525 3452 2597 Spiritus
3479 2524 3650 2578 sancti
3676 2525 3853 2596 ignem

2259 2615 2546 2682 accepistis,
2576 2617 2724 2684 quasi
2745 2616 2875 2670 cocti
2899 2617 3038 2670 estis.
3082 2614 3261 2669 Estote
3289 2610 3425 2687 quod
3447 2612 3646 2677 videtis,
3675 2622 3726 2666 et
3754 2629 3855 2665 ac-

2260 2706 2415 2775 cipite
2435 2705 2572 2777 quod
2613 2706 2756 2759 estis.
2799 2704 2915 2760 Hoc
2955 2705 3229 2776 Apostolus
3258 2705 3320 2758 de
3365 2720 3499 2774 pane
3547 2703 3703 2768 dixit,
3733 2691 3914 2773 jamj

2259 2794 2323 2847 de
2350 2797 2512 2850 calice
2552 2796 2676 2868 quid
2702 2797 3119 2868 intelligeremus,
3158 2796 3314 2850 etiam
3340 2798 3434 2850 loc
3480 2794 3674 2848 dictum
3720 2794 3855 2848 satis

2261 2886 2502 2941 ostendit.
2546 2886 2692 2942 Sicut
2717 2889 2854 2942 enim
2881 2898 2936 2958 ut
2957 2889 3023 2942 sit
3047 2889 3240 2958 species
3269 2886 3483 2941 visibilis
3508 2886 3665 2952 panis
3686 2885 3856 2939 multa

2260 2976 2426 3051 grana
2453 2978 2505 3032 in
2526 2996 2683 3032 unum
2705 2956 3148 3051 consperguntur;
3180 2988 3423 3050 tanquam
3447 2976 3576 3031 illud
3598 2977 3695 3047 ﬁat
3716 2974 3857 3047 quod

2261 3067 2326 3122 de
2353 3069 2589 3139 ﬁdelibus
2616 3070 2689 3123 ait
2714 3070 2983 3142 Scriptura
2998 3068 3350 3125 sancta:Erat
3368 3068 3472 3124 illis
3500 3067 3680 3123 anima
3696 3064 3857 3142 [una]

2262 3167 2317 3215 et
2347 3176 2440 3216 cor
2462 3176 2623 3216 unum
2654 3161 2706 3215 in
2731 3160 2896 3217 Deum
2920 3162 3055 3232 (Act.
3076 3170 3148 3232 tv,
3170 3160 3281 3234 32);
3306 3162 3379 3215 sic
3406 3169 3456 3215 et
3484 3159 3547 3214 de
3579 3160 3855 3230 vino,fra-

2268 3258 2387 3317 tres,
2420 3252 2630 3307 recolite
2656 3252 2793 3306 unde
2828 3253 2896 3307 sit
2920 3269 3094 3325 unum.
3130 3251 3310 3307 Grana
3338 3251 3500 3305 multa
3528 3250 3756 3323 pendent
3782 3249 3856 3303 ad

2266 3341 2487 3408 botrum,
2535 3344 2629 3419 sed
2652 3344 2820 3415 liquor
2843 3363 3127 3416 granorum
3152 3347 3206 3399 in
3248 3345 3447 3398 unitate
3489 3341 3854 3415 confunditur.

2256 3430 2355 3487 'Ita
2375 3432 2631 3489 Dominus
2655 3433 2806 3490 Jesus
2836 3433 3075 3489 Christus
3100 3452 3191 3490 nos
3220 3433 3551 3506 signiﬁcavit,
3584 3448 3682 3487 nos
3704 3432 3776 3485 ad
3797 3443 3855 3486 se

2265 3526 2519 3595 pertinere
2539 3527 2727 3592 voluit;
2757 3529 3055 3598 mysterium
3083 3527 3223 3598 pacis
3250 3534 3297 3579 et
3326 3525 3541 3579 unitatis
3572 3531 3773 3578 nostra
3798 3524 3855 3577 in

2266 3633 2359 3671 sua
2383 3633 2562 3672 mensa
2586 3620 2923 3674 consecravit.
2966 3617 3066 3683 Qui
3093 3617 3279 3690 accipit
3295 3618 3590 3688 mysterium
3611 3615 3855 3684 unitatis,

2264 3716 2437 3763 etnon
2460 3721 2629 3764 servat
2649 3710 2741 3780 (al.
2768 3712 2922 3781 tenet)
2946 3710 3202 3765 vinculum
3222 3710 3387 3781 pacis,
3418 3726 3523 3763 non
3547 3708 3855 3779 mysterium

2267 3800 2454 3871 accipit
2481 3818 2574 3872 pro
2598 3818 2672 3870 se,
2697 3801 2786 3856 sed
2816 3801 3161 3857 testimonium
3192 3811 3374 3855 contra
3401 3816 3475 3855 se.
3506 3818 3525 3851 ι

2337 3914 2428 3970 26.
2467 3915 2731 3995 Arbitror,
2747 3925 2931 3972 sancte
2948 3916 3133 3983 frater,
3146 3916 3561 3988 disputationem
3584 3921 3856 3987 nostram,

2267 4004 2512 4081 praeclari
2539 4004 2779 4061 doctoris
2824 4006 3109 4075 Augustini
3142 4021 3396 4062 sermone
3434 4004 3723 4072 ﬁrmatam,
3758 4019 3858 4066 nec

2268 4097 2516 4166 cuiquam
2539 4112 2658 4154 esse
2687 4099 3029 4168 aliquatenus
3058 4097 3461 4170 ambigendum,
3494 4106 3623 4153 tunc
3663 4113 3857 4154 unum'

2267 4204 2535 4261 quemque
2580 4187 2816 4245 ﬁdelium
2873 4191 3117 4261 corporis
3160 4189 3542 4260 sanguinisque
3588 4186 3858 4249 DominiCi

2266 4280 2588 4350 participem
2636 4278 2776 4349 ﬁeri,
2818 4283 3034 4349 quando
3073 4280 3126 4335 in
3179 4281 3501 4350 baptismate
3554 4280 3859 4334 membrum

2267 4372 2511 4443 corporis
2538 4371 2739 4427 Christi
2770 4371 3021 4438 efﬁcitur,
3054 4388 3156 4428 nec
3199 4370 3423 4427 alienari
3460 4371 3527 4426 ab
3571 4370 3665 4426 illo
3701 4370 3859 4441 panis

2266 4462 2514 4517 calicisve
2556 4463 2851 4528 consortio,
2899 4462 3110 4517 etiamsi
3158 4470 3445 4531 antequam
3476 4474 3672 4533 panem
3708 4459 3858 4514 illum

2266 4554 2535 4619 comedat,
2567 4562 2623 4608 et
2641 4554 2863 4611 calicem
2893 4554 3064 4623 bibat,
3093 4555 3160 4612 de
3186 4556 3291 4612 hoc
3336 4556 3533 4630 saeculo
3569 4555 3625 4609 in
3652 4554 3859 4615 unitate

2273 4734 2472 4811 quippe
2516 4734 2656 4792 illius
2699 4737 3117 4812 participatione
3148 4753 3217 4813 ac
3241 4735 3505 4813 beneﬁcio
3532 4752 3642 4793 non
3673 4736 3857 4809 priva-

2268 4831 2375 4895 tur,
2407 4826 2623 4897 quando
2638 4827 2762 4898 ipse
2787 4828 2894 4884 hoc
2935 4829 3081 4907 quod
3111 4820 3244 4887 illud
3267 4840 3666 4909 sacramentum
3693 4831 3858 4904 228

2267 4916 2533 4997 signiﬁcat
2561 4918 2852 4998 invenitur.
2881 4917 2987 4997 Ora
3025 4935 3126 4990 pro
3160 4909 3316 4979 nobis
3335 4935 3550 4993 semper
3577 4930 3858 4993 vegetata:

2248 5007 2431 5095 tortis.
2451 5009 2506 5065 in
2526 5008 2762 5079 Christo,
2794 5018 2981 5093 sancte
3002 5018 3058 5071 et
3086 5001 3409 5093 venerabilis
3432 5000 3617 5089 frater.

2810 5127 3144 5185 EPISTOLA
3180 5128 3317 5185 XIII.

2342 5218 2645 5277 Ferrandus
2690 5220 2992 5294 Fulgentio,
3033 5223 3342 5294 qumtiones
3391 5226 3614 5298 quinque
3656 5240 3787 5297 pro-

2951 5330 3049 5369 υοη
3055 5331 3167 5370 eus.

2340 5423 2569 5479 Domino
2597 5424 2933 5492 beatissimo,
2973 5436 3029 5480 et
3070 5440 3192 5481 cum
3221 5426 3369 5482 omni
3399 5428 3752 5483 veneratione
3772 5427 3856 5484 in-

2267 5515 2544 5585 spiciendo
2557 5515 2907 5585 sanctqhtri
2926 5515 3521 5591 Fumenrtuﬁepiscopo,
3535 5520 3856 5578 Fsaatnus

2266 5603 2528 5660 diaconus
2555 5605 2609 5659 in
2630 5604 2860 5661 Domino
2884 5607 3132 5663 salutem.
3590 5624 3593 5629 ·

2337 5713 2388 5770 i.
2429 5712 2584 5786 Smpe
2613 5716 2780 5771 multa
2810 5717 2953 5772 volui
2997 5717 3191 5776 aﬁ'ectu
3230 5721 3562 5793 interrogare
3590 5718 3849 5797 discendi,

2264 5805 2357 5863 sed
2382 5806 2664 5862 absentem
2706 5807 3020 5876 magistrum
3048 5807 3417 5881 frequentibus
3440 5812 3681 5885 epistolis
3702 5822 3851 5870 com-

2265 5897 2492 5972 pellare,
2517 5904 2839 5969 portitorum
2870 5898 3063 5955 raritas
3109 5914 3176 5958 ex
3210 5902 3427 5962 itineris
3455 5903 3849 5977 longinquitate
