4124 6504
314 495 418 554 395
1285 485 1288 488 ’
1351 497 1414 542 /

1685 486 2013 554 EPISTOIA
2053 479 2182 552 xiv.

3476 477 3579 544 3M

311 613 604 686 prohibuit.
650 611 802 668 Unde
831 628 970 668 nunc
1000 611 1262 670 beneﬁcio
1289 615 1570 684 przcseutis
1591 615 1892 671 occasionis
1920 617 1966 674 Α
1999 614 2341 682 relegendum
2374 615 2528 670 nobis
2549 614 2742 684 jubeas
2765 611 3056 680 destinare,
3103 623 3161 670 et
3199 613 3479 686 epistolam
3511 609 3578 665 ad

312 709 639 774 admonitus,
671 706 724 762 in
753 723 916 762 unum
947 708 1191 776 congessi
1218 725 1337 778 qua:
1377 708 1547 779 potui,
1583 718 1636 763 et
1666 724 1894 778 respon-

310 800 466 854 sione
493 807 670 854 vestra
697 798 888 854 melius
908 797 1178 852 dilatanda
1200 799 1432 854 breviter
1460 814 1671 869 qurere;
1697 813 1898 867 rogans

313 892 710 960 obsecransqne
746 888 1041 957 Christum,
1072 905 1100 945 a
1129 905 1234 960 quo
1279 890 1420 946 intus
1452 890 1606 946 audis
1626 890 1768 962 quod
1797 889 1897 945 do-

314 997 439 1038 ceas
468 979 611 1046 foris,
649 991 705 1036 ut
732 982 998 1036 veraciter
1026 982 1169 1036 dicas
1191 982 1321 1036 mihi
1348 1000 1362 1035 :

384 1071 435 1124 2.
497 1069 681 1128 Utrum
741 1071 976 1126 Trinitas
1029 1071 1399 1141 inseparabilis
1463 1080 1684 1142 propter
1739 1087 1898 1126 unam

315 1163 669 1232 eamdemque
714 1172 981 1229 naturain,
1025 1164 1416 1233 operationem,
1451 1178 1514 1218 ac
1543 1163 1898 1230 voluntatem,

316 1256 422 1311 dici
463 1255 655 1312 debeat
683 1257 1012 1326 separabiles
1032 1257 1236 1312 habere
1255 1272 1540 1326 personas,
1563 1271 1629 1310 an
1652 1256 1812 1311 etiam
1844 1255 1897 1308 in

315 1349 562 1420 personis
603 1350 674 1404 sit
721 1349 941 1403 omnino
985 1349 1357 1417 inseparabilis
1388 1347 1743 1418 przedicanda.
1783 1345 1896 1409 Vel,

317 1450 492 1495 utrum
524 1440 664 1493 Deus
701 1438 794 1493 Dei
823 1437 990 1493 Filius
1032 1439 1170 1494 sicut
1217 1439 1412 1494 dicitur
1460 1445 1634 1501 natus,
1689 1450 1896 1506 passus,

319 1542 579 1598 mortuus,
610 1531 928 1596 cruciﬁxus;
964 1532 1032 1585 ita
1066 1532 1182 1601 ejus
1210 1529 1550 1586 divinitatem
1579 1527 1900 1586 conﬁrmare

316 1641 416 1680 nos
438 1632 688 1694 oporteat
717 1632 918 1690 natam,
955 1639 1187 1693 passam,
1223 1631 1510 1687 mortuam,
1545 1620 1851 1677 cruciﬁxam
1884 1639 1895 1673 :

315 1718 558 1789 quamvis
598 1718 711 1772 sive
757 1717 912 1780 Deus,
964 1717 1076 1771 sive
1113 1715 1364 1771 divinitas
1403 1715 1732 1776 nominetur,
1786 1713 1898 1767 sola

315 1827 442 1867 caro
470 1810 798 1878 intelligatur
815 1798 1085 1864 mutabilis
1103 1817 1264 1878 atque
1281 1806 1574 1878 passibilis,
1601 1804 1899 1862 secundum

316 1917 480 1972 quam
512 1901 654 1957 Deus
682 1910 774 1956 aut
823 1901 1077 1956 divinitas
1124 1902 1231 1972 pati
1277 1900 1472 1972 potuit,
1519 1898 1664 1970 quod
1713 1899 1766 1954 in
1804 1912 1901 1953 sua

1998 703 2258 760 Joannem
2289 705 2642 760 Tharseusem
2669 706 2981 776 episcopum
3011 705 3063 772 δ,
3105 707 3196 762 ubi
3227 706 3294 761 de
3333 703 3580 760 maleﬁco

1999 796 2232 865 quodam
2260 796 2428 865 judiei
2459 815 2564 854 non
2590 798 2847 854 tradendo
2875 800 3094 855 memini
3125 799 3438 870 plenissime
3467 796 3582 851 dis-

1999 896 2266 959 putatum.
2299 889 2526 946 Codices
2555 891 2689 946 duos
2732 893 2964 962 suscepi,
3014 901 3066 948 et
3109 889 3298 946 infanti
3351 889 3580 944 Hermite

2000 983 2273 1054 proprium
2334 983 2552 1038 reddidi.
2610 985 2742 1039 lube
2787 987 2946 1040 etiam
2994 985 3278 1056 epistolam
3335 983 3402 1038 de
3451 980 3584 1035 Ora-

2001 1078 2148 1130 tione
2180 1087 2225 1140 ο,
2260 1093 2416 1146 quam
2447 1079 2510 1130 ad
2540 1093 2624 1131 me
2653 1079 2739 1134 hic
2768 1079 3002 1148 positum
3038 1078 3296 1133 mandare
3335 1076 3585 1144 dignatus

2001 1181 2078 1231 es,
2123 1167 2313 1221 iterum
2354 1167 2459 1221 huc
2501 1167 2754 1238 scriptam
2802 1169 3052 1238 dirigere.
3107 1169 3240 1222 Dum
3291 1166 3433 1221 enim
3484 1181 3585 1235 pro

1969 1327 1975 1331 _
2001 1256 2287 1326 splendore
2315 1259 2396 1311 sui
2425 1273 2453 1311 a
2486 1259 2665 1315 multis
2681 1259 3013 1328 quaeriturad
3035 1259 3585 1329 legendum,faciente

2001 1360 2184 1406 nostra
2213 1351 2502 1416 oblivione,
2529 1353 2668 1423 apud
2696 1369 2856 1422 quem
2901 1355 3223 1409 remanserit
3252 1355 3582 1422 ignoramus.

2002 1442 2231 1499 Sanctos
2253 1444 2614 1515 presbyteros,
2638 1445 2911 1515 diaeones,
2943 1447 3264 1516 beatamque
3293 1459 3584 1516 congrega-

2003 1533 2203 1588 tionem
2226 1533 2447 1604 supplex
2463 1534 2656 1588 saluto.
2685 1535 2827 1589 Deus
2843 1544 3027 1590 noster
3041 1536 3418 1606 paternitatem
3435 1542 3583 1592 tuam

2003 1625 2069 1680 ad
2097 1624 2504 1681 mdilicationem
2534 1637 2773 1682 nostram
2805 1644 3128 1684 conservare
3159 1628 3403 1699 dignetur
3437 1629 3584 1684 inco-

2004 1717 2224 1781 lumem,
2245 1717 2461 1774 domine
2491 1728 2660 1789 pater.
2687 1719 2875 1774 Amen.

2547 1853 2877 1911 EPISTULA
2919 1855 3051 1911 XIV.

317 2000 506 2048 natura
530 2007 636 2048 non
659 1992 853 2062 potuit.
873 1990 1054 2047 Tertio
1069 1991 1242 2047 adhuc
1264 1991 1501 2060 requiro,
1525 1997 1702 2044 utrum
1725 1987 1903 2042 anima
1939 1988 1981 2047 Β
2011 1985 2314 2060 Fulgentius
2344 1988 2392 2042 F
2396 1991 2638 2054 errando,
2674 1991 2988 2061 respondens
3022 1993 3090 2044 ad
3124 1993 3414 2062 propositas
3443 2007 3588 2062 quin.

316 2082 517 2140 Christi
545 2083 890 2154 suseeptrieis
926 2081 1143 2138 deitatis
1186 2083 1398 2152 plenam
1442 2081 1640 2136 habeat
1685 2079 1906 2135 omnino

319 2177 657 2244 notitiam,et
683 2175 1130 2247 quemadmodum
1152 2192 1211 2231 se
1239 2175 1467 2231 invicem
1498 2182 1698 2228 norunt
1723 2170 1902 2235 Pater,

321 2276 378 2324 et
405 2267 588 2335 Filius,
611 2275 666 2322 et
691 2267 923 2338 Spiritus
946 2275 1166 2322 sanctus
1187 2311 1200 2331 ,
1234 2267 1309 2322 ita
1337 2267 1480 2321 idem
1509 2265 1676 2321 Filius
1703 2274 1906 2320 semet-

335 2359 508 2428 ipsum
541 2371 639 2427 per
680 2357 730 2412 id
761 2357 904 2427 quod
934 2358 1098 2412 homo
1124 2365 1225 2422 est,
1260 2357 1314 2412 in
1344 2373 1410 2412 eo
1439 2356 1582 2427 quod
1615 2355 1775 2419 Deus,
1807 2370 1908 2410 no-

323 2451 488 2514 verit;
512 2465 577 2505 ex
601 2458 847 2520 utraque,
875 2458 1036 2520 atque
1065 2450 1120 2505 in
1147 2458 1376 2519 utraque
1406 2447 1704 2505 substantia
1733 2454 1908 2501 totum

323 2543 542 2612 capiens
564 2541 796 2595 Patrem.
823 2541 900 2594 Au
925 2539 1153 2595 fortasse
1181 2541 1318 2595 sicut
1347 2539 1518 2595 oculis
1539 2536 1911 2608 corporalibus

327 2630 495 2684 Deum
531 2631 774 2700 spiritum
821 2632 1038 2686 minime
1067 2630 1230 2693 videt,
1264 2647 1332 2685 ne
1361 2645 1468 2686 non
1497 2629 1703 2684 homini
1733 2628 1909 2696 digni-

325 2733 411 2778 tas
439 2722 637 2786 addita,
671 2723 765 2778 sed
801 2733 986 2777 natura
1023 2723 1277 2778 credatur
1304 2725 1518 2792 penitus
1545 2728 1908 2786 commutata;

326 2817 408 2870 sic
439 2815 714 2869 rationalis
741 2815 931 2870 anima:
958 2816 1200 2884 quamvis
1221 2815 1311 2884 pio
1340 2814 1638 2880 intellectu,
1667 2820 1724 2867 et
1747 2811 1912 2866 corde

324 2903 700 2970 mundissimo,
734 2921 839 2960 non
873 2907 1058 2968 videri,
1091 2919 1266 2974 neque
1288 2902 1668 2973 comprehendi
1699 2916 1912 2957 omnem

327 2999 624 3054 divinitatis
651 2999 961 3064 essentiam,
1006 3013 1074 3052 ne
1101 2997 1354 3067 quaelibet
1393 3003 1642 3052 creatura
1671 2995 1916 3049 invenia-

327 3098 417 3144 tur
459 3101 656 3160 capere
690 3087 1024 3145 Creatorem.
1076 3088 1269 3144 Patere
1299 3102 1406 3154 me,
1436 3087 1686 3156 obsecro,
1717 3086 1914 3143 iterum

329 3193 602 3250 quaerere;
633 3181 756 3235 volo
787 3181 929 3234 enim
957 3179 1116 3235 simul
1145 3179 1300 3250 plura
1317 3178 1780 3249 proponere,quia
1804 3193 1913 3232 non

329 3281 413 3326 est
457 3272 545 3327 ubi
595 3272 865 3340 sigillatitn
911 3273 978 3326 de
1025 3271 1250 3340 singulis
1298 3278 1694 3341 percontemur.
1736 3267 1913 3325 Unum

2573 2078 2668 2132 que
2695 2062 3021 2132 quaestiones.

2081 2175 2130 2228 l.
2168 2171 2406 2246 Epistula
2438 2185 2553 2242 tua,
2579 2182 2764 2228 sancte
2790 2176 2972 2240 lrater,
3002 2183 3057 2228 et
3097 2172 3430 2230 eondiacoue
3460 2173 3588 2228 Fer-

2008 2268 2193 2335 rande,
2229 2266 2511 2322 ltetilieavit
2533 2266 2710 2322 cordis
2740 2267 2846 2322 mei
2874 2266 3055 2335 simul,
3093 2275 3148 2321 et
3182 2267 3436 2323 excitavit
3471 2266 3588 2322 alle-

2009 2368 2186 2421 ctum;
2213 2365 2270 2412 ut
2287 2366 2533 2412 ctcertus
2553 2356 2620 2410 de
2645 2365 2732 2410 tua
2758 2356 2931 2411 salute
2952 2356 3262 2425 gauderem,
3281 2366 3337 2411 et
3360 2357 3594 2411 intentus

2009 2452 2154 2522 quod
2180 2451 2373 2523 quieris
2395 2451 2753 2521 inquirerem;
2785 2451 2851 2506 ab
2871 2451 2964 2505 illo
2984 2451 3166 2520 utique
3188 2451 3274 2506 cui
3298 2457 3352 2504 et
3371 2448 3595 2505 debetur

2009 2541 2302 2611 gratiarum
2330 2540 2491 2606 actio,
2522 2551 2575 2596 et
2599 2558 2626 2595 a
2656 2557 2765 2611 quo
2801 2549 2884 2596 est
2919 2556 3047 2596 vera
3075 2540 3370 2597 Salubrium
3415 2554 3593 2596 rerum

2011 2632 2371 2703 exspectanda
2425 2649 2488 2690 ac
2528 2635 2848 2704 postulanda
2897 2634 3180 2704 cognitio:
3214 2644 3273 2689 ut
3321 2633 3460 2689 idem
3504 2634 3596 2703 qui

2011 2740 2273 2796 prospero
2297 2726 2480 2781 auditu
2509 2725 2758 2794 gaudium
2781 2726 2968 2791 donat,
2998 2726 3160 2780 etiam
3197 2726 3463 2781 infusione
3483 2740 3598 2795 gra-

2013 2815 2101 2870 tia:
2129 2816 2384 2886 spiritalis
2431 2816 2838 2885 intelligentiam
2883 2817 3110 2883 tribuat;
3137 2827 3192 2872 et
3219 2818 3360 2874 sicut
3388 2817 3503 2887 ipse
3530 2819 3601 2874 atI

2015 2907 2391 2976 inquirendum
2421 2922 2480 2963 se
2514 2908 2758 2962 accendit
2786 2908 3043 2977 studium,
3072 2909 3144 2963 ita
3170 2909 3507 2979 pulsantibus
3531 2912 3600 2967 ad

2016 3016 2076 3057 se
2099 3000 2353 3070 largiatur
2376 3000 2692 3069 ingressum.
2710 2998 2860 3054 Tunc
2874 2999 3015 3054 enim
3041 2999 3094 3053 in
3111 3000 3364 3068 gaudium
3386 2999 3597 3056 Domini

2017 3092 2187 3148 nostri
2209 3092 2505 3162 poterimus
2530 3092 2748 3159 intrare,
2775 3092 2820 3146 si
2849 3097 2947 3147 nos
2970 3091 3056 3147 hic
3082 3090 3330 3160 dignatus
3359 3089 3518 3146 fuerit
3541 3093 3596 3148 iu

2018 3183 2146 3240 illud
2171 3199 2419 3252 magnum
2444 3183 2662 3254 pietatis
2690 3191 3084 3238 sacramentum
3112 3182 3258 3238 dono
3287 3183 3471 3250 gratias
3493 3182 3598 3252 spiv

2016 3275 2188 3330 ritalis
2218 3273 2492 3339 inducere,
2523 3282 2580 3330 et
2607 3272 2675 3328 ad
2707 3271 3051 3329 devitandum
3098 3273 3220 3328 vitae
3256 3272 3416 3342 hujus
3451 3272 3598 3328 dele-

331 3380 553 3433 regnum
604 3363 797 3430 Patris,
829 3374 885 3419 et
913 3364 1052 3432 Filii,
1085 3373 1141 3421 et
1168 3365 1399 3435 Spiritus
1427 3363 1600 3419 sancti
1645 3363 1916 3420 credimus
1939 3355 1985 3418 C
2018 3375 2186 3431 ctum,
2219 3365 2309 3434 qui
2333 3363 2488 3421 nobis
2516 3363 2763 3434 subrepit
2788 3363 3097 3434 frequenter
3126 3363 3376 3432 infirmis,
3407 3378 3600 3434 panem

330 3464 387 3510 et
419 3456 664 3519 fatemur,
710 3455 868 3510 simul
916 3471 1010 3511 eos
1054 3455 1322 3511 dominari
1364 3455 1628 3512 creaturis
1671 3455 1921 3511 omnibus

332 3549 645 3603 sentientes.
693 3547 869 3614 Quare
913 3561 1040 3615 ergo
1085 3548 1138 3602 in
1174 3549 1511 3603 orationibus
1555 3547 1917 3610 sacerdotum,

333 3655 425 3707 per
455 3637 634 3692 Jesum
658 3637 920 3691 Christum
949 3637 1146 3692 Filium
1191 3647 1332 3692 tuum
1365 3637 1640 3694 Dominum
1665 3648 1918 3700 nostrum,

341 3733 427 3802 qui
456 3742 620 3787 tecum
648 3733 787 3797 uiuit,
825 3741 876 3785 et
919 3741 1102 3803 regnat
1130 3732 1184 3785 in
1213 3734 1411 3786 unitate
1459 3730 1687 3801 Spiritus
1731 3730 1919 3794 sancti,

337 3841 436 3896 per
467 3825 740 3878 universas
766 3837 906 3891 pene
946 3821 1136 3877 Alricze
1171 3823 1420 3890 regiones
1448 3821 1714 3878 catholica
1744 3821 1925 3876 dicere

336 3915 618 3969 consuevit
645 3911 922 3967 Ecclesia?
951 3911 1230 3979 Tanquam
1256 3911 1403 3966 solus
1431 3911 1598 3966 Filius
1621 3926 1740 3966 cum
1764 3911 1924 3967 Patre

334 4003 612 4076 possideat
641 4017 892 4071 regnum;
915 4004 968 4056 in
995 4003 1208 4059 unitate.
1241 4002 1448 4057 scilicet
1475 4001 1702 4073 Spiritus
1731 4003 1924 4068 sancti,

337 4104 433 4154 aut
465 4095 561 4165 (al.
595 4098 676 4160 ut)
703 4103 990 4165 regnantes
1039 4093 1297 4159 adunare,
1344 4109 1450 4149 non
1493 4095 1650 4150 simul
1699 4107 1930 4162 regnare

340 4188 576 4261 Spiritus
605 4197 822 4244 sanctus
853 4188 1144 4241 iutimetur.
1187 4187 1470 4258 Responde
1500 4188 1564 4242 ad
1610 4188 1756 4256 haec,
1776 4201 1929 4255 rogo,

339 4281 611 4343 celeriter,
645 4289 700 4334 et
729 4280 928 4334 inculto
959 4280 1174 4348 eloquio
1213 4279 1280 4333 de
1320 4281 1481 4336 rebus
1511 4279 1705 4348 ignotis
1733 4295 1929 4334 consu-

345 4373 918 4437 lentem{suavissime
951 4372 1109 4427 melle
1139 4372 1374 4427 cmlestis
1414 4373 1576 4443 229
1616 4386 1772 4442 pasce
1817 4386 1932 4426 ser-

345 4465 541 4520 monis.
574 4464 704 4518 Illttd
735 4465 895 4518 etiam
929 4461 1247 4526 dilucidaus,
1279 4462 1406 4532 quid
1452 4463 1522 4517 sit
1569 4464 1713 4534 quod
1766 4462 1935 4519 Lucas

347 4555 676 4622 evangelista
699 4571 906 4610 ccenam
937 4554 1147 4609 Domini
1173 4563 1505 4620 narraturus,
1540 4556 1686 4626 prius
1716 4572 1839 4610 eum
1863 4555 1938 4610 di-

350 4649 424 4702 cit
451 4648 671 4702 calicem
715 4647 1009 4715 accepisse,
1040 4657 1094 4698 et
1122 4645 1397 4715 discipulis
1430 4645 1770 4701 dixidendum
1796 4647 1938 4702 inter

2025 3460 2177 3514 nobis
2225 3459 2338 3530 ipse
2385 3458 2587 3515 tribuat
2636 3457 3005 3527 intelligentiae
3033 3457 3316 3529 spiritalis;
3369 3471 3468 3512 nec
3505 3472 3602 3512 nos

2023 3547 2301 3619 permittat
2342 3555 2642 3603 veternosae
2680 3547 3014 3618 eorruptioui
3058 3547 3345 3602 exterioris
3373 3546 3602 3602 hominis

2023 3639 2234 3708 subjici,
2281 3637 2374 3694 sed
2411 3639 2477 3693 ad
2505 3638 2738 3693 studium
2765 3645 2963 3694 sanctze
3003 3637 3346 3706 cogitationis
3383 3637 3477 3707 (al.
3509 3652 3602 3691 co-

2024 3731 2324 3800 gnitionis),
2375 3739 2429 3785 et
2469 3730 2648 3800 operis
2702 3730 3014 3785 interiorem
3061 3739 3300 3784 nostrum
3332 3729 3399 3782 de
3440 3727 3526 3782 die
3555 3729 3606 3783 in

2027 3821 2166 3876 diem
2213 3819 2373 3874 faciat
2416 3821 2623 3876 cmlesti
2671 3819 2875 3874 lumine
2921 3818 3017 3888 (al.
3057 3820 3302 3889 munere)
3334 3820 3605 3874 renovari.

2027 3911 2177 3969 Dicta
2207 3922 2311 3968 tua:
2340 3912 2502 3980 igitur
2529 3911 2767 3982 epistola;
2783 3910 2894 3980 jam
2925 3924 3217 3980 ponamus;
3241 3918 3299 3963 ut
3327 3909 3470 3978 quod
3498 3908 3608 3962 Do-

2027 4002 2205 4057 minus
2251 4000 2551 4068 donaverit,
2593 4000 2978 4073 questionibus
3019 3999 3245 4069 singulis
3285 3997 3610 4069 respondero

2028 4094 2313 4167 possimus.

2491 4184 2653 4258 230
2679 4199 2920 4249 οωιςετιο
2957 4198 3137 4239 ιιιιηιΑ.

2101 4275 2154 4331 2.
2194 4274 2374 4347 Exigis
2394 4293 2626 4349 namque
2652 4284 2709 4332 ut
2735 4277 3002 4333 veraciter
3033 4277 3206 4332 dicam
3248 4276 3366 4341 tibi,
3428 4275 3614 4332 Utrum

2035 4367 2262 4424 Trinitas
2290 4367 2654 4440 inseparabilis
2677 4378 2884 4440 propter
2911 4384 3070 4421 unam
3099 4368 3428 4438 eumdeinque
3456 4375 3614 4420 natu-

2033 4481 2166 4528 ram,
2199 4464 2567 4535 operationem,
2608 4479 2669 4516 ac
2707 4462 3043 4526 voluntatem,
3070 4460 3172 4514 dici
3199 4458 3377 4512 debeat
3406 4475 3616 4526 separa-

2035 4557 2161 4613 biles
2183 4556 2364 4611 habere
2387 4573 2652 4628 personas,
2685 4572 2755 4609 an
2780 4556 2936 4609 etiam
2959 4555 3013 4608 in
3042 4553 3274 4625 personis
3308 4553 3372 4606 sit
3412 4553 3618 4606 omnino

2034 4650 2399 4722 inseparabilis
2447 4647 2804 4720 praedicanda.
2872 4645 2998 4702 Haec
3050 4660 3168 4702 esse
3230 4646 3391 4702 verba
3437 4644 3619 4714 prima:

352 4754 414 4795 se
441 4740 697 4793 continuo
727 4737 1038 4802 tradidisse;
1071 4744 1126 4792 et
1155 4744 1264 4790 tum
1303 4737 1496 4791 deinde
1544 4747 1766 4806 accepto
1793 4752 1935 4807 pane
1965 4749 2015 4810 ι)
2038 4741 2352 4814 quaestionis
2378 4740 2565 4812 procul
2593 4738 2757 4795 dubio
2787 4732 3153 4807 recognoscis.

349 4832 588 4886 dixisse:
625 4829 739 4884 Hoc
779 4838 854 4884 est
900 4845 1083 4900 corpus
1110 4845 1312 4893 meum;
1343 4837 1397 4882 ct
1426 4838 1648 4898 accepto
1687 4829 1936 4884 similiter

351 4929 639 4994 postquam
663 4921 894 4978 cteuavit
918 4920 1107 4987 calice,
1141 4928 1266 4976 tunc
1291 4920 1487 4976 dixisse
1513 4940 1524 4974 :
1557 4920 1658 4975 Hie
1684 4924 1820 4976 calix
1844 4939 1938 4976 no-

354 5032 473 5071 wm
503 5013 880 5069 Testamentum
923 5021 999 5067 est
1030 5013 1083 5066 in
1122 5013 1377 5083 sanguine
1404 5028 1534 5077 meo,
1567 5014 1649 5080 qui
1679 5028 1771 5080 pro
1801 5010 1938 5066 vobis

356 5105 592 5179 funditur
623 5103 774 5175 (Luc.
822 5118 946 5168 χχιι,
973 5102 1038 5154 l7
1081 5110 1131 5157 et
1167 5101 1320 5174 seq.).
1361 5101 1606 5170 Nunquid
1638 5099 1772 5156 unus
1800 5102 1940 5157 calix

353 5195 595 5252 secundo
617 5204 699 5250 est
726 5195 902 5259 datus,
933 5209 1000 5248 an
1026 5194 1163 5250 alius
1183 5195 1350 5265 prius,
1383 5194 1519 5248 alius
1547 5195 1772 5264 postea?
1801 5192 1870 5246 Et
1896 5193 1941 5249 si

355 5295 427 5344 ita
449 5298 549 5354 est,
568 5289 631 5344 ad
650 5293 801 5358 cujus
823 5288 900 5343 rei
929 5289 1166 5358 pertinet
1179 5295 1571 5344 sacramentum
1603 5285 1732 5342 illud
1750 5285 1816 5341 de
1835 5303 1943 5356 quo

307 5431 312 5438 .
357 5383 592 5436 maxime
620 5381 798 5436 caeteri
826 5381 915 5451 qui
943 5379 1595 5451 scripseruntEvangelia,
1627 5381 1944 5435 tacuerunt?

359 5473 500 5540 Noli,
516 5490 718 5544 qmcso,
736 5473 949 5529 dill'erre
971 5489 1308 5544 responsum,
1325 5489 1424 5530 nec
1449 5483 1693 5544 paratum
1708 5473 1940 5527 animum

359 5566 517 5635 longa
541 5565 945 5636 exspectatione
966 5566 1277 5636 suspendas.
1305 5565 1726 5638 Occupationum
1747 5565 1946 5636 quippe

361 5668 662 5714 vestrarum
687 5659 944 5714 debemus
974 5659 1168 5712 mereri
1197 5658 1282 5712 vel
1315 5667 1542 5728 partem.

433 5753 486 5808 5.
531 5753 682 5824 Rogo
708 5753 894 5820 etiam,
944 5762 1002 5807 ut
1043 5751 1232 5807 librum
1263 5751 1329 5806 de
1365 5750 1569 5821 Regula
1598 5766 1738 5807 verte
1770 5749 1889 5805 lidei
1921 5759 1948 5790 ι

443 5949 465 5974 ι·
493 5936 653 5994 Liber
681 5943 763 5994 est
789 5935 856 5989 de
885 5934 1014 5989 Fide
1043 5933 1111 5988 ad
1137 5934 1371 6000 Petrum,
1395 5932 1552 5989 infra.

439 6008 464 6046 δ
489 6006 612 6064 Hice
639 6007 874 6078 epistola'
886 6022 993 6062 non
1021 6014 1212 6060 exstat.

678 6106 949 6166 Pnaon.
987 6100 1170 6162 LXV.

2681 4844 2984 4884 RESPONSIO.

2113 4925 2168 4981 3.
2210 4922 2312 4979 Ubi
2360 4921 2515 4978 nobis
2565 4919 2693 4976 illud
2741 4930 2824 4975 est
2873 4919 3240 4990 principaliter
3284 4917 3623 4985 intuendum,

2043 5020 2169 5089 quia
2192 5016 2428 5072 Trinitas
2453 5015 2822 5085 inseparabilis
2843 5014 2945 5070 dici
2982 5029 3088 5068 non
3119 5013 3302 5082 debet,
3331 5014 3373 5067 si
3403 5021 3625 5082 possunt

2046 5111 2149 5166 illae
2169 5117 2281 5164 tres
2295 5121 2538 5179 persona:
2559 5106 2893 5176 aliquatenus
2913 5106 3168 5176 separari.
3198 5103 3312 5160 Hoc
3335 5104 3478 5158 enim
3499 5118 3628 5158 vere

2047 5201 2405 5273 inseparabile
2445 5201 2659 5268 dicitur,
2698 5199 2842 5270 quod
2883 5199 3188 5254 nullatenus
3234 5195 3629 5266 separationem

2047 5304 2228 5368 potest
2255 5295 2515 5366 recipere.
2548 5293 2678 5348 Nam
2707 5293 2849 5365 quod
2877 5309 2986 5348 non
3015 5298 3316 5362 separatur,
3347 5288 3444 5344 sed
3472 5303 3630 5360 sepa—

2049 5387 2156 5443 rari
2185 5394 2383 5458 potest,
2417 5385 2770 5455 inseparabile
2799 5400 2904 5438 non
2933 5391 3035 5438 est.
3065 5379 3220 5448 Quod
3258 5380 3304 5435 si
3343 5380 3631 5452 quisquam

2048 5479 2288 5550 scparari
2328 5493 2486 5548 posse
2510 5485 2664 5549 putat
2691 5477 2742 5531 in
2779 5475 3041 5530 Trinitate
3068 5488 3346 5544 personas,
3370 5488 3478 5529 non
3508 5471 3634 5529 Tri-

2048 5570 2190 5624 nitas
2211 5577 2292 5626 est
2316 5567 2686 5640 inseparabilis
2706 5564 2948 5630 dicenda,
2971 5564 3064 5619 sed
3084 5564 3277 5620 unitas.
3309 5563 3366 5618 In
3388 5563 3652 5635 personis.

2050 5663 2250 5734 quippe
2275 5660 2512 5717 Trinitas
2540 5666 2771 5722 constat,
2803 5657 2978 5711 unitas
3001 5657 3050 5710 in
3074 5665 3284 5712 natura.
3315 5656 3422 5711 Sed
3453 5655 3636 5710 nescio

2055 5762 2235 5809 utrum
2261 5759 2444 5808 nostra
2475 5751 2646 5824 possit
2673 5747 2898 5803 assertio
2925 5747 3150 5803 veritate
3195 5747 3390 5814 fulciri,
3418 5745 3637 5816 quando

2145 5943 2165 5969 ε
2192 5930 2428 6003 Epistola
2453 5928 2478 5982 1
2508 5928 2572 5984 ad
2599 5928 2847 5991 Probum,
2880 5943 3058 5998 supra.

3239 6089 3310 6148 13
