  <div class='ocr_page' id='page_1' title='image "/cluster/home/n/w/nwhite01/storage/ocr_20150623/65/hvd.32044015469315/205.png"; bbox 0 0 4120 6496; ppageno 0'>
   <div class='ocr_carea' id='block_1_1' title="bbox 635 393 743 469">
    <p class='ocr_par' dir='ltr' id='par_1_1' title="bbox 635 393 743 469">
     <span class='ocr_line' id='line_1_1' title="bbox 635 393 743 469; baseline 0 0"><span class='ocrx_word' id='word_1_1' title='bbox 635 393 743 469; x_wconf 60' lang='lat'><strong>395</strong></span> 
     </span>
    </p>
   </div>
   <div class='ocr_carea' id='block_1_2' title="bbox 1675 413 2881 474">
    <p class='ocr_par' dir='ltr' id='par_1_2' title="bbox 1675 413 2881 474">
     <span class='ocr_line' id='line_1_2' title="bbox 1675 413 2881 474; baseline 0.002 -3"><span class='ocrx_word' id='word_1_2' title='bbox 1675 415 1731 472; x_wconf 90' lang='lat' dir='ltr'><strong>S.</strong></span> <span class='ocrx_word' id='word_1_3' title='bbox 1773 415 2129 473; x_wconf 70' lang='lat' dir='ltr'><strong>FULGE‘NTH</strong></span> <span class='ocrx_word' id='word_1_4' title='bbox 2167 413 2471 474; x_wconf 83' lang='lat' dir='ltr'><strong>EPISCOPI</strong></span> <span class='ocrx_word' id='word_1_5' title='bbox 2510 413 2881 474; x_wconf 71' lang='lat' dir='ltr'><strong>RUSPENSIS</strong></span> 
     </span>
    </p>
   </div>
   <div class='ocr_carea' id='block_1_3' title="bbox 3836 411 3916 476">
    <p class='ocr_par' dir='ltr' id='par_1_3' title="bbox 3836 411 3916 476">
     <span class='ocr_line' id='line_1_3' title="bbox 3836 411 3916 476; baseline -0.05 -1"><span class='ocrx_word' id='word_1_6' title='bbox 3836 411 3916 476; x_wconf 69' lang='lat'><strong>896</strong></span> 
     </span>
    </p>
   </div>
   <div class='ocr_carea' id='block_1_4' title="bbox 635 527 3911 603">
    <p class='ocr_par' dir='ltr' id='par_1_4' title="bbox 635 527 3911 603">
     <span class='ocr_line' id='line_1_4' title="bbox 635 527 3911 603; baseline 0 -16"><span class='ocrx_word' id='word_1_7' title='bbox 635 531 716 588; x_wconf 84' lang='lat' dir='ltr'><strong>sic</strong></span> <span class='ocrx_word' id='word_1_8' title='bbox 737 527 1152 601; x_wconf 83' lang='lat' dir='ltr'><strong>inseparabilem</strong></span> <span class='ocrx_word' id='word_1_9' title='bbox 1175 539 1420 586; x_wconf 86' lang='lat' dir='ltr'><strong>naturam</strong></span> <span class='ocrx_word' id='word_1_10' title='bbox 1446 531 1668 588; x_wconf 87' lang='lat' dir='ltr'><strong>dicimus</strong></span> <span class='ocrx_word' id='word_1_11' title='bbox 1688 542 1745 587; x_wconf 95' lang='lat' dir='ltr'><strong>ut</strong></span> <span class='ocrx_word' id='word_1_12' title='bbox 1765 533 2002 603; x_wconf 90' lang='lat' dir='ltr'><strong>ejusdem</strong></span> <span class='ocrx_word' id='word_1_13' title='bbox 2019 543 2223 589; x_wconf 59' lang='lat' dir='ltr'><strong>natura:</strong></span> <span class='ocrx_word' id='word_1_14' title='bbox 2251 534 2302 594; x_wconf 80' lang='grc' dir='ltr'>Α</span> <span class='ocrx_word' id='word_1_15' title='bbox 2329 549 2430 588; x_wconf 90' lang='lat' dir='ltr'><strong>nor</strong></span> <span class='ocrx_word' id='word_1_16' title='bbox 2453 531 2611 588; x_wconf 84' lang='lat' dir='ltr'><strong>Patre</strong></span> <span class='ocrx_word' id='word_1_17' title='bbox 2634 533 2718 590; x_wconf 96' lang='lat' dir='ltr'><strong>vel</strong></span> <span class='ocrx_word' id='word_1_18' title='bbox 2735 533 2870 588; x_wconf 85' lang='lat' dir='ltr'><strong>Filio</strong></span> <span class='ocrx_word' id='word_1_19' title='bbox 2891 531 3120 603; x_wconf 81' lang='lat' dir='ltr'><strong>Spiritus</strong></span> <span class='ocrx_word' id='word_1_20' title='bbox 3135 537 3394 593; x_wconf 88' lang='lat' dir='ltr'><strong>sanctus;</strong></span> <span class='ocrx_word' id='word_1_21' title='bbox 3425 537 3490 585; x_wconf 90' lang='lat' dir='ltr'><strong>et</strong></span> <span class='ocrx_word' id='word_1_22' title='bbox 3515 528 3726 586; x_wconf 81' lang='lat' dir='ltr'><strong>habens</strong></span> <span class='ocrx_word' id='word_1_23' title='bbox 3749 531 3911 591; x_wconf 69' lang='grc' dir='ltr'><strong>ἰηιὶιιεω</strong></span> 
     </span>
    </p>
   </div>
   <div class='ocr_carea' id='block_1_5' title="bbox 633 623 2225 695">
    <p class='ocr_par' dir='ltr' id='par_1_5' title="bbox 633 623 2225 695">
     <span class='ocr_line' id='line_1_5' title="bbox 633 623 2225 695; baseline 0.003 -19"><span class='ocrx_word' id='word_1_24' title='bbox 633 636 900 692; x_wconf 81' lang='lat' dir='ltr'><strong>personas</strong></span> <span class='ocrx_word' id='word_1_25' title='bbox 945 623 1280 693; x_wconf 89' lang='lat' dir='ltr'><strong>separabiles</strong></span> <span class='ocrx_word' id='word_1_26' title='bbox 1327 639 1675 680; x_wconf 89' lang='lat' dir='ltr'><strong>asseramus:</strong></span> <span class='ocrx_word' id='word_1_27' title='bbox 1721 639 1842 679; x_wconf 92' lang='lat' dir='ltr'><strong>cum</strong></span> <span class='ocrx_word' id='word_1_28' title='bbox 1883 625 2068 695; x_wconf 81' lang='lat' dir='ltr'><strong>utique</strong></span> <span class='ocrx_word' id='word_1_29' title='bbox 2117 639 2225 681; x_wconf 91' lang='lat' dir='ltr'><strong>una</strong></span> 
     </span>
    </p>
   </div>
   <div class='ocr_carea' id='block_1_6' title="bbox 635 717 2225 788">
    <p class='ocr_par' dir='ltr' id='par_1_6' title="bbox 635 717 2225 788">
     <span class='ocr_line' id='line_1_6' title="bbox 635 717 2225 788; baseline 0.004 -20"><span class='ocrx_word' id='word_1_30' title='bbox 635 720 853 781; x_wconf 88' lang='lat' dir='ltr'><strong>natura,</strong></span> <span class='ocrx_word' id='word_1_31' title='bbox 881 727 1002 783; x_wconf 66' lang='lat' dir='ltr'><strong>quas</strong></span> <span class='ocrx_word' id='word_1_32' title='bbox 1037 730 1142 770; x_wconf 90' lang='lat' dir='ltr'><strong>non</strong></span> <span class='ocrx_word' id='word_1_33' title='bbox 1174 725 1353 785; x_wconf 89' lang='lat' dir='ltr'><strong>potest</strong></span> <span class='ocrx_word' id='word_1_34' title='bbox 1383 718 1434 770; x_wconf 92' lang='lat' dir='ltr'><strong>in</strong></span> <span class='ocrx_word' id='word_1_35' title='bbox 1462 717 1707 786; x_wconf 87' lang='lat' dir='ltr'><strong>personis</strong></span> <span class='ocrx_word' id='word_1_36' title='bbox 1734 717 1919 786; x_wconf 84' lang='lat' dir='ltr'><strong>dividi,</strong></span> <span class='ocrx_word' id='word_1_37' title='bbox 1943 717 2054 788; x_wconf 85' lang='lat' dir='ltr'><strong>ipsa</strong></span> <span class='ocrx_word' id='word_1_38' title='bbox 2080 719 2225 774; x_wconf 91' lang='lat' dir='ltr'><strong>inse-</strong></span> 
     </span>
    </p>
   </div>
   <div class='ocr_carea' id='block_1_7' title="bbox 633 803 2226 880">
    <p class='ocr_par' dir='ltr' id='par_1_7' title="bbox 633 803 2226 880">
     <span class='ocr_line' id='line_1_7' title="bbox 633 803 2226 880; baseline 0.006 -23"><span class='ocrx_word' id='word_1_39' title='bbox 633 803 979 873; x_wconf 90' lang='lat' dir='ltr'><strong>parabilitate</strong></span> <span class='ocrx_word' id='word_1_40' title='bbox 1024 821 1143 872; x_wconf 88' lang='lat' dir='ltr'><strong>sua,</strong></span> <span class='ocrx_word' id='word_1_41' title='bbox 1189 822 1287 862; x_wconf 90' lang='lat' dir='ltr'><strong>nec</strong></span> <span class='ocrx_word' id='word_1_42' title='bbox 1333 807 1476 876; x_wconf 89' lang='lat' dir='ltr'><strong>ipsas</strong></span> <span class='ocrx_word' id='word_1_43' title='bbox 1525 807 1773 863; x_wconf 84' lang='lat' dir='ltr'><strong>ostendat</strong></span> <span class='ocrx_word' id='word_1_44' title='bbox 1801 807 2038 878; x_wconf 90' lang='lat' dir='ltr'><strong>separari</strong></span> <span class='ocrx_word' id='word_1_45' title='bbox 2066 823 2226 880; x_wconf 84' lang='lat' dir='ltr'><strong>posse</strong></span> 
     </span>
    </p>
   </div>
   <div class='ocr_carea' id='block_1_8' title="bbox 631 898 2223 972">
    <p class='ocr_par' dir='ltr' id='par_1_8' title="bbox 631 898 2223 972">
     <span class='ocr_line' id='line_1_8' title="bbox 631 898 2223 972; baseline 0.003 -20"><span class='ocrx_word' id='word_1_46' title='bbox 631 912 910 969; x_wconf 86' lang='lat' dir='ltr'><strong>personas.</strong></span> <span class='ocrx_word' id='word_1_47' title='bbox 948 898 1078 954; x_wconf 80' lang='lat' dir='ltr'><strong>Nam</strong></span> <span class='ocrx_word' id='word_1_48' title='bbox 1107 901 1506 970; x_wconf 83' lang='lat' dir='ltr'><strong>separationem</strong></span> <span class='ocrx_word' id='word_1_49' title='bbox 1541 909 1748 956; x_wconf 71' lang='lat' dir='ltr'><strong>natum</strong></span> <span class='ocrx_word' id='word_1_50' title='bbox 1772 901 1975 970; x_wconf 79' lang='lat' dir='ltr'><strong>absque</strong></span> <span class='ocrx_word' id='word_1_51' title='bbox 2001 917 2223 972; x_wconf 90' lang='lat' dir='ltr'><strong>separa-</strong></span> 
     </span>
    </p>
   </div>
   <div class='ocr_carea' id='block_1_9' title="bbox 630 992 2222 1064">
    <p class='ocr_par' dir='ltr' id='par_1_9' title="bbox 630 992 2222 1064">
     <span class='ocr_line' id='line_1_9' title="bbox 630 992 2222 1064; baseline 0.001 -18"><span class='ocrx_word' id='word_1_52' title='bbox 630 992 784 1047; x_wconf 91' lang='lat' dir='ltr'><strong>tione</strong></span> <span class='ocrx_word' id='word_1_53' title='bbox 805 1007 1065 1063; x_wconf 61' lang='lat' dir='ltr'><strong>personae,</strong></span> <span class='ocrx_word' id='word_1_54' title='bbox 1099 1001 1288 1047; x_wconf 89' lang='lat' dir='ltr'><strong>utnon</strong></span> <span class='ocrx_word' id='word_1_55' title='bbox 1320 994 1532 1064; x_wconf 79' lang='lat' dir='ltr'><strong>longius</strong></span> <span class='ocrx_word' id='word_1_56' title='bbox 1560 1009 1766 1058; x_wconf 89' lang='lat' dir='ltr'><strong>eamus,</strong></span> <span class='ocrx_word' id='word_1_57' title='bbox 1799 994 1850 1049; x_wconf 95' lang='lat' dir='ltr'><strong>in</strong></span> <span class='ocrx_word' id='word_1_58' title='bbox 1875 994 2004 1064; x_wconf 89' lang='lat' dir='ltr'><strong>ipsis</strong></span> <span class='ocrx_word' id='word_1_59' title='bbox 2043 993 2222 1050; x_wconf 63' lang='lat' dir='ltr'><strong>homio</strong></span> 
     </span>
    </p>
   </div>
   <div class='ocr_carea' id='block_1_10' title="bbox 631 1085 2224 1156">
    <p class='ocr_par' dir='ltr' id='par_1_10' title="bbox 631 1085 2224 1156">
     <span class='ocr_line' id='line_1_10' title="bbox 631 1085 2224 1156; baseline 0.001 -16"><span class='ocrx_word' id='word_1_60' title='bbox 631 1085 790 1141; x_wconf 86' lang='lat' dir='ltr'><strong>nibus</strong></span> <span class='ocrx_word' id='word_1_61' title='bbox 837 1085 1158 1140; x_wconf 82' lang='lat' dir='ltr'><strong>invenimus.</strong></span> <span class='ocrx_word' id='word_1_62' title='bbox 1199 1085 1429 1140; x_wconf 85' lang='lat' dir='ltr'><strong>Carnem</strong></span> <span class='ocrx_word' id='word_1_63' title='bbox 1476 1085 1678 1156; x_wconf 88' lang='lat' dir='ltr'><strong>quippe</strong></span> <span class='ocrx_word' id='word_1_64' title='bbox 1723 1085 2016 1141; x_wconf 85' lang='lat' dir='ltr'><strong>humanam</strong></span> <span class='ocrx_word' id='word_1_65' title='bbox 2061 1100 2224 1141; x_wconf 88' lang='lat' dir='ltr'><strong>nemo</strong></span> 
     </span>
    </p>
   </div>
   <div class='ocr_carea' id='block_1_11' title="bbox 631 1173 2223 1246">
    <p class='ocr_par' dir='ltr' id='par_1_11' title="bbox 631 1173 2223 1246">
     <span class='ocr_line' id='line_1_11' title="bbox 631 1173 2223 1246; baseline 0.001 -16"><span class='ocrx_word' id='word_1_66' title='bbox 631 1173 846 1230; x_wconf 81' lang='lat' dir='ltr'><strong>dubitat</strong></span> <span class='ocrx_word' id='word_1_67' title='bbox 873 1174 941 1229; x_wconf 91' lang='lat' dir='ltr'><strong>ad</strong></span> <span class='ocrx_word' id='word_1_68' title='bbox 981 1182 1226 1230; x_wconf 87' lang='lat' dir='ltr'><strong>naturam</strong></span> <span class='ocrx_word' id='word_1_69' title='bbox 1267 1175 1502 1230; x_wconf 86' lang='lat' dir='ltr'><strong>hominis</strong></span> <span class='ocrx_word' id='word_1_70' title='bbox 1529 1175 1834 1246; x_wconf 84' lang='lat' dir='ltr'><strong>pertinere;</strong></span> <span class='ocrx_word' id='word_1_71' title='bbox 1862 1174 2014 1245; x_wconf 85' lang='lat' dir='ltr'><strong>cujus</strong></span> <span class='ocrx_word' id='word_1_72' title='bbox 2044 1184 2223 1232; x_wconf 88' lang='lat' dir='ltr'><strong>tamen</strong></span> 
     </span>
    </p>
   </div>
   <div class='ocr_carea' id='block_1_12' title="bbox 629 1266 2223 1340">
    <p class='ocr_par' dir='ltr' id='par_1_12' title="bbox 629 1266 2223 1340">
     <span class='ocr_line' id='line_1_12' title="bbox 629 1266 2223 1340; baseline 0.001 -19"><span class='ocrx_word' id='word_1_73' title='bbox 629 1275 809 1338; x_wconf 87' lang='lat' dir='ltr'><strong>potest</strong></span> <span class='ocrx_word' id='word_1_74' title='bbox 834 1266 950 1323; x_wconf 85' lang='lat' dir='ltr'><strong>fieri</strong></span> <span class='ocrx_word' id='word_1_75' title='bbox 971 1269 1258 1340; x_wconf 84' lang='lat' dir='ltr'><strong>separatio,</strong></span> <span class='ocrx_word' id='word_1_76' title='bbox 1276 1268 1320 1322; x_wconf 91' lang='lat' dir='ltr'><strong>si</strong></span> <span class='ocrx_word' id='word_1_77' title='bbox 1343 1267 1622 1338; x_wconf 79' lang='lat' dir='ltr'><strong>quodlibet</strong></span> <span class='ocrx_word' id='word_1_78' title='bbox 1641 1269 1938 1324; x_wconf 90' lang='lat' dir='ltr'><strong>membrum</strong></span> <span class='ocrx_word' id='word_1_79' title='bbox 1961 1268 2223 1338; x_wconf 56' lang='lat' dir='ltr'><strong>praecida-</strong></span> 
     </span>
    </p>
   </div>
   <div class='ocr_carea' id='block_1_13' title="bbox 634 1344 2224 1430">
    <p class='ocr_par' dir='ltr' id='par_1_13' title="bbox 634 1344 2224 1430">
     <span class='ocr_line' id='line_1_13' title="bbox 634 1344 2224 1430; baseline 0.001 -17"><span class='ocrx_word' id='word_1_80' title='bbox 634 1365 723 1414; x_wconf 90' lang='lat' dir='ltr'><strong>tur</strong></span> <span class='ocrx_word' id='word_1_81' title='bbox 755 1375 786 1413; x_wconf 90' lang='lat' dir='ltr'><strong>a</strong></span> <span class='ocrx_word' id='word_1_82' title='bbox 817 1375 1045 1430; x_wconf 90' lang='lat' dir='ltr'><strong>corpore</strong></span> <span class='ocrx_word' id='word_1_83' title='bbox 1068 1377 1081 1414; x_wconf 89' lang='lat'><strong>:</strong></span> <span class='ocrx_word' id='word_1_84' title='bbox 1104 1375 1225 1430; x_wconf 68' lang='lat' dir='ltr'><strong>qua:</strong></span> <span class='ocrx_word' id='word_1_85' title='bbox 1257 1368 1434 1414; x_wconf 89' lang='lat' dir='ltr'><strong>tamen</strong></span> <span class='ocrx_word' id='word_1_86' title='bbox 1463 1344 1710 1430; x_wconf 52' lang='lat' dir='ltr'><strong>praecisio</strong></span> <span class='ocrx_word' id='word_1_87' title='bbox 1739 1373 1846 1414; x_wconf 90' lang='lat' dir='ltr'><strong>non</strong></span> <span class='ocrx_word' id='word_1_88' title='bbox 1875 1359 1927 1413; x_wconf 93' lang='lat' dir='ltr'><strong>in</strong></span> <span class='ocrx_word' id='word_1_89' title='bbox 1957 1375 2015 1415; x_wconf 91' lang='lat' dir='ltr'><strong>se</strong></span> <span class='ocrx_word' id='word_1_90' title='bbox 2042 1367 2224 1429; x_wconf 86' lang='lat' dir='ltr'><strong>potest</strong></span> 
     </span>
    </p>
   </div>
   <div class='ocr_carea' id='block_1_14' title="bbox 627 1453 2222 1525">
    <p class='ocr_par' dir='ltr' id='par_1_14' title="bbox 627 1453 2222 1525">
     <span class='ocr_line' id='line_1_14' title="bbox 627 1453 2222 1525; baseline 0.003 -18"><span class='ocrx_word' id='word_1_91' title='bbox 627 1453 1023 1522; x_wconf 88' lang='lat' dir='ltr'><strong>separationem</strong></span> <span class='ocrx_word' id='word_1_92' title='bbox 1052 1454 1252 1510; x_wconf 85' lang='lat' dir='ltr'><strong>habere</strong></span> <span class='ocrx_word' id='word_1_93' title='bbox 1280 1469 1541 1525; x_wconf 65' lang='lat' dir='ltr'><strong>personae.</strong></span> <span class='ocrx_word' id='word_1_94' title='bbox 1569 1454 1752 1524; x_wconf 84' lang='lat' dir='ltr'><strong>Neque</strong></span> <span class='ocrx_word' id='word_1_95' title='bbox 1774 1453 1918 1510; x_wconf 88' lang='lat' dir='ltr'><strong>enim</strong></span> <span class='ocrx_word' id='word_1_96' title='bbox 1945 1469 2067 1511; x_wconf 92' lang='lat' dir='ltr'><strong>cum</strong></span> <span class='ocrx_word' id='word_1_97' title='bbox 2099 1471 2222 1511; x_wconf 90' lang='lat' dir='ltr'><strong>ma-</strong></span> 
     </span>
    </p>
   </div>
   <div class='ocr_carea' id='block_1_15' title="bbox 627 1547 2222 1618">
    <p class='ocr_par' dir='ltr' id='par_1_15' title="bbox 627 1547 2222 1618">
     <span class='ocr_line' id='line_1_15' title="bbox 627 1547 2222 1618; baseline 0.004 -18"><span class='ocrx_word' id='word_1_98' title='bbox 627 1561 728 1601; x_wconf 87' lang='lat' dir='ltr'><strong>nus</strong></span> <span class='ocrx_word' id='word_1_99' title='bbox 746 1555 838 1601; x_wconf 90' lang='lat' dir='ltr'><strong>aut</strong></span> <span class='ocrx_word' id='word_1_100' title='bbox 863 1561 961 1617; x_wconf 87' lang='lat' dir='ltr'><strong>pes</strong></span> <span class='ocrx_word' id='word_1_101' title='bbox 983 1562 1013 1602; x_wconf 89' lang='lat' dir='ltr'><strong>a</strong></span> <span class='ocrx_word' id='word_1_102' title='bbox 1033 1563 1263 1618; x_wconf 91' lang='lat' dir='ltr'><strong>corpore</strong></span> <span class='ocrx_word' id='word_1_103' title='bbox 1277 1547 1602 1618; x_wconf 72' lang='lat' dir='ltr'><strong>prmciditur,</strong></span> <span class='ocrx_word' id='word_1_104' title='bbox 1629 1564 1749 1604; x_wconf 90' lang='lat' dir='ltr'><strong>cum</strong></span> <span class='ocrx_word' id='word_1_105' title='bbox 1773 1547 1961 1604; x_wconf 91' lang='lat' dir='ltr'><strong>eodem</strong></span> <span class='ocrx_word' id='word_1_106' title='bbox 1980 1549 2222 1606; x_wconf 87' lang='lat' dir='ltr'><strong>membro</strong></span> 
     </span>
    </p>
   </div>
   <div class='ocr_carea' id='block_1_16' title="bbox 626 1641 2221 1713">
    <p class='ocr_par' dir='ltr' id='par_1_16' title="bbox 626 1641 2221 1713">
     <span class='ocr_line' id='line_1_16' title="bbox 626 1641 2221 1713; baseline 0.001 -15"><span class='ocrx_word' id='word_1_107' title='bbox 626 1642 790 1698; x_wconf 89' lang='lat' dir='ltr'><strong>etiam</strong></span> <span class='ocrx_word' id='word_1_108' title='bbox 819 1657 1050 1713; x_wconf 82' lang='lat' dir='ltr'><strong>persona</strong></span> <span class='ocrx_word' id='word_1_109' title='bbox 1079 1643 1311 1698; x_wconf 89' lang='lat' dir='ltr'><strong>hominis</strong></span> <span class='ocrx_word' id='word_1_110' title='bbox 1339 1649 1653 1713; x_wconf 85' lang='lat' dir='ltr'><strong>separatur;</strong></span> <span class='ocrx_word' id='word_1_111' title='bbox 1685 1642 1930 1713; x_wconf 82' lang='lat' dir='ltr'><strong>quamvis</strong></span> <span class='ocrx_word' id='word_1_112' title='bbox 1960 1641 2052 1697; x_wconf 86' lang='lat' dir='ltr'><strong>iiat</strong></span> <span class='ocrx_word' id='word_1_113' title='bbox 2073 1657 2221 1713; x_wconf 77' lang='lat' dir='ltr'><strong>qure—</strong></span> 
     </span>
    </p>
   </div>
   <div class='ocr_carea' id='block_1_17' title="bbox 627 1733 2223 1806">
    <p class='ocr_par' dir='ltr' id='par_1_17' title="bbox 627 1733 2223 1806">
     <span class='ocr_line' id='line_1_17' title="bbox 627 1733 2223 1806; baseline 0 -16"><span class='ocrx_word' id='word_1_114' title='bbox 627 1733 753 1790; x_wconf 90' lang='lat' dir='ltr'><strong>dam</strong></span> <span class='ocrx_word' id='word_1_115' title='bbox 783 1745 989 1790; x_wconf 68' lang='lat' dir='ltr'><strong>natura:</strong></span> <span class='ocrx_word' id='word_1_116' title='bbox 1017 1737 1311 1806; x_wconf 89' lang='lat' dir='ltr'><strong>separatio,</strong></span> <span class='ocrx_word' id='word_1_117' title='bbox 1353 1735 1504 1805; x_wconf 87' lang='lat' dir='ltr'><strong>cujus</strong></span> <span class='ocrx_word' id='word_1_118' title='bbox 1545 1751 1671 1805; x_wconf 86' lang='lat' dir='ltr'><strong>pars</strong></span> <span class='ocrx_word' id='word_1_119' title='bbox 1699 1735 1920 1806; x_wconf 67' lang='lat' dir='ltr'><strong>praecisa</strong></span> <span class='ocrx_word' id='word_1_120' title='bbox 1949 1735 2223 1790; x_wconf 89' lang='lat' dir='ltr'><strong>invenitur</strong></span> 
     </span>
    </p>
   </div>
   <div class='ocr_carea' id='block_1_18' title="bbox 624 1823 2218 1894">
    <p class='ocr_par' dir='ltr' id='par_1_18' title="bbox 624 1823 2218 1894">
     <span class='ocr_line' id='line_1_18' title="bbox 624 1823 2218 1894; baseline -0.002 -14"><span class='ocrx_word' id='word_1_121' title='bbox 624 1825 681 1880; x_wconf 90' lang='lat' dir='ltr'><strong>in</strong></span> <span class='ocrx_word' id='word_1_122' title='bbox 712 1825 974 1880; x_wconf 92' lang='lat' dir='ltr'><strong>membro.</strong></span> <span class='ocrx_word' id='word_1_123' title='bbox 1013 1823 1120 1880; x_wconf 90' lang='lat' dir='ltr'><strong>Sed</strong></span> <span class='ocrx_word' id='word_1_124' title='bbox 1161 1825 1301 1880; x_wconf 85' lang='lat' dir='ltr'><strong>sicut</strong></span> <span class='ocrx_word' id='word_1_125' title='bbox 1339 1825 1428 1880; x_wconf 88' lang='lat' dir='ltr'><strong>ille</strong></span> <span class='ocrx_word' id='word_1_126' title='bbox 1473 1825 1638 1880; x_wconf 92' lang='lat' dir='ltr'><strong>homo</strong></span> <span class='ocrx_word' id='word_1_127' title='bbox 1679 1824 1723 1880; x_wconf 88' lang='lat' dir='ltr'><strong>si</strong></span> <span class='ocrx_word' id='word_1_128' title='bbox 1769 1824 1905 1878; x_wconf 87' lang='lat' dir='ltr'><strong>vivit</strong></span> <span class='ocrx_word' id='word_1_129' title='bbox 1929 1832 2218 1894; x_wconf 89' lang='lat' dir='ltr'><strong>postquam</strong></span> 
     </span>
    </p>
   </div>
   <div class='ocr_carea' id='block_1_19' title="bbox 2328 621 3912 699">
    <p class='ocr_par' dir='ltr' id='par_1_19' title="bbox 2328 621 3912 699">
     <span class='ocr_line' id='line_1_19' title="bbox 2328 621 3912 699; baseline 0.003 -20"><span class='ocrx_word' id='word_1_130' title='bbox 2328 621 2671 693; x_wconf 79' lang='lat' dir='ltr'><strong>cogitationis</strong></span> <span class='ocrx_word' id='word_1_131' title='bbox 2717 624 3020 690; x_wconf 89' lang='lat' dir='ltr'><strong>scientiam,</strong></span> <span class='ocrx_word' id='word_1_132' title='bbox 3072 622 3214 678; x_wconf 90' lang='lat' dir='ltr'><strong>Deus</strong></span> <span class='ocrx_word' id='word_1_133' title='bbox 3259 637 3439 679; x_wconf 85' lang='lat' dir='ltr'><strong>verus</strong></span> <span class='ocrx_word' id='word_1_134' title='bbox 3493 623 3805 690; x_wconf 77' lang='lat' dir='ltr'><strong>agnoscitur</strong></span> <span class='ocrx_word' id='word_1_135' title='bbox 3845 632 3912 699; x_wconf 85' lang='lat' dir='ltr'><strong>qui</strong></span> 
     </span>
    </p>
   </div>
   <div class='ocr_carea' id='block_1_20' title="bbox 2328 715 3914 790">
    <p class='ocr_par' dir='ltr' id='par_1_20' title="bbox 2328 715 3914 790">
     <span class='ocr_line' id='line_1_20' title="bbox 2328 715 3914 790; baseline 0.001 -18"><span class='ocrx_word' id='word_1_136' title='bbox 2328 718 2665 772; x_wconf 88' lang='lat' dir='ltr'><strong>occultorum</strong></span> <span class='ocrx_word' id='word_1_137' title='bbox 2715 716 2963 786; x_wconf 82' lang='lat' dir='ltr'><strong>cognitor</strong></span> <span class='ocrx_word' id='word_1_138' title='bbox 3010 716 3297 774; x_wconf 84' lang='lat' dir='ltr'><strong>invenitur.</strong></span> <span class='ocrx_word' id='word_1_139' title='bbox 3356 715 3619 778; x_wconf 84' lang='lat' dir='ltr'><strong>Scientia</strong></span> <span class='ocrx_word' id='word_1_140' title='bbox 3661 732 3786 774; x_wconf 88' lang='lat' dir='ltr'><strong>vero</strong></span> <span class='ocrx_word' id='word_1_141' title='bbox 3825 737 3914 790; x_wconf 68' lang='lat' dir='ltr'><strong>qua:</strong></span> 
     </span>
    </p>
   </div>
   <div class='ocr_carea' id='block_1_21' title="bbox 2327 807 3911 881">
    <p class='ocr_par' dir='ltr' id='par_1_21' title="bbox 2327 807 3911 881">
     <span class='ocr_line' id='line_1_21' title="bbox 2327 807 3911 881; baseline 0.003 -16"><span class='ocrx_word' id='word_1_142' title='bbox 2327 808 2739 881; x_wconf 87' lang='lat' dir='ltr'><strong>comprehendit</strong></span> <span class='ocrx_word' id='word_1_143' title='bbox 2768 809 3003 875; x_wconf 90' lang='lat' dir='ltr'><strong>occulta,</strong></span> <span class='ocrx_word' id='word_1_144' title='bbox 3028 809 3145 866; x_wconf 91' lang='lat' dir='ltr'><strong>sine</strong></span> <span class='ocrx_word' id='word_1_145' title='bbox 3173 807 3347 866; x_wconf 88' lang='lat' dir='ltr'><strong>dubio</strong></span> <span class='ocrx_word' id='word_1_146' title='bbox 3365 810 3633 866; x_wconf 84' lang='lat' dir='ltr'><strong>continet</strong></span> <span class='ocrx_word' id='word_1_147' title='bbox 3658 819 3716 866; x_wconf 86' lang='lat' dir='ltr'><strong>et</strong></span> <span class='ocrx_word' id='word_1_148' title='bbox 3732 810 3911 871; x_wconf 77' lang='lat' dir='ltr'><strong>futura:</strong></span> 
     </span>
    </p>
   </div>
   <div class='ocr_carea' id='block_1_22' title="bbox 2327 900 3912 972">
    <p class='ocr_par' dir='ltr' id='par_1_22' title="bbox 2327 900 3912 972">
     <span class='ocr_line' id='line_1_22' title="bbox 2327 900 3912 972; baseline 0.002 -15"><span class='ocrx_word' id='word_1_149' title='bbox 2327 903 2471 972; x_wconf 92' lang='lat' dir='ltr'><strong>quod</strong></span> <span class='ocrx_word' id='word_1_150' title='bbox 2497 919 2708 958; x_wconf 91' lang='lat' dir='ltr'><strong>summo</strong></span> <span class='ocrx_word' id='word_1_151' title='bbox 2735 919 2799 959; x_wconf 91' lang='lat' dir='ltr'><strong>ac</strong></span> <span class='ocrx_word' id='word_1_152' title='bbox 2817 918 2948 960; x_wconf 92' lang='lat' dir='ltr'><strong>vero</strong></span> <span class='ocrx_word' id='word_1_153' title='bbox 2979 902 3090 958; x_wconf 93' lang='lat' dir='ltr'><strong>Deo</strong></span> <span class='ocrx_word' id='word_1_154' title='bbox 3119 917 3248 957; x_wconf 87' lang='lat' dir='ltr'><strong>vera</strong></span> <span class='ocrx_word' id='word_1_155' title='bbox 3275 900 3424 957; x_wconf 77' lang='lat' dir='ltr'><strong>fides</strong></span> <span class='ocrx_word' id='word_1_156' title='bbox 3449 902 3722 971; x_wconf 85' lang='lat' dir='ltr'><strong>assignat,</strong></span> <span class='ocrx_word' id='word_1_157' title='bbox 3760 916 3912 961; x_wconf 72' lang='lat' dir='ltr'><strong>sancta</strong></span> 
     </span>
    </p>
   </div>
   <div class='ocr_carea' id='block_1_23' title="bbox 2327 991 3914 1064">
    <p class='ocr_par' dir='ltr' id='par_1_23' title="bbox 2327 991 3914 1064">
     <span class='ocr_line' id='line_1_23' title="bbox 2327 991 3914 1064; baseline 0.001 -18"><span class='ocrx_word' id='word_1_158' title='bbox 2327 992 2572 1048; x_wconf 90' lang='lat' dir='ltr'><strong>Susanna</strong></span> <span class='ocrx_word' id='word_1_159' title='bbox 2617 993 2786 1048; x_wconf 90' lang='lat' dir='ltr'><strong>Deum</strong></span> <span class='ocrx_word' id='word_1_160' title='bbox 2837 1009 3026 1048; x_wconf 90' lang='lat' dir='ltr'><strong>verum</strong></span> <span class='ocrx_word' id='word_1_161' title='bbox 3065 993 3244 1048; x_wconf 89' lang='lat' dir='ltr'><strong>taliter</strong></span> <span class='ocrx_word' id='word_1_162' title='bbox 3279 992 3643 1048; x_wconf 81' lang='lat' dir='ltr'><strong>invocante:</strong></span> <span class='ocrx_word' id='word_1_163' title='bbox 3671 991 3823 1059; x_wconf 80' lang='lat' dir='ltr'><strong>Deus,</strong></span> <span class='ocrx_word' id='word_1_164' title='bbox 3851 1001 3914 1064; x_wconf 72' lang='lat' dir='ltr'><strong>qui</strong></span> 
     </span>
    </p>
   </div>
   <div class='ocr_carea' id='block_1_24' title="bbox 2327 1083 3912 1157">
    <p class='ocr_par' dir='ltr' id='par_1_24' title="bbox 2327 1083 3912 1157">
     <span class='ocr_line' id='line_1_24' title="bbox 2327 1083 3912 1157; baseline 0.001 -21"><span class='ocrx_word' id='word_1_165' title='bbox 2327 1084 2642 1139; x_wconf 81' lang='lat' dir='ltr'><strong>occultorum</strong></span> <span class='ocrx_word' id='word_1_166' title='bbox 2679 1102 2732 1139; x_wconf 88' lang='lat' dir='ltr'><strong>es</strong></span> <span class='ocrx_word' id='word_1_167' title='bbox 2761 1086 3013 1157; x_wconf 82' lang='lat' dir='ltr'><strong>cognitor,</strong></span> <span class='ocrx_word' id='word_1_168' title='bbox 3039 1085 3125 1157; x_wconf 83' lang='lat' dir='ltr'><strong>qui</strong></span> <span class='ocrx_word' id='word_1_169' title='bbox 3147 1083 3248 1140; x_wconf 87' lang='lat' dir='ltr'><strong>scis</strong></span> <span class='ocrx_word' id='word_1_170' title='bbox 3275 1084 3473 1140; x_wconf 82' lang='lat' dir='ltr'><strong>omnia</strong></span> <span class='ocrx_word' id='word_1_171' title='bbox 3503 1090 3781 1156; x_wconf 77' lang='lat' dir='ltr'><strong>antequam</strong></span> <span class='ocrx_word' id='word_1_172' title='bbox 3809 1089 3912 1155; x_wconf 72' lang='lat' dir='ltr'><strong>ﬁant</strong></span> 
     </span>
    </p>
   </div>
   <div class='ocr_carea' id='block_1_25' title="bbox 2329 1173 3909 1249">
    <p class='ocr_par' dir='ltr' id='par_1_25' title="bbox 2329 1173 3909 1249">
     <span class='ocr_line' id='line_1_25' title="bbox 2329 1173 3909 1249; baseline 0.001 -21"><span class='ocrx_word' id='word_1_173' title='bbox 2329 1173 2493 1246; x_wconf 85' lang='lat' dir='ltr'><strong>(Dan.</strong></span> <span class='ocrx_word' id='word_1_174' title='bbox 2527 1192 2641 1245; x_wconf 84' lang='lat' dir='ltr'><strong>xm,</strong></span> <span class='ocrx_word' id='word_1_175' title='bbox 2672 1173 2784 1249; x_wconf 72' lang='grc'><strong>42).</strong></span> <span class='ocrx_word' id='word_1_176' title='bbox 2817 1174 3054 1232; x_wconf 87' lang='lat' dir='ltr'><strong>Trinitas</strong></span> <span class='ocrx_word' id='word_1_177' title='bbox 3095 1175 3297 1245; x_wconf 88' lang='lat' dir='ltr'><strong>itaque,</strong></span> <span class='ocrx_word' id='word_1_178' title='bbox 3351 1174 3414 1231; x_wconf 88' lang='lat' dir='ltr'><strong>id</strong></span> <span class='ocrx_word' id='word_1_179' title='bbox 3459 1183 3552 1230; x_wconf 86' lang='lat' dir='ltr'><strong>est</strong></span> <span class='ocrx_word' id='word_1_180' title='bbox 3602 1173 3745 1231; x_wconf 82' lang='lat' dir='ltr'><strong>Deus</strong></span> <span class='ocrx_word' id='word_1_181' title='bbox 3784 1192 3909 1239; x_wconf 83' lang='lat' dir='ltr'><strong>unus,</strong></span> 
     </span>
    </p>
   </div>
   <div class='ocr_carea' id='block_1_26' title="bbox 2326 1267 3910 1335">
    <p class='ocr_par' dir='ltr' id='par_1_26' title="bbox 2326 1267 3910 1335">
     <span class='ocr_line' id='line_1_26' title="bbox 2326 1267 3910 1335; baseline 0.003 -15"><span class='ocrx_word' id='word_1_182' title='bbox 2326 1283 2504 1335; x_wconf 89' lang='lat' dir='ltr'><strong>verus,</strong></span> <span class='ocrx_word' id='word_1_183' title='bbox 2537 1277 2593 1324; x_wconf 93' lang='lat' dir='ltr'><strong>et</strong></span> <span class='ocrx_word' id='word_1_184' title='bbox 2617 1269 2813 1335; x_wconf 90' lang='lat' dir='ltr'><strong>bonus,</strong></span> <span class='ocrx_word' id='word_1_185' title='bbox 2829 1278 3084 1334; x_wconf 65' lang='lat' dir='ltr'><strong>aeternus,</strong></span> <span class='ocrx_word' id='word_1_186' title='bbox 3115 1267 3620 1331; x_wconf 83' lang='lat' dir='ltr'><strong>incommutabilis,</strong></span> <span class='ocrx_word' id='word_1_187' title='bbox 3645 1276 3703 1324; x_wconf 88' lang='lat' dir='ltr'><strong>et</strong></span> <span class='ocrx_word' id='word_1_188' title='bbox 3729 1269 3910 1326; x_wconf 52' lang='lat' dir='ltr'><strong>immeo.</strong></span> 
     </span>
    </p>
   </div>
   <div class='ocr_carea' id='block_1_27' title="bbox 2325 1359 3911 1431">
    <p class='ocr_par' dir='ltr' id='par_1_27' title="bbox 2325 1359 3911 1431">
     <span class='ocr_line' id='line_1_27' title="bbox 2325 1359 3911 1431; baseline 0.001 -17"><span class='ocrx_word' id='word_1_189' title='bbox 2325 1373 2436 1426; x_wconf 90' lang='lat' dir='ltr'><strong>sus,</strong></span> <span class='ocrx_word' id='word_1_190' title='bbox 2469 1359 2667 1430; x_wconf 92' lang='lat' dir='ltr'><strong>ubique</strong></span> <span class='ocrx_word' id='word_1_191' title='bbox 2695 1368 2842 1416; x_wconf 92' lang='lat' dir='ltr'><strong>totus</strong></span> <span class='ocrx_word' id='word_1_192' title='bbox 2869 1369 2954 1416; x_wconf 91' lang='lat' dir='ltr'><strong>est</strong></span> <span class='ocrx_word' id='word_1_193' title='bbox 2983 1360 3280 1418; x_wconf 89' lang='lat' dir='ltr'><strong>secundum</strong></span> <span class='ocrx_word' id='word_1_194' title='bbox 3309 1359 3754 1416; x_wconf 85' lang='lat' dir='ltr'><strong>immensitatem</strong></span> <span class='ocrx_word' id='word_1_195' title='bbox 3780 1371 3911 1431; x_wconf 79' lang='lat' dir='ltr'><strong>atque</strong></span> 
     </span>
    </p>
   </div>
   <div class='ocr_carea' id='block_1_28' title="bbox 2326 1453 3908 1526">
    <p class='ocr_par' dir='ltr' id='par_1_28' title="bbox 2326 1453 3908 1526">
     <span class='ocr_line' id='line_1_28' title="bbox 2326 1453 3908 1526; baseline 0.002 -17"><span class='ocrx_word' id='word_1_196' title='bbox 2326 1454 2771 1524; x_wconf 89' lang='lat' dir='ltr'><strong>omnipotentiam</strong></span> <span class='ocrx_word' id='word_1_197' title='bbox 2801 1455 3124 1520; x_wconf 86' lang='lat' dir='ltr'><strong>naturalem,</strong></span> <span class='ocrx_word' id='word_1_198' title='bbox 3166 1453 3428 1526; x_wconf 79' lang='lat' dir='ltr'><strong>quamvis</strong></span> <span class='ocrx_word' id='word_1_199' title='bbox 3454 1469 3574 1511; x_wconf 89' lang='lat' dir='ltr'><strong>non</strong></span> <span class='ocrx_word' id='word_1_200' title='bbox 3604 1453 3663 1510; x_wconf 91' lang='lat' dir='ltr'><strong>in</strong></span> <span class='ocrx_word' id='word_1_201' title='bbox 3695 1457 3908 1512; x_wconf 84' lang='lat' dir='ltr'><strong>omnibus</strong></span> 
     </span>
    </p>
   </div>
   <div class='ocr_carea' id='block_1_29' title="bbox 2326 1545 3434 1616">
    <p class='ocr_par' dir='ltr' id='par_1_29' title="bbox 2326 1545 3434 1616">
     <span class='ocr_line' id='line_1_29' title="bbox 2326 1545 3434 1616; baseline 0.004 -18"><span class='ocrx_word' id='word_1_202' title='bbox 2326 1545 2530 1602; x_wconf 87' lang='lat' dir='ltr'><strong>habitet</strong></span> <span class='ocrx_word' id='word_1_203' title='bbox 2553 1545 2846 1602; x_wconf 91' lang='lat' dir='ltr'><strong>secundum</strong></span> <span class='ocrx_word' id='word_1_204' title='bbox 2873 1547 3063 1616; x_wconf 71' lang='lat' dir='ltr'><strong>gratia:</strong></span> <span class='ocrx_word' id='word_1_205' title='bbox 3090 1546 3434 1616; x_wconf 76' lang='lat' dir='ltr'><strong>largitatem.</strong></span> 
     </span>
    </p>
   </div>
   <div class='ocr_carea' id='block_1_30' title="bbox 2397 1633 3903 1708">
    <p class='ocr_par' dir='ltr' id='par_1_30' title="bbox 2397 1633 3903 1708">
     <span class='ocr_line' id='line_1_30' title="bbox 2397 1633 3903 1708; baseline 0.005 -18"><span class='ocrx_word' id='word_1_206' title='bbox 2397 1633 2452 1691; x_wconf 82' lang='lat'><strong>5.</strong></span> <span class='ocrx_word' id='word_1_207' title='bbox 2491 1635 2629 1694; x_wconf 87' lang='lat' dir='ltr'><strong>Hinc</strong></span> <span class='ocrx_word' id='word_1_208' title='bbox 2655 1647 2739 1694; x_wconf 90' lang='lat' dir='ltr'><strong>est</strong></span> <span class='ocrx_word' id='word_1_209' title='bbox 2765 1637 2909 1708; x_wconf 92' lang='lat' dir='ltr'><strong>quod</strong></span> <span class='ocrx_word' id='word_1_210' title='bbox 2939 1653 3058 1694; x_wconf 93' lang='lat' dir='ltr'><strong>cum</strong></span> <span class='ocrx_word' id='word_1_211' title='bbox 3084 1639 3225 1694; x_wconf 89' lang='lat' dir='ltr'><strong>Deus</strong></span> <span class='ocrx_word' id='word_1_212' title='bbox 3249 1653 3349 1708; x_wconf 89' lang='lat' dir='ltr'><strong>per</strong></span> <span class='ocrx_word' id='word_1_213' title='bbox 3377 1636 3721 1695; x_wconf 78' lang='lat' dir='ltr'><strong>Hieremiam</strong></span> <span class='ocrx_word' id='word_1_214' title='bbox 3748 1639 3903 1697; x_wconf 74' lang='lat' dir='ltr'><strong>dicat&#39;</strong></span> 
     </span>
    </p>
   </div>
   <div class='ocr_carea' id='block_1_31' title="bbox 2329 1730 3905 1806">
    <p class='ocr_par' dir='ltr' id='par_1_31' title="bbox 2329 1730 3905 1806">
     <span class='ocr_line' id='line_1_31' title="bbox 2329 1730 3905 1806; baseline 0.001 -20"><span class='ocrx_word' id='word_1_215' title='bbox 2329 1730 2442 1805; x_wconf 83' lang='lat' dir='ltr'><strong>Ego</strong></span> <span class='ocrx_word' id='word_1_216' title='bbox 2467 1749 2581 1786; x_wconf 87' lang='lat' dir='ltr'><strong>sum</strong></span> <span class='ocrx_word' id='word_1_217' title='bbox 2610 1731 2752 1787; x_wconf 89' lang='lat' dir='ltr'><strong>Deus</strong></span> <span class='ocrx_word' id='word_1_218' title='bbox 2777 1735 3172 1806; x_wconf 76' lang='lat' dir='ltr'><strong>approximans,</strong></span> <span class='ocrx_word' id='word_1_219' title='bbox 3201 1741 3252 1787; x_wconf 84' lang='lat' dir='ltr'><strong>et</strong></span> <span class='ocrx_word' id='word_1_220' title='bbox 3277 1750 3390 1790; x_wconf 85' lang='lat' dir='ltr'><strong>non</strong></span> <span class='ocrx_word' id='word_1_221' title='bbox 3441 1731 3596 1788; x_wconf 85' lang='lat' dir='ltr'><strong>Deus</strong></span> <span class='ocrx_word' id='word_1_222' title='bbox 3632 1732 3698 1789; x_wconf 77' lang='lat' dir='ltr'><strong>de</strong></span> <span class='ocrx_word' id='word_1_223' title='bbox 3743 1735 3905 1806; x_wconf 78' lang='lat' dir='ltr'><strong>longin-</strong></span> 
     </span>
    </p>
   </div>
   <div class='ocr_carea' id='block_1_32' title="bbox 2324 1824 3900 1900">
    <p class='ocr_par' dir='ltr' id='par_1_32' title="bbox 2324 1824 3900 1900">
     <span class='ocr_line' id='line_1_32' title="bbox 2324 1824 3900 1900; baseline 0.004 -22"><span class='ocrx_word' id='word_1_224' title='bbox 2324 1844 2424 1900; x_wconf 80' lang='lat' dir='ltr'><strong>quo</strong></span> <span class='ocrx_word' id='word_1_225' title='bbox 2478 1824 2610 1897; x_wconf 78' lang='lat' dir='ltr'><strong>(Jer.</strong></span> <span class='ocrx_word' id='word_1_226' title='bbox 2660 1842 2813 1892; x_wconf 78' lang='lat' dir='ltr'><strong>xxut,</strong></span> <span class='ocrx_word' id='word_1_227' title='bbox 2862 1825 2990 1894; x_wconf 75' lang='grc'>25),</span> <span class='ocrx_word' id='word_1_228' title='bbox 3041 1835 3378 1883; x_wconf 89' lang='lat' dir='ltr'><strong>memoratus</strong></span> <span class='ocrx_word' id='word_1_229' title='bbox 3431 1834 3627 1882; x_wconf 84' lang='lat' dir='ltr'><strong>tamen</strong></span> <span class='ocrx_word' id='word_1_230' title='bbox 3681 1828 3900 1898; x_wconf 77' lang='lat' dir='ltr'><strong>propheta</strong></span> 
     </span>
    </p>
   </div>
   <div class='ocr_carea' id='block_1_33' title="bbox 624 1905 3899 1989">
    <p class='ocr_par' dir='ltr' id='par_1_33' title="bbox 624 1905 3899 1989">
     <span class='ocr_line' id='line_1_33' title="bbox 624 1905 3899 1989; baseline 0.001 -16"><span class='ocrx_word' id='word_1_231' title='bbox 624 1920 868 1974; x_wconf 89' lang='lat' dir='ltr'><strong>membro</strong></span> <span class='ocrx_word' id='word_1_232' title='bbox 915 1919 1170 1986; x_wconf 85' lang='lat' dir='ltr'><strong>caruerit,</strong></span> <span class='ocrx_word' id='word_1_233' title='bbox 1215 1905 1476 1974; x_wconf 83' lang='lat' dir='ltr'><strong>naturalis</strong></span> <span class='ocrx_word' id='word_1_234' title='bbox 1515 1919 1844 1974; x_wconf 81' lang='lat' dir='ltr'><strong>deﬁnitionis</strong></span> <span class='ocrx_word' id='word_1_235' title='bbox 1889 1918 2220 1989; x_wconf 89' lang='lat' dir='ltr'><strong>plenitudine</strong></span> <span class='ocrx_word' id='word_1_236' title='bbox 2252 1927 2301 1988; x_wconf 81' lang='grc' dir='ltr'><strong>Β</strong></span> <span class='ocrx_word' id='word_1_237' title='bbox 2327 1920 2502 1974; x_wconf 87' lang='lat' dir='ltr'><strong>eidem</strong></span> <span class='ocrx_word' id='word_1_238' title='bbox 2535 1913 2646 1976; x_wconf 89' lang='lat' dir='ltr'><strong>Deo</strong></span> <span class='ocrx_word' id='word_1_239' title='bbox 2667 1919 2798 1975; x_wconf 91' lang='lat' dir='ltr'><strong>dicit</strong></span> <span class='ocrx_word' id='word_1_240' title='bbox 2819 1918 2884 1975; x_wconf 91' lang='lat' dir='ltr'><strong>de</strong></span> <span class='ocrx_word' id='word_1_241' title='bbox 2910 1918 3266 1989; x_wconf 86' lang='lat' dir='ltr'><strong>quibusdam:</strong></span> <span class='ocrx_word' id='word_1_242' title='bbox 3300 1919 3480 1976; x_wconf 67' lang='lat' dir='ltr'><strong>Juxta</strong></span> <span class='ocrx_word' id='word_1_243' title='bbox 3520 1931 3604 1974; x_wconf 81' lang='lat' dir='ltr'><strong>est</strong></span> <span class='ocrx_word' id='word_1_244' title='bbox 3637 1921 3715 1976; x_wconf 85' lang='lat' dir='ltr'><strong>ori</strong></span> <span class='ocrx_word' id='word_1_245' title='bbox 3739 1937 3899 1986; x_wconf 76' lang='grc' dir='ltr'>ωηιι,</span> 
     </span>
    </p>
   </div>
   <div class='ocr_carea' id='block_1_34' title="bbox 624 2010 2219 2080">
    <p class='ocr_par' dir='ltr' id='par_1_34' title="bbox 624 2010 2219 2080">
     <span class='ocr_line' id='line_1_34' title="bbox 624 2010 2219 2080; baseline -0.001 -13"><span class='ocrx_word' id='word_1_246' title='bbox 624 2027 734 2067; x_wconf 89' lang='lat' dir='ltr'><strong>non</strong></span> <span class='ocrx_word' id='word_1_247' title='bbox 763 2010 1002 2075; x_wconf 85' lang='lat' dir='ltr'><strong>carebit,</strong></span> <span class='ocrx_word' id='word_1_248' title='bbox 1047 2024 1153 2080; x_wconf 90' lang='lat' dir='ltr'><strong>qua</strong></span> <span class='ocrx_word' id='word_1_249' title='bbox 1200 2011 1398 2066; x_wconf 89' lang='lat' dir='ltr'><strong>dicitur</strong></span> <span class='ocrx_word' id='word_1_250' title='bbox 1451 2011 1615 2066; x_wconf 90' lang='lat' dir='ltr'><strong>homo</strong></span> <span class='ocrx_word' id='word_1_251' title='bbox 1672 2012 1869 2066; x_wconf 88' lang='lat' dir='ltr'><strong>animal</strong></span> <span class='ocrx_word' id='word_1_252' title='bbox 1920 2011 2219 2076; x_wconf 84' lang='lat' dir='ltr'><strong>rationale,</strong></span> 
     </span>
    </p>
   </div>
   <div class='ocr_carea' id='block_1_35' title="bbox 621 2101 2221 2170">
    <p class='ocr_par' dir='ltr' id='par_1_35' title="bbox 621 2101 2221 2170">
     <span class='ocr_line' id='line_1_35' title="bbox 621 2101 2221 2170; baseline -0.001 -10"><span class='ocrx_word' id='word_1_253' title='bbox 621 2101 853 2160; x_wconf 88' lang='lat' dir='ltr'><strong>mortale</strong></span> <span class='ocrx_word' id='word_1_254' title='bbox 878 2121 890 2157; x_wconf 93' lang='lat'>:</span> <span class='ocrx_word' id='word_1_255' title='bbox 923 2103 1002 2158; x_wconf 91' lang='lat' dir='ltr'><strong>sic</strong></span> <span class='ocrx_word' id='word_1_256' title='bbox 1023 2104 1228 2159; x_wconf 80' lang='lat' dir='ltr'><strong>habens</strong></span> <span class='ocrx_word' id='word_1_257' title='bbox 1263 2107 1467 2158; x_wconf 69' lang='lat' dir='ltr'><strong>natura:</strong></span> <span class='ocrx_word' id='word_1_258' title='bbox 1495 2102 1864 2159; x_wconf 82' lang='lat' dir='ltr'><strong>deﬁnitionem</strong></span> <span class='ocrx_word' id='word_1_259' title='bbox 1884 2118 2092 2170; x_wconf 89' lang='lat' dir='ltr'><strong>veram,</strong></span> <span class='ocrx_word' id='word_1_260' title='bbox 2125 2119 2221 2158; x_wconf 91' lang='lat' dir='ltr'><strong>ne-</strong></span> 
     </span>
    </p>
   </div>
   <div class='ocr_carea' id='block_1_36' title="bbox 622 2196 2220 2268">
    <p class='ocr_par' dir='ltr' id='par_1_36' title="bbox 622 2196 2220 2268">
     <span class='ocr_line' id='line_1_36' title="bbox 622 2196 2220 2268; baseline -0.003 -13"><span class='ocrx_word' id='word_1_261' title='bbox 622 2213 776 2255; x_wconf 91' lang='lat' dir='ltr'><strong>cesse</strong></span> <span class='ocrx_word' id='word_1_262' title='bbox 819 2205 903 2254; x_wconf 90' lang='lat' dir='ltr'><strong>est</strong></span> <span class='ocrx_word' id='word_1_263' title='bbox 949 2206 1008 2252; x_wconf 92' lang='lat' dir='ltr'><strong>ut</strong></span> <span class='ocrx_word' id='word_1_264' title='bbox 1050 2197 1328 2268; x_wconf 87' lang='lat' dir='ltr'><strong>propriam</strong></span> <span class='ocrx_word' id='word_1_265' title='bbox 1373 2210 1589 2268; x_wconf 91' lang='lat' dir='ltr'><strong>quoque</strong></span> <span class='ocrx_word' id='word_1_266' title='bbox 1636 2196 1834 2252; x_wconf 86' lang='lat' dir='ltr'><strong>habeat</strong></span> <span class='ocrx_word' id='word_1_267' title='bbox 1870 2211 1991 2252; x_wconf 90' lang='lat' dir='ltr'><strong>cum</strong></span> <span class='ocrx_word' id='word_1_268' title='bbox 2029 2203 2220 2251; x_wconf 88' lang='lat' dir='ltr'><strong>natura</strong></span> 
     </span>
    </p>
   </div>
   <div class='ocr_carea' id='block_1_37' title="bbox 621 2288 2220 2363">
    <p class='ocr_par' dir='ltr' id='par_1_37' title="bbox 621 2288 2220 2363">
     <span class='ocr_line' id='line_1_37' title="bbox 621 2288 2220 2363; baseline -0.003 -17"><span class='ocrx_word' id='word_1_269' title='bbox 621 2305 934 2363; x_wconf 88' lang='lat' dir='ltr'><strong>personam,</strong></span> <span class='ocrx_word' id='word_1_270' title='bbox 963 2290 1210 2360; x_wconf 87' lang='lat' dir='ltr'><strong>quamvis</strong></span> <span class='ocrx_word' id='word_1_271' title='bbox 1250 2298 1460 2360; x_wconf 90' lang='lat' dir='ltr'><strong>partem</strong></span> <span class='ocrx_word' id='word_1_272' title='bbox 1513 2295 1742 2357; x_wconf 66' lang='lat' dir='ltr'><strong>naturae,</strong></span> <span class='ocrx_word' id='word_1_273' title='bbox 1783 2288 1837 2343; x_wconf 93' lang='lat' dir='ltr'><strong>id</strong></span> <span class='ocrx_word' id='word_1_274' title='bbox 1886 2295 1971 2344; x_wconf 90' lang='lat' dir='ltr'><strong>est</strong></span> <span class='ocrx_word' id='word_1_275' title='bbox 2009 2297 2220 2358; x_wconf 82' lang='lat' dir='ltr'><strong>partem</strong></span> 
     </span>
    </p>
   </div>
   <div class='ocr_carea' id='block_1_38' title="bbox 621 2378 2221 2451">
    <p class='ocr_par' dir='ltr' id='par_1_38' title="bbox 621 2378 2221 2451">
     <span class='ocr_line' id='line_1_38' title="bbox 621 2378 2221 2451; baseline -0.002 -12"><span class='ocrx_word' id='word_1_276' title='bbox 621 2381 801 2439; x_wconf 90' lang='lat' dir='ltr'><strong>carnis</strong></span> <span class='ocrx_word' id='word_1_277' title='bbox 827 2396 859 2437; x_wconf 89' lang='lat' dir='ltr'><strong>a</strong></span> <span class='ocrx_word' id='word_1_278' title='bbox 881 2396 940 2437; x_wconf 90' lang='lat' dir='ltr'><strong>se</strong></span> <span class='ocrx_word' id='word_1_279' title='bbox 962 2381 1160 2436; x_wconf 91' lang='lat' dir='ltr'><strong>habeat</strong></span> <span class='ocrx_word' id='word_1_280' title='bbox 1203 2386 1532 2451; x_wconf 83' lang='lat' dir='ltr'><strong>separatam.</strong></span> <span class='ocrx_word' id='word_1_281' title='bbox 1563 2378 1699 2436; x_wconf 89' lang='lat' dir='ltr'><strong>Cum</strong></span> <span class='ocrx_word' id='word_1_282' title='bbox 1727 2395 1858 2436; x_wconf 87' lang='lat' dir='ltr'><strong>vero</strong></span> <span class='ocrx_word' id='word_1_283' title='bbox 1899 2388 2221 2450; x_wconf 89' lang='lat' dir='ltr'><strong>separantur</strong></span> 
     </span>
    </p>
   </div>
   <div class='ocr_carea' id='block_1_39' title="bbox 624 2469 2219 2545">
    <p class='ocr_par' dir='ltr' id='par_1_39' title="bbox 624 2469 2219 2545">
     <span class='ocr_line' id='line_1_39' title="bbox 624 2469 2219 2545; baseline -0.001 -15"><span class='ocrx_word' id='word_1_284' title='bbox 624 2475 878 2530; x_wconf 87' lang='lat' dir='ltr'><strong>homines</strong></span> <span class='ocrx_word' id='word_1_285' title='bbox 903 2475 1169 2545; x_wconf 87' lang='lat' dir='ltr'><strong>personis,</strong></span> <span class='ocrx_word' id='word_1_286' title='bbox 1201 2480 1391 2529; x_wconf 78' lang='lat' dir='ltr'><strong>natura</strong></span> <span class='ocrx_word' id='word_1_287' title='bbox 1437 2487 1655 2543; x_wconf 89' lang='lat' dir='ltr'><strong>quoque</strong></span> <span class='ocrx_word' id='word_1_288' title='bbox 1691 2473 1808 2529; x_wconf 91' lang='lat' dir='ltr'><strong>sine</strong></span> <span class='ocrx_word' id='word_1_289' title='bbox 1852 2469 2018 2528; x_wconf 92' lang='lat' dir='ltr'><strong>dubio</strong></span> <span class='ocrx_word' id='word_1_290' title='bbox 2061 2488 2219 2544; x_wconf 89' lang='lat' dir='ltr'><strong>sepa-</strong></span> 
     </span>
    </p>
   </div>
   <div class='ocr_carea' id='block_1_40' title="bbox 620 2566 2219 2638">
    <p class='ocr_par' dir='ltr' id='par_1_40' title="bbox 620 2566 2219 2638">
     <span class='ocr_line' id='line_1_40' title="bbox 620 2566 2219 2638; baseline -0.001 -15"><span class='ocrx_word' id='word_1_291' title='bbox 620 2575 832 2624; x_wconf 79' lang='lat' dir='ltr'><strong>rantur.</strong></span> <span class='ocrx_word' id='word_1_292' title='bbox 856 2566 1122 2635; x_wconf 82' lang='lat' dir='ltr'><strong>Quoniam</strong></span> <span class='ocrx_word' id='word_1_293' title='bbox 1146 2581 1256 2623; x_wconf 92' lang='lat' dir='ltr'><strong>non</strong></span> <span class='ocrx_word' id='word_1_294' title='bbox 1280 2571 1568 2638; x_wconf 88' lang='lat' dir='ltr'><strong>separatur</strong></span> <span class='ocrx_word' id='word_1_295' title='bbox 1594 2579 1845 2637; x_wconf 79' lang='lat' dir='ltr'><strong>persona,</strong></span> <span class='ocrx_word' id='word_1_296' title='bbox 1873 2581 1994 2624; x_wconf 92' lang='lat' dir='ltr'><strong>cum</strong></span> <span class='ocrx_word' id='word_1_297' title='bbox 2025 2581 2219 2622; x_wconf 88' lang='lat' dir='ltr'><strong>manus</strong></span> 
     </span>
    </p>
   </div>
   <div class='ocr_carea' id='block_1_41' title="bbox 623 2659 2218 2732">
    <p class='ocr_par' dir='ltr' id='par_1_41' title="bbox 623 2659 2218 2732">
     <span class='ocr_line' id='line_1_41' title="bbox 623 2659 2218 2732; baseline -0.002 -15"><span class='ocrx_word' id='word_1_298' title='bbox 623 2669 720 2717; x_wconf 91' lang='lat' dir='ltr'><strong>aut</strong></span> <span class='ocrx_word' id='word_1_299' title='bbox 764 2675 862 2732; x_wconf 87' lang='lat' dir='ltr'><strong>pes</strong></span> <span class='ocrx_word' id='word_1_300' title='bbox 907 2668 1188 2732; x_wconf 88' lang='lat' dir='ltr'><strong>separatur</strong></span> <span class='ocrx_word' id='word_1_301' title='bbox 1223 2675 1255 2716; x_wconf 89' lang='lat' dir='ltr'><strong>a</strong></span> <span class='ocrx_word' id='word_1_302' title='bbox 1290 2673 1521 2731; x_wconf 87' lang='lat' dir='ltr'><strong>corpore</strong></span> <span class='ocrx_word' id='word_1_303' title='bbox 1557 2676 1570 2713; x_wconf 92' lang='lat'>:</span> <span class='ocrx_word' id='word_1_304' title='bbox 1605 2668 1886 2730; x_wconf 89' lang='lat' dir='ltr'><strong>separatur</strong></span> <span class='ocrx_word' id='word_1_305' title='bbox 1934 2667 2114 2714; x_wconf 91' lang='lat' dir='ltr'><strong>autem</strong></span> <span class='ocrx_word' id='word_1_306' title='bbox 2161 2659 2218 2714; x_wconf 91' lang='lat' dir='ltr'><strong>in</strong></span> 
     </span>
    </p>
   </div>
   <div class='ocr_carea' id='block_1_42' title="bbox 621 2749 2219 2824">
    <p class='ocr_par' dir='ltr' id='par_1_42' title="bbox 621 2749 2219 2824">
     <span class='ocr_line' id='line_1_42' title="bbox 621 2749 2219 2824; baseline -0.002 -15"><span class='ocrx_word' id='word_1_307' title='bbox 621 2767 976 2824; x_wconf 85' lang='lat' dir='ltr'><strong>personarum</strong></span> <span class='ocrx_word' id='word_1_308' title='bbox 1001 2752 1341 2823; x_wconf 87' lang='lat' dir='ltr'><strong>separatione</strong></span> <span class='ocrx_word' id='word_1_309' title='bbox 1367 2758 1577 2816; x_wconf 90' lang='lat' dir='ltr'><strong>natura,</strong></span> <span class='ocrx_word' id='word_1_310' title='bbox 1601 2765 1719 2806; x_wconf 90' lang='lat' dir='ltr'><strong>cum</strong></span> <span class='ocrx_word' id='word_1_311' title='bbox 1749 2749 1911 2807; x_wconf 90' lang='lat' dir='ltr'><strong>homo</strong></span> <span class='ocrx_word' id='word_1_312' title='bbox 1934 2757 2219 2820; x_wconf 86' lang='lat' dir='ltr'><strong>separatur</strong></span> 
     </span>
    </p>
   </div>
   <div class='ocr_carea' id='block_1_43' title="bbox 622 2841 2210 2914">
    <p class='ocr_par' dir='ltr' id='par_1_43' title="bbox 622 2841 2210 2914">
     <span class='ocr_line' id='line_1_43' title="bbox 622 2841 2210 2914; baseline 0 -16"><span class='ocrx_word' id='word_1_313' title='bbox 622 2842 691 2898; x_wconf 89' lang='lat' dir='ltr'><strong>ab</strong></span> <span class='ocrx_word' id='word_1_314' title='bbox 717 2844 954 2900; x_wconf 89' lang='lat' dir='ltr'><strong>homine.</strong></span> <span class='ocrx_word' id='word_1_315' title='bbox 977 2841 1349 2913; x_wconf 87' lang='lat' dir='ltr'><strong>lnseparabilis</strong></span> <span class='ocrx_word' id='word_1_316' title='bbox 1375 2841 1533 2912; x_wconf 82' lang='lat' dir='ltr'><strong>igitur</strong></span> <span class='ocrx_word' id='word_1_317' title='bbox 1553 2849 1756 2898; x_wconf 69' lang='lat' dir='ltr'><strong>natura:</strong></span> <span class='ocrx_word' id='word_1_318' title='bbox 1785 2841 1960 2898; x_wconf 90' lang='lat' dir='ltr'><strong>unitas</strong></span> <span class='ocrx_word' id='word_1_319' title='bbox 1987 2858 2094 2898; x_wconf 93' lang='lat' dir='ltr'><strong>non</strong></span> <span class='ocrx_word' id='word_1_320' title='bbox 2116 2859 2210 2914; x_wconf 84' lang='lat' dir='ltr'><strong>po-</strong></span> 
     </span>
    </p>
   </div>
   <div class='ocr_carea' id='block_1_44' title="bbox 621 2935 1608 3008">
    <p class='ocr_par' dir='ltr' id='par_1_44' title="bbox 621 2935 1608 3008">
     <span class='ocr_line' id='line_1_44' title="bbox 621 2935 1608 3008; baseline -0.004 -16"><span class='ocrx_word' id='word_1_321' title='bbox 621 2943 730 2992; x_wconf 83' lang='lat' dir='ltr'><strong>test</strong></span> <span class='ocrx_word' id='word_1_322' title='bbox 753 2935 1079 3008; x_wconf 89' lang='lat' dir='ltr'><strong>separabiles</strong></span> <span class='ocrx_word' id='word_1_323' title='bbox 1107 2935 1307 2990; x_wconf 85' lang='lat' dir='ltr'><strong>habere</strong></span> <span class='ocrx_word' id='word_1_324' title='bbox 1328 2949 1608 3006; x_wconf 88' lang='lat' dir='ltr'><strong>personas.</strong></span> 
     </span>
    </p>
   </div>
   <div class='ocr_carea' id='block_1_45' title="bbox 690 3019 2218 3083">
    <p class='ocr_par' dir='ltr' id='par_1_45' title="bbox 690 3019 2218 3083">
     <span class='ocr_line' id='line_1_45' title="bbox 690 3019 2218 3083; baseline -0.001 -1"><span class='ocrx_word' id='word_1_325' title='bbox 690 3025 744 3082; x_wconf 72' lang='grc' dir='ltr'>ι.</span> <span class='ocrx_word' id='word_1_326' title='bbox 787 3025 1018 3083; x_wconf 89' lang='lat' dir='ltr'><strong>Proinde</strong></span> <span class='ocrx_word' id='word_1_327' title='bbox 1047 3025 1395 3082; x_wconf 85' lang='lat' dir='ltr'><strong>considerare</strong></span> <span class='ocrx_word' id='word_1_328' title='bbox 1442 3024 1704 3081; x_wconf 90' lang='lat' dir='ltr'><strong>debemus</strong></span> <span class='ocrx_word' id='word_1_329' title='bbox 1745 3019 1892 3081; x_wconf 88' lang='lat' dir='ltr'><strong>illam</strong></span> <span class='ocrx_word' id='word_1_330' title='bbox 1936 3023 2218 3080; x_wconf 88' lang='lat' dir='ltr'><strong>Trinitatis</strong></span> 
     </span>
    </p>
   </div>
   <div class='ocr_carea' id='block_1_46' title="bbox 618 3113 2218 3188">
    <p class='ocr_par' dir='ltr' id='par_1_46' title="bbox 618 3113 2218 3188">
     <span class='ocr_line' id='line_1_46' title="bbox 618 3113 2218 3188; baseline -0.001 -14"><span class='ocrx_word' id='word_1_331' title='bbox 618 3129 780 3174; x_wconf 82' lang='lat' dir='ltr'><strong>unam</strong></span> <span class='ocrx_word' id='word_1_332' title='bbox 808 3117 1163 3188; x_wconf 89' lang='lat' dir='ltr'><strong>eamdemque</strong></span> <span class='ocrx_word' id='word_1_333' title='bbox 1190 3125 1434 3172; x_wconf 88' lang='lat' dir='ltr'><strong>naturam</strong></span> <span class='ocrx_word' id='word_1_334' title='bbox 1460 3117 1532 3171; x_wconf 90' lang='lat' dir='ltr'><strong>ita</strong></span> <span class='ocrx_word' id='word_1_335' title='bbox 1555 3123 1729 3171; x_wconf 92' lang='lat' dir='ltr'><strong>totum</strong></span> <span class='ocrx_word' id='word_1_336' title='bbox 1759 3113 2004 3187; x_wconf 90' lang='lat' dir='ltr'><strong>implere,</strong></span> <span class='ocrx_word' id='word_1_337' title='bbox 2028 3124 2218 3172; x_wconf 90' lang='lat' dir='ltr'><strong>utnon</strong></span> 
     </span>
    </p>
   </div>
   <div class='ocr_carea' id='block_1_47' title="bbox 619 3205 2215 3280">
    <p class='ocr_par' dir='ltr' id='par_1_47' title="bbox 619 3205 2215 3280">
     <span class='ocr_line' id='line_1_47' title="bbox 619 3205 2215 3280; baseline -0.004 -13"><span class='ocrx_word' id='word_1_338' title='bbox 619 3211 689 3267; x_wconf 85' lang='lat' dir='ltr'><strong>sit</strong></span> <span class='ocrx_word' id='word_1_339' title='bbox 716 3209 917 3280; x_wconf 90' lang='lat' dir='ltr'><strong>aliquid</strong></span> <span class='ocrx_word' id='word_1_340' title='bbox 947 3209 1038 3266; x_wconf 93' lang='lat' dir='ltr'><strong>ubi</strong></span> <span class='ocrx_word' id='word_1_341' title='bbox 1068 3223 1174 3264; x_wconf 91' lang='lat' dir='ltr'><strong>non</strong></span> <span class='ocrx_word' id='word_1_342' title='bbox 1200 3209 1290 3265; x_wconf 86' lang='lat' dir='ltr'><strong>sit.</strong></span> <span class='ocrx_word' id='word_1_343' title='bbox 1321 3206 1451 3262; x_wconf 85' lang='lat' dir='ltr'><strong>Inde</strong></span> <span class='ocrx_word' id='word_1_344' title='bbox 1473 3215 1556 3262; x_wconf 91' lang='lat' dir='ltr'><strong>est</strong></span> <span class='ocrx_word' id='word_1_345' title='bbox 1583 3205 1726 3261; x_wconf 90' lang='lat' dir='ltr'><strong>enim</strong></span> <span class='ocrx_word' id='word_1_346' title='bbox 1756 3205 1900 3277; x_wconf 91' lang='lat' dir='ltr'><strong>quod</strong></span> <span class='ocrx_word' id='word_1_347' title='bbox 1930 3214 1986 3262; x_wconf 92' lang='lat' dir='ltr'><strong>et</strong></span> <span class='ocrx_word' id='word_1_348' title='bbox 2014 3205 2215 3276; x_wconf 90' lang='lat' dir='ltr'><strong>ubique</strong></span> 
     </span>
    </p>
   </div>
   <div class='ocr_carea' id='block_1_48' title="bbox 2323 2009 3897 2084">
    <p class='ocr_par' dir='ltr' id='par_1_48' title="bbox 2323 2009 3897 2084">
     <span class='ocr_line' id='line_1_48' title="bbox 2323 2009 3897 2084; baseline 0.001 -18"><span class='ocrx_word' id='word_1_349' title='bbox 2323 2023 2372 2066; x_wconf 89' lang='lat' dir='ltr'><strong>et</strong></span> <span class='ocrx_word' id='word_1_350' title='bbox 2397 2013 2548 2084; x_wconf 85' lang='lat' dir='ltr'><strong>longe</strong></span> <span class='ocrx_word' id='word_1_351' title='bbox 2576 2027 2610 2064; x_wconf 89' lang='lat' dir='ltr'><strong>a</strong></span> <span class='ocrx_word' id='word_1_352' title='bbox 2639 2011 2846 2068; x_wconf 80' lang='lat' dir='ltr'><strong>renibus</strong></span> <span class='ocrx_word' id='word_1_353' title='bbox 2869 2027 3043 2066; x_wconf 83' lang='lat' dir='ltr'><strong>eorum</strong></span> <span class='ocrx_word' id='word_1_354' title='bbox 3069 2009 3201 2083; x_wconf 80' lang='lat' dir='ltr'><strong>(Jer.</strong></span> <span class='ocrx_word' id='word_1_355' title='bbox 3232 2027 3328 2077; x_wconf 78' lang='lat' dir='ltr'><strong>xu,</strong></span> <span class='ocrx_word' id='word_1_356' title='bbox 3359 2009 3446 2080; x_wconf 75' lang='grc'><strong>2).</strong></span> <span class='ocrx_word' id='word_1_357' title='bbox 3493 2011 3644 2068; x_wconf 90' lang='lat' dir='ltr'><strong>Deus</strong></span> <span class='ocrx_word' id='word_1_358' title='bbox 3681 2026 3800 2082; x_wconf 85' lang='lat' dir='ltr'><strong>ergo</strong></span> <span class='ocrx_word' id='word_1_359' title='bbox 3822 2014 3897 2068; x_wconf 87' lang='lat' dir='ltr'><strong>bo-</strong></span> 
     </span>
    </p>
   </div>
   <div class='ocr_carea' id='block_1_49' title="bbox 2323 2102 3898 2173">
    <p class='ocr_par' dir='ltr' id='par_1_49' title="bbox 2323 2102 3898 2173">
     <span class='ocr_line' id='line_1_49' title="bbox 2323 2102 3898 2173; baseline 0 -15"><span class='ocrx_word' id='word_1_360' title='bbox 2323 2102 2406 2158; x_wconf 90' lang='lat' dir='ltr'><strong>nis</strong></span> <span class='ocrx_word' id='word_1_361' title='bbox 2455 2111 2511 2160; x_wconf 90' lang='lat' dir='ltr'><strong>et</strong></span> <span class='ocrx_word' id='word_1_362' title='bbox 2562 2111 2753 2158; x_wconf 89' lang='lat' dir='ltr'><strong>natura</strong></span> <span class='ocrx_word' id='word_1_363' title='bbox 2807 2103 3132 2173; x_wconf 88' lang='lat' dir='ltr'><strong>propinquat</strong></span> <span class='ocrx_word' id='word_1_364' title='bbox 3174 2109 3230 2158; x_wconf 93' lang='lat' dir='ltr'><strong>et</strong></span> <span class='ocrx_word' id='word_1_365' title='bbox 3273 2103 3506 2172; x_wconf 85' lang='lat' dir='ltr'><strong>gratia:</strong></span> <span class='ocrx_word' id='word_1_366' title='bbox 3571 2112 3779 2171; x_wconf 86' lang='lat' dir='ltr'><strong>natura,</strong></span> <span class='ocrx_word' id='word_1_367' title='bbox 3817 2119 3898 2172; x_wconf 82' lang='lat' dir='ltr'><strong>qua</strong></span> 
     </span>
    </p>
   </div>
   <div class='ocr_carea' id='block_1_50' title="bbox 2323 2195 3895 2268">
    <p class='ocr_par' dir='ltr' id='par_1_50' title="bbox 2323 2195 3895 2268">
     <span class='ocr_line' id='line_1_50' title="bbox 2323 2195 3895 2268; baseline -0.001 -15"><span class='ocrx_word' id='word_1_368' title='bbox 2323 2204 2498 2260; x_wconf 87' lang='lat' dir='ltr'><strong>creat;</strong></span> <span class='ocrx_word' id='word_1_369' title='bbox 2533 2196 2725 2266; x_wconf 85' lang='lat' dir='ltr'><strong>gratia,</strong></span> <span class='ocrx_word' id='word_1_370' title='bbox 2753 2211 2860 2268; x_wconf 86' lang='lat' dir='ltr'><strong>qua</strong></span> <span class='ocrx_word' id='word_1_371' title='bbox 2899 2196 3110 2252; x_wconf 87' lang='lat' dir='ltr'><strong>salvat:</strong></span> <span class='ocrx_word' id='word_1_372' title='bbox 3142 2204 3362 2263; x_wconf 89' lang='lat' dir='ltr'><strong>natura,</strong></span> <span class='ocrx_word' id='word_1_373' title='bbox 3389 2211 3505 2266; x_wconf 90' lang='lat' dir='ltr'><strong>qua</strong></span> <span class='ocrx_word' id='word_1_374' title='bbox 3545 2195 3675 2252; x_wconf 91' lang='lat' dir='ltr'><strong>facit</strong></span> <span class='ocrx_word' id='word_1_375' title='bbox 3696 2195 3895 2253; x_wconf 57' lang='lat' dir='ltr'><strong>embo-</strong></span> 
     </span>
    </p>
   </div>
   <div class='ocr_carea' id='block_1_51' title="bbox 2322 2285 3896 2358">
    <p class='ocr_par' dir='ltr' id='par_1_51' title="bbox 2322 2285 3896 2358">
     <span class='ocr_line' id='line_1_51' title="bbox 2322 2285 3896 2358; baseline -0.001 -16"><span class='ocrx_word' id='word_1_376' title='bbox 2322 2289 2530 2354; x_wconf 88' lang='lat' dir='ltr'><strong>mines;</strong></span> <span class='ocrx_word' id='word_1_377' title='bbox 2555 2287 2746 2357; x_wconf 87' lang='lat' dir='ltr'><strong>gratia,</strong></span> <span class='ocrx_word' id='word_1_378' title='bbox 2776 2303 2882 2357; x_wconf 91' lang='lat' dir='ltr'><strong>qua</strong></span> <span class='ocrx_word' id='word_1_379' title='bbox 2901 2285 3162 2357; x_wconf 86' lang='lat' dir='ltr'><strong>justiticat</strong></span> <span class='ocrx_word' id='word_1_380' title='bbox 3185 2296 3515 2358; x_wconf 82' lang='lat' dir='ltr'><strong>peccatores</strong></span> <span class='ocrx_word' id='word_1_381' title='bbox 3541 2302 3555 2342; x_wconf 87' lang='lat'><strong>:</strong></span> <span class='ocrx_word' id='word_1_382' title='bbox 3590 2295 3792 2353; x_wconf 89' lang='lat' dir='ltr'><strong>natura,</strong></span> <span class='ocrx_word' id='word_1_383' title='bbox 3815 2301 3896 2356; x_wconf 82' lang='lat' dir='ltr'><strong>qua</strong></span> 
     </span>
    </p>
   </div>
   <div class='ocr_carea' id='block_1_52' title="bbox 2324 2379 3893 2450">
    <p class='ocr_par' dir='ltr' id='par_1_52' title="bbox 2324 2379 3893 2450">
     <span class='ocr_line' id='line_1_52' title="bbox 2324 2379 3893 2450; baseline -0.003 -12"><span class='ocrx_word' id='word_1_384' title='bbox 2324 2397 2421 2438; x_wconf 90' lang='lat' dir='ltr'><strong>eos</strong></span> <span class='ocrx_word' id='word_1_385' title='bbox 2450 2381 2576 2438; x_wconf 83' lang='lat' dir='ltr'><strong>facit</strong></span> <span class='ocrx_word' id='word_1_386' title='bbox 2605 2397 2674 2437; x_wconf 82' lang='lat' dir='ltr'><strong>ex</strong></span> <span class='ocrx_word' id='word_1_387' title='bbox 2704 2380 3015 2437; x_wconf 88' lang='lat' dir='ltr'><strong>hominibus</strong></span> <span class='ocrx_word' id='word_1_388' title='bbox 3045 2380 3222 2446; x_wconf 89' lang='lat' dir='ltr'><strong>nasci;</strong></span> <span class='ocrx_word' id='word_1_389' title='bbox 3253 2380 3458 2450; x_wconf 83' lang='lat' dir='ltr'><strong>gratia,</strong></span> <span class='ocrx_word' id='word_1_390' title='bbox 3489 2395 3600 2450; x_wconf 90' lang='lat' dir='ltr'><strong>qua</strong></span> <span class='ocrx_word' id='word_1_391' title='bbox 3630 2379 3722 2434; x_wconf 88' lang='lat' dir='ltr'><strong>dat</strong></span> <span class='ocrx_word' id='word_1_392' title='bbox 3738 2379 3893 2450; x_wconf 85' lang='lat' dir='ltr'><strong>eispo-</strong></span> 
     </span>
    </p>
   </div>
   <div class='ocr_carea' id='block_1_53' title="bbox 2322 2461 3892 2542">
    <p class='ocr_par' dir='ltr' id='par_1_53' title="bbox 2322 2461 3892 2542">
     <span class='ocr_line' id='line_1_53' title="bbox 2322 2461 3892 2542; baseline -0.001 -15"><span class='ocrx_word' id='word_1_393' title='bbox 2322 2461 2574 2542; x_wconf 79' lang='lat' dir='ltr'><strong>testatem</strong></span> <span class='ocrx_word' id='word_1_394' title='bbox 2621 2471 2758 2528; x_wconf 83' lang='lat' dir='ltr'><strong>filios</strong></span> <span class='ocrx_word' id='word_1_395' title='bbox 2794 2470 2889 2527; x_wconf 90' lang='lat' dir='ltr'><strong>Dei</strong></span> <span class='ocrx_word' id='word_1_396' title='bbox 2933 2471 3048 2526; x_wconf 79' lang='lat' dir='ltr'><strong>ﬁeri</strong></span> <span class='ocrx_word' id='word_1_397' title='bbox 3094 2469 3274 2542; x_wconf 77' lang='lat' dir='ltr'><strong>(Joan.</strong></span> <span class='ocrx_word' id='word_1_398' title='bbox 3307 2487 3351 2540; x_wconf 84' lang='grc' dir='ltr'>ι,</span> <span class='ocrx_word' id='word_1_399' title='bbox 3387 2469 3524 2542; x_wconf 75' lang='grc'><strong>12);</strong></span> <span class='ocrx_word' id='word_1_400' title='bbox 3571 2479 3772 2533; x_wconf 83' lang='lat' dir='ltr'><strong>natura,</strong></span> <span class='ocrx_word' id='word_1_401' title='bbox 3813 2484 3892 2538; x_wconf 78' lang='lat' dir='ltr'><strong>qua</strong></span> 
     </span>
    </p>
   </div>
   <div class='ocr_carea' id='block_1_54' title="bbox 2321 2560 3888 2633">
    <p class='ocr_par' dir='ltr' id='par_1_54' title="bbox 2321 2560 3888 2633">
     <span class='ocr_line' id='line_1_54' title="bbox 2321 2560 3888 2633; baseline -0.001 -16"><span class='ocrx_word' id='word_1_402' title='bbox 2321 2561 2451 2618; x_wconf 84' lang='lat' dir='ltr'><strong>facit</strong></span> <span class='ocrx_word' id='word_1_403' title='bbox 2477 2573 2534 2618; x_wconf 93' lang='lat' dir='ltr'><strong>ut</strong></span> <span class='ocrx_word' id='word_1_404' title='bbox 2560 2563 2778 2630; x_wconf 87' lang='lat' dir='ltr'><strong>vivant;</strong></span> <span class='ocrx_word' id='word_1_405' title='bbox 2809 2563 3002 2633; x_wconf 88' lang='lat' dir='ltr'><strong>gratia,</strong></span> <span class='ocrx_word' id='word_1_406' title='bbox 3031 2577 3138 2632; x_wconf 91' lang='lat' dir='ltr'><strong>qua</strong></span> <span class='ocrx_word' id='word_1_407' title='bbox 3168 2562 3295 2618; x_wconf 86' lang='lat' dir='ltr'><strong>facit</strong></span> <span class='ocrx_word' id='word_1_408' title='bbox 3324 2570 3389 2618; x_wconf 92' lang='lat' dir='ltr'><strong>ut</strong></span> <span class='ocrx_word' id='word_1_409' title='bbox 3434 2562 3642 2627; x_wconf 89' lang='lat' dir='ltr'><strong>sobrie,</strong></span> <span class='ocrx_word' id='word_1_410' title='bbox 3690 2571 3741 2616; x_wconf 88' lang='lat' dir='ltr'><strong>et</strong></span> <span class='ocrx_word' id='word_1_411' title='bbox 3758 2560 3888 2630; x_wconf 75' lang='lat' dir='ltr'><strong>iuste,</strong></span> 
     </span>
    </p>
   </div>
   <div class='ocr_carea' id='block_1_55' title="bbox 2321 2655 3892 2729">
    <p class='ocr_par' dir='ltr' id='par_1_55' title="bbox 2321 2655 3892 2729">
     <span class='ocr_line' id='line_1_55' title="bbox 2321 2655 3892 2729; baseline -0.001 -18"><span class='ocrx_word' id='word_1_412' title='bbox 2321 2665 2379 2711; x_wconf 91' lang='lat' dir='ltr'><strong>et</strong></span> <span class='ocrx_word' id='word_1_413' title='bbox 2397 2657 2485 2727; x_wconf 91' lang='lat' dir='ltr'><strong>pie</strong></span> <span class='ocrx_word' id='word_1_414' title='bbox 2507 2657 2692 2712; x_wconf 93' lang='lat' dir='ltr'><strong>vivant</strong></span> <span class='ocrx_word' id='word_1_415' title='bbox 2717 2656 2846 2727; x_wconf 87' lang='lat' dir='ltr'><strong>(Tit.</strong></span> <span class='ocrx_word' id='word_1_416' title='bbox 2871 2673 2928 2723; x_wconf 88' lang='grc' dir='ltr'>ιι,</span> <span class='ocrx_word' id='word_1_417' title='bbox 2963 2655 3084 2729; x_wconf 70' lang='grc' dir='ltr'><strong>12)ε</strong></span> <span class='ocrx_word' id='word_1_418' title='bbox 3117 2665 3331 2724; x_wconf 87' lang='lat' dir='ltr'><strong>natura,</strong></span> <span class='ocrx_word' id='word_1_419' title='bbox 3347 2671 3463 2728; x_wconf 91' lang='lat' dir='ltr'><strong>qua</strong></span> <span class='ocrx_word' id='word_1_420' title='bbox 3486 2672 3587 2714; x_wconf 89' lang='lat' dir='ltr'><strong>eos</strong></span> <span class='ocrx_word' id='word_1_421' title='bbox 3605 2655 3726 2712; x_wconf 75' lang='lat' dir='ltr'><strong>facit</strong></span> <span class='ocrx_word' id='word_1_422' title='bbox 3748 2655 3796 2710; x_wconf 92' lang='lat' dir='ltr'><strong>in</strong></span> <span class='ocrx_word' id='word_1_423' title='bbox 3813 2655 3892 2709; x_wconf 85' lang='lat' dir='ltr'><strong>hoc</strong></span> 
     </span>
    </p>
   </div>
   <div class='ocr_carea' id='block_1_56' title="bbox 2320 2748 3891 2823">
    <p class='ocr_par' dir='ltr' id='par_1_56' title="bbox 2320 2748 3891 2823">
     <span class='ocr_line' id='line_1_56' title="bbox 2320 2748 3891 2823; baseline -0.005 -13"><span class='ocrx_word' id='word_1_424' title='bbox 2320 2751 2524 2812; x_wconf 88' lang='lat' dir='ltr'><strong>mundo</strong></span> <span class='ocrx_word' id='word_1_425' title='bbox 2553 2765 2719 2822; x_wconf 87' lang='lat' dir='ltr'><strong>parvo</strong></span> <span class='ocrx_word' id='word_1_426' title='bbox 2749 2759 2996 2823; x_wconf 90' lang='lat' dir='ltr'><strong>tempore</strong></span> <span class='ocrx_word' id='word_1_427' title='bbox 3024 2751 3236 2817; x_wconf 87' lang='lat' dir='ltr'><strong>vivere;</strong></span> <span class='ocrx_word' id='word_1_428' title='bbox 3284 2752 3496 2820; x_wconf 87' lang='lat' dir='ltr'><strong>gratia,</strong></span> <span class='ocrx_word' id='word_1_429' title='bbox 3529 2766 3636 2822; x_wconf 88' lang='lat' dir='ltr'><strong>qua</strong></span> <span class='ocrx_word' id='word_1_430' title='bbox 3669 2766 3756 2807; x_wconf 84' lang='lat' dir='ltr'><strong>eos</strong></span> <span class='ocrx_word' id='word_1_431' title='bbox 3793 2748 3891 2804; x_wconf 81' lang='lat' dir='ltr'><strong>facit</strong></span> 
     </span>
    </p>
   </div>
   <div class='ocr_carea' id='block_1_57' title="bbox 2323 2841 3890 2913">
    <p class='ocr_par' dir='ltr' id='par_1_57' title="bbox 2323 2841 3890 2913">
     <span class='ocr_line' id='line_1_57' title="bbox 2323 2841 3890 2913; baseline -0.003 -11"><span class='ocrx_word' id='word_1_432' title='bbox 2323 2845 2377 2902; x_wconf 91' lang='lat' dir='ltr'><strong>in</strong></span> <span class='ocrx_word' id='word_1_433' title='bbox 2401 2844 2541 2901; x_wconf 76' lang='lat' dir='ltr'><strong>cmlo</strong></span> <span class='ocrx_word' id='word_1_434' title='bbox 2569 2842 2686 2898; x_wconf 90' lang='lat' dir='ltr'><strong>sine</strong></span> <span class='ocrx_word' id='word_1_435' title='bbox 2717 2843 2821 2899; x_wconf 81' lang='lat' dir='ltr'><strong>ﬁne</strong></span> <span class='ocrx_word' id='word_1_436' title='bbox 2848 2856 3098 2913; x_wconf 86' lang='lat' dir='ltr'><strong>regnare.</strong></span> <span class='ocrx_word' id='word_1_437' title='bbox 3120 2841 3181 2898; x_wconf 85' lang='lat' dir='ltr'><strong>In</strong></span> <span class='ocrx_word' id='word_1_438' title='bbox 3200 2843 3356 2901; x_wconf 86' lang='lat' dir='ltr'><strong>malis</strong></span> <span class='ocrx_word' id='word_1_439' title='bbox 3391 2857 3530 2900; x_wconf 84' lang='lat' dir='ltr'><strong>vero</strong></span> <span class='ocrx_word' id='word_1_440' title='bbox 3551 2843 3668 2899; x_wconf 88' lang='lat' dir='ltr'><strong>sola</strong></span> <span class='ocrx_word' id='word_1_441' title='bbox 3686 2841 3890 2899; x_wconf 75' lang='lat' dir='ltr'><strong>estDeut</strong></span> 
     </span>
    </p>
   </div>
   <div class='ocr_carea' id='block_1_58' title="bbox 2322 2937 3886 3010">
    <p class='ocr_par' dir='ltr' id='par_1_58' title="bbox 2322 2937 3886 3010">
     <span class='ocr_line' id='line_1_58' title="bbox 2322 2937 3886 3010; baseline -0.001 -17"><span class='ocrx_word' id='word_1_442' title='bbox 2322 2938 2683 2996; x_wconf 84' lang='lat' dir='ltr'><strong>immensitate</strong></span> <span class='ocrx_word' id='word_1_443' title='bbox 2731 2945 2897 3008; x_wconf 88' lang='lat' dir='ltr'><strong>atque</strong></span> <span class='ocrx_word' id='word_1_444' title='bbox 2935 2937 3330 3010; x_wconf 82' lang='lat' dir='ltr'><strong>omnipotentia</strong></span> <span class='ocrx_word' id='word_1_445' title='bbox 3380 2939 3657 3005; x_wconf 88' lang='lat' dir='ltr'><strong>naturali;</strong></span> <span class='ocrx_word' id='word_1_446' title='bbox 3685 2953 3778 3009; x_wconf 83' lang='lat' dir='ltr'><strong>qua</strong></span> <span class='ocrx_word' id='word_1_447' title='bbox 3815 2951 3886 2992; x_wconf 60' lang='lat' dir='ltr'><strong>eos</strong></span> 
     </span>
    </p>
   </div>
   <div class='ocr_carea' id='block_1_59' title="bbox 2321 3027 3883 3099">
    <p class='ocr_par' dir='ltr' id='par_1_59' title="bbox 2321 3027 3883 3099">
     <span class='ocr_line' id='line_1_59' title="bbox 2321 3027 3883 3099; baseline 0.001 -14"><span class='ocrx_word' id='word_1_448' title='bbox 2321 3027 2452 3086; x_wconf 83' lang='lat' dir='ltr'><strong>facit</strong></span> <span class='ocrx_word' id='word_1_449' title='bbox 2491 3044 2641 3098; x_wconf 88' lang='lat' dir='ltr'><strong>esse,</strong></span> <span class='ocrx_word' id='word_1_450' title='bbox 2689 3031 2896 3098; x_wconf 83' lang='lat' dir='ltr'><strong>vivere,</strong></span> <span class='ocrx_word' id='word_1_451' title='bbox 2946 3037 3109 3099; x_wconf 87' lang='lat' dir='ltr'><strong>atque</strong></span> <span class='ocrx_word' id='word_1_452' title='bbox 3149 3029 3395 3095; x_wconf 86' lang='lat' dir='ltr'><strong>sentire;</strong></span> <span class='ocrx_word' id='word_1_453' title='bbox 3446 3029 3735 3086; x_wconf 73' lang='lat' dir='ltr'><strong>rationales</strong></span> <span class='ocrx_word' id='word_1_454' title='bbox 3772 3041 3883 3095; x_wconf 81' lang='lat' dir='ltr'><strong>esse,</strong></span> 
     </span>
    </p>
   </div>
   <div class='ocr_carea' id='block_1_60' title="bbox 2322 3109 3884 3196">
    <p class='ocr_par' dir='ltr' id='par_1_60' title="bbox 2322 3109 3884 3196">
     <span class='ocr_line' id='line_1_60' title="bbox 2322 3109 3884 3196; baseline -0.001 -22"><span class='ocrx_word' id='word_1_455' title='bbox 2322 3109 2545 3176; x_wconf 90' lang='lat' dir='ltr'><strong>liberum</strong></span> <span class='ocrx_word' id='word_1_456' title='bbox 2601 3135 2818 3196; x_wconf 86' lang='lat' dir='ltr'><strong>quoque</strong></span> <span class='ocrx_word' id='word_1_457' title='bbox 2862 3119 3064 3176; x_wconf 84' lang='lat' dir='ltr'><strong>habere</strong></span> <span class='ocrx_word' id='word_1_458' title='bbox 3109 3119 3408 3178; x_wconf 85' lang='lat' dir='ltr'><strong>voluntatis</strong></span> <span class='ocrx_word' id='word_1_459' title='bbox 3472 3121 3773 3185; x_wconf 86' lang='lat' dir='ltr'><strong>arbitrium;</strong></span> <span class='ocrx_word' id='word_1_460' title='bbox 3812 3114 3884 3172; x_wconf 81' lang='lat' dir='ltr'><strong>seti</strong></span> 
     </span>
    </p>
   </div>
   <div class='ocr_carea' id='block_1_61' title="bbox 2322 3211 3880 3282">
    <p class='ocr_par' dir='ltr' id='par_1_61' title="bbox 2322 3211 3880 3282">
     <span class='ocr_line' id='line_1_61' title="bbox 2322 3211 3880 3282; baseline -0.003 -12"><span class='ocrx_word' id='word_1_461' title='bbox 2322 3211 2576 3282; x_wconf 88' lang='lat' dir='ltr'><strong>liberum,</strong></span> <span class='ocrx_word' id='word_1_462' title='bbox 2597 3227 2707 3270; x_wconf 90' lang='lat' dir='ltr'><strong>non</strong></span> <span class='ocrx_word' id='word_1_463' title='bbox 2727 3213 3031 3270; x_wconf 87' lang='lat' dir='ltr'><strong>liberatum.</strong></span> <span class='ocrx_word' id='word_1_464' title='bbox 3059 3212 3308 3270; x_wconf 87' lang='lat' dir='ltr'><strong>Liberum</strong></span> <span class='ocrx_word' id='word_1_465' title='bbox 3335 3215 3490 3272; x_wconf 92' lang='lat' dir='ltr'><strong>enim</strong></span> <span class='ocrx_word' id='word_1_466' title='bbox 3512 3215 3777 3270; x_wconf 88' lang='lat' dir='ltr'><strong>arbitrium</strong></span> <span class='ocrx_word' id='word_1_467' title='bbox 3795 3226 3880 3267; x_wconf 80' lang='lat' dir='ltr'><strong>ma-</strong></span> 
     </span>
    </p>
   </div>
   <div class='ocr_carea' id='block_1_62' title="bbox 620 3295 3880 3384">
    <p class='ocr_par' dir='ltr' id='par_1_62' title="bbox 620 3295 3880 3384">
     <span class='ocr_line' id='line_1_62' title="bbox 620 3295 3880 3384; baseline -0.002 -27"><span class='ocrx_word' id='word_1_468' title='bbox 620 3310 735 3358; x_wconf 90' lang='lat' dir='ltr'><strong>tota</strong></span> <span class='ocrx_word' id='word_1_469' title='bbox 763 3309 866 3368; x_wconf 87' lang='lat' dir='ltr'><strong>est,</strong></span> <span class='ocrx_word' id='word_1_470' title='bbox 903 3307 960 3356; x_wconf 89' lang='lat' dir='ltr'><strong>et</strong></span> <span class='ocrx_word' id='word_1_471' title='bbox 988 3299 1110 3356; x_wconf 92' lang='lat' dir='ltr'><strong>loco</strong></span> <span class='ocrx_word' id='word_1_472' title='bbox 1141 3298 1446 3354; x_wconf 84' lang='lat' dir='ltr'><strong>nullatenus</strong></span> <span class='ocrx_word' id='word_1_473' title='bbox 1473 3297 1814 3363; x_wconf 91' lang='lat' dir='ltr'><strong>continetur;</strong></span> <span class='ocrx_word' id='word_1_474' title='bbox 1848 3303 1965 3352; x_wconf 91' lang='lat' dir='ltr'><strong>tota</strong></span> <span class='ocrx_word' id='word_1_475' title='bbox 2005 3295 2216 3352; x_wconf 88' lang='lat' dir='ltr'><strong>scilicet</strong></span> <span class='ocrx_word' id='word_1_476' title='bbox 2245 3319 2293 3384; x_wconf 64' lang='grc' dir='ltr'>Ο</span> <span class='ocrx_word' id='word_1_477' title='bbox 2321 3313 2415 3361; x_wconf 54' lang='lat' dir='ltr'><strong>ne;</strong></span> <span class='ocrx_word' id='word_1_478' title='bbox 2443 3306 2607 3362; x_wconf 61' lang='lat' dir='ltr'><strong>etiam</strong></span> <span class='ocrx_word' id='word_1_479' title='bbox 2651 3319 2797 3361; x_wconf 75' lang='lat' dir='ltr'><strong>nunc</strong></span> <span class='ocrx_word' id='word_1_480' title='bbox 2825 3305 2878 3359; x_wconf 80' lang='lat' dir='ltr'><strong>in</strong></span> <span class='ocrx_word' id='word_1_481' title='bbox 2903 3305 3212 3362; x_wconf 71' lang='lat' dir='ltr'><strong>hominibus</strong></span> <span class='ocrx_word' id='word_1_482' title='bbox 3237 3320 3337 3376; x_wconf 70' lang='lat' dir='ltr'><strong>per</strong></span> <span class='ocrx_word' id='word_1_483' title='bbox 3377 3316 3653 3373; x_wconf 55' lang='lat' dir='ltr'><strong>natm-am,</strong></span> <span class='ocrx_word' id='word_1_484' title='bbox 3683 3304 3806 3376; x_wconf 78' lang='lat' dir='ltr'><strong>quod</strong></span> <span class='ocrx_word' id='word_1_485' title='bbox 3840 3304 3880 3358; x_wconf 78' lang='lat' dir='ltr'><strong>in</strong></span> 
     </span>
    </p>
   </div>
   <div class='ocr_carea' id='block_1_63' title="bbox 620 3386 2215 3463">
    <p class='ocr_par' dir='ltr' id='par_1_63' title="bbox 620 3386 2215 3463">
     <span class='ocr_line' id='line_1_63' title="bbox 620 3386 2215 3463; baseline -0.004 -15"><span class='ocrx_word' id='word_1_486' title='bbox 620 3393 673 3448; x_wconf 93' lang='lat' dir='ltr'><strong>in</strong></span> <span class='ocrx_word' id='word_1_487' title='bbox 712 3390 988 3463; x_wconf 87' lang='lat' dir='ltr'><strong>spiritibus</strong></span> <span class='ocrx_word' id='word_1_488' title='bbox 1015 3397 1071 3446; x_wconf 88' lang='lat' dir='ltr'><strong>et</strong></span> <span class='ocrx_word' id='word_1_489' title='bbox 1097 3389 1417 3461; x_wconf 89' lang='lat' dir='ltr'><strong>corporibus</strong></span> <span class='ocrx_word' id='word_1_490' title='bbox 1445 3388 1687 3458; x_wconf 89' lang='lat' dir='ltr'><strong>singulis,</strong></span> <span class='ocrx_word' id='word_1_491' title='bbox 1731 3395 1786 3444; x_wconf 93' lang='lat' dir='ltr'><strong>et</strong></span> <span class='ocrx_word' id='word_1_492' title='bbox 1814 3396 1931 3443; x_wconf 90' lang='lat' dir='ltr'><strong>tota</strong></span> <span class='ocrx_word' id='word_1_493' title='bbox 1970 3386 2130 3443; x_wconf 92' lang='lat' dir='ltr'><strong>simul</strong></span> <span class='ocrx_word' id='word_1_494' title='bbox 2159 3387 2215 3442; x_wconf 89' lang='lat' dir='ltr'><strong>in</strong></span> 
     </span>
    </p>
   </div>
   <div class='ocr_carea' id='block_1_64' title="bbox 619 3477 2215 3550">
    <p class='ocr_par' dir='ltr' id='par_1_64' title="bbox 619 3477 2215 3550">
     <span class='ocr_line' id='line_1_64' title="bbox 619 3477 2215 3550; baseline -0.003 -11"><span class='ocrx_word' id='word_1_495' title='bbox 619 3483 868 3540; x_wconf 88' lang='lat' dir='ltr'><strong>omnibus</strong></span> <span class='ocrx_word' id='word_1_496' title='bbox 895 3482 1175 3538; x_wconf 88' lang='lat' dir='ltr'><strong>creaturis.</strong></span> <span class='ocrx_word' id='word_1_497' title='bbox 1205 3480 1360 3536; x_wconf 87' lang='lat' dir='ltr'><strong>Nunc</strong></span> <span class='ocrx_word' id='word_1_498' title='bbox 1397 3480 1540 3537; x_wconf 90' lang='lat' dir='ltr'><strong>enim</strong></span> <span class='ocrx_word' id='word_1_499' title='bbox 1572 3496 1679 3535; x_wconf 93' lang='lat' dir='ltr'><strong>non</strong></span> <span class='ocrx_word' id='word_1_500' title='bbox 1713 3479 1780 3535; x_wconf 91' lang='lat' dir='ltr'><strong>de</strong></span> <span class='ocrx_word' id='word_1_501' title='bbox 1824 3478 1998 3548; x_wconf 88' lang='lat' dir='ltr'><strong>gratia</strong></span> <span class='ocrx_word' id='word_1_502' title='bbox 2040 3477 2215 3550; x_wconf 84' lang='lat' dir='ltr'><strong>loqui-</strong></span> 
     </span>
    </p>
   </div>
   <div class='ocr_carea' id='block_1_65' title="bbox 621 3572 2216 3646">
    <p class='ocr_par' dir='ltr' id='par_1_65' title="bbox 621 3572 2216 3646">
     <span class='ocr_line' id='line_1_65' title="bbox 621 3572 2216 3646; baseline -0.003 -13"><span class='ocrx_word' id='word_1_503' title='bbox 621 3593 760 3642; x_wconf 90' lang='lat' dir='ltr'><strong>mur,</strong></span> <span class='ocrx_word' id='word_1_504' title='bbox 784 3592 887 3646; x_wconf 90' lang='lat' dir='ltr'><strong>qua</strong></span> <span class='ocrx_word' id='word_1_505' title='bbox 908 3591 968 3632; x_wconf 91' lang='lat' dir='ltr'><strong>se</strong></span> <span class='ocrx_word' id='word_1_506' title='bbox 998 3575 1137 3631; x_wconf 87' lang='lat' dir='ltr'><strong>Deus</strong></span> <span class='ocrx_word' id='word_1_507' title='bbox 1163 3574 1400 3645; x_wconf 89' lang='lat' dir='ltr'><strong>gratuito</strong></span> <span class='ocrx_word' id='word_1_508' title='bbox 1425 3587 1652 3630; x_wconf 89' lang='lat' dir='ltr'><strong>munere</strong></span> <span class='ocrx_word' id='word_1_509' title='bbox 1696 3572 2077 3629; x_wconf 66' lang='lat' dir='ltr'><strong>misericordiae</strong></span> <span class='ocrx_word' id='word_1_510' title='bbox 2105 3588 2216 3628; x_wconf 65' lang='lat' dir='ltr'><strong>suae</strong></span> 
     </span>
    </p>
   </div>
   <div class='ocr_carea' id='block_1_66' title="bbox 621 3663 2214 3738">
    <p class='ocr_par' dir='ltr' id='par_1_66' title="bbox 621 3663 2214 3738">
     <span class='ocr_line' id='line_1_66' title="bbox 621 3663 2214 3738; baseline -0.003 -13"><span class='ocrx_word' id='word_1_511' title='bbox 621 3667 896 3726; x_wconf 84' lang='lat' dir='ltr'><strong>salvandis</strong></span> <span class='ocrx_word' id='word_1_512' title='bbox 914 3667 1223 3724; x_wconf 87' lang='lat' dir='ltr'><strong>hominibus</strong></span> <span class='ocrx_word' id='word_1_513' title='bbox 1249 3666 1455 3738; x_wconf 71' lang='lat' dir='ltr'><strong>przebet</strong></span> <span class='ocrx_word' id='word_1_514' title='bbox 1475 3682 1490 3732; x_wconf 90' lang='lat'><strong>;</strong></span> <span class='ocrx_word' id='word_1_515' title='bbox 1520 3665 1614 3721; x_wconf 90' lang='lat' dir='ltr'><strong>sed</strong></span> <span class='ocrx_word' id='word_1_516' title='bbox 1636 3665 1703 3721; x_wconf 92' lang='lat' dir='ltr'><strong>de</strong></span> <span class='ocrx_word' id='word_1_517' title='bbox 1719 3673 1932 3732; x_wconf 89' lang='lat' dir='ltr'><strong>natura,</strong></span> <span class='ocrx_word' id='word_1_518' title='bbox 1948 3680 2054 3735; x_wconf 92' lang='lat' dir='ltr'><strong>qua</strong></span> <span class='ocrx_word' id='word_1_519' title='bbox 2073 3663 2214 3720; x_wconf 89' lang='lat' dir='ltr'><strong>Deus</strong></span> 
     </span>
    </p>
   </div>
   <div class='ocr_carea' id='block_1_67' title="bbox 622 3755 2215 3829">
    <p class='ocr_par' dir='ltr' id='par_1_67' title="bbox 622 3755 2215 3829">
     <span class='ocr_line' id='line_1_67' title="bbox 622 3755 2215 3829; baseline -0.004 -14"><span class='ocrx_word' id='word_1_520' title='bbox 622 3760 801 3815; x_wconf 89' lang='lat' dir='ltr'><strong>omnia</strong></span> <span class='ocrx_word' id='word_1_521' title='bbox 827 3774 946 3829; x_wconf 82' lang='lat' dir='ltr'><strong>quae</strong></span> <span class='ocrx_word' id='word_1_522' title='bbox 983 3758 1126 3825; x_wconf 87' lang='lat' dir='ltr'><strong>fecit,</strong></span> <span class='ocrx_word' id='word_1_523' title='bbox 1162 3767 1214 3814; x_wconf 89' lang='lat' dir='ltr'><strong>et</strong></span> <span class='ocrx_word' id='word_1_524' title='bbox 1255 3757 1463 3829; x_wconf 88' lang='lat' dir='ltr'><strong>implet,</strong></span> <span class='ocrx_word' id='word_1_525' title='bbox 1509 3767 1564 3813; x_wconf 90' lang='lat' dir='ltr'><strong>et</strong></span> <span class='ocrx_word' id='word_1_526' title='bbox 1611 3757 1885 3822; x_wconf 89' lang='lat' dir='ltr'><strong>continet;</strong></span> <span class='ocrx_word' id='word_1_527' title='bbox 1919 3755 2215 3812; x_wconf 91' lang='lat' dir='ltr'><strong>secundum</strong></span> 
     </span>
    </p>
   </div>
   <div class='ocr_carea' id='block_1_68' title="bbox 621 3846 2216 3923">
    <p class='ocr_par' dir='ltr' id='par_1_68' title="bbox 621 3846 2216 3923">
     <span class='ocr_line' id='line_1_68' title="bbox 621 3846 2216 3923; baseline -0.003 -16"><span class='ocrx_word' id='word_1_528' title='bbox 621 3867 779 3923; x_wconf 88' lang='lat' dir='ltr'><strong>quam</strong></span> <span class='ocrx_word' id='word_1_529' title='bbox 809 3852 937 3907; x_wconf 86' lang='lat' dir='ltr'><strong>dicit</strong></span> <span class='ocrx_word' id='word_1_530' title='bbox 964 3870 976 3904; x_wconf 93' lang='lat'><strong>:</strong></span> <span class='ocrx_word' id='word_1_531' title='bbox 1011 3851 1203 3906; x_wconf 67' lang='lat' dir='ltr'><strong>Ca’lum</strong></span> <span class='ocrx_word' id='word_1_532' title='bbox 1245 3859 1294 3904; x_wconf 87' lang='lat' dir='ltr'><strong>et</strong></span> <span class='ocrx_word' id='word_1_533' title='bbox 1334 3861 1526 3904; x_wconf 88' lang='lat' dir='ltr'><strong>terram</strong></span> <span class='ocrx_word' id='word_1_534' title='bbox 1549 3867 1641 3921; x_wconf 85' lang='lat' dir='ltr'><strong>ego</strong></span> <span class='ocrx_word' id='word_1_535' title='bbox 1670 3850 1857 3920; x_wconf 85' lang='lat' dir='ltr'><strong>impleo</strong></span> <span class='ocrx_word' id='word_1_536' title='bbox 1890 3846 2021 3920; x_wconf 82' lang='lat' dir='ltr'><strong>(Jer.</strong></span> <span class='ocrx_word' id='word_1_537' title='bbox 2061 3863 2216 3913; x_wconf 79' lang='lat' dir='ltr'><strong>xxnt,</strong></span> 
     </span>
    </p>
   </div>
   <div class='ocr_carea' id='block_1_69' title="bbox 621 3937 2214 4014">
    <p class='ocr_par' dir='ltr' id='par_1_69' title="bbox 621 3937 2214 4014">
     <span class='ocr_line' id='line_1_69' title="bbox 621 3937 2214 4014; baseline 0 -18"><span class='ocrx_word' id='word_1_538' title='bbox 621 3941 742 4014; x_wconf 67' lang='lat'><strong>2-5);</strong></span> <span class='ocrx_word' id='word_1_539' title='bbox 767 3950 821 3997; x_wconf 91' lang='lat' dir='ltr'><strong>et</strong></span> <span class='ocrx_word' id='word_1_540' title='bbox 848 3941 1141 3997; x_wconf 91' lang='lat' dir='ltr'><strong>secundum</strong></span> <span class='ocrx_word' id='word_1_541' title='bbox 1169 3956 1328 4012; x_wconf 86' lang='lat' dir='ltr'><strong>quam</strong></span> <span class='ocrx_word' id='word_1_542' title='bbox 1361 3940 1459 4011; x_wconf 74' lang='lat' dir='ltr'><strong>ipsi</strong></span> <span class='ocrx_word' id='word_1_543' title='bbox 1489 3938 1600 3995; x_wconf 90' lang='lat' dir='ltr'><strong>Deo</strong></span> <span class='ocrx_word' id='word_1_544' title='bbox 1636 3940 1827 3995; x_wconf 87' lang='lat' dir='ltr'><strong>beatus</strong></span> <span class='ocrx_word' id='word_1_545' title='bbox 1857 3937 2026 3994; x_wconf 88' lang='lat' dir='ltr'><strong>David</strong></span> <span class='ocrx_word' id='word_1_546' title='bbox 2056 3941 2214 4012; x_wconf 77' lang='lat'><strong>231</strong></span> 
     </span>
    </p>
   </div>
   <div class='ocr_carea' id='block_1_70' title="bbox 622 4032 2216 4106">
    <p class='ocr_par' dir='ltr' id='par_1_70' title="bbox 622 4032 2216 4106">
     <span class='ocr_line' id='line_1_70' title="bbox 622 4032 2216 4106; baseline -0.003 -17"><span class='ocrx_word' id='word_1_547' title='bbox 622 4032 786 4090; x_wconf 84' lang='lat' dir='ltr'><strong>dicit:</strong></span> <span class='ocrx_word' id='word_1_548' title='bbox 822 4032 936 4099; x_wconf 81' lang='lat' dir='ltr'><strong>Quo</strong></span> <span class='ocrx_word' id='word_1_549' title='bbox 969 4034 1054 4089; x_wconf 89' lang='lat' dir='ltr'><strong>ibo</strong></span> <span class='ocrx_word' id='word_1_550' title='bbox 1083 4049 1113 4088; x_wconf 89' lang='lat' dir='ltr'><strong>a</strong></span> <span class='ocrx_word' id='word_1_551' title='bbox 1146 4032 1346 4104; x_wconf 83' lang='lat' dir='ltr'><strong>Spiritu</strong></span> <span class='ocrx_word' id='word_1_552' title='bbox 1398 4039 1506 4101; x_wconf 86' lang='lat' dir='ltr'><strong>tuo,</strong></span> <span class='ocrx_word' id='word_1_553' title='bbox 1536 4039 1585 4085; x_wconf 82' lang='lat' dir='ltr'><strong>et</strong></span> <span class='ocrx_word' id='word_1_554' title='bbox 1618 4047 1649 4085; x_wconf 87' lang='lat' dir='ltr'><strong>a</strong></span> <span class='ocrx_word' id='word_1_555' title='bbox 1681 4033 1816 4104; x_wconf 78' lang='lat' dir='ltr'><strong>facie</strong></span> <span class='ocrx_word' id='word_1_556' title='bbox 1845 4039 1936 4086; x_wconf 85' lang='lat' dir='ltr'><strong>tua</strong></span> <span class='ocrx_word' id='word_1_557' title='bbox 1975 4049 2075 4106; x_wconf 84' lang='lat' dir='ltr'><strong>quo</strong></span> <span class='ocrx_word' id='word_1_558' title='bbox 2129 4033 2216 4104; x_wconf 74' lang='lat' dir='ltr'><strong>{u-</strong></span> 
     </span>
    </p>
   </div>
   <div class='ocr_carea' id='block_1_71' title="bbox 621 4122 2218 4198">
    <p class='ocr_par' dir='ltr' id='par_1_71' title="bbox 621 4122 2218 4198">
     <span class='ocr_line' id='line_1_71' title="bbox 621 4122 2218 4198; baseline -0.003 -18"><span class='ocrx_word' id='word_1_559' title='bbox 621 4125 800 4198; x_wconf 85' lang='lat' dir='ltr'><strong>giam?</strong></span> <span class='ocrx_word' id='word_1_560' title='bbox 828 4125 889 4180; x_wconf 88' lang='lat' dir='ltr'><strong>Si</strong></span> <span class='ocrx_word' id='word_1_561' title='bbox 918 4125 1196 4180; x_wconf 82' lang='lat' dir='ltr'><strong>ascendere</strong></span> <span class='ocrx_word' id='word_1_562' title='bbox 1216 4125 1272 4178; x_wconf 87' lang='lat' dir='ltr'><strong>in</strong></span> <span class='ocrx_word' id='word_1_563' title='bbox 1300 4123 1502 4190; x_wconf 70' lang='lat' dir='ltr'><strong>caelum,</strong></span> <span class='ocrx_word' id='word_1_564' title='bbox 1537 4133 1586 4177; x_wconf 89' lang='lat' dir='ltr'><strong>tu</strong></span> <span class='ocrx_word' id='word_1_565' title='bbox 1610 4123 1720 4178; x_wconf 83' lang='lat' dir='ltr'><strong>illic</strong></span> <span class='ocrx_word' id='word_1_566' title='bbox 1741 4140 1825 4188; x_wconf 88' lang='lat' dir='ltr'><strong>es;</strong></span> <span class='ocrx_word' id='word_1_567' title='bbox 1857 4132 1908 4178; x_wconf 87' lang='lat' dir='ltr'><strong>et</strong></span> <span class='ocrx_word' id='word_1_568' title='bbox 1935 4122 1982 4177; x_wconf 91' lang='lat' dir='ltr'><strong>si</strong></span> <span class='ocrx_word' id='word_1_569' title='bbox 2003 4124 2218 4178; x_wconf 85' lang='lat' dir='ltr'><strong>descen-</strong></span> 
     </span>
    </p>
   </div>
   <div class='ocr_carea' id='block_1_72' title="bbox 624 4213 2219 4288">
    <p class='ocr_par' dir='ltr' id='par_1_72' title="bbox 624 4213 2219 4288">
     <span class='ocr_line' id='line_1_72' title="bbox 624 4213 2219 4288; baseline -0.001 -16"><span class='ocrx_word' id='word_1_570' title='bbox 624 4218 746 4272; x_wconf 84' lang='lat' dir='ltr'><strong>dero</strong></span> <span class='ocrx_word' id='word_1_571' title='bbox 775 4218 844 4270; x_wconf 90' lang='lat' dir='ltr'><strong>ad</strong></span> <span class='ocrx_word' id='word_1_572' title='bbox 881 4219 1166 4288; x_wconf 75' lang='lat' dir='ltr'><strong>infernum,</strong></span> <span class='ocrx_word' id='word_1_573' title='bbox 1219 4216 1342 4270; x_wconf 87' lang='lat' dir='ltr'><strong>ades</strong></span> <span class='ocrx_word' id='word_1_574' title='bbox 1384 4213 1556 4285; x_wconf 84' lang='lat' dir='ltr'><strong>(Psnt.</strong></span> <span class='ocrx_word' id='word_1_575' title='bbox 1607 4231 1866 4279; x_wconf 76' lang='lat' dir='ltr'><strong>cxxxvm,</strong></span> <span class='ocrx_word' id='word_1_576' title='bbox 1911 4213 1989 4287; x_wconf 89' lang='lat'><strong>7).</strong></span> <span class='ocrx_word' id='word_1_577' title='bbox 2034 4213 2102 4270; x_wconf 88' lang='lat' dir='ltr'><strong>Et</strong></span> <span class='ocrx_word' id='word_1_578' title='bbox 2148 4214 2219 4270; x_wconf 88' lang='lat' dir='ltr'><strong>de</strong></span> 
     </span>
    </p>
   </div>
   <div class='ocr_carea' id='block_1_73' title="bbox 625 4305 2222 4378">
    <p class='ocr_par' dir='ltr' id='par_1_73' title="bbox 625 4305 2222 4378">
     <span class='ocr_line' id='line_1_73' title="bbox 625 4305 2222 4378; baseline -0.001 -14"><span class='ocrx_word' id='word_1_579' title='bbox 625 4307 844 4364; x_wconf 88' lang='lat' dir='ltr'><strong>Christo</strong></span> <span class='ocrx_word' id='word_1_580' title='bbox 873 4308 964 4378; x_wconf 91' lang='lat' dir='ltr'><strong>qui</strong></span> <span class='ocrx_word' id='word_1_581' title='bbox 988 4315 1070 4363; x_wconf 90' lang='lat' dir='ltr'><strong>est</strong></span> <span class='ocrx_word' id='word_1_582' title='bbox 1114 4307 1377 4376; x_wconf 88' lang='lat' dir='ltr'><strong>sapientia</strong></span> <span class='ocrx_word' id='word_1_583' title='bbox 1394 4306 1511 4371; x_wconf 87' lang='lat' dir='ltr'><strong>Dei,</strong></span> <span class='ocrx_word' id='word_1_584' title='bbox 1543 4305 1773 4360; x_wconf 88' lang='lat' dir='ltr'><strong>dicitur:</strong></span> <span class='ocrx_word' id='word_1_585' title='bbox 1803 4305 2025 4378; x_wconf 80' lang='lat' dir='ltr'><strong>Attingit</strong></span> <span class='ocrx_word' id='word_1_586' title='bbox 2053 4323 2086 4361; x_wconf 89' lang='lat' dir='ltr'><strong>a</strong></span> <span class='ocrx_word' id='word_1_587' title='bbox 2113 4306 2222 4378; x_wconf 78' lang='lat' dir='ltr'><strong>ﬁne</strong></span> 
     </span>
    </p>
   </div>
   <div class='ocr_carea' id='block_1_74' title="bbox 625 4397 2219 4472">
    <p class='ocr_par' dir='ltr' id='par_1_74' title="bbox 625 4397 2219 4472">
     <span class='ocr_line' id='line_1_74' title="bbox 625 4397 2219 4472; baseline 0 -18"><span class='ocrx_word' id='word_1_588' title='bbox 625 4415 781 4472; x_wconf 86' lang='lat' dir='ltr'><strong>usque</strong></span> <span class='ocrx_word' id='word_1_589' title='bbox 813 4400 882 4453; x_wconf 83' lang='lat' dir='ltr'><strong>ad</strong></span> <span class='ocrx_word' id='word_1_590' title='bbox 924 4400 1075 4458; x_wconf 84' lang='lat' dir='ltr'><strong>tinem</strong></span> <span class='ocrx_word' id='word_1_591' title='bbox 1121 4400 1344 4470; x_wconf 74' lang='lat' dir='ltr'><strong>fortiter,</strong></span> <span class='ocrx_word' id='word_1_592' title='bbox 1396 4406 1445 4452; x_wconf 89' lang='lat' dir='ltr'><strong>et</strong></span> <span class='ocrx_word' id='word_1_593' title='bbox 1495 4397 1723 4466; x_wconf 82' lang='lat' dir='ltr'><strong>disponit</strong></span> <span class='ocrx_word' id='word_1_594' title='bbox 1764 4399 1940 4453; x_wconf 87' lang='lat' dir='ltr'><strong>omnia</strong></span> <span class='ocrx_word' id='word_1_595' title='bbox 1987 4401 2219 4454; x_wconf 82' lang='lat' dir='ltr'><strong>suaviter</strong></span> 
     </span>
    </p>
   </div>
   <div class='ocr_carea' id='block_1_75' title="bbox 626 4489 2216 4565">
    <p class='ocr_par' dir='ltr' id='par_1_75' title="bbox 626 4489 2216 4565">
     <span class='ocr_line' id='line_1_75' title="bbox 626 4489 2216 4565; baseline 0 -18"><span class='ocrx_word' id='word_1_596' title='bbox 626 4491 784 4565; x_wconf 84' lang='lat' dir='ltr'><strong>(Sap.</strong></span> <span class='ocrx_word' id='word_1_597' title='bbox 816 4507 928 4556; x_wconf 78' lang='lat' dir='ltr'><strong>vui,</strong></span> <span class='ocrx_word' id='word_1_598' title='bbox 964 4490 1039 4562; x_wconf 85' lang='lat' dir='ltr'><strong>l).</strong></span> <span class='ocrx_word' id='word_1_599' title='bbox 1086 4491 1162 4546; x_wconf 91' lang='lat' dir='ltr'><strong>De</strong></span> <span class='ocrx_word' id='word_1_600' title='bbox 1211 4489 1415 4562; x_wconf 87' lang='lat' dir='ltr'><strong>Spiritu</strong></span> <span class='ocrx_word' id='word_1_601' title='bbox 1460 4505 1676 4561; x_wconf 89' lang='lat' dir='ltr'><strong>quoque</strong></span> <span class='ocrx_word' id='word_1_602' title='bbox 1723 4501 1910 4547; x_wconf 88' lang='lat' dir='ltr'><strong>sancto</strong></span> <span class='ocrx_word' id='word_1_603' title='bbox 1939 4491 2216 4562; x_wconf 88' lang='lat' dir='ltr'><strong>Scriptura</strong></span> 
     </span>
    </p>
   </div>
   <div class='ocr_carea' id='block_1_76' title="bbox 625 4579 2221 4656">
    <p class='ocr_par' dir='ltr' id='par_1_76' title="bbox 625 4579 2221 4656">
     <span class='ocr_line' id='line_1_76' title="bbox 625 4579 2221 4656; baseline -0.001 -18"><span class='ocrx_word' id='word_1_604' title='bbox 625 4582 881 4639; x_wconf 90' lang='lat' dir='ltr'><strong>divinitus</strong></span> <span class='ocrx_word' id='word_1_605' title='bbox 910 4581 1165 4654; x_wconf 85' lang='lat' dir='ltr'><strong>inspirata</strong></span> <span class='ocrx_word' id='word_1_606' title='bbox 1182 4582 1261 4637; x_wconf 91' lang='lat' dir='ltr'><strong>sic</strong></span> <span class='ocrx_word' id='word_1_607' title='bbox 1287 4581 1562 4651; x_wconf 73' lang='lat' dir='ltr'><strong>loquitur:</strong></span> <span class='ocrx_word' id='word_1_608' title='bbox 1595 4579 1729 4646; x_wconf 84' lang='lat' dir='ltr'><strong>Quia</strong></span> <span class='ocrx_word' id='word_1_609' title='bbox 1753 4581 1984 4656; x_wconf 78' lang='lat' dir='ltr'><strong>Spiritus</strong></span> <span class='ocrx_word' id='word_1_610' title='bbox 2009 4581 2221 4638; x_wconf 86' lang='lat' dir='ltr'><strong>Domini</strong></span> 
     </span>
    </p>
   </div>
   <div class='ocr_carea' id='block_1_77' title="bbox 2318 3397 3875 3470">
    <p class='ocr_par' dir='ltr' id='par_1_77' title="bbox 2318 3397 3875 3470">
     <span class='ocr_line' id='line_1_77' title="bbox 2318 3397 3875 3470; baseline -0.002 -17"><span class='ocrx_word' id='word_1_611' title='bbox 2318 3399 2512 3468; x_wconf 87' lang='lat' dir='ltr'><strong>quibus</strong></span> <span class='ocrx_word' id='word_1_612' title='bbox 2534 3397 2771 3454; x_wconf 87' lang='lat' dir='ltr'><strong>voluerit</strong></span> <span class='ocrx_word' id='word_1_613' title='bbox 2795 3397 2959 3463; x_wconf 87' lang='lat' dir='ltr'><strong>Deus,</strong></span> <span class='ocrx_word' id='word_1_614' title='bbox 2987 3397 3239 3467; x_wconf 86' lang='lat' dir='ltr'><strong>dignatur</strong></span> <span class='ocrx_word' id='word_1_615' title='bbox 3279 3398 3520 3456; x_wconf 90' lang='lat' dir='ltr'><strong>liberare</strong></span> <span class='ocrx_word' id='word_1_616' title='bbox 3557 3415 3651 3470; x_wconf 85' lang='lat' dir='ltr'><strong>per</strong></span> <span class='ocrx_word' id='word_1_617' title='bbox 3673 3397 3875 3468; x_wconf 81' lang='lat' dir='ltr'><strong>gratiam.</strong></span> 
     </span>
    </p>
   </div>
   <div class='ocr_carea' id='block_1_78' title="bbox 2300 3487 3878 3564">
    <p class='ocr_par' dir='ltr' id='par_1_78' title="bbox 2300 3487 3878 3564">
     <span class='ocr_line' id='line_1_78' title="bbox 2300 3487 3878 3564; baseline -0.004 -17"><span class='ocrx_word' id='word_1_618' title='bbox 2300 3491 2399 3548; x_wconf 79' lang='lat' dir='ltr'><strong>.Ex</strong></span> <span class='ocrx_word' id='word_1_619' title='bbox 2427 3507 2535 3564; x_wconf 91' lang='lat' dir='ltr'><strong>quo</strong></span> <span class='ocrx_word' id='word_1_620' title='bbox 2562 3492 2706 3549; x_wconf 91' lang='lat' dir='ltr'><strong>enim</strong></span> <span class='ocrx_word' id='word_1_621' title='bbox 2737 3491 2944 3563; x_wconf 90' lang='lat' dir='ltr'><strong>primus</strong></span> <span class='ocrx_word' id='word_1_622' title='bbox 2972 3491 3136 3548; x_wconf 90' lang='lat' dir='ltr'><strong>homo</strong></span> <span class='ocrx_word' id='word_1_623' title='bbox 3164 3491 3334 3549; x_wconf 85' lang='lat' dir='ltr'><strong>libero</strong></span> <span class='ocrx_word' id='word_1_624' title='bbox 3369 3494 3608 3549; x_wconf 89' lang='lat' dir='ltr'><strong>arbitrio</strong></span> <span class='ocrx_word' id='word_1_625' title='bbox 3645 3487 3878 3547; x_wconf 88' lang='lat' dir='ltr'><strong>venunda-</strong></span> 
     </span>
    </p>
   </div>
   <div class='ocr_carea' id='block_1_79' title="bbox 2317 3582 3874 3656">
    <p class='ocr_par' dir='ltr' id='par_1_79' title="bbox 2317 3582 3874 3656">
     <span class='ocr_line' id='line_1_79' title="bbox 2317 3582 3874 3656; baseline -0.005 -17"><span class='ocrx_word' id='word_1_626' title='bbox 2317 3592 2406 3640; x_wconf 92' lang='lat' dir='ltr'><strong>tus</strong></span> <span class='ocrx_word' id='word_1_627' title='bbox 2435 3592 2519 3640; x_wconf 90' lang='lat' dir='ltr'><strong>est</strong></span> <span class='ocrx_word' id='word_1_628' title='bbox 2556 3584 2656 3640; x_wconf 91' lang='lat' dir='ltr'><strong>sub</strong></span> <span class='ocrx_word' id='word_1_629' title='bbox 2684 3591 2932 3655; x_wconf 88' lang='lat' dir='ltr'><strong>peccato,</strong></span> <span class='ocrx_word' id='word_1_630' title='bbox 2966 3582 3088 3639; x_wconf 88' lang='lat' dir='ltr'><strong>ideo</strong></span> <span class='ocrx_word' id='word_1_631' title='bbox 3134 3583 3276 3640; x_wconf 87' lang='lat' dir='ltr'><strong>mala</strong></span> <span class='ocrx_word' id='word_1_632' title='bbox 3317 3586 3491 3656; x_wconf 60' lang='lat' dir='ltr'><strong>capit</strong></span> <span class='ocrx_word' id='word_1_633' title='bbox 3531 3599 3652 3640; x_wconf 86' lang='lat' dir='ltr'><strong>esse</strong></span> <span class='ocrx_word' id='word_1_634' title='bbox 3693 3583 3874 3637; x_wconf 83' lang='lat' dir='ltr'><strong>libertas</strong></span> 
     </span>
    </p>
   </div>
   <div class='ocr_carea' id='block_1_80' title="bbox 2317 3671 3875 3746">
    <p class='ocr_par' dir='ltr' id='par_1_80' title="bbox 2317 3671 3875 3746">
     <span class='ocr_line' id='line_1_80' title="bbox 2317 3671 3875 3746; baseline -0.004 -16"><span class='ocrx_word' id='word_1_635' title='bbox 2317 3675 2574 3741; x_wconf 86' lang='lat' dir='ltr'><strong>hominis,</strong></span> <span class='ocrx_word' id='word_1_636' title='bbox 2603 3674 2728 3744; x_wconf 89' lang='lat' dir='ltr'><strong>quia</strong></span> <span class='ocrx_word' id='word_1_637' title='bbox 2756 3673 2857 3746; x_wconf 89' lang='lat' dir='ltr'><strong>ipsi</strong></span> <span class='ocrx_word' id='word_1_638' title='bbox 2905 3673 3078 3730; x_wconf 89' lang='lat' dir='ltr'><strong>libero</strong></span> <span class='ocrx_word' id='word_1_639' title='bbox 3106 3675 3332 3734; x_wconf 86' lang='lat' dir='ltr'><strong>arbitrio</strong></span> <span class='ocrx_word' id='word_1_640' title='bbox 3372 3677 3560 3732; x_wconf 86' lang='lat' dir='ltr'><strong>ablata</strong></span> <span class='ocrx_word' id='word_1_641' title='bbox 3589 3683 3669 3731; x_wconf 88' lang='lat' dir='ltr'><strong>est</strong></span> <span class='ocrx_word' id='word_1_642' title='bbox 3702 3671 3875 3728; x_wconf 80' lang='lat' dir='ltr'><strong>bonitas</strong></span> 
     </span>
    </p>
   </div>
   <div class='ocr_carea' id='block_1_81' title="bbox 2316 3760 3874 3832">
    <p class='ocr_par' dir='ltr' id='par_1_81' title="bbox 2316 3760 3874 3832">
     <span class='ocr_line' id='line_1_81' title="bbox 2316 3760 3874 3832; baseline -0.003 -8"><span class='ocrx_word' id='word_1_643' title='bbox 2316 3767 2647 3824; x_wconf 87' lang='lat' dir='ltr'><strong>voluntatis:</strong></span> <span class='ocrx_word' id='word_1_644' title='bbox 2679 3775 2736 3822; x_wconf 88' lang='lat' dir='ltr'><strong>et</strong></span> <span class='ocrx_word' id='word_1_645' title='bbox 2772 3766 2851 3824; x_wconf 90' lang='lat' dir='ltr'><strong>sic</strong></span> <span class='ocrx_word' id='word_1_646' title='bbox 2885 3767 2941 3822; x_wconf 91' lang='lat' dir='ltr'><strong>in</strong></span> <span class='ocrx_word' id='word_1_647' title='bbox 2967 3766 3157 3823; x_wconf 88' lang='lat' dir='ltr'><strong>eodem</strong></span> <span class='ocrx_word' id='word_1_648' title='bbox 3199 3767 3437 3824; x_wconf 88' lang='lat' dir='ltr'><strong>hominis</strong></span> <span class='ocrx_word' id='word_1_649' title='bbox 3485 3767 3704 3824; x_wconf 90' lang='lat' dir='ltr'><strong>arbitrio</strong></span> <span class='ocrx_word' id='word_1_650' title='bbox 3744 3760 3874 3832; x_wconf 63' lang='lat' dir='ltr'><strong>ccepi!</strong></span> 
     </span>
    </p>
   </div>
   <div class='ocr_carea' id='block_1_82' title="bbox 2319 3850 3874 3926">
    <p class='ocr_par' dir='ltr' id='par_1_82' title="bbox 2319 3850 3874 3926">
     <span class='ocr_line' id='line_1_82' title="bbox 2319 3850 3874 3926; baseline -0.006 -12"><span class='ocrx_word' id='word_1_651' title='bbox 2319 3874 2439 3914; x_wconf 86' lang='lat' dir='ltr'><strong>esse</strong></span> <span class='ocrx_word' id='word_1_652' title='bbox 2467 3858 2606 3912; x_wconf 90' lang='lat' dir='ltr'><strong>mala</strong></span> <span class='ocrx_word' id='word_1_653' title='bbox 2636 3857 2889 3923; x_wconf 86' lang='lat' dir='ltr'><strong>libertas;</strong></span> <span class='ocrx_word' id='word_1_654' title='bbox 2930 3866 2992 3913; x_wconf 92' lang='lat' dir='ltr'><strong>ut</strong></span> <span class='ocrx_word' id='word_1_655' title='bbox 3037 3858 3150 3926; x_wconf 88' lang='lat' dir='ltr'><strong>ipsa</strong></span> <span class='ocrx_word' id='word_1_656' title='bbox 3182 3858 3278 3924; x_wconf 86' lang='lat' dir='ltr'><strong>illi,</strong></span> <span class='ocrx_word' id='word_1_657' title='bbox 3325 3867 3381 3914; x_wconf 92' lang='lat' dir='ltr'><strong>et</strong></span> <span class='ocrx_word' id='word_1_658' title='bbox 3433 3859 3682 3914; x_wconf 88' lang='lat' dir='ltr'><strong>omnibus</strong></span> <span class='ocrx_word' id='word_1_659' title='bbox 3718 3850 3874 3910; x_wconf 73' lang='lat' dir='ltr'><strong>deinde</strong></span> 
     </span>
    </p>
   </div>
   <div class='ocr_carea' id='block_1_83' title="bbox 2319 3944 3872 4023">
    <p class='ocr_par' dir='ltr' id='par_1_83' title="bbox 2319 3944 3872 4023">
     <span class='ocr_line' id='line_1_83' title="bbox 2319 3944 3872 4023; baseline -0.008 -16"><span class='ocrx_word' id='word_1_660' title='bbox 2319 3968 2416 4023; x_wconf 89' lang='lat' dir='ltr'><strong>per</strong></span> <span class='ocrx_word' id='word_1_661' title='bbox 2444 3951 2790 4010; x_wconf 88' lang='lat' dir='ltr'><strong>concubitum</strong></span> <span class='ocrx_word' id='word_1_662' title='bbox 2833 3950 3120 4006; x_wconf 87' lang='lat' dir='ltr'><strong>nascituris</strong></span> <span class='ocrx_word' id='word_1_663' title='bbox 3161 3948 3316 4005; x_wconf 85' lang='lat' dir='ltr'><strong>fieret</strong></span> <span class='ocrx_word' id='word_1_664' title='bbox 3343 3951 3564 4006; x_wconf 85' lang='lat' dir='ltr'><strong>inimica</strong></span> <span class='ocrx_word' id='word_1_665' title='bbox 3613 3944 3872 4017; x_wconf 83' lang='lat' dir='ltr'><strong>captivitas.</strong></span> 
     </span>
    </p>
   </div>
   <div class='ocr_carea' id='block_1_84' title="bbox 2320 4037 3872 4114">
    <p class='ocr_par' dir='ltr' id='par_1_84' title="bbox 2320 4037 3872 4114">
     <span class='ocr_line' id='line_1_84' title="bbox 2320 4037 3872 4114; baseline -0.007 -17"><span class='ocrx_word' id='word_1_666' title='bbox 2320 4042 2462 4099; x_wconf 91' lang='lat' dir='ltr'><strong>Deus</strong></span> <span class='ocrx_word' id='word_1_667' title='bbox 2491 4058 2642 4114; x_wconf 90' lang='lat' dir='ltr'><strong>ergo,</strong></span> <span class='ocrx_word' id='word_1_668' title='bbox 2688 4042 2828 4098; x_wconf 89' lang='lat' dir='ltr'><strong>sicut</strong></span> <span class='ocrx_word' id='word_1_669' title='bbox 2863 4057 3026 4112; x_wconf 89' lang='lat' dir='ltr'><strong>supra</strong></span> <span class='ocrx_word' id='word_1_670' title='bbox 3054 4041 3310 4106; x_wconf 75' lang='lat' dir='ltr'><strong>diximus,</strong></span> <span class='ocrx_word' id='word_1_671' title='bbox 3355 4058 3460 4113; x_wconf 90' lang='lat' dir='ltr'><strong>per</strong></span> <span class='ocrx_word' id='word_1_672' title='bbox 3506 4037 3872 4097; x_wconf 84' lang='lat' dir='ltr'><strong>immensitatem</strong></span> 
     </span>
    </p>
   </div>
   <div class='ocr_carea' id='block_1_85' title="bbox 2321 4127 3872 4202">
    <p class='ocr_par' dir='ltr' id='par_1_85' title="bbox 2321 4127 3872 4202">
     <span class='ocr_line' id='line_1_85' title="bbox 2321 4127 3872 4202; baseline -0.009 -11"><span class='ocrx_word' id='word_1_673' title='bbox 2321 4146 2528 4193; x_wconf 83' lang='lat' dir='ltr'><strong>naturae</strong></span> <span class='ocrx_word' id='word_1_674' title='bbox 2547 4151 2675 4202; x_wconf 68' lang='lat' dir='ltr'><strong>sum,</strong></span> <span class='ocrx_word' id='word_1_675' title='bbox 2715 4144 2886 4191; x_wconf 88' lang='lat' dir='ltr'><strong>totam</strong></span> <span class='ocrx_word' id='word_1_676' title='bbox 2937 4144 3241 4191; x_wconf 90' lang='lat' dir='ltr'><strong>creaturam</strong></span> <span class='ocrx_word' id='word_1_677' title='bbox 3285 4151 3444 4192; x_wconf 88' lang='lat' dir='ltr'><strong>suam</strong></span> <span class='ocrx_word' id='word_1_678' title='bbox 3494 4144 3548 4190; x_wconf 91' lang='lat' dir='ltr'><strong>et</strong></span> <span class='ocrx_word' id='word_1_679' title='bbox 3585 4132 3798 4189; x_wconf 89' lang='lat' dir='ltr'><strong>continet</strong></span> <span class='ocrx_word' id='word_1_680' title='bbox 3830 4127 3872 4178; x_wconf 85' lang='lat' dir='ltr'><strong>et</strong></span> 
     </span>
    </p>
   </div>
   <div class='ocr_carea' id='block_1_86' title="bbox 2323 4214 3873 4300">
    <p class='ocr_par' dir='ltr' id='par_1_86' title="bbox 2323 4214 3873 4300">
     <span class='ocr_line' id='line_1_86' title="bbox 2323 4214 3873 4300; baseline -0.009 -18"><span class='ocrx_word' id='word_1_681' title='bbox 2323 4229 2538 4300; x_wconf 88' lang='lat' dir='ltr'><strong>implet;</strong></span> <span class='ocrx_word' id='word_1_682' title='bbox 2567 4243 2632 4284; x_wconf 90' lang='lat' dir='ltr'><strong>ac</strong></span> <span class='ocrx_word' id='word_1_683' title='bbox 2673 4244 2770 4298; x_wconf 92' lang='lat' dir='ltr'><strong>per</strong></span> <span class='ocrx_word' id='word_1_684' title='bbox 2811 4227 2939 4296; x_wconf 88' lang='lat' dir='ltr'><strong>hoc,</strong></span> <span class='ocrx_word' id='word_1_685' title='bbox 2981 4236 3154 4283; x_wconf 90' lang='lat' dir='ltr'><strong>totum</strong></span> <span class='ocrx_word' id='word_1_686' title='bbox 3195 4226 3382 4298; x_wconf 91' lang='lat' dir='ltr'><strong>implet</strong></span> <span class='ocrx_word' id='word_1_687' title='bbox 3421 4228 3602 4291; x_wconf 89' lang='lat' dir='ltr'><strong>Pater,</strong></span> <span class='ocrx_word' id='word_1_688' title='bbox 3633 4231 3784 4278; x_wconf 86' lang='lat' dir='ltr'><strong>totum</strong></span> <span class='ocrx_word' id='word_1_689' title='bbox 3806 4214 3873 4270; x_wconf 82' lang='lat' dir='ltr'><strong>Fi-</strong></span> 
     </span>
    </p>
   </div>
   <div class='ocr_carea' id='block_1_87' title="bbox 2321 4308 3867 4390">
    <p class='ocr_par' dir='ltr' id='par_1_87' title="bbox 2321 4308 3867 4390">
     <span class='ocr_line' id='line_1_87' title="bbox 2321 4308 3867 4390; baseline -0.011 -15"><span class='ocrx_word' id='word_1_690' title='bbox 2321 4321 2446 4387; x_wconf 89' lang='lat' dir='ltr'><strong>lius,</strong></span> <span class='ocrx_word' id='word_1_691' title='bbox 2479 4328 2648 4375; x_wconf 92' lang='lat' dir='ltr'><strong>totum</strong></span> <span class='ocrx_word' id='word_1_692' title='bbox 2674 4319 2905 4390; x_wconf 91' lang='lat' dir='ltr'><strong>Spiritus</strong></span> <span class='ocrx_word' id='word_1_693' title='bbox 2932 4328 3186 4386; x_wconf 88' lang='lat' dir='ltr'><strong>sanctus;</strong></span> <span class='ocrx_word' id='word_1_694' title='bbox 3215 4320 3341 4390; x_wconf 86' lang='lat' dir='ltr'><strong>quia</strong></span> <span class='ocrx_word' id='word_1_695' title='bbox 3360 4329 3419 4376; x_wconf 90' lang='lat' dir='ltr'><strong>et</strong></span> <span class='ocrx_word' id='word_1_696' title='bbox 3448 4319 3627 4382; x_wconf 90' lang='lat' dir='ltr'><strong>Pater,</strong></span> <span class='ocrx_word' id='word_1_697' title='bbox 3647 4321 3700 4370; x_wconf 89' lang='lat' dir='ltr'><strong>et</strong></span> <span class='ocrx_word' id='word_1_698' title='bbox 3721 4308 3867 4367; x_wconf 80' lang='lat' dir='ltr'><strong>Filius,</strong></span> 
     </span>
    </p>
   </div>
   <div class='ocr_carea' id='block_1_88' title="bbox 2324 4400 3869 4484">
    <p class='ocr_par' dir='ltr' id='par_1_88' title="bbox 2324 4400 3869 4484">
     <span class='ocr_line' id='line_1_88' title="bbox 2324 4400 3869 4484; baseline -0.006 -17"><span class='ocrx_word' id='word_1_699' title='bbox 2324 4419 2380 4467; x_wconf 90' lang='lat' dir='ltr'><strong>et</strong></span> <span class='ocrx_word' id='word_1_700' title='bbox 2408 4409 2639 4481; x_wconf 90' lang='lat' dir='ltr'><strong>Spiritus</strong></span> <span class='ocrx_word' id='word_1_701' title='bbox 2658 4418 2878 4466; x_wconf 90' lang='lat' dir='ltr'><strong>sanctus</strong></span> <span class='ocrx_word' id='word_1_702' title='bbox 2907 4411 3070 4484; x_wconf 68' lang='lat'><strong>232</strong></span> <span class='ocrx_word' id='word_1_703' title='bbox 3117 4410 3438 4466; x_wconf 88' lang='lat' dir='ltr'><strong>naturaliter</strong></span> <span class='ocrx_word' id='word_1_704' title='bbox 3471 4425 3607 4466; x_wconf 89' lang='lat' dir='ltr'><strong>unus</strong></span> <span class='ocrx_word' id='word_1_705' title='bbox 3635 4411 3711 4460; x_wconf 90' lang='lat' dir='ltr'><strong>est</strong></span> <span class='ocrx_word' id='word_1_706' title='bbox 3742 4400 3869 4454; x_wconf 61' lang='lat' dir='ltr'><strong>Deus.</strong></span> 
     </span>
    </p>
   </div>
   <div class='ocr_carea' id='block_1_89' title="bbox 2323 4487 3869 4571">
    <p class='ocr_par' dir='ltr' id='par_1_89' title="bbox 2323 4487 3869 4571">
     <span class='ocr_line' id='line_1_89' title="bbox 2323 4487 3869 4571; baseline -0.007 -11"><span class='ocrx_word' id='word_1_707' title='bbox 2323 4503 2443 4560; x_wconf 83' lang='lat' dir='ltr'><strong>Non</strong></span> <span class='ocrx_word' id='word_1_708' title='bbox 2471 4503 2548 4559; x_wconf 93' lang='lat' dir='ltr'><strong>sic</strong></span> <span class='ocrx_word' id='word_1_709' title='bbox 2575 4511 2658 4559; x_wconf 91' lang='lat' dir='ltr'><strong>est</strong></span> <span class='ocrx_word' id='word_1_710' title='bbox 2685 4512 2864 4559; x_wconf 90' lang='lat' dir='ltr'><strong>autem</strong></span> <span class='ocrx_word' id='word_1_711' title='bbox 2891 4519 2996 4559; x_wconf 90' lang='lat' dir='ltr'><strong>una</strong></span> <span class='ocrx_word' id='word_1_712' title='bbox 3025 4510 3216 4559; x_wconf 90' lang='lat' dir='ltr'><strong>natura</strong></span> <span class='ocrx_word' id='word_1_713' title='bbox 3245 4501 3444 4571; x_wconf 86' lang='lat' dir='ltr'><strong>Patris,</strong></span> <span class='ocrx_word' id='word_1_714' title='bbox 3469 4511 3526 4558; x_wconf 91' lang='lat' dir='ltr'><strong>et</strong></span> <span class='ocrx_word' id='word_1_715' title='bbox 3547 4498 3679 4560; x_wconf 87' lang='lat' dir='ltr'><strong>Filii,</strong></span> <span class='ocrx_word' id='word_1_716' title='bbox 3706 4501 3753 4549; x_wconf 88' lang='lat' dir='ltr'><strong>et</strong></span> <span class='ocrx_word' id='word_1_717' title='bbox 3773 4487 3869 4558; x_wconf 71' lang='grc' dir='ltr'><strong>δρί-</strong></span> 
     </span>
    </p>
   </div>
   <div class='ocr_carea' id='block_1_90' title="bbox 2324 4581 3870 4666">
    <p class='ocr_par' dir='ltr' id='par_1_90' title="bbox 2324 4581 3870 4666">
     <span class='ocr_line' id='line_1_90' title="bbox 2324 4581 3870 4666; baseline 0.001 -16"><span class='ocrx_word' id='word_1_718' title='bbox 2324 4597 2460 4654; x_wconf 90' lang='lat' dir='ltr'><strong>ritus</strong></span> <span class='ocrx_word' id='word_1_719' title='bbox 2488 4597 2679 4662; x_wconf 90' lang='lat' dir='ltr'><strong>sancti,</strong></span> <span class='ocrx_word' id='word_1_720' title='bbox 2706 4595 2758 4651; x_wconf 89' lang='lat' dir='ltr'><strong>id</strong></span> <span class='ocrx_word' id='word_1_721' title='bbox 2784 4604 2867 4651; x_wconf 88' lang='lat' dir='ltr'><strong>est</strong></span> <span class='ocrx_word' id='word_1_722' title='bbox 2901 4596 3062 4651; x_wconf 89' lang='lat' dir='ltr'><strong>trium</strong></span> <span class='ocrx_word' id='word_1_723' title='bbox 3106 4595 3322 4650; x_wconf 90' lang='lat' dir='ltr'><strong>illarum</strong></span> <span class='ocrx_word' id='word_1_724' title='bbox 3369 4602 3730 4666; x_wconf 62' lang='lat' dir='ltr'><strong>personarum,</strong></span> <span class='ocrx_word' id='word_1_725' title='bbox 3762 4581 3870 4636; x_wconf 69' lang='grc' dir='ltr'><strong>δίευί</strong></span> 
     </span>
    </p>
   </div>
   <div class='ocr_carea' id='block_1_91' title="bbox 626 4673 3863 4768">
    <p class='ocr_par' dir='ltr' id='par_1_91' title="bbox 626 4673 3863 4768">
     <span class='ocr_line' id='line_1_91' title="bbox 626 4673 3863 4768; baseline -0.002 -39"><span class='ocrx_word' id='word_1_726' title='bbox 626 4675 837 4745; x_wconf 75' lang='lat' dir='ltr'><strong>replevit</strong></span> <span class='ocrx_word' id='word_1_727' title='bbox 859 4673 1033 4728; x_wconf 84' lang='lat' dir='ltr'><strong>orbem</strong></span> <span class='ocrx_word' id='word_1_728' title='bbox 1075 4683 1355 4739; x_wconf 87' lang='lat' dir='ltr'><strong>terrarum;</strong></span> <span class='ocrx_word' id='word_1_729' title='bbox 1385 4681 1436 4728; x_wconf 88' lang='lat' dir='ltr'><strong>et</strong></span> <span class='ocrx_word' id='word_1_730' title='bbox 1464 4673 1559 4728; x_wconf 82' lang='lat' dir='ltr'><strong>hoc</strong></span> <span class='ocrx_word' id='word_1_731' title='bbox 1587 4673 1722 4746; x_wconf 87' lang='lat' dir='ltr'><strong>quod</strong></span> <span class='ocrx_word' id='word_1_732' title='bbox 1761 4676 1990 4729; x_wconf 87' lang='lat' dir='ltr'><strong>continet</strong></span> <span class='ocrx_word' id='word_1_733' title='bbox 2019 4675 2215 4743; x_wconf 87' lang='lat' dir='ltr'><strong>omnia,</strong></span> <span class='ocrx_word' id='word_1_734' title='bbox 2248 4707 2303 4768; x_wconf 70' lang='grc' dir='ltr'><strong>Β</strong></span> <span class='ocrx_word' id='word_1_735' title='bbox 2325 4695 2410 4742; x_wconf 69' lang='grc' dir='ltr'><strong>εει</strong></span> <span class='ocrx_word' id='word_1_736' title='bbox 2456 4687 2688 4741; x_wconf 71' lang='lat' dir='ltr'><strong>humana</strong></span> <span class='ocrx_word' id='word_1_737' title='bbox 2733 4694 2942 4750; x_wconf 56' lang='lat' dir='ltr'><strong>natura,</strong></span> <span class='ocrx_word' id='word_1_738' title='bbox 2976 4684 3140 4740; x_wconf 65' lang='lat' dir='ltr'><strong>trium</strong></span> <span class='ocrx_word' id='word_1_739' title='bbox 3185 4685 3554 4755; x_wconf 57' lang='lat' dir='ltr'><strong>quorumlibet</strong></span> <span class='ocrx_word' id='word_1_740' title='bbox 3598 4673 3863 4734; x_wconf 74' lang='lat' dir='ltr'><strong>hominum:</strong></span> 
     </span>
    </p>
   </div>
   <div class='ocr_carea' id='block_1_92' title="bbox 629 4759 2218 4843">
    <p class='ocr_par' dir='ltr' id='par_1_92' title="bbox 629 4759 2218 4843">
     <span class='ocr_line' id='line_1_92' title="bbox 629 4759 2218 4843; baseline 0.002 -21"><span class='ocrx_word' id='word_1_741' title='bbox 629 4769 899 4822; x_wconf 86' lang='lat' dir='ltr'><strong>scientiam</strong></span> <span class='ocrx_word' id='word_1_742' title='bbox 929 4766 1082 4822; x_wconf 82' lang='lat' dir='ltr'><strong>habet</strong></span> <span class='ocrx_word' id='word_1_743' title='bbox 1109 4767 1246 4822; x_wconf 80' lang='lat' dir='ltr'><strong>vocis</strong></span> <span class='ocrx_word' id='word_1_744' title='bbox 1277 4766 1431 4843; x_wconf 83' lang='lat' dir='ltr'><strong>(Sap.</strong></span> <span class='ocrx_word' id='word_1_745' title='bbox 1463 4783 1502 4836; x_wconf 86' lang='grc' dir='ltr'>ι,</span> <span class='ocrx_word' id='word_1_746' title='bbox 1527 4766 1602 4840; x_wconf 89' lang='lat'><strong>7).</strong></span> <span class='ocrx_word' id='word_1_747' title='bbox 1626 4759 1900 4825; x_wconf 83' lang='lat' dir='ltr'><strong>Invenitur</strong></span> <span class='ocrx_word' id='word_1_748' title='bbox 1926 4777 2106 4824; x_wconf 89' lang='lat' dir='ltr'><strong>autem</strong></span> <span class='ocrx_word' id='word_1_749' title='bbox 2127 4769 2218 4825; x_wconf 89' lang='lat' dir='ltr'><strong>hic</strong></span> 
     </span>
    </p>
   </div>
   <div class='ocr_carea' id='block_1_93' title="bbox 629 4858 2217 4931">
    <p class='ocr_par' dir='ltr' id='par_1_93' title="bbox 629 4858 2217 4931">
     <span class='ocr_line' id='line_1_93' title="bbox 629 4858 2217 4931; baseline -0.001 -15"><span class='ocrx_word' id='word_1_750' title='bbox 629 4875 824 4916; x_wconf 90' lang='lat' dir='ltr'><strong>vocem</strong></span> <span class='ocrx_word' id='word_1_751' title='bbox 851 4859 1028 4915; x_wconf 90' lang='lat' dir='ltr'><strong>cordis</strong></span> <span class='ocrx_word' id='word_1_752' title='bbox 1053 4858 1402 4930; x_wconf 85' lang='lat' dir='ltr'><strong>significasse,</strong></span> <span class='ocrx_word' id='word_1_753' title='bbox 1426 4875 1534 4915; x_wconf 89' lang='lat' dir='ltr'><strong>non</strong></span> <span class='ocrx_word' id='word_1_754' title='bbox 1563 4861 1830 4931; x_wconf 88' lang='lat' dir='ltr'><strong>corporis,</strong></span> <span class='ocrx_word' id='word_1_755' title='bbox 1854 4877 2040 4917; x_wconf 91' lang='lat' dir='ltr'><strong>vocem</strong></span> <span class='ocrx_word' id='word_1_756' title='bbox 2070 4860 2217 4918; x_wconf 90' lang='lat' dir='ltr'><strong>scili-</strong></span> 
     </span>
    </p>
   </div>
   <div class='ocr_carea' id='block_1_94' title="bbox 629 4953 2219 5026">
    <p class='ocr_par' dir='ltr' id='par_1_94' title="bbox 629 4953 2219 5026">
     <span class='ocr_line' id='line_1_94' title="bbox 629 4953 2219 5026; baseline -0.002 -14"><span class='ocrx_word' id='word_1_757' title='bbox 629 4962 718 5012; x_wconf 88' lang='lat' dir='ltr'><strong>cet</strong></span> <span class='ocrx_word' id='word_1_758' title='bbox 745 4970 852 5010; x_wconf 89' lang='lat' dir='ltr'><strong>non</strong></span> <span class='ocrx_word' id='word_1_759' title='bbox 875 4969 1152 5025; x_wconf 63' lang='lat' dir='ltr'><strong>corporeae</strong></span> <span class='ocrx_word' id='word_1_760' title='bbox 1179 4954 1485 5020; x_wconf 89' lang='lat' dir='ltr'><strong>locutionis,</strong></span> <span class='ocrx_word' id='word_1_761' title='bbox 1511 4954 1606 5012; x_wconf 90' lang='lat' dir='ltr'><strong>sed</strong></span> <span class='ocrx_word' id='word_1_762' title='bbox 1631 4955 1834 5010; x_wconf 73' lang='lat' dir='ltr'><strong>intimm</strong></span> <span class='ocrx_word' id='word_1_763' title='bbox 1855 4953 2219 5026; x_wconf 86' lang='lat' dir='ltr'><strong>cogitationis.</strong></span> 
     </span>
    </p>
   </div>
   <div class='ocr_carea' id='block_1_95' title="bbox 588 5042 2218 5117">
    <p class='ocr_par' dir='ltr' id='par_1_95' title="bbox 588 5042 2218 5117">
     <span class='ocr_line' id='line_1_95' title="bbox 588 5042 2218 5117; baseline -0.001 -13"><span class='ocrx_word' id='word_1_764' title='bbox 588 5042 830 5104; x_wconf 74' lang='lat' dir='ltr'><strong>’Vocem</strong></span> <span class='ocrx_word' id='word_1_765' title='bbox 874 5047 1038 5112; x_wconf 90' lang='lat' dir='ltr'><strong>illam,</strong></span> <span class='ocrx_word' id='word_1_766' title='bbox 1089 5061 1251 5117; x_wconf 92' lang='lat' dir='ltr'><strong>quam</strong></span> <span class='ocrx_word' id='word_1_767' title='bbox 1301 5048 1448 5104; x_wconf 91' lang='lat' dir='ltr'><strong>solus</strong></span> <span class='ocrx_word' id='word_1_768' title='bbox 1501 5048 1643 5104; x_wconf 90' lang='lat' dir='ltr'><strong>Deus</strong></span> <span class='ocrx_word' id='word_1_769' title='bbox 1690 5047 1840 5103; x_wconf 89' lang='lat' dir='ltr'><strong>audit</strong></span> <span class='ocrx_word' id='word_1_770' title='bbox 1875 5047 2218 5116; x_wconf 89' lang='lat' dir='ltr'><strong>clamantem,</strong></span> 
     </span>
    </p>
   </div>
   <div class='ocr_carea' id='block_1_96' title="bbox 630 5137 2225 5213">
    <p class='ocr_par' dir='ltr' id='par_1_96' title="bbox 630 5137 2225 5213">
     <span class='ocr_line' id='line_1_96' title="bbox 630 5137 2225 5213; baseline 0.002 -19"><span class='ocrx_word' id='word_1_771' title='bbox 630 5139 848 5210; x_wconf 88' lang='lat' dir='ltr'><strong>quando</strong></span> <span class='ocrx_word' id='word_1_772' title='bbox 889 5140 942 5194; x_wconf 90' lang='lat' dir='ltr'><strong>in</strong></span> <span class='ocrx_word' id='word_1_773' title='bbox 969 5139 1184 5196; x_wconf 88' lang='lat' dir='ltr'><strong>occulto</strong></span> <span class='ocrx_word' id='word_1_774' title='bbox 1209 5139 1356 5196; x_wconf 89' lang='lat' dir='ltr'><strong>solus</strong></span> <span class='ocrx_word' id='word_1_775' title='bbox 1385 5141 1578 5213; x_wconf 87' lang='lat' dir='ltr'><strong>aspicit</strong></span> <span class='ocrx_word' id='word_1_776' title='bbox 1606 5141 1955 5211; x_wconf 88' lang='lat' dir='ltr'><strong>cogitantem.</strong></span> <span class='ocrx_word' id='word_1_777' title='bbox 1985 5137 2112 5199; x_wconf 75' lang='lat' dir='ltr'><strong>ideo</strong></span> <span class='ocrx_word' id='word_1_778' title='bbox 2139 5156 2225 5197; x_wconf 87' lang='lat' dir='ltr'><strong>se-</strong></span> 
     </span>
    </p>
   </div>
   <div class='ocr_carea' id='block_1_97' title="bbox 629 5230 2226 5306">
    <p class='ocr_par' dir='ltr' id='par_1_97' title="bbox 629 5230 2226 5306">
     <span class='ocr_line' id='line_1_97' title="bbox 629 5230 2226 5306; baseline 0.001 -19"><span class='ocrx_word' id='word_1_779' title='bbox 629 5233 813 5302; x_wconf 87' lang='lat' dir='ltr'><strong>quitur</strong></span> <span class='ocrx_word' id='word_1_780' title='bbox 852 5233 1074 5289; x_wconf 82' lang='lat' dir='ltr'><strong>dicens:</strong></span> <span class='ocrx_word' id='word_1_781' title='bbox 1106 5230 1333 5305; x_wconf 84' lang='lat' dir='ltr'><strong>Propter</strong></span> <span class='ocrx_word' id='word_1_782' title='bbox 1359 5234 1455 5290; x_wconf 82' lang='lat' dir='ltr'><strong>hoc</strong></span> <span class='ocrx_word' id='word_1_783' title='bbox 1501 5235 1586 5306; x_wconf 89' lang='lat' dir='ltr'><strong>qui</strong></span> <span class='ocrx_word' id='word_1_784' title='bbox 1614 5234 1840 5305; x_wconf 85' lang='lat' dir='ltr'><strong>loquitur</strong></span> <span class='ocrx_word' id='word_1_785' title='bbox 1890 5234 2088 5306; x_wconf 86' lang='lat' dir='ltr'><strong>iniqua,</strong></span> <span class='ocrx_word' id='word_1_786' title='bbox 2119 5251 2226 5289; x_wconf 89' lang='lat' dir='ltr'><strong>non</strong></span> 
     </span>
    </p>
   </div>
   <div class='ocr_carea' id='block_1_98' title="bbox 633 5324 2224 5397">
    <p class='ocr_par' dir='ltr' id='par_1_98' title="bbox 633 5324 2224 5397">
     <span class='ocr_line' id='line_1_98' title="bbox 633 5324 2224 5397; baseline 0 -17"><span class='ocrx_word' id='word_1_787' title='bbox 633 5333 800 5397; x_wconf 79' lang='lat' dir='ltr'><strong>potest</strong></span> <span class='ocrx_word' id='word_1_788' title='bbox 825 5324 1018 5391; x_wconf 79' lang='lat' dir='ltr'><strong>latere;</strong></span> <span class='ocrx_word' id='word_1_789' title='bbox 1042 5325 1135 5380; x_wconf 86' lang='lat' dir='ltr'><strong>sed</strong></span> <span class='ocrx_word' id='word_1_790' title='bbox 1165 5340 1259 5379; x_wconf 86' lang='lat' dir='ltr'><strong>nec</strong></span> <span class='ocrx_word' id='word_1_791' title='bbox 1299 5327 1558 5395; x_wconf 77' lang='lat' dir='ltr'><strong>prteteriet</strong></span> <span class='ocrx_word' id='word_1_792' title='bbox 1596 5325 1743 5380; x_wconf 82' lang='lat' dir='ltr'><strong>illum</strong></span> <span class='ocrx_word' id='word_1_793' title='bbox 1772 5326 2057 5396; x_wconf 86' lang='lat' dir='ltr'><strong>corripiens</strong></span> <span class='ocrx_word' id='word_1_794' title='bbox 2074 5325 2224 5396; x_wconf 57' lang='grc' dir='ltr'>ιιιάί-</span> 
     </span>
    </p>
   </div>
   <div class='ocr_carea' id='block_1_99' title="bbox 632 5413 2227 5491">
    <p class='ocr_par' dir='ltr' id='par_1_99' title="bbox 632 5413 2227 5491">
     <span class='ocr_line' id='line_1_99' title="bbox 632 5413 2227 5491; baseline 0.001 -21"><span class='ocrx_word' id='word_1_795' title='bbox 632 5417 770 5471; x_wconf 83' lang='lat' dir='ltr'><strong>cium</strong></span> <span class='ocrx_word' id='word_1_796' title='bbox 799 5431 948 5471; x_wconf 84' lang='lat' dir='ltr'><strong>suum</strong></span> <span class='ocrx_word' id='word_1_797' title='bbox 981 5415 1171 5491; x_wconf 84' lang='lat' dir='ltr'><strong>(Ibid.,</strong></span> <span class='ocrx_word' id='word_1_798' title='bbox 1206 5413 1286 5486; x_wconf 89' lang='lat'><strong>8).</strong></span> <span class='ocrx_word' id='word_1_799' title='bbox 1312 5415 1617 5471; x_wconf 85' lang='lat' dir='ltr'><strong>Ostendens</strong></span> <span class='ocrx_word' id='word_1_800' title='bbox 1657 5424 1836 5471; x_wconf 89' lang='lat' dir='ltr'><strong>autem</strong></span> <span class='ocrx_word' id='word_1_801' title='bbox 1883 5415 1973 5470; x_wconf 90' lang='lat' dir='ltr'><strong>ubi</strong></span> <span class='ocrx_word' id='word_1_802' title='bbox 2007 5417 2078 5472; x_wconf 88' lang='lat' dir='ltr'><strong>sit</strong></span> <span class='ocrx_word' id='word_1_803' title='bbox 2113 5416 2227 5472; x_wconf 76' lang='lat' dir='ltr'><strong>tunc</strong></span> 
     </span>
    </p>
   </div>
   <div class='ocr_carea' id='block_1_100' title="bbox 632 5507 2228 5578">
    <p class='ocr_par' dir='ltr' id='par_1_100' title="bbox 632 5507 2228 5578">
     <span class='ocr_line' id='line_1_100' title="bbox 632 5507 2228 5578; baseline 0.001 -14"><span class='ocrx_word' id='word_1_804' title='bbox 632 5507 819 5578; x_wconf 87' lang='lat' dir='ltr'><strong>iniqua</strong></span> <span class='ocrx_word' id='word_1_805' title='bbox 848 5507 1050 5565; x_wconf 88' lang='lat' dir='ltr'><strong>locutio</strong></span> <span class='ocrx_word' id='word_1_806' title='bbox 1067 5551 1081 5576; x_wconf 95' lang='lat'><strong>,</strong></span> <span class='ocrx_word' id='word_1_807' title='bbox 1117 5516 1178 5563; x_wconf 91' lang='lat' dir='ltr'><strong>ut</strong></span> <span class='ocrx_word' id='word_1_808' title='bbox 1205 5516 1532 5578; x_wconf 89' lang='lat' dir='ltr'><strong>agnoscatur</strong></span> <span class='ocrx_word' id='word_1_809' title='bbox 1553 5508 1895 5563; x_wconf 61' lang='lat' dir='ltr'><strong>conscientia:</strong></span> <span class='ocrx_word' id='word_1_810' title='bbox 1922 5507 2094 5577; x_wconf 90' lang='lat' dir='ltr'><strong>magis</strong></span> <span class='ocrx_word' id='word_1_811' title='bbox 2109 5524 2228 5566; x_wconf 89' lang='lat' dir='ltr'><strong>esse</strong></span> 
     </span>
    </p>
   </div>
   <div class='ocr_carea' id='block_1_101' title="bbox 634 5595 2232 5670">
    <p class='ocr_par' dir='ltr' id='par_1_101' title="bbox 634 5595 2232 5670">
     <span class='ocr_line' id='line_1_101' title="bbox 634 5595 2232 5670; baseline -0.001 -15"><span class='ocrx_word' id='word_1_812' title='bbox 634 5613 798 5670; x_wconf 90' lang='lat' dir='ltr'><strong>quam</strong></span> <span class='ocrx_word' id='word_1_813' title='bbox 851 5599 1067 5670; x_wconf 64' lang='lat' dir='ltr'><strong>linguae,</strong></span> <span class='ocrx_word' id='word_1_814' title='bbox 1125 5600 1230 5655; x_wconf 92' lang='lat' dir='ltr'><strong>boc</strong></span> <span class='ocrx_word' id='word_1_815' title='bbox 1273 5606 1462 5654; x_wconf 90' lang='lat' dir='ltr'><strong>sancta</strong></span> <span class='ocrx_word' id='word_1_816' title='bbox 1517 5595 1792 5668; x_wconf 87' lang='lat' dir='ltr'><strong>Scriptura</strong></span> <span class='ocrx_word' id='word_1_817' title='bbox 1841 5597 2232 5668; x_wconf 88' lang='lat' dir='ltr'><strong>subsequenter</strong></span> 
     </span>
    </p>
   </div>
   <div class='ocr_carea' id='block_1_102' title="bbox 635 5691 2237 5766">
    <p class='ocr_par' dir='ltr' id='par_1_102' title="bbox 635 5691 2237 5766">
     <span class='ocr_line' id='line_1_102' title="bbox 635 5691 2237 5766; baseline -0.002 -17"><span class='ocrx_word' id='word_1_818' title='bbox 635 5695 870 5765; x_wconf 86' lang='lat' dir='ltr'><strong>aperuit,</strong></span> <span class='ocrx_word' id='word_1_819' title='bbox 892 5694 1105 5750; x_wconf 87' lang='lat' dir='ltr'><strong>dicens:</strong></span> <span class='ocrx_word' id='word_1_820' title='bbox 1126 5691 1193 5748; x_wconf 85' lang='lat' dir='ltr'><strong>In</strong></span> <span class='ocrx_word' id='word_1_821' title='bbox 1215 5691 1614 5766; x_wconf 84' lang='lat' dir='ltr'><strong>cogitationibus</strong></span> <span class='ocrx_word' id='word_1_822' title='bbox 1629 5692 1764 5747; x_wconf 88' lang='lat' dir='ltr'><strong>enim</strong></span> <span class='ocrx_word' id='word_1_823' title='bbox 1782 5692 1929 5763; x_wconf 87' lang='lat' dir='ltr'><strong>impii</strong></span> <span class='ocrx_word' id='word_1_824' title='bbox 1942 5693 2237 5764; x_wconf 85' lang='lat' dir='ltr'><strong>interroga-</strong></span> 
     </span>
    </p>
   </div>
   <div class='ocr_carea' id='block_1_103' title="bbox 631 5779 2237 5859">
    <p class='ocr_par' dir='ltr' id='par_1_103' title="bbox 631 5779 2237 5859">
     <span class='ocr_line' id='line_1_103' title="bbox 631 5779 2237 5859; baseline -0.001 -18"><span class='ocrx_word' id='word_1_825' title='bbox 631 5787 706 5852; x_wconf 65' lang='lat' dir='ltr'><strong>;io</strong></span> <span class='ocrx_word' id='word_1_826' title='bbox 733 5787 831 5841; x_wconf 89' lang='lat' dir='ltr'><strong>erit</strong></span> <span class='ocrx_word' id='word_1_827' title='bbox 854 5786 1040 5859; x_wconf 83' lang='lat' dir='ltr'><strong>(Ibid..</strong></span> <span class='ocrx_word' id='word_1_828' title='bbox 1070 5785 1149 5858; x_wconf 90' lang='lat'><strong>9).</strong></span> <span class='ocrx_word' id='word_1_829' title='bbox 1170 5783 1298 5842; x_wconf 71' lang='lat' dir='ltr'><strong>Haec</strong></span> <span class='ocrx_word' id='word_1_830' title='bbox 1313 5785 1434 5841; x_wconf 92' lang='lat' dir='ltr'><strong>ideo</strong></span> <span class='ocrx_word' id='word_1_831' title='bbox 1447 5785 1557 5842; x_wconf 79' lang='lat' dir='ltr'><strong>dixi</strong></span> <span class='ocrx_word' id='word_1_832' title='bbox 1573 5792 1797 5856; x_wconf 87' lang='lat' dir='ltr'><strong>propter</strong></span> <span class='ocrx_word' id='word_1_833' title='bbox 1809 5779 1955 5854; x_wconf 87' lang='lat' dir='ltr'><strong>quod</strong></span> <span class='ocrx_word' id='word_1_834' title='bbox 1971 5782 2037 5839; x_wconf 90' lang='lat' dir='ltr'><strong>de</strong></span> <span class='ocrx_word' id='word_1_835' title='bbox 2049 5783 2237 5855; x_wconf 75' lang='lat' dir='ltr'><strong>sancto</strong></span> 
     </span>
    </p>
   </div>
   <div class='ocr_carea' id='block_1_104' title="bbox 636 5876 2240 5952">
    <p class='ocr_par' dir='ltr' id='par_1_104' title="bbox 636 5876 2240 5952">
     <span class='ocr_line' id='line_1_104' title="bbox 636 5876 2240 5952; baseline -0.001 -18"><span class='ocrx_word' id='word_1_836' title='bbox 636 5876 842 5948; x_wconf 86' lang='lat' dir='ltr'><strong>Spiritu</strong></span> <span class='ocrx_word' id='word_1_837' title='bbox 868 5879 1084 5945; x_wconf 89' lang='lat' dir='ltr'><strong>dicitur,</strong></span> <span class='ocrx_word' id='word_1_838' title='bbox 1128 5879 1254 5949; x_wconf 88' lang='lat' dir='ltr'><strong>quia</strong></span> <span class='ocrx_word' id='word_1_839' title='bbox 1283 5878 1420 5952; x_wconf 85' lang='lat' dir='ltr'><strong>quod</strong></span> <span class='ocrx_word' id='word_1_840' title='bbox 1463 5878 1692 5934; x_wconf 87' lang='lat' dir='ltr'><strong>continet</strong></span> <span class='ocrx_word' id='word_1_841' title='bbox 1737 5876 1934 5945; x_wconf 86' lang='lat' dir='ltr'><strong>omnia,</strong></span> <span class='ocrx_word' id='word_1_842' title='bbox 1966 5877 2240 5950; x_wconf 79' lang='lat' dir='ltr'><strong>scientiam</strong></span> 
     </span>
    </p>
   </div>
   <div class='ocr_carea' id='block_1_105' title="bbox 631 5965 2227 6040">
    <p class='ocr_par' dir='ltr' id='par_1_105' title="bbox 631 5965 2227 6040">
     <span class='ocr_line' id='line_1_105' title="bbox 631 5965 2227 6040; baseline 0.002 -18"><span class='ocrx_word' id='word_1_843' title='bbox 631 5965 792 6024; x_wconf 71' lang='lat' dir='ltr'><strong>habet</strong></span> <span class='ocrx_word' id='word_1_844' title='bbox 833 5970 991 6024; x_wconf 75' lang='lat' dir='ltr'><strong>vocis.</strong></span> <span class='ocrx_word' id='word_1_845' title='bbox 1035 5969 1226 6026; x_wconf 90' lang='lat' dir='ltr'><strong>Omnia</strong></span> <span class='ocrx_word' id='word_1_846' title='bbox 1264 5970 1465 6040; x_wconf 85' lang='lat' dir='ltr'><strong>quippe</strong></span> <span class='ocrx_word' id='word_1_847' title='bbox 1507 5970 1796 6026; x_wconf 87' lang='lat' dir='ltr'><strong>continens</strong></span> <span class='ocrx_word' id='word_1_848' title='bbox 1840 5983 1951 6026; x_wconf 88' lang='lat' dir='ltr'><strong>non</strong></span> <span class='ocrx_word' id='word_1_849' title='bbox 1996 5974 2080 6025; x_wconf 88' lang='lat' dir='ltr'><strong>est</strong></span> <span class='ocrx_word' id='word_1_850' title='bbox 2121 5969 2227 6025; x_wconf 89' lang='lat' dir='ltr'><strong>mi-</strong></span> 
     </span>
    </p>
   </div>
   <div class='ocr_carea' id='block_1_106' title="bbox 2324 4760 3870 4856">
    <p class='ocr_par' dir='ltr' id='par_1_106' title="bbox 2324 4760 3870 4856">
     <span class='ocr_line' id='line_1_106' title="bbox 2324 4760 3870 4856; baseline -0.011 -23"><span class='ocrx_word' id='word_1_851' title='bbox 2324 4793 2553 4848; x_wconf 91' lang='lat' dir='ltr'><strong>quorum</strong></span> <span class='ocrx_word' id='word_1_852' title='bbox 2581 4777 2660 4833; x_wconf 90' lang='lat' dir='ltr'><strong>sic</strong></span> <span class='ocrx_word' id='word_1_853' title='bbox 2687 4784 2772 4833; x_wconf 89' lang='lat' dir='ltr'><strong>est</strong></span> <span class='ocrx_word' id='word_1_854' title='bbox 2792 4792 2899 4831; x_wconf 89' lang='lat' dir='ltr'><strong>una</strong></span> <span class='ocrx_word' id='word_1_855' title='bbox 2928 4784 3140 4840; x_wconf 89' lang='lat' dir='ltr'><strong>natura,</strong></span> <span class='ocrx_word' id='word_1_856' title='bbox 3163 4784 3224 4832; x_wconf 91' lang='lat' dir='ltr'><strong>ut</strong></span> <span class='ocrx_word' id='word_1_857' title='bbox 3244 4791 3433 4832; x_wconf 90' lang='lat' dir='ltr'><strong>eorum</strong></span> <span class='ocrx_word' id='word_1_858' title='bbox 3455 4784 3631 4830; x_wconf 91' lang='lat' dir='ltr'><strong>tamen</strong></span> <span class='ocrx_word' id='word_1_859' title='bbox 3653 4775 3703 4825; x_wconf 91' lang='lat' dir='ltr'><strong>et</strong></span> <span class='ocrx_word' id='word_1_860' title='bbox 3717 4760 3870 4856; x_wconf 51' lang='lat' dir='ltr'><strong>abitat!</strong></span> 
     </span>
    </p>
   </div>
   <div class='ocr_carea' id='block_1_107' title="bbox 2326 4851 3860 4940">
    <p class='ocr_par' dir='ltr' id='par_1_107' title="bbox 2326 4851 3860 4940">
     <span class='ocr_line' id='line_1_107' title="bbox 2326 4851 3860 4940; baseline -0.018 -16"><span class='ocrx_word' id='word_1_861' title='bbox 2326 4876 2657 4940; x_wconf 83' lang='lat' dir='ltr'><strong>separentur.</strong></span> <span class='ocrx_word' id='word_1_862' title='bbox 2675 4876 2730 4924; x_wconf 90' lang='lat' dir='ltr'><strong>et</strong></span> <span class='ocrx_word' id='word_1_863' title='bbox 2757 4882 2990 4938; x_wconf 89' lang='lat' dir='ltr'><strong>corpora</strong></span> <span class='ocrx_word' id='word_1_864' title='bbox 3015 4886 3028 4920; x_wconf 90' lang='lat'>:</span> <span class='ocrx_word' id='word_1_865' title='bbox 3059 4881 3291 4938; x_wconf 86' lang='lat' dir='ltr'><strong>cumque</strong></span> <span class='ocrx_word' id='word_1_866' title='bbox 3311 4868 3383 4923; x_wconf 86' lang='lat' dir='ltr'><strong>sit</strong></span> <span class='ocrx_word' id='word_1_867' title='bbox 3411 4867 3465 4923; x_wconf 88' lang='lat' dir='ltr'><strong>in</strong></span> <span class='ocrx_word' id='word_1_868' title='bbox 3491 4863 3659 4921; x_wconf 81' lang='lat' dir='ltr'><strong>tribus</strong></span> <span class='ocrx_word' id='word_1_869' title='bbox 3682 4851 3860 4914; x_wconf 71' lang='lat' dir='ltr'><strong>beluini-</strong></span> 
     </span>
    </p>
   </div>
   <div class='ocr_carea' id='block_1_108' title="bbox 2326 4941 3869 5026">
    <p class='ocr_par' dir='ltr' id='par_1_108' title="bbox 2326 4941 3869 5026">
     <span class='ocr_line' id='line_1_108' title="bbox 2326 4941 3869 5026; baseline -0.01 -9"><span class='ocrx_word' id='word_1_870' title='bbox 2326 4961 2426 5020; x_wconf 88' lang='lat' dir='ltr'><strong>bus</strong></span> <span class='ocrx_word' id='word_1_871' title='bbox 2455 4963 2628 5016; x_wconf 90' lang='lat' dir='ltr'><strong>unitas</strong></span> <span class='ocrx_word' id='word_1_872' title='bbox 2656 4960 2946 5026; x_wconf 88' lang='lat' dir='ltr'><strong>naturalis,</strong></span> <span class='ocrx_word' id='word_1_873' title='bbox 2979 4958 3178 5016; x_wconf 89' lang='lat' dir='ltr'><strong>nullius</strong></span> <span class='ocrx_word' id='word_1_874' title='bbox 3220 4967 3401 5016; x_wconf 85' lang='lat' dir='ltr'><strong>tamen</strong></span> <span class='ocrx_word' id='word_1_875' title='bbox 3449 4967 3532 5016; x_wconf 90' lang='lat' dir='ltr'><strong>est</strong></span> <span class='ocrx_word' id='word_1_876' title='bbox 3565 4967 3679 5010; x_wconf 89' lang='lat' dir='ltr'><strong>cum</strong></span> <span class='ocrx_word' id='word_1_877' title='bbox 3703 4941 3869 5004; x_wconf 68' lang='lat' dir='ltr'><strong>dnob“3</strong></span> 
     </span>
    </p>
   </div>
   <div class='ocr_carea' id='block_1_109' title="bbox 2329 5027 3868 5121">
    <p class='ocr_par' dir='ltr' id='par_1_109' title="bbox 2329 5027 3868 5121">
     <span class='ocr_line' id='line_1_109' title="bbox 2329 5027 3868 5121; baseline -0.01 -12"><span class='ocrx_word' id='word_1_878' title='bbox 2329 5069 2478 5120; x_wconf 82' lang='lat' dir='ltr'><strong>caro,</strong></span> <span class='ocrx_word' id='word_1_879' title='bbox 2511 5053 2758 5109; x_wconf 91' lang='lat' dir='ltr'><strong>animave</strong></span> <span class='ocrx_word' id='word_1_880' title='bbox 2779 5052 3100 5108; x_wconf 90' lang='lat' dir='ltr'><strong>communis.</strong></span> <span class='ocrx_word' id='word_1_881' title='bbox 3134 5049 3273 5107; x_wconf 81' lang='lat' dir='ltr'><strong>Hinc</strong></span> <span class='ocrx_word' id='word_1_882' title='bbox 3299 5059 3386 5106; x_wconf 88' lang='lat' dir='ltr'><strong>est</strong></span> <span class='ocrx_word' id='word_1_883' title='bbox 3411 5048 3555 5121; x_wconf 90' lang='lat' dir='ltr'><strong>quod</strong></span> <span class='ocrx_word' id='word_1_884' title='bbox 3583 5033 3792 5113; x_wconf 79' lang='lat' dir='ltr'><strong>separari</strong></span> <span class='ocrx_word' id='word_1_885' title='bbox 3815 5027 3868 5082; x_wconf 72' lang='lat' dir='ltr'><strong>Ib</strong></span> 
     </span>
    </p>
   </div>
   <div class='ocr_carea' id='block_1_110' title="bbox 2334 5129 3866 5215">
    <p class='ocr_par' dir='ltr' id='par_1_110' title="bbox 2334 5129 3866 5215">
     <span class='ocr_line' id='line_1_110' title="bbox 2334 5129 3866 5215; baseline -0.008 -15"><span class='ocrx_word' id='word_1_886' title='bbox 2334 5144 2564 5201; x_wconf 83' lang='lat' dir='ltr'><strong>invicem</strong></span> <span class='ocrx_word' id='word_1_887' title='bbox 2593 5152 2855 5204; x_wconf 65' lang='lat' dir='ltr'><strong>creaturae</strong></span> <span class='ocrx_word' id='word_1_888' title='bbox 2874 5143 3130 5215; x_wconf 74' lang='lat' dir='ltr'><strong>quzclibet</strong></span> <span class='ocrx_word' id='word_1_889' title='bbox 3148 5137 3629 5198; x_wconf 85' lang='lat' dir='ltr'><strong>consubstantiales</strong></span> <span class='ocrx_word' id='word_1_890' title='bbox 3647 5129 3866 5204; x_wconf 60' lang='lat' dir='ltr'><strong>possm“?</strong></span> 
     </span>
    </p>
   </div>
   <div class='ocr_carea' id='block_1_111' title="bbox 2329 5222 3862 5312">
    <p class='ocr_par' dir='ltr' id='par_1_111' title="bbox 2329 5222 3862 5312">
     <span class='ocr_line' id='line_1_111' title="bbox 2329 5222 3862 5312; baseline 0.005 -20"><span class='ocrx_word' id='word_1_891' title='bbox 2329 5237 2456 5308; x_wconf 91' lang='lat' dir='ltr'><strong>quia</strong></span> <span class='ocrx_word' id='word_1_892' title='bbox 2477 5237 2698 5309; x_wconf 65' lang='lat' dir='ltr'><strong>singula</strong></span> <span class='ocrx_word' id='word_1_893' title='bbox 2725 5253 2908 5294; x_wconf 90' lang='lat' dir='ltr'><strong>earum</strong></span> <span class='ocrx_word' id='word_1_894' title='bbox 2945 5243 3074 5292; x_wconf 68' lang='lat' dir='ltr'><strong>tota:</strong></span> <span class='ocrx_word' id='word_1_895' title='bbox 3102 5234 3303 5304; x_wconf 85' lang='lat' dir='ltr'><strong>ubique</strong></span> <span class='ocrx_word' id='word_1_896' title='bbox 3339 5248 3460 5290; x_wconf 90' lang='lat' dir='ltr'><strong>esse</strong></span> <span class='ocrx_word' id='word_1_897' title='bbox 3507 5245 3612 5286; x_wconf 92' lang='lat' dir='ltr'><strong>non</strong></span> <span class='ocrx_word' id='word_1_898' title='bbox 3645 5222 3862 5312; x_wconf 53' lang='lat' dir='ltr'><strong>P055“_‘_“,:</strong></span> 
     </span>
    </p>
   </div>
   <div class='ocr_carea' id='block_1_112' title="bbox 2332 5305 3866 5397">
    <p class='ocr_par' dir='ltr' id='par_1_112' title="bbox 2332 5305 3866 5397">
     <span class='ocr_line' id='line_1_112' title="bbox 2332 5305 3866 5397; baseline -0.017 -15"><span class='ocrx_word' id='word_1_899' title='bbox 2332 5305 2456 5382; x_wconf 79' lang='lat' dir='ltr'><strong>nam</strong></span> <span class='ocrx_word' id='word_1_900' title='bbox 2478 5305 2672 5386; x_wconf 78' lang='lat' dir='ltr'><strong>etcum</strong></span> <span class='ocrx_word' id='word_1_901' title='bbox 2694 5327 2749 5383; x_wconf 90' lang='lat' dir='ltr'><strong>in</strong></span> <span class='ocrx_word' id='word_1_902' title='bbox 2771 5329 2874 5384; x_wconf 86' lang='lat' dir='ltr'><strong>illis</strong></span> <span class='ocrx_word' id='word_1_903' title='bbox 2888 5327 2947 5381; x_wconf 84' lang='lat' dir='ltr'><strong>fit</strong></span> <span class='ocrx_word' id='word_1_904' title='bbox 2966 5341 3065 5397; x_wconf 89' lang='lat' dir='ltr'><strong>per</strong></span> <span class='ocrx_word' id='word_1_905' title='bbox 3084 5325 3314 5395; x_wconf 88' lang='lat' dir='ltr'><strong>gratiam</strong></span> <span class='ocrx_word' id='word_1_906' title='bbox 3335 5321 3478 5389; x_wconf 84' lang='lat' dir='ltr'><strong>ﬁdei,</strong></span> <span class='ocrx_word' id='word_1_907' title='bbox 3495 5329 3550 5377; x_wconf 90' lang='lat' dir='ltr'><strong>ut</strong></span> <span class='ocrx_word' id='word_1_908' title='bbox 3573 5305 3866 5397; x_wconf 68' lang='lat' dir='ltr'><strong>multiadinit</strong></span> 
     </span>
    </p>
   </div>
   <div class='ocr_carea' id='block_1_113' title="bbox 2329 5395 3868 5492">
    <p class='ocr_par' dir='ltr' id='par_1_113' title="bbox 2329 5395 3868 5492">
     <span class='ocr_line' id='line_1_113' title="bbox 2329 5395 3868 5492; baseline 0.005 -20"><span class='ocrx_word' id='word_1_909' title='bbox 2329 5418 2645 5474; x_wconf 83' lang='lat' dir='ltr'><strong>credentium</strong></span> <span class='ocrx_word' id='word_1_910' title='bbox 2671 5419 2742 5473; x_wconf 90' lang='lat' dir='ltr'><strong>sit</strong></span> <span class='ocrx_word' id='word_1_911' title='bbox 2768 5434 2858 5482; x_wconf 68' lang='lat' dir='ltr'><strong>cor</strong></span> <span class='ocrx_word' id='word_1_912' title='bbox 2881 5426 2932 5472; x_wconf 87' lang='lat' dir='ltr'><strong>et</strong></span> <span class='ocrx_word' id='word_1_913' title='bbox 2959 5395 3136 5472; x_wconf 77' lang='lat' dir='ltr'><strong>anima</strong></span> <span class='ocrx_word' id='word_1_914' title='bbox 3163 5432 3270 5470; x_wconf 84' lang='lat' dir='ltr'><strong>una</strong></span> <span class='ocrx_word' id='word_1_915' title='bbox 3293 5415 3430 5486; x_wconf 80' lang='lat' dir='ltr'><strong>(Act.</strong></span> <span class='ocrx_word' id='word_1_916' title='bbox 3455 5429 3524 5479; x_wconf 83' lang='lat' dir='ltr'><strong>tv,</strong></span> <span class='ocrx_word' id='word_1_917' title='bbox 3547 5407 3633 5477; x_wconf 71' lang='grc'><strong>59»)</strong></span> <span class='ocrx_word' id='word_1_918' title='bbox 3652 5421 3666 5471; x_wconf 69' lang='lat'><strong>3</strong></span> 
     </span>
    </p>
   </div>
   <div class='ocr_carea' id='block_1_114' title="bbox 2332 5483 3864 5582">
    <p class='ocr_par' dir='ltr' id='par_1_114' title="bbox 2332 5483 3864 5582">
     <span class='ocr_line' id='line_1_114' title="bbox 2332 5483 3864 5582; baseline -0.008 -16"><span class='ocrx_word' id='word_1_919' title='bbox 2332 5517 2516 5567; x_wconf 88' lang='lat' dir='ltr'><strong>tamen</strong></span> <span class='ocrx_word' id='word_1_920' title='bbox 2546 5511 2600 5566; x_wconf 91' lang='lat' dir='ltr'><strong>in</strong></span> <span class='ocrx_word' id='word_1_921' title='bbox 2627 5511 2875 5582; x_wconf 88' lang='lat' dir='ltr'><strong>personis</strong></span> <span class='ocrx_word' id='word_1_922' title='bbox 2900 5509 3141 5582; x_wconf 87' lang='lat' dir='ltr'><strong>separari</strong></span> <span class='ocrx_word' id='word_1_923' title='bbox 3169 5509 3414 5565; x_wconf 85' lang='lat' dir='ltr'><strong>locorum</strong></span> <span class='ocrx_word' id='word_1_924' title='bbox 3439 5506 3560 5568; x_wconf 90' lang='lat' dir='ltr'><strong>situ,</strong></span> <span class='ocrx_word' id='word_1_925' title='bbox 3585 5501 3698 5555; x_wconf 89' lang='lat' dir='ltr'><strong>licet</strong></span> <span class='ocrx_word' id='word_1_926' title='bbox 3720 5483 3864 5582; x_wconf 51' lang='lat' dir='ltr'><strong>coni&quot;</strong></span> 
     </span>
    </p>
   </div>
   <div class='ocr_carea' id='block_1_115' title="bbox 2341 5577 3867 5676">
    <p class='ocr_par' dir='ltr' id='par_1_115' title="bbox 2341 5577 3867 5676">
     <span class='ocr_line' id='line_1_115' title="bbox 2341 5577 3867 5676; baseline -0.001 -17"><span class='ocrx_word' id='word_1_927' title='bbox 2341 5620 2449 5660; x_wconf 93' lang='lat' dir='ltr'><strong>non</strong></span> <span class='ocrx_word' id='word_1_928' title='bbox 2479 5577 2801 5676; x_wconf 67' lang='lat' dir='ltr'><strong>separentur</strong></span> <span class='ocrx_word' id='word_1_929' title='bbox 2825 5577 3022 5661; x_wconf 71' lang='lat' dir='ltr'><strong>aﬂectu</strong></span> <span class='ocrx_word' id='word_1_930' title='bbox 3047 5621 3060 5670; x_wconf 92' lang='lat'><strong>;</strong></span> <span class='ocrx_word' id='word_1_931' title='bbox 3101 5610 3330 5674; x_wconf 90' lang='lat' dir='ltr'><strong>possunt</strong></span> <span class='ocrx_word' id='word_1_932' title='bbox 3357 5609 3414 5658; x_wconf 89' lang='lat' dir='ltr'><strong>et</strong></span> <span class='ocrx_word' id='word_1_933' title='bbox 3447 5598 3629 5668; x_wconf 66' lang='lat' dir='ltr'><strong>aliqua:</strong></span> <span class='ocrx_word' id='word_1_934' title='bbox 3669 5577 3867 5676; x_wconf 38' lang='lat' dir='ltr'><strong>inﬁdeli?</strong></span> 
     </span>
    </p>
   </div>
   <div class='ocr_carea' id='block_1_116' title="bbox 2337 5672 3864 5772">
    <p class='ocr_par' dir='ltr' id='par_1_116' title="bbox 2337 5672 3864 5772">
     <span class='ocr_line' id='line_1_116' title="bbox 2337 5672 3864 5772; baseline -0.001 -20"><span class='ocrx_word' id='word_1_935' title='bbox 2337 5709 2405 5752; x_wconf 82' lang='lat' dir='ltr'><strong>ex</strong></span> <span class='ocrx_word' id='word_1_936' title='bbox 2435 5672 2678 5752; x_wconf 72' lang='lat' dir='ltr'><strong>ﬁdeiibus</strong></span> <span class='ocrx_word' id='word_1_937' title='bbox 2726 5694 2860 5765; x_wconf 83' lang='lat' dir='ltr'><strong>ﬁeri,</strong></span> <span class='ocrx_word' id='word_1_938' title='bbox 2891 5704 2947 5752; x_wconf 93' lang='lat' dir='ltr'><strong>et</strong></span> <span class='ocrx_word' id='word_1_939' title='bbox 2985 5695 3054 5751; x_wconf 90' lang='lat' dir='ltr'><strong>ab</strong></span> <span class='ocrx_word' id='word_1_940' title='bbox 3083 5672 3224 5749; x_wconf 82' lang='lat' dir='ltr'><strong>illius</strong></span> <span class='ocrx_word' id='word_1_941' title='bbox 3251 5692 3410 5748; x_wconf 90' lang='lat' dir='ltr'><strong>unius</strong></span> <span class='ocrx_word' id='word_1_942' title='bbox 3435 5689 3619 5746; x_wconf 61' lang='lat' dir='ltr'><strong>animae</strong></span> <span class='ocrx_word' id='word_1_943' title='bbox 3650 5672 3864 5772; x_wconf 43' lang='grc' dir='ltr'><strong>ωσξίξίθξξ</strong></span> 
     </span>
    </p>
   </div>
   <div class='ocr_carea' id='block_1_117' title="bbox 2337 5763 3864 5859">
    <p class='ocr_par' dir='ltr' id='par_1_117' title="bbox 2337 5763 3864 5859">
     <span class='ocr_line' id='line_1_117' title="bbox 2337 5763 3864 5859; baseline -0.006 -16"><span class='ocrx_word' id='word_1_944' title='bbox 2337 5787 2586 5859; x_wconf 89' lang='lat' dir='ltr'><strong>disjungi.</strong></span> <span class='ocrx_word' id='word_1_945' title='bbox 2617 5787 2816 5843; x_wconf 84' lang='lat' dir='ltr'><strong>Natura</strong></span> <span class='ocrx_word' id='word_1_946' title='bbox 2845 5763 2976 5843; x_wconf 87' lang='lat' dir='ltr'><strong>vero</strong></span> <span class='ocrx_word' id='word_1_947' title='bbox 3005 5785 3304 5854; x_wconf 89' lang='lat' dir='ltr'><strong>Trinitatis,</strong></span> <span class='ocrx_word' id='word_1_948' title='bbox 3324 5798 3444 5856; x_wconf 68' lang='lat' dir='ltr'><strong>quae</strong></span> <span class='ocrx_word' id='word_1_949' title='bbox 3468 5779 3579 5838; x_wconf 89' lang='lat' dir='ltr'><strong>sola</strong></span> <span class='ocrx_word' id='word_1_950' title='bbox 3605 5777 3680 5830; x_wconf 69' lang='lat' dir='ltr'><strong>est</strong></span> <span class='ocrx_word' id='word_1_951' title='bbox 3707 5763 3864 5859; x_wconf 55' lang='grc' dir='ltr'><strong>υῙῖίΨξξ</strong></span> 
     </span>
    </p>
   </div>
   <div class='ocr_carea' id='block_1_118' title="bbox 2339 5853 3863 5957">
    <p class='ocr_par' dir='ltr' id='par_1_118' title="bbox 2339 5853 3863 5957">
     <span class='ocr_line' id='line_1_118' title="bbox 2339 5853 3863 5957; baseline -0.005 -24"><span class='ocrx_word' id='word_1_952' title='bbox 2339 5853 2473 5945; x_wconf 78' lang='lat' dir='ltr'><strong>tota,</strong></span> <span class='ocrx_word' id='word_1_953' title='bbox 2495 5853 2634 5937; x_wconf 80' lang='lat' dir='ltr'><strong>sicut</strong></span> <span class='ocrx_word' id='word_1_954' title='bbox 2663 5881 2860 5954; x_wconf 89' lang='lat' dir='ltr'><strong>ubique</strong></span> <span class='ocrx_word' id='word_1_955' title='bbox 2886 5897 3041 5957; x_wconf 69' lang='lat' dir='ltr'><strong>suum</strong></span> <span class='ocrx_word' id='word_1_956' title='bbox 3073 5879 3238 5934; x_wconf 84' lang='lat' dir='ltr'><strong>habet</strong></span> <span class='ocrx_word' id='word_1_957' title='bbox 3262 5853 3320 5934; x_wconf 83' lang='lat' dir='ltr'><strong>et</strong></span> <span class='ocrx_word' id='word_1_958' title='bbox 3341 5853 3501 5934; x_wconf 78' lang='lat' dir='ltr'><strong>unum</strong></span> <span class='ocrx_word' id='word_1_959' title='bbox 3527 5878 3581 5928; x_wconf 75' lang='grc' dir='ltr'><strong>α</strong></span> <span class='ocrx_word' id='word_1_960' title='bbox 3599 5869 3768 5924; x_wconf 71' lang='grc' dir='ltr'>ἰσων</span> <span class='ocrx_word' id='word_1_961' title='bbox 3799 5853 3863 5905; x_wconf 52' lang='lat' dir='ltr'><strong>ﬂ“</strong></span> 
     </span>
    </p>
   </div>
   <div class='ocr_carea' id='block_1_119' title="bbox 2337 5974 3711 6053">
    <p class='ocr_par' dir='ltr' id='par_1_119' title="bbox 2337 5974 3711 6053">
     <span class='ocr_line' id='line_1_119' title="bbox 2337 5974 3711 6053; baseline -0.004 -25"><span class='ocrx_word' id='word_1_962' title='bbox 2337 5974 2732 6039; x_wconf 84' lang='lat' dir='ltr'><strong>separationem</strong></span> <span class='ocrx_word' id='word_1_963' title='bbox 2765 5991 2869 6028; x_wconf 87' lang='lat' dir='ltr'><strong>non</strong></span> <span class='ocrx_word' id='word_1_964' title='bbox 2899 5982 3075 6043; x_wconf 86' lang='lat' dir='ltr'><strong>potest</strong></span> <span class='ocrx_word' id='word_1_965' title='bbox 3100 5975 3340 6045; x_wconf 75' lang='lat' dir='ltr'><strong>recipere</strong></span> <span class='ocrx_word' id='word_1_966' title='bbox 3367 5979 3711 6053; x_wconf 74' lang='lat' dir='ltr'><strong>personarum-</strong></span> 
     </span>
    </p>
   </div>
  </div>
