4124 6464
331 425 436 495 897

1726 443 2059 510 EPISTOLA
2094 449 2231 512 XIV.

3515 465 3626 526 398

404 553 468 610 6.-
498 553 856 611 Nominantur
880 553 1095 625 quidem
1109 556 1215 612 illae
1238 571 1486 629 persona:
1514 559 1804 632 aliquando
1817 565 1929 620 sin-
1955 567 2005 630 Α
2030 566 2132 622 bus
2152 567 2232 628 ait
2256 585 2268 621 :
2303 566 2368 624 In
2389 570 2643 637 patientia
2662 579 2832 628 uestra
2851 575 3180 644 possideam:
3201 582 3405 638 animas
3425 595 3624 642 vestras

331 650 502 719 gulte;
533 649 631 706 sed
664 649 741 704 ita
784 664 844 705 se
870 649 1041 706 voluit
1076 651 1189 722 ipsa
1236 651 1470 710 Trinitas
1511 655 1929 728 inseparabilem

331 744 620 800 ostendere
636 745 688 801 in
713 744 979 817 personis,
1005 753 1065 802 ut
1089 747 1297 803 nullum
1320 747 1395 804 ibi
1415 764 1612 806 nomen
1633 749 1705 806 sit
1723 765 1833 821 quo
1848 751 1930 808 sie

329 845 555 892 vocetur
568 839 821 908 qumlibet
833 853 936 896 una
947 853 1202 910 persona,
1215 848 1276 896 ut
1288 856 1394 897 non
1407 849 1503 897 aut
1512 841 1684 898 tribus
1693 841 1928 898 naturali

329 930 542 986 unitate
581 932 906 998 conveniat,
935 941 1031 988 aut
1062 932 1292 991 alteram
1331 933 1400 992 ad
1433 933 1660 990 alteram
1714 932 1925 1001 referri,

327 1021 494 1078 etiam
527 1021 644 1094 ipso
661 1024 878 1080 nomine
901 1024 1289 1094 singularitatis
1306 1025 1574 1082 ostendat.
1594 1026 1729 1083 Nam
1741 1025 1806 1083 de
1823 1027 1930 1088 illis

326 1113 623 1182 vocabulis,
653 1115 848 1187 quibus
873 1115 941 1171 ad
966 1131 1026 1172 se
1046 1117 1262 1189 proprie
1281 1116 1533 1173 dicuntur
1560 1114 1741 1190 Pater,
1771 1126 1828 1173 et
1841 1117 1931 1174 Fi-

326 1205 451 1273 lius,
481 1215 539 1262 et
565 1207 798 1277 Spiritus
825 1196 1074 1276 sanctus;
1108 1209 1161 1264 in
1187 1209 1382 1279 quibus
1422 1209 1630 1265 scilicet
1673 1225 1782 1266 non
1811 1210 1927 1266 sin-.

325 1299 585 1369 gularitas
612 1301 872 1372 cujusque
902 1316 1168 1372 personae,
1199 1301 1293 1356 sed
1319 1301 1629 1357 communio
1657 1308 1930 1358 monstra~

326 1399 413 1448 tur
444 1393 600 1452 unius
638 1396 915 1460 essentiae;
944 1411 1050 1451 non
1075 1404 1158 1450 est
1185 1394 1404 1466 aliquod
1428 1410 1627 1452 nomen
1656 1395 1803 1474 quod
1846 1397 1928 1458 sie

329 1485 477 1542 Patri
506 1489 801 1546 convenire
829 1490 997 1561 possit
1027 1499 1120 1544 aut
1159 1489 1318 1556 Filio,
1357 1498 1418 1545 ut
1464 1489 1690 1562 Spiritui
1736 1499 1927 1550 sancto

326 1581 620 1638 convenire
651 1597 760 1638 non
789 1582 980 1653 possit.
1012 1581 1218 1638 Dicitur
1245 1583 1391 1640 enim
1413 1581 1578 1639 Pater
1605 1584 1928 1644 naturaliter

326 1670 507 1740 Deus;
537 1671 638 1729 sed
658 1675 979 1731 naturaliter
1007 1685 1090 1730 est
1130 1674 1272 1731 Deus
1298 1684 1355 1731 et
1392 1674 1578 1742 Filius,
1611 1677 1930 1754 naturaliter

323 1776 405 1824 est
431 1767 575 1826 Deus
600 1777 658 1824 et
697 1769 932 1841 Spiritus
957 1777 1205 1836 sanctus;
1235 1785 1339 1826 nec
1366 1778 1545 1828 tamen
1575 1778 1686 1828 tres
1706 1769 1808 1836 Dii,
1832 1769 1927 1828 sed

323 1875 465 1916 unus
489 1861 812 1918 naturaliter
840 1862 984 1918 Deus
1009 1872 1094 1920 est
1124 1861 1306 1930 Pater,
1339 1874 1395 1919 et
1421 1863 1613 1934 Filius,
1651 1875 1708 1921 et
1750 1861 1924 1936 Spiri-

2034 659 2186 755 (_Luc.
2220 678 2329 728 xxi,
2356 662 2468 735 19).
2511 663 2783 726 Fidelibus
2809 670 2973 727 etiam
3002 671 3192 729 beatus
3231 673 3619 755 Petrusdicit:

2033 752 2308 812 Credentes
2338 766 2511 814 autem
2547 763 2806 818 exsultate
2845 763 3030 822 latitia
3055 752 3504 836 inenarrabili,“
3531 773 3626 827 lao-

2031 846 2311 915 noriﬁeata
2334 865 2352 913 ;
2375 851 2676 921 recipientes
2704 853 2862 923 ﬁnem
2888 853 3015 926 ﬁdei
3034 865 3238 925 vestra,
3259 859 3480 914 salutem
3510 865 3630 916 ani-

2031 953 2235 993 marum
2263 938 2318 1012 (I
2346 939 2494 998 Petr.
2527 959 2566 1010 ι,
2599 941 2678 1016 8).
2722 944 2928 1002 Dicitur
2952 948 3115 1004 etiam
3142 949 3199 1006 in
3227 950 3366 1007 libro
3397 951 3630 1023 Sapien-

2030 1031 2120 1086 tia:
2144 1049 2158 1085 :
2187 1029 2459 1089 laetorum
2487 1037 2679 1091 anima:
2704 1037 2762 1094 in
2785 1054 2945 1094 manu
2972 1038 3211 1096 Deisunt
3240 1042 3397 1116 (Sap.
3432 1061 3510 1111 ιιι,
3543 1043 3622 1116 1).

2030 1125 2242 1184 Scimus
2299 1127 2461 1184 etiam
2521 1128 3090 1192 Thessalonicensibus
3145 1135 3365 1193 beatum
3423 1136 3627 1195 dixisse

2031 1215 2370 1288 Apostolum,
2419 1236 2650 1290 quorum
2679 1222 3001 1284 electionem
3021 1226 3230 1285 sciebat
3257 1244 3287 1284 a
3320 1229 3428 1286 Deo
3454 1248 3468 1284 :
3501 1230 3626 1303 Ipse

2030 1320 2201 1366 autem
2226 1311 2368 1372 Deus
2391 1317 2535 1385 pacis
2554 1316 2845 1388 sanctiﬁcat
2863 1335 2953 1376 vos
2981 1337 3076 1392 per
3099 1323 3312 1388 omnia;
3345 1333 3396 1378 et
3425 1323 3626 1396 integer

2028 1404 2241 1472 spiritus
2270 1414 2452 1469 vester,
2483 1414 2534 1460 at
2558 1408 2756 1474 anima,
2787 1418 2839 1465 et
2866 1427 3055 1483 corpus
3085 1414 3200 1467 sine
3225 1414 3435 1485 querela
3463 1416 3518 1470 in
3539 1415 3628 1470 die

2029 1492 2243 1556 Domini
2267 1496 2432 1554 nostri
2463 1496 2588 1554 Jeau
2617 1496 2812 1556 Clu-isti
2844 1511 3072 1558 servetur
3112 1501 3167 1574 (Ι
3211 1503 3390 1560 Thess.
3421 1523 3475 1574 v,
3504 1505 3624 1576 25).

2030 1584 2137 1644 Sed
2166 1589 2328 1642 etiam
2360 1588 2412 1644 in
2440 1589 2641 1661 hymno
2665 1592 2823 1648 trium
2852 1608 3142 1664 puerorum
3165 1595 3514 1653 nihilominus
3543 1599 3624 1654 le-

2028 1671 2172 1740 gitur
2195 1691 2207 1726 :
2243 1671 2558 1742 Benedicite,
2583 1678 2796 1748 spiritus
2814 1687 2862 1734 et
2889 1680 3078 1734 anima:
3092 1681 3375 1752 justornm,
3397 1683 3624 1740 Domino

2032 1761 2200 1830 (Dan.
2230 1781 2306 1827 nt,
2341 1764 2452 1835 86).
2493 1766 2706 1824 Scimus
2749 1786 2847 1839 per
2872 1772 3099 1840 gratiam
3133 1771 3228 1827 Dei
3276 1783 3331 1828 et
3380 1783 3622 1832 sanctam

2030 1854 2326 1913 Eeclesiam
2370 1877 2529 1916 unam
2557 1863 2821 1933 virginem
2851 1867 3183 1936 nuncupari,
3233 1867 3447 1924 dicente
3478 1870 3622 1941 Apo-

324 1963 411 2010 ωε
437 1962 675 2011 sanctus.
705 1953 1062 2027 omnipotens
1091 1964 1176 2012 εει
1217 1956 1399 2023 Pater,
1443 1958 1539 2014 sed
1583 1959 1927 2030 omnipotens
1957 1961 2006 2022 Β
2031 1949 2212 2004 stolo:
2247 1951 2518 2026 Despondi
2540 1957 2675 2010 enim
2717 1974 2802 2013 ros
2849 1961 2938 2013 uni
2982 1960 3090 2015 viro
3133 1963 3380 2032 virginem
3422 1971 3624 2018 castam

323 2057 407 2103 est
429 2048 614 2116 Filius,
647 2051 993 2121 omnipotens
1021 2060 1104 2107 est
1143 2049 1377 2122 Spiritus
1424 2060 1678 2119 sanctus;
1711 2067 1815 2109 nec
1842 2061 1926 2109 ta-

322 2155 446 2197 men
475 2149 588 2198 tres
625 2141 708 2197 Dii
737 2144 1155 2215 omnipotentes,
1188 2143 1282 2200 sed
1304 2160 1444 2200 unus
1487 2143 1630 2200 Deus
1673 2144 1926 2216 omnipo-

322 2239 444 2288 tens
464 2242 548 2289 est
567 2232 751 2302 Pater,
781 2241 839 2290 et
866 2233 1055 2301 Filius,
1081 2242 1138 2290 et
1179 2234 1413 2306 Spiritus
1450 2243 1690 2296 sanctus.
1740 2235 1925 2294 Aliter-

323 2342 424 2384 nus
451 2335 535 2383 est
561 2327 680 2384 sine
707 2327 864 2384 initio
888 2327 1070 2400 Pater,
1094 2339 1329 2388 aeternus
1356 2339 1439 2388 est
1473 2330 1590 2386 sine
1640 2331 1794 2388 initio
1834 2330 1922 2386 Fi-

323 2418 446 2487 lius,
488 2428 726 2477 teternus
771 2428 856 2476 est
897 2422 1015 2478 sine
1052 2421 1206 2477 initio
1245 2420 1477 2493 Spiritus
1518 2431 1764 2489 sanctus;
1823 2438 1926 2480 nec

321 2519 503 2567 tamen
532 2518 642 2568 tres
671 2511 754 2566 Dii
786 2513 1000 2579 (sterni,
1043 2513 1142 2568 sed
1190 2530 1330 2569 unus
1385 2513 1528 2570 Deus
1563 2522 1798 2572 aeternus
1840 2524 1924 2574 est

322 2602 508 2672 Pater,
539 2614 598 2660 et
621 2604 812 2673 Filius,
851 2615 907 2660 et
952 2606 1186 2678 Spiritus
1231 2615 1469 2662 sanctus.
1515 2607 1810 2665 lmmensus
1839 2616 1925 2666 est

323 2696 508 2761 Pater,
561 2698 657 2753 sed
698 2699 994 2753 immensus
1037 2707 1120 2754 est
1153 2699 1348 2762 Filius,
1393 2708 1448 2754 et
1493 2700 1786 2758 immensus
1839 2709 1925 2764 est

323 2798 379 2844 et
404 2788 638 2860 Spiritus
665 2799 914 2856 sanctus;
940 2806 1042 2847 nec
1069 2799 1249 2846 tamen
1280 2801 1392 2847 tres
1422 2792 1503 2847 Dii
1530 2792 1798 2859 immensi,
1824 2794 1921 2850 sed

321 2897 464 2940 unus
491 2883 632 2939 Deus
659 2884 954 2940 immensus
983 2895 1066 2941 est
1095 2883 1278 2953 Pater,
1306 2893 1364 2940 et
1391 2885 1573 2952 Filius,
1606 2895 1663 2942 et
1689 2886 1923 2958 Spiritus

320 2982 562 3030 sanctus.
591 2975 692 3030 Ubi
720 2990 852 3046 ergo
879 2975 960 3032 sic
997 2985 1080 3032 est
1107 2993 1304 3032 nomen
1334 2977 1616 3046 quodlibet
1649 2995 1834 3046 unum,
1862 2992 1924 3040 ut

319 3065 480 3122 simul
509 3073 564 3121 et
592 3066 765 3122 tribus
792 3076 849 3122 et
869 3067 1093 3137 singulis
1121 3067 1497 3126 indifferenter
1523 3071 1698 3142 possit
1729 3087 1923 3136 convo-

319 3158 437 3215 nire
461 3160 743 3230 personis;
774 3167 835 3216 et
874 3160 947 3216 ita
987 3159 1259 3231 singulare
1289 3162 1342 3216 in
1380 3171 1572 3218 natura
1602 3173 1706 3232 est,
1757 3174 1817 3222 ut
1860 3165 1917 3224 in

320 3254 568 3324 personis
595 3268 716 3310 esse
744 3253 954 3324 plurale
977 3269 1086 3310 non
1117 3256 1312 3325 possit;
1336 3256 1610 3326 quomodo
1639 3259 1919 3329 separabi-

2029 2041 2270 2100 exltibere
2297 2043 2502 2102 Christo
2527 2047 2616 2120 (II
2637 2050 2758 2107 Cor.
2791 2068 2868 2122 ιι,
2900 2053 2954 2124 2)
2983 2071 2998 2121 ;
3025 2054 3120 2110 sed
3148 2056 3201 2110 in
3231 2057 3345 2126 ipsa
3375 2074 3480 2113 una
3508 2059 3622 2114 vir-

2027 2135 2152 2210 gine
2205 2137 2399 2207 plurali
2444 2156 2672 2198 numero
2717 2143 2882 2198 etiam
2935 2147 3172 2215 virgines
3219 2157 3618 2219 nuncupantur.

2027 2226 2281 2298 Legimus
2307 2233 2512 2288 etiam:
2560 2233 2856 2304 Aﬁ‘erentur
2908 2236 3033 2309 Regi
3075 2239 3300 2310 virgines
3347 2249 3464 2312 post
3507 2257 3622 2298 eam

2030 2318 2202 2400 (Pent.
2246 2337 2388 2390 xuv,
2423 2321 2534 2393 15).
2576 2324 2687 2382 Nec
2713 2327 2843 2384 illud
2873 2338 2955 2386 est
2983 2331 3242 2399 dubium,
3293 2349 3455 2389 unam
3502 2350 3622 2393 esse

2026 2409 2318 2468 Ecclesiam
2348 2431 2467 2486 quae
2493 2432 2592 2488 per
2614 2426 2784 2476 totum
2805 2430 2888 2476 est
2908 2422 3096 2478 orbem
3119 2422 3309 2480 ditiusa
3333 2432 3620 2494 terrarum,

2026 2521 2147 2580 qua:
2173 2507 2241 2562 ab
2270 2507 2532 2578 ApoStolo
2561 2513 2866 2582 appellatur
2894 2514 3134 2572 Ecclesia
3153 2516 3256 2573 Dei
3283 2521 3400 2586 vivi,
3423 2519 3618 2575 colum-

2025 2613 2096 2654 na
2115 2608 2166 2654 et
2187 2599 2573 2670 ﬁrmamentum
2600 2606 2832 2662 veritatis
2865 2605 2916 2677 (I
2951 2607 3086 2664 Tim.
3117 2627 3196 2680 nt,
3230 2609 3320 2682 l5)
3348 2630 3360 2666 :
3393 2627 3513 2683 qua:
3535 2622 3621 2669 ta-

2025 2703 2152 2746 men
2181 2691 2260 2746 sic
2287 2708 2412 2757 una,
2445 2694 2524 2751 sic
2547 2704 2630 2750 est
2659 2705 2713 2752 et
2742 2696 3006 2767 Ecclesia,
3039 2711 3098 2756 ut
3131 2702 3187 2757 in
3215 2719 3278 2758 ea
3311 2704 3492 2774 plures
3519 2722 3619 2776 ap-

2024 2781 2292 2851 pellentur
2311 2782 2583 2843 Ecclesiae.
2610 2787 2732 2859 lpse
2752 2791 2895 2846 enim
2919 2793 3112 2849 beatus
3129 2797 3421 2866 Apostolus
3446 2798 3608 2854 dicit:

2023 2870 2191 2928 Eram
2218 2884 2390 2931 autem
2417 2879 2626 2952 ignotus
2651 2882 2790 2952 {acie
2814 2879 3067 2939 Ecclesiis
3087 2884 3312 2956 ludam,
3333 2905 3448 2960 qua:
3467 2899 3618 2946 erant

2020 2966 2076 3022 in
2103 2965 2307 3025 Christo
2335 2968 2476 3041 (Cal.
2500 2987 2539 3039 ι,
2572 2971 2686 3044 22).
2729 2973 2837 3029 Sed
2862 2984 2918 3030 et
2945 2974 3165 3032 fratrem
3196 2995 3253 3033 se
3276 2979 3405 3035 dicit
3423 2980 3616 3036 Corin-

2023 3065 2151 3122 thiis
2179 3065 2498 3134 destinasse,
2545 3070 2694 3142 cujus
2735 3071 2851 3128 laus
2880 3082 2960 3127 est
2986 3073 3044 3126 in
3072 3071 3359 3146 Evangelia
3390 3093 3480 3146 per
3507 3095 3616 3133 om-

2021 3172 2114 3226 nes
2145 3155 2410 3216 Ecclesia:
2455 3158 2538 3226 (11
2581 3159 2703 3218 Cor.
2754 3179 2867 3230 VIII,
2919 3162 3032 3235 18).
3093 3163 3351 3221 Ecclesiis
3403 3184 3615 3239 quoque

2021 3244 2243 3304 Galatiae
2269 3265 2330 3307 se
2355 3251 2637 3321 scripsisse
2666 3253 2718 3309 in
2749 3254 2990 3326 ejusdem
3010 3257 3252 3328 epistolae
3274 3257 3614 3316 demonstra-

318 3343 400 3401 ]eg
419 3359 540 3401 esse
560 3361 823 3416 personas
838 3345 1082 3414 dicimus,
1105 3347 1322 3418 quando
1343 3348 1608 3419 pluralem
1632 3366 1918 3412 numerum
1945 3354 1990 3419 C
2019 3339 2098 3396 νίῐ
2127 3341 2371 3402 exordio.
2432 3341 2646 3400 Fideles
2688 3361 2906 3420 quoque
2933 3363 3060 3405 SUOS
3092 3365 3256 3405 unum
3287 3349 3465 3406 lumen
3497 3367 3616 3410 €556

316 3437 372 3494 in
393 3438 615 3495 nomine
635 3438 803 3508 recipi
833 3455 940 3495 non
959 3439 1243 3496 videmus?
1264 3439 1532 3512 Quidquid
1559 3443 1702 3502 enim
1728 3445 1916 3516 singu-

317 3529 505 3588 lariter
540 3539 756 3587 tantum
794 3531 1088 3590 secundum
1129 3544 1378 3592 naturam
1425 3536 1640 3605 dicitur,
1688 3554 1918 3598 necesse

316 3633 402 3682 est
423 3625 558 3682 utin
586 3625 837 3696 personis
873 3641 1092 3698 quoque
1132 3627 1567 3699 inseparabiliter
1594 3631 1872 3690 intimatur
1893 3652 1912 3708 ε

318 3723 376 3771 et
397 3715 632 3772 ostendit
653 3714 771 3786 ipsa
797 3714 995 3771 veritas
1012 3730 1272 3786 personas
1299 3733 1406 3774 non
1429 3734 1588 3789 posse
1608 3720 1794 3782 dividi.
1822 3722 1911 3778 ubi

317 3807 596 3880 quodlibet
619 3822 837 3875 nomen,
861 3807 1006 3879 quod
1036 3817 1216 3864 tamen
1245 3809 1314 3866 ad
1341 3825 1423 3880 se,
1452 3827 1558 3868 non
1590 3812 1658 3868 ad
1686 3813 1912 3870 alteram

317 3915 651 3972 unaquaeque
673 3916 905 3972 persona
931 3901 1145 3969 dicitur,
1173 3902 1315 3958 sicut
1351 3903 1697 3972 singulariter
1724 3907 1777 3962 in
1804 3923 1911 3964 una

313 3995 532 4066 dicitur,
569 3996 652 4053 sic
679 3997 847 4054 etiam
887 3997 941 4052 in
979 3997 1152 4053 tribus
1197 3998 1542 4067 singulariter
1580 4001 1908 4059 nominatur.

313 4091 447 4151 Nam
479 4094 536 4150 in
563 4109 670 4150 una
707 4108 941 4166 persona
979 4093 1174 4150 dicitur
1222 4109 1361 4150 unus
1417 4095 1657 4164 angelus,
1716 4096 1912 4154 dicitur

312 4201 455 4244 unus
479 4187 646 4244 homo
677 4205 690 4242 :
721 4187 817 4244 sed
843 4187 886 4243 si
919 4194 1028 4243 tres
1056 4202 1304 4256 personze
1345 4185 1546 4244 fuerint
1592 4189 1908 4258 angelorum

311 4292 408 4340 aut
425 4284 725 4346 hominum,
755 4299 858 4340 nec
886 4298 1023 4338 unus
1049 4283 1290 4350 angelus,
1321 4297 1424 4339 nec
1451 4298 1588 4339 unus
1619 4283 1786 4341 homo
1809 4299 1910 4355 po-

312 4377 439 4432 terit
459 4375 728 4431 nominari
755 4394 766 4427 :
797 4375 922 4446 quia
952 4375 1006 4429 in
1031 4373 1138 4429 illis
1174 4375 1344 4431 tribus
1383 4377 1650 4446 personis,
1691 4393 1812 4448 qua:
1852 4379 1908 4436 in

313 4476 507 4524 natura
552 4467 637 4523 vel
685 4467 924 4536 angelica
970 4467 1053 4520 vel
1099 4467 1332 4522 humana
1380 4469 1752 4538 reperiuntur,
1795 4487 1904 4527 non

309 4575 448 4616 unus
471 4560 691 4627 angelus
715 4567 808 4612 aut
836 4575 970 4613 unus
998 4559 1181 4623 homo,
1214 4560 1308 4616 sed
1337 4560 1453 4616 sine
1477 4561 1640 4618 dubio
1671 4571 1780 4619 tres
1807 4580 1906 4620 an-

307 4652 413 4721 geli
443 4651 528 4706 vel
552 4659 660 4705 tres
683 4650 927 4704 homine.
952 4665 1172 4706 necesse
1195 4653 1353 4722 233
1377 4660 1458 4707 est
1481 4664 1899 4726 nuncupentur:

2021 3430 2283 3495 Dominus
2315 3443 2498 3491 noster
2526 3436 2841 3508 ostendens,
2872 3439 2949 3495 ait
2995 3439 3273 3513 discipulis
3311 3443 3459 3498 suis:
3511 3442 3614 3504 Vos

2018 3527 2142 3590 estis
2171 3527 2342 3586 tamen
2361 3531 2544 3602 mundi
2574 3530 2790 3605 (Matth.
2821 3548 2876 3602 v,
2912 3532 2999 3605 14)
3026 3553 3042 3604 ;
3067 3543 3125 3592 et
3151 3544 3334 3593 tamen
3359 3537 3454 3593 Dei
3478 3537 3614 3602 ﬁlios

2017 3617 2220 3694 lumina
2241 3621 2434 3678 beatus
2453 3619 2685 3680 Jacobus
2705 3625 2982 3698 appellare
3006 3642 3116 3684 non
3139 3627 3369 3694 dubitat,
3393 3628 3611 3686 dicens:

2019 3706 2188 3768 Omne
2214 3713 2394 3768 datum
2417 3716 2686 3786 Optimum,
2727 3724 2779 3772 et
2807 3733 2960 3773 omne
2985 3717 3180 3774 donum
3206 3722 3492 3794 perfectum
3521 3722 3612 3777 de-

2017 3822 2220 3862 sursum
2248 3817 2346 3878 est,
2377 3807 2693 3868 descendens
2721 3827 2754 3864 α
2781 3809 2945 3871 Patre
2969 3811 3224 3870 luminum
3252 3811 3391 3886 (Jac.
3423 3830 3464 3880 ι,
3495 3813 3607 3887 17).

2013 3897 2074 3954 In
2102 3899 2186 3956 his
2215 3900 2400 3970 itaque
2426 3901 2678 3958 omnibus
2715 3910 2775 3958 et
2801 3903 3077 3975 singulare
3115 3905 3421 3963 invenimus
3450 3922 3610 3964 voca-

2013 3989 2224 4056 bulum,
2257 3999 2312 4046 et
2341 3991 2550 4062 plurale
2575 4009 2588 4047 :
2630 3991 2756 4050 ideo
2778 4002 2963 4050 autem
2985 3995 3230 4067 plurale,
3260 3997 3388 4068 quia
3418 4012 3610 4058 omnes

2012 4090 2290 4140 creaturas
2350 4085 2682 4156 separabiles
2727 4101 2851 4144 esse
2902 4087 3020 4160 ipsa
3071 4089 3303 4160 qualitas
3348 4093 3610 4150 naturalis

2011 4175 2288 4244 ostendit;
2314 4177 2438 4234 ideo
2459 4193 2591 4236 vero
2618 4177 2913 4251 singulare,
2942 4181 3069 4253 quia
3097 4190 3157 4238 ut
3185 4183 3255 4239 sit
3275 4199 3380 4240 una
3403 4187 3602 4255 anima,

2008 4285 2151 4330 unus
2177 4270 2420 4343 spiritus,
2451 4287 2559 4328 una
2587 4271 2764 4343 virgo,
2795 4287 2902 4330 una
2923 4272 3190 4346 Ecclesia,
3209 4292 3372 4332 unum
3400 4277 3602 4356 lumen,

2007 4363 2118 4422 hoc
2144 4365 2234 4421 illa
2277 4382 2383 4422 una
2415 4365 2652 4424 Trinitas
2698 4383 2797 4440 per
2823 4385 2977 4426 suam
3003 4371 3235 4441 gratiam
3263 4373 3428 4441 fecit;
3483 4389 3602 4446 qua:

2005 4462 2116 4513 tam
2140 4458 2196 4514 in
2222 4468 2416 4517 natura
2445 4475 2607 4531 quam
2635 4461 2688 4518 in
2717 4465 2966 4534 personis
2991 4465 3069 4523 sic
3097 4474 3181 4522 est
3204 4466 3599 4538 inseparabilis,

2006 4558 2068 4606 ut
2091 4552 2349 4622 quidquid
2379 4553 2450 4608 ibi
2496 4562 2603 4610 tam
2627 4553 2695 4612 de
2724 4571 2830 4611 una
2857 4571 3022 4626 quam
3059 4557 3128 4614 de
3157 4559 3325 4616 tribus
3355 4561 3600 4630 personis

2003 4641 2350 4712 singulariter
2377 4645 2590 4714 dicitur,
2623 4646 2906 4716 pluraliter
2931 4666 3042 4708 non
3070 4650 3296 4710 dicatur.
3352 4652 3467 4709 Non
3498 4655 3598 4710 ita-

305 4752 564 4800 cteterum
588 4757 688 4796 nec
715 4757 856 4795 unus
884 4741 1128 4807 angelus,
1159 4759 1257 4795 nec
1289 4759 1425 4797 unus
1453 4744 1615 4800 homo
1654 4745 1759 4801 dici
1798 4762 1899 4818 po-

2016 4747 2111 4803 que
2138 4744 2367 4806 possunt
2394 4734 2585 4804 Patris,
2623 4747 2678 4793 et
2721 4737 2865 4810 Filii,
2894 4751 2950 4800 et
2984 4741 3219 4815 Spiritus
3246 4747 3419 4804 sancti
3445 4764 3596 4818 sepa-

304 4846 409 4892 test
454 4837 543 4891 illa
575 4834 660 4890 vel
695 4833 1054 4902 angelicarum
1095 4833 1180 4887 vel
1227 4833 1578 4890 humanarum
1618 4836 1897 4906 pluralitas

302 4942 687 5003 personarum;
718 4926 845 4996 quia
868 4940 996 4981 vero
1023 4933 1132 4979 tres
1161 4925 1264 4979 illac
1297 4941 1543 4994 personae
1565 4926 1648 4982 vel
1675 4928 1898 4997 angelo-

301 5038 422 5079 rum
461 5022 550 5077 vel
579 5021 856 5076 hominum
887 5020 1124 5090 separari
1170 5026 1415 5089 possunt,
1459 5017 1580 5074 ideo
1612 5020 1740 5089 ipsae
1784 5028 1895 5078 tres

299 5129 548 5189 personae
569 5131 674 5169 non
703 5114 969 5184 recipiunt
997 5111 1154 5168 simul
1197 5128 1362 5166 unum
1391 5119 1596 5168 natura:
1619 5113 1892 5182 singulare

298 5207 650 5268 Vocabulum;
681 5207 773 5262 sed
797 5205 877 5260 vel
904 5215 1011 5260 tres
1043 5204 1216 5272 angeli
1245 5204 1330 5261 vel
1360 5213 1468 5261 tres
1499 5206 1742 5264 homines
1771 5207 1888 5265 sine

298 5299 463 5355 dubio
497 5299 865 5354 nominantur.

367 5417 420 5470 7.
464 5412 582 5470 Non
613 5421 794 5468 autem
826 5413 1131 5481 ignoramus
1161 5425 1256 5481 per
1284 5411 1509 5480 gratiam
1549 5410 1639 5465 Dei
1686 5412 1798 5467 ﬂeri
1830 5422 1890 5468 ut

294 5508 479 5580 plures
506 5505 754 5562 homines
776 5505 980 5576 possint
1010 5504 1188 5573 aliquo
1217 5502 1470 5573 singulari
1499 5503 1714 5558 nomine
1741 5520 1884 5561 nun-

293 5601 522 5674 cupari:
576 5599 715 5654 sicut
764 5606 847 5653 est
875 5597 1002 5652 illud
1051 5596 1192 5666 quod
1221 5611 1385 5666 supra
1420 5597 1529 5667 jam
1561 5597 1881 5667 posuimus:

291 5694 833 5754 Httltitudinis'autem
851 5693 1163 5747 credentium
1185 5701 1299 5745 erat
1319 5705 1407 5745 cor
1421 5689 1624 5765 [tntum]
1637 5700 1684 5746 et
1706 5693 1885 5750 animo
1905 5682 1924 5702 ’

283 5804 398 5843 .una
431 5787 568 5860 (Act.
589 5801 665 5852 tv,
691 5782 785 5857 5!)
814 5802 826 5838 :
865 5801 983 5855 qute
1011 5793 1190 5839 tamen
1219 5783 1298 5839 sic
1326 5769 1522 5838 dicitur
1546 5784 1722 5839 anima
1751 5799 1882 5856 una,

288 5896 352 5945 ut
363 5888 612 5945 dicantur
639 5891 693 5940 et
708 5883 917 5945 animm,
937 5879 1171 5934 tidclium
1192 5877 1413 5941 scilicet,
1438 5893 1543 5932 non
1572 5877 1876 5950 impiorum.

285 5978 564 6043 Fidelibus
594 5983 734 6038 cnim
769 5978 1043 6048 discipulis
1073 5973 1332 6030 Dominus
1370 5971 1712 6043 loquebatur,
1761 5972 1878 6041 qui-

2005 4829 2113 4883 rari
2144 4844 2416 4899 personae,
2445 4829 2640 4900 quibus
2668 4848 2834 4890 unum
2862 4851 3060 4894 nomen
3083 4840 3328 4897 naturale
3355 4841 3433 4898 sic
3461 4859 3592 4898 con-

2004 4920 2172 4987 venit,
2200 4928 2259 4976 ut
2287 4920 2342 4976 in
2371 4919 2544 4978 tribus
2570 4923 2816 4993 personis
2855 4925 3065 4996 plurale
3093 4943 3215 4986 esse
3242 4946 3350 4988 non
3380 4934 3549 5001 possit
3576 4953 3589 4989 :

2001 5019 2233 5082 excepto
2257 5013 2400 5070 enim
2441 5011 2547 5070 boc
2583 5014 2726 5087 ipso,
2755 5030 2864 5086 quo
2893 5033 3141 5090 personae
3167 5021 3437 5088 dicuntur,
3473 5024 3592 5079 nul-

1999 5103 2111 5160 lum
2139 5121 2334 5164 nomen
2363 5105 2509 5163 aliud
2539 5108 2594 5166 in
2622 5107 2802 5180 Patre,
2825 5121 2883 5169 et
2911 5112 3067 5180 Filio,
3099 5122 3155 5169 et
3173 5113 3378 5186 Spiritu
3401 5127 3591 5171 sancto

1997 5207 2177 5270 potest
2203 5199 2452 5268 inveniri,
2503 5203 2651 5273 quod
2695 5219 2805 5262 non
2844 5204 3186 5276 singulariter
3211 5207 3589 5263 tantummodo

1994 5290 2324 5349 nominetur.
2359 5292 2462 5352 Vix
2490 5303 2669 5353 autem
2690 5295 2798 5353 hoc
2825 5313 2989 5352 unum
3020 5295 3261 5367 reperire
3290 5297 3464 5368 potuit
3495 5297 3585 5353 Ιιιι·

1992 5383 2140 5442 mani
2166 5385 2435 5444 sermonis
2463 5385 2664 5459 inopia,
2696 5387 2862 5460 33b
2897 5396 2956 5443 ut
2991 5385 3182 5444 saltem
3240 5394 3353 5444 tres
3383 5387 3583 5446 diceret

1991 5494 2112 5538 esse
2140 5495 2439 5552 personas;
2478 5498 2547 5539 ne
2572 5481 2618 5538 si
2643 5483 2728 5538 vel
2750 5483 2858 5540 hoc
2882 5497 2993 5538 non
3021 5480 3312 5550 diceretur,
3347 5481 3582 5540 Trinitas

1989 5586 2109 5628 esse
2138 5573 2444 5630 nullatenus
2466 5573 2813 5644 crederetur,
2859 5581 2917 5630 et
2945 5575 3000 5631 in
3030 5573 3120 5631 illa
3147 5576 3459 5634 omnimoda
3495 5585 3580 5632 ta-

1987 5662 2322 5735 citurnitate,
2350 5664 2474 5724 ﬁdei
2503 5665 2798 5738 periculum
2829 5675 3143 5726 nasceretur

2058 5779 2116 5836 8.
2153 5778 2440 5850 Quocirca,
2462 5781 2763 5840 secundum
2794 5783 3076 5840 veritatem
3107 5780 3232 5840 ﬁdei
3257 5782 3573 5840 Christiana!

1986 5871 2237 5939 dicimus,
2260 5889 2425 5930 unum
2455 5873 2622 5931 Deum
2647 5891 2767 5932 esse
2790 5877 3108 5932 naturaliter
3137 5874 3376 5944 Patrem,
3406 5883 3459 5930 et
3483 5875 3569 5928 lii.

1985 5967 2142 6031 lium.
2163 5977 2219 6025 ct
2240 5967 2496 6040 Spiritum
2526 5983 2788 6028 sanctum.
2807 5972 3036 6029 Necesse
3063 5975 3145 6027 est
3174 5977 3352 6026 autem
3384 5975 3440 6023 ut
3468 5969 3563 6023 sica
