4124 6478
548 357 652 414 399

1591 365 1647 420 S.
1690 363 2051 420 FULGENTII
2089 362 2391 420 EPISCOPI
2429 365 2799 422 RUSPENSIS
3501 361 3512 370 ’
3707 373 3798 429 400

548 483 605 528 ut
644 472 959 529 Trinitatem
1010 477 1241 536 dicimus
1290 494 1457 534 unum
1506 479 1674 535 Deum
1699 521 1714 545 ,
1778 481 1850 534 ita
1895 479 2138 536 dicamus
2165 483 2215 541 A
2246 483 2566 538 vocabulum
2600 481 2882 552 personale
2911 481 3052 551 quod
3077 483 3150 537 ita
3182 483 3339 538 unius
3367 499 3605 554 persnum
3632 487 3722 554 sit,
3749 499 3800 546 ut

545 581 710 621 unum
739 570 1189 642 omnipotentem,
1224 589 1387 628 unum
1407 581 1687 638 aeternum,
1714 589 1879 628 unum
1903 575 2136 630 immen-

541 675 682 730 sum,
711 677 878 720 unum
906 680 1180 736 magnum,
1204 683 1369 722 unum
1391 667 1705 723 altissimum
1731 683 1746 731 ;
1777 675 1832 721 et
1851 665 2136 736 quidquid,

542 753 598 808 in
624 767 884 828 quantum
910 760 1053 817 Deus
1081 761 1388 818 hominibus
1414 761 1583 828 dedit,
1609 775 1717 815 non
1740 760 1912 815 solum
1942 761 1992 814 in
2021 760 2138 814 sin-

543 849 684 918 gulis
710 853 980 921 personis,
1009 853 1106 910 sed
1135 853 1299 909 etiam
1340 851 1500 908 simul
1527 851 1579 906 in
1611 852 1784 907 tribus
1811 851 1879 906 ad
1901 851 2136 920 seipsum

542 941 893 1011 singulariter
923 946 1248 1002 nominatur.
1291 945 1370 1002 Ne
1396 960 1528 1001 vero
1558 960 1627 1000 ex
1665 945 1769 1000 hoc
1800 943 1942 1014 quod
1976 942 2139 999 Pater

545 1033 703 1090 unius
748 1045 833 1093 est
878 1053 1121 1109 personae
1168 1038 1510 1106 vocabulum,
1563 1036 1730 1092 Filius
1776 1051 1991 1106 quoque
2030 1051 2137 1091 una

545 1139 755 1186 tantum
785 1133 982 1190 dicitur
1011 1152 1063 1190 ιη
1094 1134 1355 1189 Trinitate
1377 1147 1629 1204 persona,
1661 1131 1908 1188 similiter
1931 1138 1987 1184 et
2013 1145 2136 1185 cum

545 1221 778 1293 Spiritus
805 1235 1023 1281 sanctus
1052 1227 1269 1298 proprie
1297 1227 1494 1282 dicitur
1517 1266 1533 1290 ,
1564 1225 1722 1280 unius
1748 1237 1997 1295 personae
2025 1222 2138 1279 sin-

543 1315 802 1383 gularitas
847 1319 1141 1385 intimatur,
1191 1320 1476 1389 quisquam
1505 1318 1635 1374 velit
1673 1318 1802 1372 istas
1833 1325 1944 1373 tres
1972 1331 2134 1387 sepa-

543 1407 740 1464 rabiles
779 1425 1023 1467 asserere
1052 1421 1107 1467 et
1137 1411 1409 1467 afﬁrmare
1439 1426 1699 1482 personas
1724 1428 1736 1463 :
1790 1410 1843 1464 in
1873 1425 1981 1478 quo
2008 1409 2134 1464 uni-

542 1500 736 1572 cuique
765 1519 1011 1574 persona:
1039 1505 1117 1561 sic
1163 1521 1326 1560 unum
1360 1519 1427 1560 ex
1476 1503 1560 1558 his
1607 1503 1780 1558 tribus
1825 1501 2136 1558 nominibus

542 1601 815 1664 convenit,
847 1609 906 1656 ut
933 1617 1220 1657 commune
1249 1602 1419 1657 tribus
1448 1601 1695 1672 personis
1724 1615 1843 1655 esse
1871 1615 1978 1654 non
2002 1612 2133 1669 pos-

543 1689 629 1745 sit.
674 1691 928 1764 Quisquis
957 1693 1061 1749 hoc
1092 1700 1265 1748 tentat
1301 1693 1557 1763 objicere,
1594 1692 1638 1748 si
1669 1692 1749 1747 sic
1774 1691 1936 1746 sentit
1965 1698 2024 1745 ut
2052 1689 2135 1746 lo-

542 1783 745 1853 quitur,
774 1795 828 1839 et
856 1786 962 1842 hoc
991 1793 1139 1841 tenet
1166 1785 1494 1842 conscientia
1528 1782 1672 1854 quod
1701 1783 1903 1838 indicat
1930 1781 2129 1850 lingua,

2241 575 2307 629 ad
2338 575 2564 629 alteram
2593 574 2781 630 referri
2814 591 2921 630 non
2958 577 3146 646 possit.
3187 577 3292 632 Sed
3319 579 3440 649 quia
3461 579 3564 636 hoc
3592 581 3797 638 nullate-

2241 684 2343 724 nus
2373 669 2666 738 invenitur,
2710 668 2814 724 boc
2842 671 2960 725 sine
2984 669 3148 725 dubio
3174 670 3242 725 ad
3275 687 3453 726 veram
3485 674 3708 742 pertinet
3745 675 3798 729 ii-

2239 758 2362 815 dem
2389 777 2401 813 :
2452 766 2514 816 ut
2541 770 2649 817 tres
2679 761 2797 816 illas
2825 763 2985 817 unius
3026 771 3187 831 atque
3216 762 3590 833 inseparabilis
3618 775 3801 823 natura:

2239 869 2501 924 personas
2524 855 2665 909 sicut
2691 871 2798 910 non
2829 854 3230 923 confundimus,
3261 855 3334 910 ita
3363 871 3614 927 separare
3642 860 3800 914 nulla-

2239 954 2396 1002 tenus
2419 946 2728 1002 audeamus.
2755 946 3199 1016 Quandoquidem
3217 948 3289 1002 ita
3313 948 3466 1003 nobis
3489 949 3589 1005 hoc
3609 949 3802 1019 dignata

2240 1049 2323 1098 est
2352 1041 2466 1112 ipsa
2492 1041 2726 1097 Trinitas
2765 1042 3043 1098 evidenter
3087 1042 3410 1110 ostendere,
3455 1051 3515 1099 ut
3557 1046 3709 1100 etiam
3753 1044 3801 1100 in

2239 1135 2322 1190 his
2369 1134 2705 1200 nominibus,
2753 1135 2947 1206 quibus
2987 1135 3157 1190 voluit
3213 1136 3520 1204 singillatim
3564 1152 3803 1207 personas

2239 1226 2480 1296 agnosci,
2529 1242 2691 1281 unam
2729 1227 2845 1282 sine
2890 1226 3061 1282 altera
3091 1243 3196 1283 non
3249 1228 3526 1298 permittat
3576 1228 3799 1300 intelligi.

2237 1317 2372 1373 Nam
2401 1325 2632 1388 excepto
2661 1318 2806 1388 quod
2839 1319 2907 1373 ad
2937 1334 2995 1374 se
3040 1319 3265 1374 relative
3294 1318 3544 1375 dicuntur
3585 1318 3736 1374 Pater
3757 1328 3804 1377 et

2235 1411 2403 1470 Filius
2426 1454 2442 1480 ,
2475 1413 2565 1469 ubi
2594 1413 3025 1484 inseparabiliter
3054 1429 3273 1469 necesse
3301 1422 3382 1470 est
3403 1413 3663 1469 referatur
3685 1415 3803 1470 alter

2235 1507 2305 1564 ad
2325 1508 2577 1578 alterum,
2605 1523 2726 1564 cum
2750 1507 2848 1561 ista
2871 1506 3086 1560 nomina
3107 1505 3216 1560 sint
3232 1506 3415 1574 utique
3439 1519 3772 1575 personarum
3787 1546 3800 1573 ,

2237 1614 2345 1655 non
2365 1599 2546 1655 minus
2572 1598 2748 1655 omnis
2776 1598 3132 1654 contradictio
3159 1596 3339 1652 deficit
3363 1597 3418 1651 in
3440 1597 3533 1652 illo
3558 1597 3802 1669 personali

2237 1693 2457 1748 nomine
2486 1692 2722 1763 Spiritus
2748 1692 2920 1748 sancti
2945 1709 2958 1758 ;
3013 1693 3104 1763 qui
3135 1708 3243 1747 non
3275 1691 3419 1746 aliud
3467 1692 3802 1763 personaliter

2235 1795 2456 1842 vocatur
2483 1801 2606 1842 cum
2635 1785 2834 1842 dicitur
2851 1784 3080 1857 Spiritus
3101 1793 3338 1850 sanctus,
3369 1800 3533 1854 quam
3557 1783 3658 1840 hoc
3677 1783 3801 1854 quod

541 1865 719 1933 minus
743 1881 994 1948 attendit,
1023 1879 1139 1936 haec
1164 1879 1384 1934 nomina
1405 1892 1522 1934 esse
1550 1878 1667 1932 sine
1695 1875 1858 1932 dubio
1882 1875 2128 1931 relativa.
2165 1877 2213 1936 B
2240 1878 2557 1933 naturaliter
2583 1886 2641 1934 et
2665 1876 2828 1932 Pater
2853 1884 3077 1932 vocatur
3103 1884 3159 1930 et
3182 1875 3364 1931 Filius.
3410 1874 3545 1930 Nam
3584 1883 3638 1931 et
3660 1872 3802 1930 Pater

541 1965 598 2023 In
630 1971 870 2040 quolibet
899 1979 1079 2027 autem
1127 1971 1357 2027 relativo
1403 1971 1624 2025 nomine
1663 1969 1743 2024 sic
1791 1977 1999 2023 certum
2048 1974 2133 2021 est

541 2074 702 2114 unam
727 2061 780 2114 in
810 2063 985 2131 seipsa
1014 2063 1303 2131 signiﬁcari
1333 2066 1662 2132 personam,‘
1693 2067 1754 2114 ut
1778 2057 1907 2114 hinc
1934 2055 2133 2112 refera-

543 2161 630 2206 tur
655 2151 722 2206 ad
751 2153 973 2208 alteram
1000 2173 1012 2208 :
1046 2163 1101 2209 et
1129 2171 1237 2210 non
1257 2154 1430 2210 solum
1456 2153 1507 2207 in
1531 2153 1612 2207 his
1633 2167 1753 2221 quae
1773 2148 1964 2206 eadem
1986 2156 2132 2214 sunt,

541 2243 682 2299 sicut
709 2245 906 2300 dicitur
934 2246 1099 2302 frater
1128 2247 1194 2302 ad
1237 2247 1482 2315 fratrem,
1529 2248 1733 2302 amicus
1761 2245 1827 2301 ad
1877 2245 2130 2309 amicum,

543 2339 751 2394 vicinus
799 2341 864 2394 ad
895 2341 1169 2407 vicinum;
1221 2342 1316 2398 sed
1345 2342 1508 2396 etiam
1539 2342 1591 2396 in
1624 2340 1706 2395 his
1757 2355 1878 2410 quae
1919 2339 2135 2395 diversa

545 2438 688 2494 sunt,
720 2430 859 2486 sicut
887 2429 1084 2486 dicitur
1119 2441 1275 2501 pater
1302 2431 1370 2486 ad
1397 2431 1594 2497 ﬁlium,
1637 2430 1776 2486 filius
1801 2431 1868 2485 ad
1898 2440 2129 2501 patrem,

543 2521 756 2588 genitor
785 2519 852 2574 ad
883 2522 1144 2589 genitum,
1169 2523 1254 2576 vel
1298 2523 1511 2592 genitus
1559 2523 1624 2577 ad
1669 2523 2012 2591 genitorem;
2065 2537 2134 2577 ex

547 2613 787 2683 quolibet
809 2615 998 2670 horum
1027 2617 1247 2672 nomine
1271 2617 1540 2686 geminam
1562 2616 1784 2684 intelligi
1810 2616 1986 2671 solere
2007 2630 2136 2686 per-

545 2719 756 2760 sonam.
799 2705 984 2776 Neque
1005 2708 1148 2762 enim
1175 2708 1226 2762 in
1259 2708 1343 2762 his
1372 2707 1680 2762 nominibus
1708 2709 1785 2762 sic
1816 2723 1920 2762 una
1945 2722 2137 2777 perso-

547 2814 610 2852 na
625 2798 968 2869 singulariter
987 2800 1198 2866 dicitur,
1229 2811 1416 2857 utnon
1439 2801 1506 2857 ad
1526 2801 1750 2856 alteram
1773 2799 1892 2871 ipso
1917 2816 2017 2856 suo
2040 2815 2146 2855 no-

543 2893 687 2948 mine
731 2893 998 2950 referatur
1024 2913 1036 2949 :
1082 2897 1310 2951 relativo
1339 2895 1480 2951 enim
1508 2894 1770 2951 vocabulo
1799 2894 1878 2950 sic
1907 2908 2138 2964 persona

547 2986 797 3056 quaelibet
846 2988 1042 3044 dicitur
1091 2989 1143 3043 in
1192 3005 1273 3054 se,
1324 2997 1384 3043 ut
1427 3004 1535 3043 non
1565 2987 1775 3044 dicatur
1821 2986 1888 3042 ad
1935 3003 2012 3041 se.
2057 2985 2138 3040 Ad

547 3082 944 3150 agnoscendum
974 3083 1155 3153 itaque
1186 3082 1662 3153 inseparabilitatis
1691 3081 1946 3137 indicium
1976 3080 2048 3134 ita
2079 3095 2140 3135 se

549 3178 637 3233 illa
669 3195 771 3233 una
804 3193 1039 3248 veraque
1068 3178 1320 3234 divinitas
1351 3179 1404 3232 in
1434 3177 1657 3245 singulis
1695 3176 1941 3247 personis
1969 3175 2142 3230 voluit

551 3271 1123 3327 incommunicabililer
1151 3281 1176 3308 ι
1205 3271 1492 3333 nominari,
1541 3279 1600 3324 ut
1647 3286 1752 3324 una
1807 3279 1987 3325 tamen
2018 3285 2141 3340 per-

549 3372 683 3418 sona
712 3365 830 3419 sine
857 3364 1026 3418 altera
1058 3380 1164 3418 non
1193 3370 1377 3433 posset
1397 3361 1644 3430 intelligi.
1672 3361 1807 3416 Nam
1831 3377 1955 3417 cum
1980 3359 2142 3416 Pater

549 3452 617 3507 ad
645 3453 856 3513 Filium.
883 3455 969 3509 vel
997 3454 1162 3509 Filius
1191 3453 1455 3509 referatur
1477 3453 1544 3508 ad
1573 3451 1790 3508 Patrem
1820 3494 1835 3519 ,
1868 3452 1995 3507 licet
2025 3452 2140 3506 sin-

550 3545 673 3614 gula
706 3545 928 3614 singulis
959 3553 1168 3600 tantum
1197 3546 1408 3616 possint
1445 3546 1664 3601 nomina
1695 3545 1986 3601 convenire
2016 3559 2143 3614 per-

550 3635 715 3700 sonis,
759 3644 815 3691 et
839 3637 1274 3692 communionem
1324 3636 1537 3693 illorum
1584 3636 1811 3692 duorum
1863 3636 2142 3692 nominum

551 3728 773 3784 omnino
797 3737 1012 3786 recuset
1039 3730 1342 3800 proprietas
1377 3744 1729 3799 personarum
1754 3769 1771 3794 ,
1823 3745 1930 3786 non
1959 3736 2142 3784 tamen

551 3815 715 3876 Pater
739 3819 857 3877 sine
883 3819 1020 3876 Filio
1071 3820 1436 3891 cognoscitur,
1483 3835 1586 3877 nec
1625 3821 1742 3876 sine
1772 3819 1933 3876 Patre
1976 3817 2142 3874 Filius

550 3917 838 3975 invenitur.
896 3917 1108 3974 Relatio
1155 3918 1356 3990 quippe
1404 3916 1498 3972 illa
1545 3917 1794 3972 vocabuli
1844 3915 2144 3988 personalis

550 4024 812 4081 personas
835 4011 1084 4081 separari
1113 4018 1300 4087 vetat:
1331 4024 1466 4080 quas
1496 4010 1658 4066 etiam
1687 4008 1813 4065 dum
1842 4025 1948 4064 non
1984 4007 2142 4063 simul

551 4103 815 4170 nominat,
851 4103 1007 4158 Simul
1035 4102 1293 4158 insinuat.
1335 4102 1505 4158 Nemo
1535 4111 1716 4158 autem
1747 4100 1932 4156 audire
1961 4108 2145 4170 potest

551 4196 971 4266 unumquodque
1002 4197 1228 4253 istorum
1263 4197 1559 4261 nominum,
1585 4197 1636 4251 in
1668 4211 1776 4266 quo
1805 4211 1910 4250 non
1942 4193 2142 4250 intelli-

551 4301 681 4359 gere
709 4297 931 4356 cogatur
951 4298 1005 4344 et
1033 4290 1261 4344 alterum
1288 4307 1300 4342 :
1332 4289 1476 4358 quod
1503 4288 1657 4346 nobis
1685 4289 1876 4344 beatus
1903 4285 2142 4342 Joannes

551 4379 812 4441 insinuat,
836 4380 1056 4435 dicens:
1097 4377 1281 4434 Omnis
1314 4380 1400 4452 qui
1446 4391 1599 4451 negat
1644 4379 1858 4446 Filium,
1913 4395 2004 4434 nec
2033 4378 2146 4433 Pa-

551 4479 685 4527 trem
710 4470 901 4538 habet;
948 4474 1033 4544 qui
1079 4473 1355 4544 conﬁtetur
1402 4471 1618 4538 Filium,
1650 4483 1701 4527 et
1736 4473 1951 4527 Patrem
1994 4471 2146 4526 habet

553 4562 610 4635 (Ι
633 4565 789 4622 Joan.
825 4583 882 4630 ιι,
913 4565 1028 4638 25).
1069 4566 1223 4633 Quod
1252 4567 1438 4637 utique
1479 4575 1764 4638 propterea
1808 4567 1973 4631 dixit,
2018 4563 2144 4635 quia

2238 1971 2556 2026 naturaliter
2584 1971 2802 2042 spiritus
2825 1978 2942 2039 est,
2972 1979 3028 2025 et
3053 1968 3221 2025 Filius
3260 1961 3580 2024 naturaliter
3606 1969 3800 2040 spiritus

2236 2073 2356 2130 est;
2389 2071 2445 2119 et
2474 2063 2634 2118 Pater
2661 2063 2977 2118 naturaliter
3004 2070 3220 2118 sanctus
3249 2071 3350 2126 est,
3380 2071 3439 2118 et
3476 2062 3637 2117 Filius
3659 2071 3792 2116 natu-

2236 2158 2422 2213 raliter
2469 2169 2686 2213 sanctus
2725 2165 2828 2212 est.
2869 2155 3154 2223 Quomodo
3188 2169 3318 2226 ergo
3366 2165 3548 2226 potest
3595 2169 3798 2226 persona

2236 2249 2467 2319 Spiritus
2495 2249 2667 2303 sancti
2697 2263 2727 2303 a
2754 2264 2983 2319 persona
3014 2247 3190 2303 Patris
3220 2256 3311 2302 aut
3339 2246 3462 2303 Filii
3491 2248 3800 2317 aliquatenus

2237 2343 2500 2414 separari,
2549 2358 2669 2397 cum
2699 2343 2803 2397 hoc
2825 2341 3022 2397 habeat
3068 2341 3300 2413 Spiritus
3342 2349 3564 2398 sanctus
3607 2341 3656 2396 in
3703 2341 3801 2411 ipso

2238 2435 2508 2509 personali
2532 2435 2770 2500 nomine,
2815 2435 2959 2504 quod
2991 2451 3112 2491 cum
3144 2435 3308 2492 Patre
3351 2444 3408 2492 et
3436 2435 3575 2491 Filio
3622 2435 3801 2491 unitate

2239 2531 2470 2586 naturali
2519 2531 2863 2599 cognoscitur
2908 2528 3109 2586 habere
3156 2532 3492 2586 commune?
3532 2529 3643 2586 Hoc
3679 2527 3800 2584 enim

2239 2626 2458 2680 nomine
2487 2640 2596 2679 non
2627 2623 2695 2678 ad
2737 2622 2909 2678 solum
2943 2621 3178 2689 Patrem,
3211 2624 3350 2678 sicut
3379 2622 3586 2689 Filius;
3636 2637 3722 2676 nec
3745 2617 3800 2675 ad

2239 2716 2413 2771 solum
2445 2714 2662 2779 Filium,
2692 2713 2833 2768 sicut
2860 2711 3060 2767 Pater:
3094 2712 3191 2768 sed
3224 2713 3382 2767 simul
3422 2721 3479 2768 et
3520 2712 3584 2767 ad
3615 2710 3802 2765 Patrem

2239 2817 2296 2865 et
2323 2808 2388 2862 ad
2414 2807 2606 2862 Filium
2639 2803 2900 2870 refertur,
2941 2804 3159 2873 quando
3187 2812 3242 2859 et
3273 2802 3449 2859 Patris
3477 2814 3533 2858 et
3565 2803 3674 2858 Filii
3701 2800 3802 2871 Spi-

2240 2903 2374 2957 ritus
2404 2907 2761 2969 nuncupatur.
2803 2897 2937 2952 Nam
2971 2905 3173 2952 etcum
3208 2897 3321 2967 ipse
3349 2896 3587 2967 Spiritus
3615 2904 3805 2952 sanclut

2239 2994 2436 3050 dicitur
2459 2992 2676 3055 donum,
2701 2990 2768 3044 ad
2791 2990 3109 3044 donatorem
3134 2991 3570 3060 inseparabiliter
3583 2989 3804 3044 refertur.

2242 3085 2393 3141 Hanc
2444 3083 2956 3155 inseparabilitatem
3005 3099 3358 3153 personarum
3419 3084 3596 3139 sciens
3641 3083 3806 3137 beatus

2243 3180 2427 3246 David,
2460 3178 2674 3235 dicebat
2699 3177 2812 3232 Deo
2839 3196 2851 3231 :
2885 3175 2997 3241 Quo
3025 3176 3109 3232 ibo
3139 3194 3172 3230 a
3201 3176 3403 3247 Spiritu
3435 3187 3544 3244 tuo,
3569 3185 3617 3232 et
3643 3193 3672 3228 a
3694 3173 3806 3246 facie

2167 3268 2212 3330 C
2247 3287 2331 3330 tua
2360 3293 2458 3348 quo
2490 3272 2736 3346 fugiam?
2759 3272 2819 3328 Si
2849 3271 3130 3326 ascendere
3158 3272 3213 3325 in
3254 3271 3460 3336 calum,
3505 3281 3557 3324 tu
3598 3269 3696 3324 illic
3720 3281 3765 3320 es
3790 3280 3802 3330 ;

2245 3370 2291 3424 si
2319 3367 2633 3424 descendero
2661 3366 2716 3419 in
2755 3366 3046 3437 infernum,
3090 3363 3214 3418 ades
3247 3361 3422 3434 (Psgl.
3459 3375 3714 3424 cxxxvm,
3740 3355 3805 3422 Ἰ).

2244 3460 2400 3530 Quod
2429 3459 2614 3530 utique
2641 3473 2748 3512 non
2779 3457 3002 3520 diceret,
3033 3456 3075 3509 si
3107 3469 3392 3526 personam
3418 3453 3646 3524 Spiritus
3665 3447 3808 3504 sancti

2245 3569 2276 3609 a
2305 3567 2537 3624 persona
2570 3550 2744 3605 Patris
2777 3549 3134 3620 separabilem
3174 3547 3356 3603 sciret.
3401 3545 3689 3617 Propterea
3726 3555 3808 3594 au-

2243 3658 2356 3705 tem
2381 3663 2442 3704 se
2467 3663 2567 3702 nec
2587 3647 2656 3702 ab
2684 3645 2890 3716 Spiritu
2916 3644 3012 3699 Dei
3042 3643 3210 3706 abire,
3241 3657 3344 3696 nec
3370 3641 3441 3696 ab
3473 3641 3587 3710 ipso
3616 3639 3717 3693 Deo
3742 3634 3809 3688 fu-

2243 3757 2372 3812 gere
2397 3755 2670 3811 quoquam
2699 3752 2860 3810 posse
2893 3736 3109 3792 dicebat
3134 3774 3148 3798 ,
3180 3735 3304 3805 quia
3335 3742 3597 3800 noverat,
3624 3732 3808 3798 insepa-

2245 3834 2487 3890 rabiliter
2514 3840 2571 3889 et
2607 3832 2776 3888 Deum
2807 3845 2927 3886 esse
2969 3829 3020 3884 in
3065 3827 3267 3900 Spiritu
3299 3843 3429 3892 suo,
3484 3835 3538 3880 et
3580 3822 3808 3894 Spiritum

2246 3926 2340 3982 Dei
2373 3941 2492 3981 esse
2513 3925 2567 3979 in
2597 3923 2710 3978 Deo
2740 3940 2752 3975 :
2788 3937 2895 3976 non
2925 3921 3063 3975 sicut
3091 3929 3173 3974 est
3207 3917 3259 3972 in
3287 3917 3399 3972 Deo
3430 3925 3703 3979 creatura,
3729 3907 3809 3964 sed

2246 4018 2386 4073 sicut
2408 4015 2625 4086 spiritus
2649 4013 2784 4083 ejus,
2816 4013 2908 4082 qui
2941 4027 3048 4066 non
3077 4010 3300 4065 alterius
3331 4017 3544 4064 natura
3565 4014 3646 4063 est
3669 4013 3810 4074 quam

2246 4117 2329 4165 est
2365 4109 2479 4179 ipse
2508 4107 2649 4162 Deus
2698 4107 2752 4159 in
2781 4119 2888 4175 quo
2941 4111 3043 4158 est.
3104 4100 3261 4168 Quod
3309 4101 3404 4155 illo
3453 4101 3576 4156 loco
3621 4101 3812 4153 sanctus

2247 4198 2483 4256 ostendit
2505 4195 2819 4267 Apostolus,
2849 4195 2938 4250 ubi
2961 4210 3086 4250 cum
3113 4193 3339 4248 dixisset
3363 4210 3375 4244 :
3405 4189 3574 4248 Nobis
3595 4189 3721 4244 enim
3739 4198 3812 4237 re-

2247 4290 2427 4345 uelauit
2449 4287 2588 4342 Deus
2619 4303 2710 4358 per
2747 4287 2999 4358 Spiritum
3026 4302 3214 4339 suum:
3247 4284 3480 4355 Spiritus
3501 4284 3632 4338 enim
3660 4274 3812 4335 omnia

2247 4389 2526 4444 scrutatur,
2557 4379 2714 4432 etiam
2735 4377 3001 4449 profunda
3031 4375 3170 4440 Dei;
3203 4375 3465 4430 continuo
3490 4370 3699 4429 humani
3717 4363 3810 4436 spi-

2247 4471 2383 4526 ritus
2411 4469 2622 4524 induxit
2651 4468 2956 4538 exemplum
2977 4509 2992 4534 ,
3022 4467 3208 4523 dicens
3233 4483 3247 4520 :
3292 4463 3422 4529 Quis
3452 4466 3591 4520 enim
3617 4461 3705 4517 scit
3726 4458 3811 4510 hoc

2247 4565 2443 4618 minum
2471 4576 2587 4633 quae
2612 4568 2731 4614 sunt
2779 4558 3022 4624 hominis,
3073 4559 3173 4612 nisi
3221 4559 3435 4629 spiritus
3484 4553 3700 4610 hominis
3739 4543 3814 4619 qui

550 4633 1169 4730 i‘nseparabiliter'Pater
1190 4633 1456 4714 referatur
1479 4633 1550 4712 ad
1572 4633 1786 4724 Pilium,
1829 4664 1885 4710 et
1930 4633 2142 4724 insepa-
2168 4657 2300 4722 Din
2329 4654 2442 4725 ipso
2483 4653 2598 4706 est?
2626 4650 2713 4705 Ita
2742 4667 2804 4704 ea
2833 4666 2946 4722 quae
2974 4649 3073 4703 Dei
3099 4658 3251 4714 sunt,
3283 4665 3433 4703 nemo
3464 4645 3693 4719 cognouit
3726 4633 3816 4693 nisi

549 4749 798 4806 rabiliter
824 4749 993 4805 Filius
1022 4750 1287 4805 referatur
1310 4749 1378 4804 ad
1399 4747 1635 4804 Patrem.
1678 4746 1794 4802 Non
1823 4757 1953 4814 ergo
1984 4759 2141 4815 sepa-

549 4850 698 4896 ratur
727 4856 956 4911 persona
987 4840 1159 4898 Patris
1204 4857 1234 4896 a
1282 4856 1513 4913 persona
1551 4839 1692 4907 Filii,
1741 4837 1994 4908 quotiens
2049 4844 2142 4891 aut

556 4937 717 4991 Pater
745 4943 957 4991 tantum
988 4938 1322 5001 nominatur,
1349 4945 1443 4992 aut
1468 4935 1634 4992 Filius
1659 4957 1670 4989 :
1704 4932 2141 5007 quandoquidem

548 5029 708 5086 Pater
737 5046 844 5086 non
873 5029 1088 5097 dicitur,
1119 5030 1221 5086 nisi
1250 5030 1519 5087 referatur
1548 5029 1612 5085 ad
1645 5029 1858 5093 Filium,
1913 5042 2014 5082 nec
2056 5025 2146 5081 Fi-

547 5121 648 5175 lius
673 5120 886 5189 dicitur,
919 5122 1022 5178 nisi
1045 5122 1313 5178 referatur
1334 5122 1403 5178 ad
1428 5121 1645 5178 Patrem
1669 5140 1684 5176 :
1713 5122 1766 5176 in
1793 5120 1971 5177 Patris
1996 5119 2142 5176 enim

547 5215 766 5270 nomine
801 5205 1118 5284 ita‘genitor
1154 5214 1484 5284 agnoscitur,
1539 5220 1599 5268 ut
1625 5228 1692 5268 ex
1721 5212 1827 5267 hoc
1853 5218 1911 5268 et
1938 5211 2029 5266 ille
2048 5213 2142 5281 qui

545 5313 631 5360 est
655 5308 866 5376 genitus
911 5308 1210 5376 intimetur,
1257 5316 1312 5362 et
1359 5306 1650 5378 appellatio
1679 5304 1845 5374 geniti
1889 5303 2143 5359 admonet

547 5412 836 5467 personam
864 5401 1126 5469 genitoris
1147 5399 1387 5468 agnosci.
1427 5396 1564 5452 Hinc
1592 5405 1675 5452 est
1722 5394 1867 5466 quod
1905 5395 2047 5450 sicut
2074 5395 2143 5450 ab

545 5505 614 5545 eo
639 5491 732 5560 qui
775 5491 1064 5548 conﬁtetur
1091 5490 1305 5555 Filium,
1338 5490 1499 5562 235
1549 5487 1712 5543 Pater
1762 5487 2013 5551 habetur,
2062 5486 2142 5544 sic

546 5583 615 5639 ab
643 5598 710 5640 eo
739 5586 829 5657 qui
855 5584 1046 5640 Filium
1079 5583 1377 5653 negaverit,
1407 5597 1513 5637 non
1539 5581 1786 5637 habetur.

616 5676 672 5732 9.
712 5675 967 5747 Q'uisquis
995 5689 1126 5744 ergo
1157 5673 1506 5745 'separabiles
1545 5671 1676 5728 dicit
1716 5687 1835 5730 esse
1879 5683 2169 5744 personas

544 5768 720 5827 Patris
749 5781 805 5828 et
833 5770 976 5837 Filii,
1022 5769 1274 5827 ostendat
1312 5768 1367 5824 in
1410 5767 1656 5840 quolibet
1683 5781 1870 5826 eorum
1917 5764 2142 5840 aliquod

617 5940 640 5967 ι
669 5929 767 5986 Ms.
792 5928 956 5990 'I‘bu..
987 5928 1490 5984 mcemmutabititer.

2250 4745 2479 4817 Spiritus
2509 4742 2609 4797 Dei
2641 4741 2698 4811 (Ι
2727 4741 2846 4796 Cor.
2877 4758 2944 4808 ιι,
2976 4739 3187 4812 10-1ἳ).
3242 4739 3394 4794 Sicut
3442 4754 3574 4807 ergo
3620 4731 3815 4805 spiritus

2250 4837 2506 4904 hominis,
2540 4835 2633 4907 qui
2659 4835 2714 4889 in
2745 4835 2862 4904 ipso
2891 4842 2992 4897 est,
3019 4832 3141 4887 ideo
3170 4832 3271 4887 scit
3298 4846 3420 4900 quae
3439 4836 3562 4885 sunt
3584 4819 3813 4882 hominis,

2251 4932 2376 5003 quia
2406 4929 2647 5000 ejusdem
2680 4937 2886 4981 natura:
2917 4932 3000 4980 est
3041 4922 3195 4992 cujus
3224 4931 3308 4977 est
3345 4923 3510 4977 homo
3540 4920 3590 4974 in
3619 4930 3720 4986 quo
3746 4913 3816 5003 est

2253 5000 2366 5094 (ubi
2395 5020 2566 5090 magis
2595 5018 2911 5075 interiorem
2949 5015 3223 5070 hominem
3254 5011 3621 5083 accipiendum
3651 5000 3818 5100 existi:

2247 5092 2400 5187 mo):
2434 5114 2509 5168 ita
2537 5120 2593 5169 et
2621 5126 2741 5182 quae
2768 5109 2865 5165 Dei
2894 5119 3018 5164 sunt
3058 5108 3179 5162 ideo
3229 5122 3390 5162 nemo
3430 5100 3678 5174 cognovit
3730 5092 3816 5147 nisi

2247 5208 2480 5280 Spiritus
2505 5207 2621 5275 Dei,
2650 5207 2777 5276 quia
2809 5204 2887 5260 sic
2918 5203 2971 5257 in
3001 5203 3114 5258 Deo
3138 5211 3221 5258 est
3262 5217 3360 5272 per
3388 5199 3645 5255 unitatem
3671 5195 3817 5286 itali}-

2245 5317 2340 5368 rae,
2373 5310 2435 5356 ut
2457 5317 2566 5357 non
2587 5300 2658 5356 sit
2687 5296 2890 5369 aliquid
2922 5296 2976 5351 in
3004 5295 3140 5362 Deo,
3167 5295 3314 5365 quod
3341 5309 3448 5350 non
3477 5288 3645 5362 possit
3665 5280 3817 5352 Spiri-

2245 5403 2330 5449 tus
2354 5393 2472 5462 ejus
2495 5392 2723 5448 naturali
2749 5390 2956 5447 unitate
2982 5401 3336 5458 cognoscere.

2316 5458 2402 5540 10:
2468 5485 2626 5540 istam
2675 5485 2874 5556 quippe
2919 5481 3311 5553 plenitudinem
3356 5470 3671 5546 cognitionis
3715 5458 3816 5556 sola

2245 5579 2486 5651 possidet
2515 5579 2693 5635 unitas
2738 5554 3037 5643 naturalis;
3094 5591 3193 5646 per
3220 5589 3384 5644 quam
3422 5571 3499 5626 sic
3527 5573 3610 5621 est
3638 5561 3688 5615 in
3717 5554 3814 5606 Deo

2244 5671 2478 5744 Spiritus
2503 5671 2642 5743 ejus,
2671 5678 2734 5728 ut
2759 5686 2899 5730 unus
2924 5685 3048 5726 cum
3090 5668 3180 5724 illo
3217 5668 3290 5723 sit
3319 5659 3634 5721 naturaliter
3661 5651 3807 5744 Densi

2245 5740 2344 5834 Qui
2397 5740 2575 5822 tamen
2628 5740 2793 5824 sicin
2835 5763 2949 5823 Deo
2979 5770 3085 5830 est,
3133 5769 3190 5818 et
3229 5775 3368 5817 unus
3394 5767 3516 5815 cum
3559 5748 3648 5806 illo
3686 5740 3814 5796 Deus
