4124 6468
329 403 422 462 sui

1701 403 2026 461 EPISTOLA
2065 403 2196 461 XIV.

3480 373 3584 466 tos

327 515 433 590 est,
482 532 539 578 ut
569 538 674 577 non
705 537 825 578 cum
873 537 940 577 eo
967 537 1126 576 unam
1174 537 1457 592 personam
1507 523 1720 590 habeat,
1769 523 1908 578 sicut
1933 525 1981 582 Α
2009 535 2132 576 nem
2162 519 2368 582 mortis,
2405 527 2460 574 et
2488 535 2614 575 caro
2643 521 2905 577 exanimis
2934 521 2985 576 in
3013 523 3263 592 sepulcro
3288 504 3482 592 jacuit,
3531 531 3589 580 et

329 617 493 671 habet
520 632 640 671 cum
676 615 894 672 homine
922 615 1140 685 spiritus
1169 616 1329 687 236
1353 617 1444 687 qui
1475 617 1526 671 in
1557 617 1774 672 homine
1801 626 1902 674 est.

329 705 435 762 Sed
466 705 596 759 illud
619 705 939 773 cognitionis
967 705 1274 775 exemplum
1301 722 1399 776 pro
1427 708 1634 762 unitate
1655 708 1905 774 naturali,

328 812 445 867 qua:
475 798 675 851 nullam
706 797 757 850 in
786 794 975 861 Patre,
1006 805 1061 852 et
1087 797 1254 861 Filio,
1289 805 1343 852 et
1372 797 1572 869 Spiritu
1602 808 1789 854 sancto
1809 799 1910 853 dif-

331 889 608 945 ferentiam
637 890 958 959 cognitionis
981 906 1098 945 esse
1127 891 1408 960 permittit,
1442 892 1655 947 beatum
1681 891 1911 962 Aposto-

313 967 440 1039 llum
471 983 715 1052 posuisse
751 983 1106 1037 certissimum
1137 990 1256 1036 est:
1307 981 1430 1051 quia
1461 998 1566 1036 una
1597 981 1686 1036 illa
1715 991 1906 1038 natura

329 1075 716 1146 inseparabilis,
767 1083 937 1130 totum
966 1074 1222 1146 quidquid
1268 1075 1322 1129 iu
1351 1091 1408 1129 se
1439 1075 1753 1129 naturaliter
1780 1083 1862 1130 est
1890 1113 1908 1139 ,

331 1184 436 1222 non
464 1167 730 1222 diversum
759 1167 853 1222 sed
885 1183 1067 1232 unum,
1126 1173 1182 1221 et
1230 1175 1400 1222 totum
1449 1168 1588 1222 sicut
1632 1168 1684 1222 in
1717 1167 1908 1231 tribus,

327 1259 404 1313 sic
435 1259 487 1312 in
517 1258 739 1328 singulis
769 1265 981 1314 constat
1009 1273 1126 1313 esse
1149 1258 1417 1328 personis.
1461 1257 1564 1313 Ubi
1593 1257 1660 1313 ad
1687 1258 1913 1315 demon-

328 1352 604 1406 strandam
627 1352 897 1421 propriam
930 1350 1157 1421 Spiritus
1205 1351 1378 1406 sancti
1427 1365 1732 1420 personam,
1785 1365 1914 1407 vere

331 1442 385 1496 in
438 1440 680 1510 ejusdem
743 1441 986 1496 doctrina
1033 1440 1264 1511 Spiritus
1323 1441 1621 1511 apostolica
1675 1441 1915 1510 vigilavit

329 1535 644 1599 auctoritas,
679 1539 735 1587 ut
759 1533 988 1588 diceret:
1022 1531 1136 1587 Nos
1157 1541 1330 1586 autem
1351 1549 1454 1587 non
1475 1533 1713 1603 spiritum
1735 1535 1914 1588 mundi

329 1626 638 1694 accepimus,
669 1624 758 1678 sed
779 1624 1030 1694 Spiritum
1059 1625 1145 1694 qui
1171 1641 1233 1678 ea:
1257 1623 1366 1679 Deo
1387 1633 1460 1678 est
1488 1623 1545 1690 (1
1560 1623 1679 1678 Cor.
1707 1641 1764 1693 ιι,
1789 1624 1876 1694 1‘2)
1899 1642 1914 1677 :

329 1717 474 1786 quod
505 1716 606 1771 dici
652 1716 719 1772 de
761 1717 950 1787 spiritu
997 1718 1230 1771 hominis
1255 1717 1559 1772 nullatenus
1587 1725 1785 1786 potest,
1820 1717 1913 1786 qui

329 1810 409 1864 sie
439 1825 557 1864 esse
597 1809 651 1863 in
695 1809 913 1864 homine
940 1809 1152 1874 dicitur,
1208 1818 1266 1864 ut
1312 1825 1430 1867 esse
1459 1825 1527 1864 ex
1556 1809 1774 1865 homine
1801 1826 1908 1866 non

2011 614 2189 668 anima
2212 614 2265 667 in
2287 611 2572 680 infernum,
2589 628 2751 669 carne
2771 615 3054 683 moriente,
3077 615 3387 670 descendit:
3413 631 3588 685 quan-

2010 702 2297 771 doquidem
2342 703 2505 758 etiam
2566 719 2689 759 cum
2749 704 3140 760 interveniente
3188 717 3362 761 morte
3413 708 3588 762 aliima

2010 793 2340 850 discessisset
2368 809 2397 848 a
2426 810 2608 863 carne,
2641 797 3011 866 inseparabilis
3042 799 3091 852 in
3121 795 3334 852 Christo
3365 807 3593 868 utraque

2011 890 2201 937 natura
2223 885 2543 954 permansit:
2569 885 2690 956 quia
2715 901 2816 942 nec
2846 887 2897 940 in
2929 886 3137 943 inferno
3159 889 3389 942 animam
3416 903 3590 954 suam,

2012 991 2114 1032 nec
2144 976 2197 1030 in
2219 977 2468 1048 sepulcro
2494 993 2709 1033 carnem
2740 995 2890 1034 suam
2921 982 3171 1036 divinitas
3199 983 3460 1036 immensa
3497 981 3593 1037 de-

2011 1067 2200 1123 seruit.
2240 1065 2300 1122 ln
2329 1075 2536 1122 tantum
2563 1078 2742 1124 autem
2769 1070 3137 1141 inseparabilis
3167 1080 3251 1130 est
3294 1074 3346 1128 in
3377 1072 3594 1129 Christo

2015 1168 2241 1228 utraque
2272 1165 2485 1225 natura,
2518 1167 2576 1212 ut
2604 1176 2670 1214 ex
2695 1160 2801 1216 hoc
2829 1161 3098 1232 Eutyches
3143 1163 3194 1217 in
3234 1179 3474 1219 errorem
3503 1180 3596 1220 ca-

2013 1250 2188 1315 deret,
2231 1260 2288 1306 et
2323 1267 2484 1315 unam
2512 1251 2702 1308 videns
2745 1253 2800 1308 in
2828 1252 3044 1310 Christo
3079 1270 3383 1326 personam,
3435 1272 3594 1314 unam

2013 1355 2230 1412 quoque
2251 1342 2306 1398 in
2334 1357 2400 1398 eo
2428 1350 2674 1398 naturam
2707 1345 2863 1414 237
2901 1345 3062 1415 impie
3093 1346 3447 1415 praedicaret;
3498 1363 3595 1402 vo-

2014 1432 2132 1489 lens
2160 1431 2489 1490 confundere
2528 1435 2671 1504 quod
2713 1435 2842 1491 vidit
2875 1438 3111 1506 separari
3141 1454 3246 1492 non
3276 1455 3455 1509 posse.
3505 1437 3596 1495 Sic

2015 1535 2194 1582 autem
2242 1527 2344 1584 iste
2389 1528 2442 1582 in
2483 1527 2688 1583 duabus
2730 1529 2936 1582 naturis
2985 1545 3118 1599 quas
3166 1531 3596 1600 inseparabiliter

2016 1620 2172 1674 unius
2199 1634 2319 1675 esse
2332 1633 2577 1690 person:e
2595 1621 2868 1690 cognovit,
2891 1621 3094 1676 crimen
3117 1622 3406 1693 impietatis
3426 1625 3595 1677 incur-

2015 1711 2124 1778 rit;
2173 1713 2310 1768 sicut
2346 1711 2611 1768 Sabellius
2643 1715 2693 1768 in
2720 1713 2889 1768 tribus
2919 1715 3194 1785 personis,
3227 1725 3449 1786 propter
3476 1717 3596 1771 uni-

2015 1812 2183 1860 tatem
2204 1814 2426 1872 naturae,
2449 1807 2689 1861 caecitate
2708 1806 2996 1862 mortiferae
3013 1804 3340 1862 inﬁdelitatis
3363 1808 3591 1873 erravit;

329 1899 555 1954 dicatur.
614 1898 845 1970 Spiritus
885 1911 1061 1955 autem
1109 1909 1326 1956 sanctus
1373 1901 1425 1956 in
1456 1900 1568 1956 Deo
1597 1909 1678 1956 est
1709 1902 1914 1958 unitate
1945 1907 1991 1966 Β
2019 1911 2126 1951 non
2156 1896 2458 1966 intelligens
2511 1912 2770 1968 personas
2799 1896 2994 1966 Patris,
3026 1907 3082 1954 et
3111 1898 3249 1964 Filii,
3283 1911 3336 1954 et
3365 1899 3595 1970 Spiritus

330 2000 555 2057 naturae,
587 2006 652 2045 ex
681 1991 791 2045 Deo
837 1999 922 2046 est
947 1991 1108 2046 etiam
1139 1993 1472 2062 proprietate
1513 2007 1775 2062 personae.
1809 1991 1911 2047 Per

331 2082 474 2137 illam
504 2096 633 2151 ergo
662 2085 923 2138 unitatem
956 2091 1186 2149 natum,
1237 2098 1338 2153 per
1382 2099 1541 2154 quam
1571 2099 1634 2138 ea
1664 2097 1783 2153 qua:
1818 2083 1908 2139 Dei

329 2181 453 2226 sunt
483 2187 639 2226 nemo
668 2173 942 2241 cognovit,
989 2173 1089 2227 nisi
1117 2172 1348 2243 Spiritus
1389 2171 1516 2239 Dei,
1571 2173 1731 2228 etiam
1782 2173 1909 2228 illud

330 2265 646 2333 intelligitur
671 2264 814 2333 quod
839 2263 1005 2318 Filius
1033 2264 1196 2318 dicit:
1231 2261 1401 2318 Nemo
1431 2264 1571 2318 novit
1603 2262 1797 2317 Filium
1826 2265 1909 2318 ni—

330 2357 375 2410 si
404 2355 593 2422 Pater,
626 2372 787 2426 neque
817 2355 1031 2410 Patrem
1058 2357 1170 2426 quis
1199 2357 1339 2410 novit
1367 2356 1466 2410 nisi
1505 2353 1676 2410 Filius
1695 2396 1709 2422 ,
1741 2363 1791 2409 et
1828 2357 1910 2410 cui

330 2447 543 2502 voluerit
573 2445 743 2500 Filius
771 2446 995 2501 revelare
1023 2445 1236 2515 (Matth.
1262 2461 1340 2513 ιι,
1367 2445 1483 2517 27).
1537 2444 1638 2500 Per
1667 2445 1907 2501 eamdem

331 2546 536 2592 natura:
567 2537 939 2606 inseparabilis
969 2538 1251 2603 unitatem,
1295 2545 1352 2592 et
1383 2552 1440 2592 se
1467 2537 1519 2592 in
1545 2535 1720 2602 Patre,
1769 2545 1827 2592 et
1855 2538 1907 2592 in

331 2642 390 2682 se
422 2625 637 2682 Patrem
666 2625 832 2682 Filius
861 2641 980 2682 esse
1008 2635 1256 2682 testatur.
1298 2627 1431 2682 Nam
1472 2643 1594 2683 cum
1637 2628 1912 2699 discipulis

333 2715 554 2771 dixisset
583 2735 595 2770 :
630 2717 690 2771 Si
712 2734 792 2771 me
814 2719 1204 2790 cognovissetis,
1232 2728 1281 2772 et
1307 2716 1518 2772 Patrem
1547 2735 1713 2773 meum
1739 2721 1912 2791 utique

331 2809 690 2878 cognovissetis
721 2810 901 2879 (Joan.
933 2827 1040 2875 xw,
1073 2810 1128 2881 7)
1155 2828 1168 2864 :
1200 2809 1473 2880 Philippus
1505 2825 1630 2864 vero
1661 2827 1781 2866 cum
1812 2810 1912 2864 Pa-

331 2905 466 2954 trem
497 2900 595 2954 sibi
631 2901 928 2971 postularet
968 2900 1201 2965 ostendi,
1251 2900 1330 2955 sic
1359 2899 1618 2956 Dominus
1665 2901 1781 2972 ipse
1823 2917 1911 2957 re-

331 2990 548 3058 spondit
573 3007 586 3042 :
622 2989 789 3044 Tanto
811 2999 1038 3056 tempore
1067 2993 1319 3046 vobiscum
1349 3009 1483 3060 sum,
1517 3002 1687 3047 etnon
1718 3008 1912 3066 cogno-

331 3082 472 3137 ristis
495 3100 575 3136 me
597 3082 904 3154 ?Philippe,
921 3086 1006 3156 qui
1028 3102 1111 3138 me
1133 3085 1275 3150 vidit,
1301 3085 1430 3140 vidit
1449 3094 1496 3138 et
1523 3085 1753 3140 Patrem.
1779 3084 1914 3150 Quo-

333 3176 482 3230 modo
511 3184 561 3228 tu
584 3175 732 3240 dicis,
762 3177 970 3230 ostende
993 3174 1139 3230 nobis
1174 3175 1426 3230 Patrem?
1449 3174 1569 3230 Non
1601 3177 1765 3230 credis
1793 3179 1913 3247 quia

2015 1991 2188 2046 sancti
2215 1992 2333 2046 sine
2353 1991 2669 2046 confusione
2695 1992 2987 2046 subsistere
3003 2032 3017 2054 ,
3041 2007 3174 2061 quas
3203 1992 3453 2047 audiebat
3479 1995 3595 2048 uni-

2013 2087 2125 2135 tate
2166 2081 2394 2136 naturali
2439 2097 2662 2152 prorsus
2701 2083 3082 2153 inseparabiles
3111 2099 3446 2153 permanere.
3489 2084 3594 2139 Sed

2014 2178 2298 2241 utrumque
2327 2171 2560 2227 Trinitas
2590 2171 2957 2244 inseparabilis
2983 2173 3129 2236 vicit,
3162 2182 3446 2243 utrumque
3474 2175 3595 2228 uni-

2012 2269 2096 2318 tas
2124 2261 2399 2318 ineonfusa
2423 2263 2692 2328 contrivit,
2719 2271 2944 2335 uterque
2968 2280 2997 2319 a
3022 2265 3180 2318 vulva
3204 2263 3457 2320 Ecclesiae
3477 2279 3596 2319 ma-

2016 2355 2112 2409 tris
2138 2355 2404 2411 alieuatus
2431 2356 2724 2422 abscessit,
2767 2365 2992 2428 uterque
3036 2372 3066 2411 a
3112 2366 3300 2412 ventre
3346 2358 3597 2429 piissimae

2013 2447 2289 2516 genitricis
2311 2449 2528 2512 erravit,
2561 2455 2618 2503 et
2643 2448 3011 2518 semetipsum,
3040 2437 3276 2518 suosque
3305 2449 3596 2519 complices

2013 2537 2271 2593 barathro
2288 2537 2578 2608 impietatis
2598 2538 2879 2594 immersit.
2894 2538 3031 2594 Vera
3046 2541 3242 2610 quippe
3264 2540 3316 2594 in
3338 2537 3599 2597 Trinitata

2015 2628 2126 2684 Deo
2141 2644 2251 2685 non
2275 2630 2449 2685 solum
2479 2637 2680 2686 natura:
2701 2631 2898 2695 unitas,
2927 2647 3110 2686 verum
3133 2634 3293 2708 etiam
3324 2629 3598 2689 inconfuss

2014 2728 2177 2789 atque
2204 2721 2578 2792 inseparabilis
2596 2731 2779 2778 manet
2798 2738 3148 2794 personarum
3175 2723 3476 2795 preprietas
3502 2742 3515 2778 :
3547 2732 3600 2781 et

2019 2810 2368 2868 nihilominus
2407 2813 2462 2866 in
2491 2827 2596 2866 una
2624 2811 2823 2868 Christi
2853 2829 3105 2883 persona,
3133 2814 3360 2870 duarum
3384 2829 3598 2886 perma-

2016 2910 2112 2957 net
2161 2901 2548 2957 incont‘usibilis
2598 2911 2761 2974 atque
2805 2904 3177 2976 inseparabilis
3206 2907 3362 2976 plena
3401 2907 3598 2962 veritas

2018 3004 2350 3051 naturarum.

2089 3085 2172 3140 12.
2206 3085 2360 3154 Quod
2388 3086 2433 3142 si
2464 3088 2516 3142 in
2554 3086 2770 3143 Christo
2793 3097 3017 3159 propter
3045 3089 3302 3143 unitatem
3331 3105 3597 3160 personae,

2017 3177 2392 3248 inseparabilis
2417 3179 2686 3234 invenitur
2708 3180 2878 3236 unitio
2904 3181 3096 3238 divinae
3121 3181 3473 3252 humanmque
3501 3199 3598 3238 na-

333 3280 424 3336 ego
451 3268 508 3320 in
549 3265 720 3330 Patre,
745 3277 794 3320 et
826 3266 983 3320 Pater
1011 3269 1064 3320 in
1089 3283 1166 3320 me
1195 3267 1318 3321 est?
1365 3266 1532 3321 Verba
1561 3284 1674 3337 qua:
1709 3285 1800 3338 ego
1834 3267 1912 3320 lo-
1942 3284 1988 3347 c
2018 3275 2148 3326 hirae
2195 3267 2336 3340 (cum
2379 3270 2592 3340 utrique
2639 3279 2843 3326 naturae
2880 3286 2982 3327 nec
3028 3274 3144 3328 sine
3185 3273 3340 3328 initio
3384 3274 3600 3330 aeterni-

332 3375 458 3429 quor
482 3357 643 3422 vobis,
677 3375 778 3412 non
803 3377 833 3412 a
861 3376 939 3412 me
966 3360 1078 3430 ipso
1107 3362 1324 3430 loquor;
1363 3358 1522 3414 Pater
1548 3370 1718 3413 autem
1746 3363 1798 3414 in
1832 3378 1913 3414 me

333 3465 566 3513 manens,
612 3450 724 3519 ipse
754 3450 882 3520 facit
920 3467 1094 3520 opera.
1143 3447 1266 3504 Non
1309 3449 1519 3503 creditis
1565 3450 1686 3521 quia
1735 3466 1828 3520 ego
1857 3451 1913 3504 iu

334 3539 513 3606 Patre,
545 3549 595 3594 et
618 3539 775 3594 Pater
797 3542 851 3595 in
873 3558 951 3594 me
979 3550 1054 3594 est
1079 3541 1359 3612 ?Alioquin
1388 3548 1596 3610 propter
1621 3556 1776 3608 opera
1802 3541 1916 3610 ipsa

337 3635 527 3689 credite
565 3632 754 3705 (Ibid.,
802 3633 836 3688 9
865 3645 915 3688 et
939 3635 1091 3705 seq.).
1124 3633 1200 3687 Ex
1233 3650 1298 3687 eo
1328 3634 1489 3701 igitur
1515 3633 1656 3703 quod
1699 3634 1916 3704 insepa-

335 3723 531 3780 rabiles
558 3737 684 3779 sunt
709 3723 888 3789 Pater,
910 3734 964 3779 et
987 3723 1169 3787 Filius,
1197 3733 1250 3778 et
1278 3723 1507 3794 Spiritus
1525 3734 1760 3788 sanctus,
1785 3741 1916 3781 con-

334 3830 570 3885 sequens
619 3823 704 3871 est
743 3823 804 3870 ut
842 3815 1270 3884 inseparabiliter
1317 3824 1631 3884 operentur.
1673 3813 1826 3882 Quod
1869 3817 1916 3872 si

334 3903 576 3960 Trinitas
604 3905 692 3960 illa
721 3905 1049 3976 separabiles
1078 3913 1259 3974 posset
1286 3904 1484 3958 habere
1513 3919 1798 3973 personas,
1831 3921 1918 3961 es-

335 4004 458 4052 sent
480 4003 538 4052 et
565 3995 739 4067 aliqua
780 4005 1027 4066 separata
1057 4011 1221 4066 Opera
1252 3995 1549 4050 Trinitatis.
1589 3995 1722 4051 Nam
1761 3998 1804 4052 si
1834 4006 1918 4052 at-

335 4087 617 4143 tendamus
661 4086 793 4142 illud
841 4085 987 4156 quod
1030 4086 1304 4156 Scriptura
1345 4092 1528 4140 sancta
1558 4085 1688 4141 dicit
1732 4085 1801 4141 de
1827 4101 1917 4142 sa-

335 4177 576 4249 pientia:
629 4177 889 4249 Splendor
914 4188 994 4233 est
1020 4181 1158 4233 enim
1202 4178 1330 4233 lucis
1378 4186 1587 4234 aeterne
1633 4179 1789 4250 (Sap.
1820 4195 1916 4246 vlt,

2020 3364 2122 3424 tas,
2167 3373 2267 3414 nec
2292 3359 2408 3414 sine
2435 3359 2796 3416 mutabilitate
2823 3362 3156 3432 simplicitas,
3202 3379 3301 3420 nec
3340 3364 3456 3420 sine
3494 3375 3604 3422 ter-

2017 3449 2164 3503 mino
2190 3448 2522 3506 immensitas
2558 3451 2830 3505 invenitur
2855 3453 3172 3507 naturaliter
3212 3468 3330 3509 esse
3356 3468 3601 3510 commu-

2019 3547 2136 3612 nis;
2167 3547 2293 3615 quia
2310 3546 2365 3601 in
2384 3561 2495 3603 uno
2514 3547 2814 3616 eodemque
2834 3547 3051 3602 Christo
3081 3556 3137 3603 et
3161 3563 3290 3604 vera
3321 3557 3405 3604 est
3423 3549 3600 3604 divina

2020 3645 2234 3706 natura,
2262 3652 2368 3707 qua
2393 3639 2714 3694 naturaliter
2741 3647 2822 3694 est
2849 3639 2964 3695 sine
3005 3640 3158 3695 initio
3187 3639 3327 3697 Deus
3353 3648 3508 3695 natus
3536 3640 3603 3694 de

2019 3729 2200 3794 Patre,
2231 3739 2289 3787 et
2314 3747 2442 3788 vera
2465 3732 2702 3788 humana
2727 3743 2935 3800 natura,
2967 3748 3072 3804 qua
3100 3735 3417 3789 naturaliter
3443 3743 3526 3788 est
3549 3737 3602 3792 In

2018 3823 2354 3895 plenitudine
2385 3831 2686 3895 temporum
2731 3825 2873 3880 Deus
2914 3826 3077 3880 homo
3117 3835 3332 3882 creatus
3377 3841 3443 3880 ex
3491 3827 3605 3880 vir-

2017 3915 2169 3988 gine;
2202 3914 2256 3969 in
2278 3914 2366 3969 illa
2394 3924 2692 3970 constemus
2714 3913 2881 3980 Patri,
2905 3915 2958 3969 in
2979 3915 3080 3970 ista
3103 3917 3371 3986 posterior
3395 3923 3598 3980 matre;

2018 4007 2312 4064 secundum
2341 4007 2574 4062 divinam
2597 4022 2817 4077 semper
2837 4008 3036 4077 ubique
3064 4015 3230 4072 totus,
3253 4025 3350 4061 nec
3375 4022 3605 4076 unquam

2019 4098 2104 4153 vel
2152 4113 2378 4168 usquam
2425 4098 2545 4154 loco
2591 4098 2908 4166 conclusus;
2952 4099 3244 4155 secundum
3292 4100 3604 4168 humanam,

2019 4199 2172 4248 certo
2217 4189 2304 4246 die
2331 4189 2400 4246 de
2439 4189 2576 4247 omlo
2618 4189 2684 4246 ad
2718 4189 3035 4258 judicandos
3076 4192 3231 4246 vivos
3260 4197 3608 4260 ninrtuosqua

335 4267 452 4338 26),
494 4269 636 4324 sicut
661 4269 1001 4339 splendorem
1050 4270 1154 4325 luci
1202 4269 1445 4326 videmus
1493 4271 1922 4341 inseparabiliter
2023 4281 2323 4349 venturus),
2367 4290 2567 4352 quanta
2598 4283 3030 4352 inseparabilitas
3069 4284 3330 4340 credenda
3379 4292 3459 4336 est
3505 4283 3612 4340 illis

339 4360 623 4425 ίηιὶωτθΐθν
675 4361 752 4415 Sic
782 4375 1136 4428 agnoscamus
1162 4359 1356 4415 Filium
1403 4377 1433 4415 ³
1477 4359 1636 4416 Ρδῑΐθ
1683 4363 1922 4432 separari
2022 4372 2194 4428 tribus
2218 4374 2396 4430 inesse
2415 4375 2684 4444 personis,
2714 4388 2941 4442 quarum
2971 4384 3054 4431 est
3079 4386 3133 4431 et
3160 4373 3358 4439 unitas,
3381 4384 3434 4430 et
3460 4384 3609 4431 teter‘

337 4464 448 4504 non
476 4463 658 4518 posse.
701 4448 877 4515 Ipsum
909 4451 1051 4504 enim
1081 4451 1378 4521 apostolica
1422 4453 1680 4522 praedicat
1727 4461 1921 4509 aucto-
2023 4459 2184 4522 nitas.
2229 4469 2286 4516 et
2325 4461 2659 4530 simplicitas,
2702 4471 2757 4518 et
2782 4464 3114 4520 immensitas
3140 4467 3431 4520 naturalis?
3463 4464 3610 4521 Hanc

337 4540 473 4594 ritas
499 4539 828 4610 splendorem
873 4541 1069 4611 glorite,
1119 4549 1170 4594 et
1208 4541 1432 4613 ﬁguram
1477 4541 1777 4599 substantiis
1823 4542 1913 4599 Dei

2023 4550 2213 4606 beatus
2243 4552 2555 4608 Ambrosius
2585 4555 2850 4610 veraciter
2877 4557 3130 4625 praedicat
3159 4565 3211 4611 et
3241 4556 3526 4611 conlirmat
3554 4554 3610 4611 in

339 4629 528 4720 (Hebr.
579 4646 615 4696 ι,
665 4631 759 4700 5);
802 4630 945 4698 quod
992 4645 1224 4699 sequens
1269 4632 1458 4687 beatus
1506 4631 1821 4690 Ambrosius
1868 4635 1920 4688 in
1951 4659 2002 4719 υ
2027 4639 2166 4696 libro
2195 4641 2370 4712 primo
2399 4643 2466 4698 de
2493 4643 2697 4713 Spiritu
2741 4655 2928 4702 sancto
2953 4645 3106 4720 (Cap.
3134 4647 3211 4719 6),
3244 4647 3355 4702 lucc
3385 4647 3608 4701 dicens:

338 4718 540 4790 hymno
570 4722 836 4774 matutino
859 4729 882 4754 η
907 4720 1246 4789 splendorem
1267 4729 1504 4791 paterna:
1523 4722 1706 4790 gloria:
1726 4723 1915 4779 Filium

339 4825 461 4865 esse
488 4811 825 4880 pronuntiat.

441 4901 529 4956 11.
581 4901 676 4956 lllo
724 4917 940 4973 quoque
993 4901 1243 4972 exemplo
1292 4903 1676 4974 inseparabiles
1725 4923 1916 4978 perso-

341 5007 443 5049 nas
496 4991 692 5060 Patris,
733 5001 791 5048 et
817 4992 958 5061 Filii,
989 5003 1045 5049 et
1072 4994 1301 5065 Spiritus
1327 4995 1527 5062 sancti,
1580 4998 1834 5052 convenit
1861 5006 1921 5054 ut

337 5083 652 5149 credamus,
683 5099 791 5153 quo
821 5085 936 5154 ipse
968 5083 1282 5154 Unigenitus
1313 5086 1454 5142 Deus
1492 5087 1572 5142 sic
1610 5087 1663 5141 in
1709 5088 1918 5145 unitate

339 5191 586 5248 personze
630 5192 740 5233 suae
784 5184 1035 5232 naturam
1077 5179 1310 5234 divinam
1367 5179 1764 5250 humanamque
1789 5197 1924 5238 eon-

336 5269 514 5340 junxit
566 5277 730 5339 atque
789 5269 987 5334 univit,
1060 5278 1119 5326 ut
1144 5286 1175 5325 a
1218 5286 1278 5327 se
1318 5272 1536 5326 omnino
1577 5286 1688 5328 non
1715 5275 1926 5344 possint

339 5360 602 5430 separari.
655 5358 714 5414 In
755 5373 860 5415 una
896 5361 1038 5414 enim
1079 5375 1309 5430 persona
1350 5361 1620 5432 Unigeniti
1647 5361 1777 5428 Dei,
1831 5366 1922 5434 qui

343 5463 590 5525 tauquam
611 5469 830 5524 sponsus
855 5455 1104 5522 processit
1125 5453 1189 5508 de
1211 5453 1442 5512 thalamo
1469 5471 1560 5511 suo
1582 5454 1753 5527 (Psal.
1771 5472 1920 5528 xvm,

344 5543 431 5616 5),
463 5544 835 5617 inseparabilis
863 5553 1146 5616 permanet
1171 5547 1449 5616 utriusque
1487 5555 1689 5604 naturae
1725 5550 1913 5608 unitio.

342 5637 453 5694 Nec
479 5638 602 5694 ideo
625 5638 788 5694 debet
815 5635 1007 5706 aliquis
1047 5637 1314 5694 aestimare
1345 5647 1626 5709 utramque
1659 5641 1729 5696 ab
1773 5641 1917 5697 invi-

344 5745 460 5786 cem
504 5730 683 5787 divelli
731 5730 969 5800 potuisse
995 5735 1282 5796 naturam;
1335 5732 1460 5800 quia
1488 5746 1588 5802 per
1613 5734 1918 5803 susceptio-

417 5900 441 5927 ι
471 5887 528 5943 S.
560 5888 742 5943 Ambr.
778 5886 830 5941 in
857 5866 1186 5947 hymnu'fer.
1216 5885 1272 5948 ‘2.
1302 5886 1366 5940 ad
1399 5887 1599 5944 laudes.

2027 4731 2156 4797 Quis
2206 4733 2364 4806 igitur
2408 4735 2598 4789 audeat
2639 4736 2807 4790 dicere
2845 4737 3120 4793 discretum
3161 4757 3192 4791 a
3230 4737 3340 4792 Deo
3370 4737 3530 4792 Patre
3561 4745 3612 4793 el

2025 4821 2232 4878 Christo
2254 4839 2364 4878 esse
2392 4823 2645 4896 Spiritum
2672 4837 2924 4894 sanctum,
2955 4845 3070 4883 cum
3096 4848 3189 4900 per
3209 4833 3374 4901 ipsum
3398 4830 3467 4884 ad
3483 4831 3609 4885 ima~

2027 4917 2194 4987 ginem
2222 4926 2271 4970 et
2297 4917 2685 4974 similitudinem
2715 4919 2811 4975 Dei
2842 4938 2953 4976 esse
2975 4925 3300 4978 mereamur?
3328 4924 3447 4979 Alio
3474 4936 3611 4992 quo-

2027 5021 2134 5076 que
2157 5006 2277 5062 loco
2297 5008 2427 5064 dicit
2451 5027 2464 5064 :
2491 5008 2618 5074 Quis
2639 5022 2809 5067 autem
2832 5023 2999 5085 potest
3021 5034 3052 5069 a
3078 5015 3236 5070 Patre
3257 5024 3305 5069 et
3329 5015 3467 5069 Filio
3492 5012 3610 5084 Spi-

2027 5099 2184 5152 ritum
2232 5109 2464 5154 sanctum
2515 5118 2778 5174 separare,
2829 5122 2944 5160 cum
2985 5107 3064 5160 vel
3109 5107 3369 5178 appellare
3401 5105 3609 5161 Patrem

2022 5196 2074 5240 et
2123 5187 2318 5243 Filium
2356 5192 2468 5244 sine
2515 5191 2714 5261 Spiritu
2761 5204 2940 5250 sancto
2992 5213 3092 5249 non
3133 5192 3611 5267 queamus?Nemo

2023 5277 2165 5330 enim
2205 5277 2328 5332 dicit
2354 5277 2634 5336 Dominum
2678 5284 2874 5348 Jesum,
2926 5286 3030 5338 nisi
3068 5286 3124 5339 in
3163 5283 3363 5354 Spiritu
3404 5295 3609 5343 sancto.

2023 5365 2167 5441 Ergo
2195 5371 2242 5425 si
2272 5372 2537 5443 appellare
2563 5372 2842 5430 Dominum
2871 5376 3048 5429 Iesum
3079 5377 3189 5429 sine
3213 5375 3410 5448 Spiritu
3433 5389 3612 5434 sancto

2021 5465 2196 5535 utique
2224 5482 2328 5520 non
2376 5483 2666 5536 possumus,
2720 5487 2988 5538 possumus
3031 5470 3143 5524 sine
3188 5468 3388 5541 Spiritu
3418 5473 3612 5543 pracdi-

2025 5555 2351 5630 care(Lib.t
2391 5559 2456 5614 de
2483 5559 2683 5631 Spiritu
2729 5569 2931 5628 sancto,
2975 5580 3092 5632 cap.
3125 5563 3258 5633 10)?
3301 5563 3404 5620 Ista
3452 5566 3611 5620 trium

2028 5646 2456 5716 inseparabilitas
2483 5665 2832 5720 personarum
2857 5670 2886 5708 a
2906 5655 3068 5710 beato
3084 5670 3299 5726 quoque
3313 5656 3612 5725 Augustino

2024 5737 2390 5797 indubitanter
2416 5744 2692 5800 asseritur.
2740 5745 2800 5802 In
2850 5747 2985 5804 libro
3027 5747 3204 5820 primo
3242 5748 3310 5803 de
3340 5747 3605 5804 Trinitate

3250 5943 3268 5955 ,
3354 5901 3547 5949 ..α-ιν
