4108 6496
591 348 685 408 ιοδ

1654 367 1708 422 S.
1751 364 2112 422 FULUENTH
2150 361 2454 426 EPISCOPI
2491 365 2864 426 RUSPENSIS

3785 364 3872 420 LM

587 489 746 575 (Cap.
771 483 849 557 ι),
875 503 994 540 cum
1023 488 1194 541 solum
1225 487 1447 546 dixisset
1465 486 1652 542 Filium
1671 485 1740 541 de
1762 485 1977 554 Virgine
1999 482 2164 542 Maria
2191 484 2246 548 Α
2266 484 2345 539 sic
2389 485 2465 540 ait
2495 504 2509 540 :
2542 485 2665 542 lam
2705 488 2843 542 enim
2879 488 3193 544 ostendimus
3222 483 3288 542 in
3331 484 3445 537 hac
3488 480 3757 540 Trinitate
3792 503 3873 556 per

589 589 800 650 natum,
825 581 1105 651 solumque
1133 581 1388 651 Spiritum
1416 589 1660 638 sanctum
1690 580 1741 638 in
1772 579 1949 650 specie
1970 577 2170 633 colum-

589 672 674 728 ba:
697 686 861 743 super
881 669 1063 728 Jesum
1090 673 1436 742 baptizatum,
1484 681 1539 726 et
1574 671 1660 726 die
1686 669 2033 734 Pentecostes
2060 669 2166 723 lin-

589 761 709 832 guis
734 762 920 820 divisis
944 764 1092 819 velut
1129 764 1305 832 ignem
1335 777 1499 834 super
1536 761 1826 832 discipulos
1855 761 2165 828 advenisse;

590 855 865 926 soliusque
892 853 1065 910 Patris
1088 855 1250 910 fuisse
1278 870 1466 909 vocem
1506 853 1737 909 dicentis
1768 871 1780 906 :
1808 852 1884 914 Tu
1913 869 1967 907 es
1995 850 2170 912 Filius

589 965 732 1005 meus
763 947 952 1022 (Marc.
985 964 1022 1015 ι,
1078 949 1160 1014 ll;
1189 947 1313 1001 an.
1348 962 1421 1012 Ill,
1455 946 1568 1016 η),
1613 947 1828 1017 quando
1875 946 2042 1002 Filius
2070 945 2168 1002 ba-

589 1039 819 1110 ptizatus
835 1035 961 1093 eSta
982 1037 1208 1098 Joanne.
1229 1048 1283 1093 et
1302 1037 1518 1107 quando
1541 1037 1753 1093 sonavit
1779 1052 1903 1103 vox,
1929 1035 2143 1090 dicens:

589 1129 659 1186 Et
696 1130 998 1201 clariﬁcaui,
1029 1139 1078 1185 et
1111 1132 1293 1185 iterum
1333 1129 1634 1201 elariﬁcabo
1668 1127 1847 1199 (Joan.
1897 1144 1994 1196 xu,
2047 1127 2165 1197 28),

590 1221 875 1276 ostendens
887 1229 1063 1276 tamen
1079 1222 1227 1291 insep
1270 1221 1458 1276 rabiles
1472 1236 1612 1287 esse,
1627 1220 1862 1288 Patrem,
1881 1229 1934 1274 et
1949 1219 2168 1292 Filium,

590 1319 647 1368 et
699 1310 953 1382 Spiritum
1000 1321 1264 1376 sanctum,
1311 1313 1466 1366 istam
1501 1312 1824 1368 sententiam
1861 1309 2059 1378 intulit,
2091 1309 2170 1366 di-

588 1419 717 1459 cens
735 1421 749 1456 :
767 1404 1007 1470 Quamvis
1033 1404 1212 1474 Pater,
1224 1414 1273 1458 et
1296 1404 1486 1471 Filius,
1509 1412 1558 1460 et
1581 1403 1809 1475 Spiritus
1838 1411 2070 1469 sanctus,
2097 1405 2167 1458 si-

587 1494 1063 1561 cutinseparabiles
1083 1505 1221 1561 sunt,
1277 1497 1352 1550 sie
1392 1496 1805 1567 inseparabiliter
1859 1505 2154 1566 operentur.

585 1587 774 1646 Cernis
812 1603 1007 1660 nempe
1063 1589 1336 1660 quomodo
1374 1590 1564 1646 beatus
1602 1589 1926 1657 Augustinus
1963 1587 2165 1654 nullam

2266 576 2456 632 multos
2502 578 2816 636 locutionum
2854 579 3141 634 divinarum
3190 579 3398 643 modos,
3459 577 3632 631 etiam
3680 575 3746 631 de
3782 581 3875 634 sin-

2269 669 2400 740 gulis
2448 668 2552 723 dici
2589 669 2725 741 quod
2764 671 2992 728 omnium
3037 679 3143 734 est,
3193 679 3416 742 propter
3469 668 3871 738 inseparabilem

2267 761 2615 828 operationem
2641 762 2793 818 unius
2835 761 3160 835 ejusdemque
3199 762 3547 816 substantiae.
3593 759 3655 817 In
3699 761 3872 831 quinto

2267 850 2478 907 decimo
2522 867 2650 908 vero
2697 852 2837 907 libro
2883 853 2950 908 de
2980 851 3242 907 Trinitate
3289 850 3460 921 (Cap.
3497 849 3624 920 25),
3669 865 3787 906 cum
3815 851 3871 907 de

2269 944 2369 1000 hac
2395 943 2626 1013 imagine
2651 960 2770 1015 qua:
2802 945 2855 998 in
2885 945 3039 1000 nobis
3068 952 3168 1010 est,
3216 944 3437 1013 aliquas
3467 941 3653 997 lineas
3679 943 3871 1012 praabe-

2269 1043 2351 1090 ret
2395 1035 2463 1092 ad
2493 1035 2900 1105 intelligentiam
2941 1036 3238 1099 Trinitatis,
3281 1035 3434 1089 inter
3487 1033 3604 1088 alia
3648 1033 3727 1088 sic
3769 1033 3867 1086 ait:

2278 1129 2467 1187 Verum
2492 1131 2547 1184 in
2574 1131 2666 1186 illa
2691 1146 2892 1186 summa
2923 1128 3176 1198 Trinitate
3216 1144 3328 1200 qua:
3382 1125 3868 1198 incomparabiliter

2267 1221 2415 1278 rebus
2439 1223 2675 1278 omnibus
2701 1222 2982 1289 antecellit,
3030 1229 3178 1276 tanta
3205 1229 3281 1276 est
3319 1217 3792 1288 inseparabilitas,
3820 1226 3868 1270 ut

2268 1330 2382 1368 cum
2409 1315 2616 1369 trinitas
2663 1314 2926 1368 hominum
2957 1329 3058 1374 non
3089 1311 3248 1383 possit
3279 1311 3387 1365 dici
3418 1325 3567 1363 unus
3589 1308 3762 1372 homo,
3783 1308 3864 1362 illa

2265 1420 2400 1460 unus
2427 1404 2564 1459 Deus
2603 1415 2652 1460 et
2679 1405 2902 1469 dicatur,
2946 1412 2996 1459 et
3032 1404 3132 1468 sit;
3177 1419 3268 1458 nec
3296 1403 3352 1456 in
3385 1417 3504 1454 uno
3536 1397 3654 1454 Deo
3694 1400 3759 1452 sit
3783 1399 3867 1451 illo

2271 1496 2518 1564 Trinitas,
2565 1499 2654 1552 sed
2694 1514 2826 1552 unus
2859 1495 3019 1562 Deus.
3063 1493 3177 1550 Nec
3216 1510 3403 1550 rursus
3431 1490 3862 1564 quemadmodum

2264 1591 2369 1644 ista
2397 1590 2589 1660 imago,
2613 1605 2727 1661 quae
2748 1599 2821 1644 est
2851 1589 3020 1657 homo,
3046 1586 3241 1650 [labens
3261 1585 3356 1640 illa
3383 1585 3497 1638 tria
3522 1599 3637 1638 una
3655 1597 3862 1652 persona

583 1680 674 1736 hic
695 1682 1071 1752 separabilium
1097 1698 1450 1753 personarum
1479 1683 1838 1752 suSpicionem
1885 1679 2165 1750 relinquit,
2265 1691 2361 1748 est,
2389 1683 2465 1736 ita
2484 1691 2559 1738 est
2577 1692 2627 1738 et
2652 1683 2748 1737 illa
2783 1681 3042 1748 Trinitas;
3074 1679 3164 1734 sed
3194 1683 3295 1735 tres
3320 1691 3580 1747 persona
3608 1684 3752 1744 sunt,
3772 1673 3858 1728 Pa-

585 1774 800 1844 quando
829 1772 1062 1842 Patrem,
1096 1785 1150 1830 et
1177 1775 1388 1841 Filium,
1409 1776 1734 1845 etSpiritum
1762 1785 2030 1844 sanctum,
2053 1775 2161 1832 sie-
2267 1780 2344 1828 ter
2374 1772 2522 1842 Filii,
2565 1783 2615 1830 et
2643 1755 2812 1830 Filius
2842 1773 3043 1835 Patris,
3084 1779 3135 1825 et
3156 1770 3392 1838 Spiritus
3427 1767 3622 1822 Patris
3651 1775 3700 1820 et
3725 1763 3855 1818 Filii.

583 1873 646 1923 ut
686 1866 1069 1939 inseparabiles
1097 1877 1242 1938 sunt,
1270 1870 1348 1926 sic
1374 1872 1534 1942 233
1562 1869 1990 1940 inseparabiliter
2015 1883 2165 1926 asse-
2193 1857 2240 1920 Β
2265 1864 2397 1926 item
2427 1875 2548 1936 post
2568 1866 2744 1935 aliqua
2778 1863 3023 1936 (Ibidem)
3049 1863 3126 1920 sic
3146 1863 3221 1920 ait
3252 1881 3264 1916 :
3298 1859 3433 1917 Non
3457 1870 3640 1916 tamen
3668 1859 3855 1915 siculis

582 1960 655 2015 rit
683 1961 918 2031 operari.
947 1962 1120 2028 Quam
1143 1964 1464 2020 sententiam
1489 1963 1579 2017 tali
1601 1962 1950 2020 conclusione
1969 1962 2168 2018 conﬂr—
2267 1958 2369 2012 ista
2397 1957 2620 2029 imagine
2651 1956 2943 2022 Trinitatis,
2973 1973 3074 2012 non
3107 1956 3215 2010 hate
3244 1955 3346 2010 tria
3375 1970 3525 2009 um“
3555 1953 3736 2018 Ιιοτηον
3779 1949 3856 2005 ³εά

581 2068 736 2107 mans
761 2052 911 2125 (Cap.
944 2053 1021 2124 8),
1051 2056 1158 2109 ait:
1190 2053 1318 2110 Haec
1344 2063 1393 2110 et
1412 2071 1525 2108 mea
1553 2054 1684 2125 ﬁdes
1713 2064 1806 2118 est,
1831 2053 2036 2125 quando
2057 2054 2167 2117 Iace
2263 2049 2418 2104 unius
2445 2050 2666 2104 hominis
2688 2058 2836 2113 sunt;
2859 2049 2934 2108 ita
2961 2050 3015 2103 in
3037 2050 3151 2117 ipsa
3178 2063 3383 2102 summa
3414 2044 3701 2110 Trinitate,
3724 2042 3853 2113 cujus

583 2155 659 2200 est
685 2146 943 2201 catholica
962 2147 1114 2217 ﬁdes.

658 2237 743 2293 15.
792 2238 927 2294 Item
973 2241 1080 2294 alio
1111 2240 1346 2308 ejusdem
1393 2240 1510 2298 libri
1558 2240 1679 2296 loco
1721 2238 1851 2296 dicit
1892 2238 2167 2312 :Deniquo

580 2339 788 2400 propter
814 2332 984 2401 ipsam
1007 2333 1503 2402 iuseparabilitatem
1531 2334 1852 2404 suﬂicienter
1881 2333 2164 2404 aliquando

579 2422 879 2476 nominatur
905 2423 983 2478 uel
1006 2424 1168 2478 Pater
1195 2428 1354 2490 solus,
1379 2424 1457 2479 uel
1479 2423 1649 2479 Filius
1673 2425 1835 2490 solus,
1860 2424 2165 2496 adimpletu-

577 2527 670 2566 rus
689 2529 784 2568 nos
812 2513 994 2568 laetitia
1015 2531 1129 2569 cum
1154 2515 1292 2569 vultu
1307 2531 1420 2581 suo,
1437 2531 1530 2571 nec
1550 2515 1670 2570 inde
1691 2523 1961 2586 separatur
1972 2517 2166 2571 utrius-

577 2619 674 2675 que
701 2603 951 2675 Spiritus,
981 2607 1039 2661 id
1066 2617 1160 2670 est,
1197 2607 1397 2674 Patris,
1431 2615 1481 2662 et
1504 2606 1635 2663 Filii
1655 2606 1903 2678 Spiritus,
1927 2609 2014 2680 qui
2035 2607 2160 2680 Spi~

576 2695 709 2750 ritus
735 2705 946 2752 sanctus
972 2699 1180 2768 praprie
1209 2697 1416 2763 dicitur,
1449 2696 1678 2768 Spiritus
1706 2699 1966 2763 veritatis,
1995 2713 2156 2766 quem

574 2783 666 2840 hic
691 2785 922 2843 mundus
949 2787 1198 2856 accipere
1219 2803 1324 2843 non
1355 2795 1534 2857 potest
1562 2786 1740 2851 (Joan.
1768 2804 1873 2853 XIV,
1901 2788 2012 2857 l7).
2039 2786 2157 2842 Hoc

575 2885 654 2932 est
687 2878 828 2933 enim
855 2877 1062 2949 plenum
1087 2878 1333 2950 gaudium
1361 2887 1612 2945 nostrum,
1639 2896 1738 2951 quo
1781 2879 2004 2950 amplius
2049 2895 2156 2942 non

574 2977 667 3034 est,
693 2969 799 3041 frui
822 2969 1076 3025 Trinitate
1097 2970 1229 3040 Deo,
1252 2972 1321 3027 ad
1341 2971 1484 3042 cujus
1504 2972 1786 3042 imaginem
1809 2973 1933 3042 facti
1953 2987 2152 3028 sumus.

573 3060 798 3133 PrOpter
824 3061 922 3117 hoc
950 3063 1230 3135 aliquando
1254 3066 1330 3119 ita
1356 3065 1612 3134 loquimur
1635 3064 1700 3118 de
1720 3063 1922 3134 Spiritu
1949 3075 2150 3130 sancto,

574 3163 819 3226 tanquam
843 3156 983 3210 solus
1012 3157 1123 3226 ipse
1147 3173 1206 3213 su
1214 3158 1372 3229 ﬁiciat
1399 3156 1470 3211 ad
1490 3157 1857 3212 beatitudinem
1885 3166 2148 3222 nostram;

2266 2141 2374 2196 haec
2396 2143 2569 2212 imago
2594 2152 2692 2210 est,
2712 2143 2863 2198 unius
2894 2142 2992 2197 Dei
3017 2150 3133 2196 sunt
3159 2141 3252 2196 illa
3275 2139 3416 2203 tria;
3449 2137 3549 2192 sed
3576 2151 3710 2190 unus
3729 2133 3852 2187 Deus

2262 2243 2373 2297 est;
2398 2241 2445 2286 et
2475 2242 2576 2288 tres
2609 2243 2731 2288 sunt
2768 2233 2895 2296 illm,
2949 2249 3053 2286 non
3080 2247 3186 2285 una
3212 2245 3466 2300 persona.
3523 2224 3656 2282 Haec
3682 2224 3848 2278 dicens

2262 2323 2450 2380 beatus
2473 2323 2632 2395 339
2651 2323 2998 2392 Augustinus,
3023 2330 3079 2376 et
3098 2317 3635 2389 inscparabilitatem
3656 2327 3846 2369 earum-

2264 2414 2385 2470 dem
2416 2416 2576 2470 trium
2610 2430 2987 2484 personarum,
3024 2412 3361 2468 revelatione
3386 2407 3569 2480 ipsius
3592 2403 3847 2463 Trinitatis

2260 2507 2582 2575 intelligens,
2623 2522 2745 2561 cum
2781 2505 3134 2560 admiratione
3163 2503 3438 2571 sequitur,
3493 2500 3692 2579 dicens
3723 2496 3842 2568 (Ibi-

2261 2597 2397 2667 dem)
2435 2616 2445 2650 :
2483 2595 2630 2662 Quod
2655 2614 2782 2653 sane
2803 2596 3110 2651 mirabiliter
3134 2594 3405 2664 ineffabile
3431 2601 3539 2662 est,
3578 2592 3658 2646 vel
3676 2589 3841 2659 meia-

2258 2689 2428 2746 bt'liter
2456 2690 2690 2745 mirabile
2718 2705 2736 2743 :
2767 2705 2880 2742 cum
2903 2677 2971 2744 sit
2998 2704 3102 2742 una
3127 2703 3349 2758 persona
3394 2685 3512 2740 hinc
3537 2686 3709 2755 imago
3738 2679 3838 2735 Tri-

2257 2781 2457 2846 nitatis,
2501 2783 2615 2851 ipsa
2661 2796 2776 2835 vero
2804 2795 3005 2834 summa
3037 2777 3265 2832 Trinitas
3295 2787 3404 2832 tres
3458 2789 3699 2847 persona
3729 2773 3838 2839 sint,

2256 2871 2652 2941 inseparabilior
2697 2880 2774 2927 est
2822 2869 2916 2924 illa
2985 2868 3215 2940 Trinitas
3269 2883 3629 2940 personarum
3680 2867 3832 2929 trium,

2255 2980 2407 3035 quam
2436 2964 2544 3018 haec
2571 2964 2743 3019 unius.

2328 3054 2411 3110 14.
2452 3054 2578 3122 Ista,
2604 3055 2743 3110 sicut
2772 3069 2879 3109 non
2908 3052 3112 3117 dubito,
3137 3068 3254 3123 qua:
3271 3051 3336 3106 de
3351 3052 3541 3123 primo
3565 3059 3721 3120 atque
3746 3063 3829 3103 no-

2253 3149 2472 3204 vissimo
2498 3149 2633 3206 libro
2657 3147 2726 3202 de
2749 3145 3007 3201 Trinitate
3035 3145 3196 3202 verba
3246 3144 3395 3201 beati
3451 3142 3734 3214 Augustini
3748 3156 3829 3213 ρος

573 3255 624 3299 et
645 3246 761 3302 ideo
803 3245 944 3300 solus
991 3248 1193 3318 sufﬁcit,
1239 3249 1359 3318 quia
1399 3249 1640 3318 separari
1669 3265 1703 3302 e
1743 3247 1902 3302 Patre
1931 3255 1980 3301 et
2008 3247 2150 3306 Filio
2178 3241 2224 3303 ο
2251 3242 2455 3298 suimus
2474 3283 2490 3308 ,
2519 3240 2740 3296 omnino
2765 3238 3039 3295 sufﬁciunt
3071 3256 3084 3291 :
3116 3237 3413 3309 praesertim
3446 3237 3664 3308 ingenio
3690 3243 3825 3304 atque

572 3355 679 3393 non
716 3345 915 3409 potest;
957 3341 1089 3394 sicut
1113 3340 1273 3395 Pater
1299 3342 1438 3396 solus
1463 3343 1670 3413 sufﬁcit,
1715 3343 1834 3412 quia
1862 3346 2094 3411 separari
2115 3361 2148 3398 a

572 3427 717 3484 Filio
736 3428 998 3500 etSpiritu
1022 3441 1200 3487 sancto
1221 3448 1324 3487 non
1348 3441 1544 3503 potest;
1567 3442 1616 3488 et
1633 3433 1803 3489 Filius
1821 3435 1936 3489 ideo
1957 3436 2068 3505 su/ﬁ
2081 3438 2150 3490 cit

572 3518 736 3586 solus,
765 3519 888 3588 quia
909 3521 1144 3589 separari
1171 3539 1201 3575 a
1235 3522 1394 3577 Patre
1412 3532 1462 3578 et
1491 3523 1687 3594 Spiritu
1725 3534 1904 3581 saneto
1933 3543 2034 3582 non
2056 3541 2150 3596 po-

575 3615 692 3662 test.
715 3606 844 3665 Hzec
891 3619 973 3664 est
1012 3610 1156 3666 beati
1205 3611 1505 3680 Augustini,
1535 3613 1828 3674 secundum
1870 3616 2150 3676 catholica

572 3695 700 3752 ﬁdei
724 3699 1026 3768 veritatem,
1055 3699 1124 3754 de
1152 3699 1342 3768 Patris,
1385 3708 1440 3756 et
1467 3701 1608 3770 Filii,
1637 3712 1693 3760 et
1721 3703 1950 3775 Spiritus
1979 3707 2152 3764 sancti

571 3787 1031 3860 inseparabilitate
1057 3793 1324 3847 sententia
1351 3809 1365 3846 :
1389 3806 1548 3861 quam
1570 3809 1638 3849 ne
1658 3795 1938 3867 quisquam
1961 3813 2154 3852 secun-

571 3879 706 3935 dum
728 3880 898 3938 solam
927 3892 1196 3948 naturam,
1229 3893 1284 3940 et
1313 3900 1420 3940 non
1445 3885 1607 3941 etiam
1635 3887 1928 3944 secundum
1958 3905 2148 3959 perso-

567 3988 668 4029 nas
687 3975 979 4046 acciperet,
1025 3976 1240 4048 planius
1267 3977 1370 4034 hoc
1403 3985 1460 4033 et
1485 3976 1816 4044 manilbstius
1839 3981 1999 4051 paulo
2027 3991 2152 4053 post

567 4064 626 4122 in
651 4065 841 4124 eodem
869 4067 1006 4122 libro
1036 4067 1189 4142 (Cap.
1223 4067 1275 4135 9,
1306 4070 1378 4126 ad
1401 4070 1578 4142 ﬁnem)
1608 4072 1815 4130 curavit
1839 4075 2150 4144 ostendere,

567 4154 754 4212 dicens
783 4174 798 4210 :
828 4155 938 4213 Sed
963 4169 1172 4231 propter
1200 4161 1606 4217 insinuationem
1635 4161 1926 4230 Trinitatis,
1971 4184 2152 4236 perso-

567 4244 649 4300 nis
679 4247 837 4301 etiam
862 4247 1080 4320 singulis
1125 4251 1404 4307 nominatis
1445 4252 1688 4310 dicuntur
1725 4256 1962 4326 quadam
1991 4274 2146 4327 sepa-

567 4337 744 4402 ratim,
775 4354 880 4393 non
910 4347 1081 4396 tamen
1107 4343 1224 4398 aliis
1248 4344 1505 4414 separatis
1529 4345 1916 4417 intelliguntur;
1939 4356 2149 4416 propter

567 4426 796 4500 ejusdem
825 4428 1097 4488 Trinitatis
1123 4433 1391 4500 unitatem,
1415 4451 1671 4508 unamque
1696 4435 2039 4494 substantiam
2061 4446 2146 4494 at-

565 4532 662 4590 que
688 4519 934 4576 deitatem
960 4519 1159 4588 Patris,
1207 4533 1258 4580 et
1279 4524 1427 4593 Filii,
1474 4535 1527 4582 et
1551 4526 1780 4599 Spiritus
1806 4531 1993 4584 sancti.
2027 4529 2148 4592 Alio

2248 3333 2424 3388 studio
2453 3340 2547 3387 tuo
2578 3342 2628 3401 ",
2649 3347 2756 3401 quo
2776 3332 2892 3401 ejus
2918 3331 3058 3387 dicta
3081 3331 3158 3386 sic
3179 3331 3496 3387 acutissime
3517 3346 3582 3385 ac
3603 3329 3826 3397 frequen-

2249 3425 2452 3479 tissime
2473 3424 2626 3493 legis,
2649 3431 2708 3478 ut
2733 3423 2785 3478 in
2818 3423 2895 3479 eis
2916 3422 3142 3493 plurima
3165 3421 3338 3491 possis
3359 3421 3564 3476 similia
3585 3417 3820 3490 reperire,

2247 3534 2366 3588 qua:
2389 3533 2494 3574 non
2520 3517 2694 3572 solum
2722 3517 2776 3572 in
2806 3525 3017 3581 natura,
3041 3514 3137 3571 sed
3163 3513 3322 3568 etiam
3352 3513 3411 3566 in
3437 3511 3684 3583 personis
3702 3508 3822 3564 inse-

2249 3608 2642 3678 parabilitatem
2679 3615 2878 3662 sancta:
2935 3604 3208 3661 Trinitatis
3238 3603 3557 3660 ostendunt.
3591 3600 3819 3655 Dicuntur

2250 3717 2378 3772 ergo
2407 3703 2709 3771 singillatim
2753 3709 2862 3757 tres
2911 3699 3014 3755 illae
3068 3713 3330 3769 personm,
3357 3706 3422 3752 ut
3461 3698 3816 3766 agnoscantur.

2250 3813 2357 3854 non
2389 3803 2444 3850 ut
2470 3803 2789 3866 separentur
2814 3811 2827 3848 :
2858 3795 2909 3847 in
2937 3791 3132 3862 quibus
3159 3791 3238 3846 sic
3265 3788 3414 3844 nulla
3445 3794 3536 3844 est
3553 3779 3817 3854 separatio.

2247 3889 2386 3944 sicut
2415 3891 2466 3943 in
2496 3889 2576 3944 eis
2597 3887 2741 3942 nulla
2772 3893 2951 3957 potest
2981 3884 3158 3938 inesse
3177 3877 3448 3938 conlusio.
3481 3877 3665 3948 Neque
3689 3869 3813 3934 enim

2251 3989 2357 4038 tres
2402 3982 2508 4036 illae
2553 3992 2817 4050 personae,
2849 3977 2974 4047 quia
3005 3990 3111 4030 non
3139 3979 3367 4043 possunt
3416 3966 3686 4034 confundi,
3709 3976 3814 4034 ιιι-ο⁴

2247 4083 2433 4145 pterea
2461 4071 2658 4127 debent
2684 4068 3012 4140 separabiles
3049 4063 3327 4134 aestimari,
3354 4076 3485 4118 cum
3506 4057 3718 4145 omnino
3742 4052 3813 4106 in-

2247 4161 2574 4234 separabiles
2597 4161 2954 4224 inveniantur,
2986 4166 3041 4211 et
3067 4157 3123 4212 in
3150 4169 3216 4211 eo
3245 4152 3389 4223 quod
3420 4158 3568 4215 sunt,
3600 4155 3652 4203 et
3682 4144 3729 4200 in
3750 4157 3812 4234 eo

2247 4233 2391 4328 quod
2419 4254 2639 4311 faciunt.
2671 4251 2782 4307 Nec
2817 4250 3102 4321 quisquam
3142 4244 3476 4316 separabiles
3505 4239 3696 4298 audeat
3713 4233 3812 4328 illas

2249 4323 2358 4405 tres
2385 4361 2646 4419 personas
2673 4345 2934 4408 asserere,
2965 4356 3086 4396 eum
3108 4339 3310 4395 nullam
3337 4345 3470 4392 ante
3498 4333 3673 4397 aliam,
3703 4323 3807 4419 nul?

2247 4442 2353 4498 lam
2385 4414 2514 4512 post
2551 4439 2732 4509 aliam,
2754 4437 2964 4497 nullam
2993 4436 3110 4491 sine
3133 4433 3238 4489 alia
3269 4431 3353 4486 vel
3375 4430 3712 4486 existentem,
3735 4414 3807 4512 yt-el

2247 4505 2560 4602 operantem
2581 4505 2758 4584 valeat
2777 4527 3036 4583 invenire.
3065 4523 3166 4580 Ubi
3185 4523 3325 4579 sicut
3344 4517 3663 4576 naturaliter
3679 4505 3805 4570 nulla

565 4626 782 4686 quoque
818 4618 1103 4674 memorati
1123 4618 1243 4676 libri
1279 4619 1402 4678 loco
1431 4620 1565 4694 (Sub
1585 4623 1746 4694 ﬁnem
1766 4639 1882 4694 cap.
1916 4623 2004 4694 10)
2033 4625 2147 4693 ple-
2177 4615 2226 4690 Ω
2251 4629 2426 4696 potest
2453 4636 2573 4679 esse
2598 4619 2970 4691 separabilitas
3023 4615 3222 4686 operis,
3255 4615 3330 4668 ita
3376 4606 3685 4696 naturaliter
3707 4610 3804 4656 ωε·
3851 4643 3868 4654 ι

562 4708 785 4767 nissime
802 4710 909 4768 hoc
930 4710 1226 4778 inculcans,
1250 4730 1371 4770 cum
1393 4712 1463 4770 de
1482 4713 1619 4771 Filio
1647 4715 1870 4772 dixisset
1901 4729 1914 4768 :
1940 4714 2026 4772 Ex
2047 4717 2146 4772 Iaso

562 4802 701 4858 enim
727 4811 897 4876 rogat,
919 4819 1020 4876 quo
1041 4805 1214 4862 minor
1238 4815 1313 4860 est
1334 4805 1527 4873 Patre;
1553 4824 1653 4879 quo
1673 4822 1788 4865 uero
1813 4807 2025 4878 aqualis
2046 4815 2140 4876 est,

560 4894 779 4950 exaudit
821 4911 938 4952 cum
981 4895 1177 4964 Patre;
1219 4898 1732 4968 inseparabilitatem
1789 4913 2141 4968 personarum

560 4983 872 5054 ostendens,
901 4987 1014 5043 ait:
1043 4986 1194 5044 Unde
1216 5007 1270 5044 se
1297 4989 1360 5044 ab
1382 5007 1441 5044 eo
1469 4989 1604 5062 quod
1632 4989 1766 5054 dixit
1793 5006 1812 5044 :
1845 4987 1962 5059 Ipse
1997 4991 2140 5048 enim

559 5075 722 5134 Pater
749 5085 895 5134 amat
921 5095 1019 5137 vos
1063 5079 1244 5154 (Joan.
1269 5099 1376 5146 ut,
1404 5081 1520 5151 97),
1557 5083 1731 5153 utique
1756 5083 1866 5153 ipse
1913 5099 2016 5140 non
2059 5098 2144 5138 se-

558 5176 766 5240 parat;
793 5169 886 5226 sed
929 5171 1208 5228 secundum
1251 5189 1315 5228 ea
1361 5173 1491 5245 facit
1535 5172 1785 5243 intelligi,
1832 5190 1944 5245 quae
1983 5187 2143 5246 supra

556 5259 973 5326 commemorari,
1017 5263 1243 5333 satisque
1279 5261 1559 5326 insinuari,
1607 5261 1903 5334 plerumque
1928 5264 2002 5318 ita
2040 5280 2138 5319 no-

556 5351 750 5404 minari
794 5366 1204 5426 unamquamque
1243 5353 1300 5408 in
1349 5350 1604 5408 Trinitate
1651 5367 1944 5424 personam,
1994 5364 2048 5410 ut
2091 5364 2142 5412 et

556 5439 680 5496 alite
704 5438 816 5495 illic
860 5441 1235 5514 intelligantur.
1273 5440 1366 5500 Sic
1408 5441 1581 5513 itaque
1625 5443 1818 5499 dictum
1854 5454 1930 5500 est
1964 5462 1981 5499 :
2021 5443 2140 5516 ipse

557 5537 704 5594 enim
749 5532 911 5592 Pater
958 5543 1104 5590 amat
1137 5551 1254 5605 vos,
1310 5542 1368 5594 ut
1409 5543 1776 5608 consequenter
1819 5537 2139 5609 intelligatur

559 5635 612 5683 et
641 5625 842 5695 Filius,
885 5635 938 5684 et
987 5627 1217 5702 Spiritus
1253 5635 1481 5692 sanctus.
1523 5627 1658 5684 Item
1708 5628 1830 5699 post
1871 5630 2140 5700 aliquanta

562 5718 714 5792 (Cap.
763 5719 849 5784 12,
900 5727 1024 5778 ante
1066 5719 1311 5790 medium)
1360 5718 1501 5787 idem
1550 5727 1769 5778 sanctus
1816 5720 2142 5793 Augustinus

629 5885 653 5914 ι
694 5876 844 5944 Ant,
875 5874 1040 5945 oﬂlcio
1069 5881 1184 5932 tuo.

2251 4694 2343 4772 net
2380 4712 2830 4771 incommutabilis
2885 4710 3060 4765 unitas
3109 4705 3418 4762 voluntatis.
3479 4694 3803 4756 Attendamus

2251 4817 2428 4864 autem
2482 4819 2714 4877 quonam
2766 4800 2926 4857 modo
2979 4798 3140 4854 fuerit
3165 4797 3249 4852 vel
3278 4796 3460 4859 homo,
3493 4790 3581 4848 vel
3607 4780 3800 4851 31188105

2247 4908 2528 4971 separatus
2549 4913 2578 4951 ιι
2608 4897 2742 4961 Deo,
2767 4902 2824 4949 ut
2849 4893 3115 4964 possimus
3157 4889 3522 4946 indubitanter
3548 4885 3796 4946 insepara-

2246 4996 2412 5052 bilem
2440 4992 2738 5061 intelligere
2768 4988 3103 5043 Trinitatem.
3127 4984 3331 5053 Nempe
3345 4981 3615 5050 Scriptura
3635 4972 3798 5061 sancta

2246 5086 2373 5142 dicit
2421 5085 2546 5157 quia
2591 5059 2842 5155 perversa:
2885 5079 3219 5150 cogitationes
3251 5081 3494 5146 separant
3535 5086 3566 5126 α
3594 5059 3797 5157 Βσοοξι

2246 5178 2370 5249 quia
2410 5179 2465 5231 in
2503 5175 2806 5230 malevolam
2847 5172 3073 5226 animam
3119 5185 3222 5222 non
3265 5163 3498 5222 introibit
3543 5157 3792 5255 sapientia.

2245 5234 2336 5322 nec
2369 5267 2617 5326 habitabit
2653 5267 2708 5319 in
2741 5279 2957 5333 corpore
2998 5260 3199 5316 subdito
3240 5259 3463 5328 pensatis
3498 5252 3645 5323 (Sep.
3664 5261 3696 5303 1.
3726 5234 3788 5302 5);

2245 5368 2301 5415 et
2327 5360 2450 5430 quia
2480 5358 2706 5430 Spiritus
2733 5363 2944 5416 sanctus
2988 5353 3275 5422 disciplina:
3315 5349 3522 5420 e/fugiet
3553 5342 3772 5430 βίηφιτέ

2246 5426 2440 5520 auferet
2477 5426 2532 5504 se
2581 5466 2613 5503 a
2657 5444 3050 5518 cogitationibus
3087 5460 3202 5516 quat
3255 5451 3370 5496 sunt
3410 5442 3516 5495 sine
3558 5426 3781 5520 intellectil

2245 5505 2432 5611 (Ibid,
2477 5537 2552 5608 5).
2598 5505 2741 5592 Nam,
2784 5543 2840 5590 et
2889 5534 3056 5590 Isaias
3101 5505 3369 5604 propheta
3418 5527 3565 5600 (leui.
3616 5505 3779 5574 usﬂl

2243 5636 2465 5683 testatur
2502 5627 2809 5696 iniquitates
2827 5626 2968 5680 inter
2993 5623 3160 5680 Deum
3189 5631 3246 5679 et.
3273 5622 3513 5678 homines
3541 5612 3778 5679 separare.
3881 5627 3888 5635 η

2242 5721 2440 5780 Sancta
2477 5728 2658 5776 autem
2705 5719 2939 5780 Trinitas
2968 5719 3084 5790 ipse
3111 5726 3192 5774 est
3221 5715 3361 5774 Deus
3409 5706 3589 5768 ﬁdelit.
3616 5699 3664 5754 in
3687 5700 3779 5762 (ἰαί)
