4124 6476
287 365 386 424 406

1657 353 1991 413 ΕΡιετοιΑ
2016 355 2150 412 XIV.

3439 361 3544 423 ιοθ

288 497 391 540 non
410 486 490 535 est
517 472 792 544 iniquitas.
832 469 1182 526 Uenit-autent
1218 469 1392 544 Filius
1420 472 1541 540 Dei,
1570 484 1626 528 ut
1651 481 1861 545 peccata
1889 473 1941 533 Α
1968 473 2137 545 factus
2159 484 2234 527 est
2259 473 2581 546 principatus
2621 491 2774 546 super
2819 475 3056 531 humeros
3082 477 3232 548 ejus:
3258 489 3312 538 et
3331 482 3546 550 .rocabi,

287 574 497 638 tolleret,
527 575 576 622 et
609 559 874 639 peccatum
910 568 967 623 in
1015 583 1077 623 eo
1123 583 1227 622 non
1268 574 1371 634 est,
1398 575 1447 621 et
1476 575 1738 639 peccatum
1783 575 1860 622 est

283 665 515 736 iniquitas
548 660 603 732 (1
622 661 780 716 Joan.
804 675 881 726 ut,
909 659 963 728 4,
996 658 1075 733 5).
1104 659 1322 716 Tollens
1375 667 1556 715 autem
1604 659 1857 728 iniquita-

285 765 405 820 tem,
438 753 624 808 tribuit
651 753 954 807 caritatem.
982 749 1215 808 Abstulit
1239 766 1368 821 ergo
1396 766 1495 822 per
1520 750 1663 821 quod
1685 765 1715 806 a
1746 750 1859 805 Deo

281 846 677 918 separabamur,
703 852 760 898 et
804 843 1026 899 donavit
1067 859 1164 916 per
1209 843 1357 914 quod
1383 850 1584 898 sancta:
1609 841 1859 915 Trinitati

282 937 702 1010 inseparabiliter
739 935 1106 1006 jungeremur.
1137 935 1264 992 Ideo
1312 933 1644 992 conﬁdenter
1664 935 1861 990 clamat

277 1032 565 1104 Apostolus
595 1049 608 1084 ε
645 1030 780 1096 Quia
827 1047 990 1103 neque
1017 1047 1177 1094 mors,
1209 1046 1373 1102 neque
1418 1031 1541 1093 vita,
1563 1045 1728 1100 neque
1763 1045 1860 1083 an-

275 1127 392 1201 geli,
415 1141 574 1196 neque
602 1125 946 1196 principatus,
969 1140 1129 1196 neque
1172 1123 1445 1186 instantia,
1474 1138 1633 1194 neque
1664 1123 1856 1193 futura,

275 1237 432 1292 neque
457 1218 812 1292 fortitudines,
841 1233 1004 1290 neque
1048 1214 1288 1282 altitudo,
1310 1230 1470 1287 neque
1520 1213 1856 1286 profundum,

273 1327 428 1382 neque
445 1318 688 1366 creatura
717 1309 825 1365 alia
853 1308 1040 1379 poterit
1059 1323 1154 1362 nos
1174 1323 1422 1378 separare
1446 1323 1480 1360 a
1503 1305 1724 1360 caritate
1738 1304 1857 1370 Dei,

271 1419 382 1468 quat
407 1411 485 1460 est
510 1402 568 1457 in
593 1399 799 1457 Christo
819 1399 946 1455 Iesu
961 1398 1188 1456 Domino
1203 1407 1381 1453 nostro
1403 1395 1580 1468 (Rom.
1608 1412 1721 1463 vui,
1742 1394 1858 1466 58).

272 1495 326 1554 Si
351 1509 481 1565 ergo
512 1493 766 1558 Trinitas,
798 1492 976 1558 infusa
1028 1493 1276 1555 caritate,
1305 1491 1735 1562 inseparabiliter
1758 1489 1860 1546 sibi

269 1585 394 1644 facit
417 1586 700 1646 adhaerere
727 1586 934 1642 animas
952 1592 1188 1649 nostras,
1205 1585 1330 1653 quia
1359 1585 1446 1656 qui
1469 1584 1701 1638 adliceret
1725 1581 1857 1650 Deo,

269 1695 397 1740 unus
423 1679 644 1750 spiritus
689 1687 767 1734 est
797 1675 853 1752 (Ι
881 1676 1002 1732 Cor.
1025 1691 1101 1742 vr,
1126 1675 1216 1748 l7)
1247 1694 1259 1728 :
1289 1673 1570 1745 quomodo
1598 1675 1712 1744 ipsa
1743 1673 1862 1728 Tri-

271 1769 407 1828 nitas
459 1767 793 1840 separahiles
837 1775 1019 1838 potest
1060 1766 1260 1826 habere
1288 1779 1566 1836 personas,
1597 1779 1717 1819 cum
1748 1763 1861 1834 ipsa

1963 574 2045 618 tur
2071 583 2255 620 nomen
2280 566 2410 639 ejus,
2440 566 2794 635 Admirabiiis,
2822 567 3182 635 Cousiliarius,
3206 571 3345 630 Deus
3369 577 3541 648 fortis,

1960 654 2123 709 Pater
2144 657 2304 728 futuri
2324 658 2520 722 stuculi,
2550 657 2798 730 Princeps
2822 661 2965 732 pacis
2984 660 3127 734 (lsai.
3149 679 3222 728 Ix,
3245 663 3321 734 6).
3356 666 3547 726 Nonne

1961 747 2115 803 istius
2137 743 2231 803 Dei
2249 749 2400 804 fortis
2423 750 2662 807 unoloco
2673 750 2960 822 Apostolus
2987 757 3366 826 sempiternam
3380 759 3549 818 virtu-

1963 847 2070 894 tem
2109 839 2551 915 divinitatemque
2582 845 2963 901 commendat?
3013 844 3196 917 Neque
3225 850 3368 906 enim
3401 867 3528 918 vera

1963 930 2095 987 ﬁdes
2118 932 2190 987 ita
2227 935 2611 1005 sempiternam
2641 937 2896 993 virtutem
2919 953 2984 994 ac
3011 937 3346 997 divinitatem
3373 941 3549 1001 Patris

1969 1022 2245 1096 prtedicat,
2261 1024 2449 1082 utFilii
2475 1038 2567 1082 aut
2586 1027 2818 1099 Spiritus
2838 1030 3009 1086 sancti
3031 1033 3413 1103 sempiternam
3439 1035 3548 1089 vir-

1962 1126 2133 1173 tutem
2162 1117 2604 1192 divinitatemque
2633 1138 2742 1178 non
2770 1123 2954 1178 credat
2989 1142 3002 1176 :
3032 1140 3154 1179 cum
3206 1141 3314 1189 una
3349 1117 3424 1200 sit
3452 1142 3549 1181 na-

1962 1209 2211 1264 turaliter
2264 1211 2592 1282 sempiterna
2639 1213 2806 1270 virtus
2851 1229 2918 1276 ac
2959 1211 3210 1272 divinitas
3263 1213 3437 1290 Patris
3494 1228 3550 1274 et

1962 1299 2081 1355 Filii
2123 1309 2178 1356 et
2226 1299 2459 1377 Spiritus
2486 1304 2677 1359 sancti.
2710 1303 2850 1360 Deus
2896 1321 3024 1382 ergo
3071 1306 3226 1365 fortis
3252 1297 3498 1365 Christus
3532 1327 3544 1362 :

1963 1393 2086 1451 ideo
2115 1405 2294 1451 autem
2335 1397 2602 1453 veraciter
2621 1396 2785 1465 Deus,
2808 1399 2933 1470 quia
2962 1401 3234 1470 divinitas,
3260 1403 3399 1472 sicut
3425 1402 3548 1458 ideo
3601 1456 3603 1459 .

1963 1488 2232 1544 veraciter
2260 1487 2434 1559 fortis,
2476 1489 2599 1560 quia
2652 1489 2840 1544 virtus.
2874 1489 3012 1556 Vera
3040 1492 3219 1562 itaque
3251 1489 3398 1557 ﬁdes,
3431 1509 3550 1564 qua:

1963 1578 2235 1636 Christum
2264 1580 2432 1637 Deum
2463 1581 2656 1639 fortem
2685 1583 2953 1654 veraciter
2993 1585 3164 1652 credit
3189 1596 3245 1640 et
3269 1586 3547 1657 praedicat,

1965 1683 2018 1730 et
2046 1673 2316 1731 Christum
2347 1675 2661 1732 cruciﬁxum
2683 1677 2779 1734 Dei
2800 1677 3076 1747 virtutem,
3106 1679 3306 1750 Deique
3331 1680 3550 1749 sapien-

1966 1767 2097 1824 tiam
2126 1769 2275 1824 novit
2327 1769 2395 1824 ab
2446 1769 2706 1841 Apostolo
2736 1772 3012 1844 praedicari
3041 1790 3055 1839 ;
3086 1774 3227 1828 sicut
3256 1777 3550 1844 secundum

270 1857 498 1928 Trinitas
529 1875 667 1916 unus
720 1860 792 1916 sit
838 1859 980 1915 Deus
1002 1899 1019 1927 ,
1049 1873 1114 1914 ac
1151 1872 1250 1929 per
1287 1857 1394 1912 hoc
1415 1870 1528 1911 una
1545 1856 1618 1910 sit
1636 1855 1855 1920 caritas,
1893 1864 1937 1923 Β
1966 1875 2203 1930 carnem,
2236 1860 2543 1934 cruciﬁxam
2573 1865 2824 1920 virtutem
2856 1864 3172 1924 liducialiter
3200 1869 3351 1922 novit
3388 1875 3444 1923 et
3478 1867 3551 1924 .‘i-

268 1953 390 2024 quia
418 1951 563 2010 Deus
587 1952 780 2010 caritas
807 1960 883 2008 est
904 1951 929 2010 ?
950 1949 1160 2008 Caritas
1187 1958 1369 2004 autem
1388 1949 1710 2004 divisionem
1732 1963 1861 2002 nun-

269 2059 426 2114 quam
481 2043 694 2115 recipit,
733 2058 854 2114 qua:
901 2041 972 2098 de
1018 2040 1202 2098 multis
1257 2040 1513 2097 cordibus
1569 2039 1860 2108 multisque

272 2136 554 2200 animabus
609 2135 663 2196 in
716 2135 893 2206 seipsa
943 2149 1110 2192 unum
1163 2147 1262 2189 cor
1311 2145 1584 2201 unamque
1623 2131 1858 2184 animam

271 2225 413 2300 facit.

685 2315 850 2389 ³80
874 2329 1116 2382 ουδετιο
1151 2325 1410 2373 sucum.

378 2405 460 2464 15.
512 2408 761 2466 Secunda
816 2406 1009 2472 deinde
1046 2407 1401 2476 interrogatio
1429 2414 1521 2462 tua
1549 2408 1654 2464 hoc
1705 2408 1860 2464 inve-

268 2501 412 2560 nitur
437 2508 627 2562 tenore
648 2501 933 2571 subjuncta
960 2517 975 2555 :
1010 2498 1194 2556 Utrum
1219 2497 1358 2554 Deus
1379 2498 1478 2554 Dei
1505 2498 1550 2555 F
1553 2501 1693 2568 ilius,
1727 2504 1863 2558 sicut

264 2595 456 2656 dicitur
482 2603 660 2662 natus,
692 2611 893 2666 passus,
918 2603 1168 2660 mortuus,
1188 2595 1472 2665 cruciﬁxus
1501 2611 1518 2650 :
1539 2597 1616 2650 ita
1641 2597 1754 2666 ejus
1778 2596 1862 2650 di-

263 2687 534 2752 vinitatem
590 2686 902 2759 conﬁrmare
953 2701 1048 2742 nos
1087 2693 1327 2756 oporteat
1379 2694 1582 2755 natam,
1627 2703 1871 2757 passam,

262 2785 550 2842 mortuam,
572 2776 920 2847 cruciﬁxum:
950 2775 1179 2847 quamvis
1215 2775 1320 2830 sive
1357 2773 1519 2839 Deus,
1549 2777 1654 2830 sive
1673 2775 1863 2831 diuini-

263 2877 341 2921 tas
390 2867 708 2936 nominetur,
734 2867 846 2922 sola
874 2883 996 2924 caro
1045 2866 1365 2937 intelligatur
1402 2864 1665 2926 mutabilis
1711 2876 1864 2939 atque

264 2958 557 3032 possibilia,
579 2958 864 3030 secundum
891 2976 1045 3032 quam
1073 2958 1214 3016 Deus
1245 2966 1335 3014 aut
1357 2958 1604 3026 diuinitas
1632 2960 1746 3030 pati
1769 2977 1864 3033 po-

269 3054 381 3119 tuit,
413 3051 554 3125 quod
580 3053 637 3108 in
663 3068 757 3107 sua
776 3060 965 3108 natura
986 3068 1090 3108 non
1109 3053 1292 3123 potuit.

890 3152 898 3160 '
914 3160 1219 3204 suspensio.

1963 1951 2036 2008 cit
2067 1964 2090 1988 ι·
2117 1995 2132 2022 ,
2161 1953 2232 2006 ita
2263 1953 2561 2020 secundum
2591 1971 2838 2022 carnem,
2871 1954 3182 2024 cruciﬁxum
3214 1956 3550 2026 divinitatem

1962 2043 2204 2114 conﬁteri
2236 2063 2344 2108 non
2367 2048 2586 2116 ambigit
2617 2067 2627 2100 :
2653 2049 2810 2122 241
2839 2047 3084 2106 Christus
3107 2051 3253 2104 enim
3275 2048 3419 2116 Deus
3450 2049 3551 2118 for,-

1964 2139 2141 2212 tis,_sic
2162 2149 2245 2212 est
2264 2135 2503 2209 Deus,ut
2519 2141 2633 2216 ipse
2663 2126 2736 2194 sit
2757 2124 3009 2197 divinitas
3036 2158 3167 2207 sua;
3201 2143 3550 2211 quemadmo-

1961 2231 2090 2286 dum
2120 2232 2198 2287 sic
2227 2239 2308 2287 est
2337 2231 2510 2300 fortis,
2540 2242 2598 2286 ut
2626 2233 2741 2302 ipse
2767 2233 2838 2288 sit
2864 2234 3037 2290 virtus
3059 2249 3175 2289 sua.

2037 2322 2104 2377 l6
2121 2324 2216 2378 bis.
2241 2321 2390 2381 Nosti
2419 2325 2523 2379 hoc
2552 2324 2697 2395 quod
2724 2324 2862 2394 dico,
2878 2327 2933 2381 in
2964 2325 3112 2382 libris
3133 2326 3199 2382 de
3229 2325 3492 2382 Trinitate
3522 2342 3552 2381 a

1959 2419 2121 2493 beato
2162 2418 2462 2489 Augustino
2509 2417 2822 2490 plenissime
2861 2415 3233 2491 disputatum;
3276 2422 3327 2478 in
3358 2420 3553 2494 quibus

1962 2511 2199 2576 ostendit
2226 2527 2660 2588 unamquamque
2691 2514 2745 2567 in
2772 2511 3035 2582 Trinitate
3058 2529 3362 2585 personam,
3389 2515 3441 2569 in
3470 2515 3554 2584 his

1964 2604 2228 2678 duntaxat
2258 2604 2562 2672 nominibus
2598 2603 2792 2675 quibus
2821 2601 2888 2660 ad
2916 2620 2976 2662 se
3009 2622 3117 2674 non
3149 2606 3426 2672 translate,
3458 2605 3554 2676 sed

1963 2697 2181 2767 proprie
2211 2695 2422 2764 dicitur,
2454 2697 2624 2767 ipsam
2655 2698 2756 2752 sibi
2784 2714 2905 2754 esse
2933 2699 3076 2770 quod
3108 2701 3307 2756 habere
3332 2709 3554 2768 natura-

1963 2788 2088 2842 liter
2115 2785 2452 2859 praedicatur.
2487 2787 2720 2858 Dicimus
2746 2789 2887 2854 euim
2909 2789 3021 2847 sive
3052 2790 3286 2856 Patrem,
3317 2792 3434 2848 sive
3464 2785 3554 2846 Fi-

1964 2878 2116 2944 lium,
2148 2877 2261 2949 sive
2289 2876 2547 2948 Spiritum
2570 2887 2834 2948 sanctum,
2862 2895 2981 2952 esse
3013 2879 3178 2936 Deum
3210 2882 3409 2950 vivum,
3438 2899 3554 2937 ma-

1964 2983 2156 3046 gnum,
2188 2967 2519 3040 sapientem,
2552 2966 2746 3040 fortem
2766 3012 2781 3037 ,
2811 2969 3033 3027 bonum.
3085 2972 3143 3026 lu
3176 2973 3257 3028 bis
3285 2975 3554 3044 omnibus,

1964 3075 2084 3130 quae
2115 3059 2181 3114 ad
2217 3075 2276 3115 se
2305 3075 2638 3132 unaquaeque
2665 3059 2861 3118 dicitur
2888 3063 2942 3130 in
2980 3063 3245 3130 Trinitate
3291 3082 3554 3134 persona;

1965 3138 2096 3219 quia
2137 3148 2282 3218 Deus
2309 3148 2588 3206 divinitate
2616 3149 2757 3208 Deus
2805 3161 2907 3224 est,
2941 3169 3166 3224 magnus
3194 3159 3559 3226 magnitudine

344 3237 432 3294 16.
461 3235 559 3301 ωε
598 3237 705 3301 tuis
751 3235 932 3296 verbis
983 3235 1222 3294 breviter
1257 3236 1576 3317 respondeo,
1602 3236 1863 3308 quidquid
1892 3243 1938 3307 C
1967 3255 2192 3310 magnus
2222 3249 2324 3304 est,
2360 3244 2574 3312 sapiens
2596 3243 2862 3316 sapientia
2905 3247 3123 3317 sapiens
3147 3259 3246 3317 est,
3271 3245 3424 3305 fortis
3452 3251 3559 3306 vir~

275 3332 462 3388 horum
487 3329 718 3397 dicatur,
749 3329 880 3393 nihil
907 3329 1260 3400 pratjudicare
1308 3311 1434 3386 ﬁdei
1462 3343 1569 3399 qua
1598 3330 1868 3392 veraciter

273 3421 510 3487 Ecclesia
573 3420 840 3478 catholica
892 3421 1086 3488 credit,
1115 3428 1171 3476 et
1223 3421 1480 3492 pradicat
1527 3422 1867 3480 divinitatem

270 3513 384 3570 Filii
408 3513 504 3570 Dei
533 3513 924 3585 impassibilem
969 3523 1132 3584 atque
1182 3515 1675 3572 incommutabilem
1705 3525 1865 3572 natu-

269 3607 448 3668 raliter
502 3619 852 3676 permanere.
878 3603 1074 3662 Beatus
1127 3607 1327 3676 quippe
1379 3605 1670 3676 Apostolus
1723 3608 1802 3664 ait
1851 3626 1863 3662 :

269 3700 378 3759 Nos
406 3712 596 3758 autem
643 3700 986 3773 prtedicamus
1013 3698 1273 3756 Christum
1309 3701 1640 3771 cruciﬁxum,
1666 3701 1869 3760 ludatis

271 3796 469 3866 quidem
514 3792 854 3859 scandalum,
883 3790 1119 3864 gentibus
1164 3801 1336 3846 autem
1386 3792 1656 3848 stultitiam
1694 3813 1711 3848 :
1741 3795 1870 3864 ipsis

279 3895 442 3942 autem
471 3885 670 3942 vocatis
689 3883 892 3940 Judwis
938 3891 988 3937 et
1038 3881 1254 3948 Graecis,
1282 3881 1542 3939 Christum
1574 3883 1671 3940 Dei
1706 3885 1869 3940 virtu-

278 3987 390 4044 tem,
420 3987 471 4033 et
499 3978 599 4034 Dei
630 3977 943 4048 sapientiam
979 3973 1037 4046 (Ι
1065 3973 1188 4030 Cor.
1214 3990 1251 4040 ι,
1281 3973 1396 4045 23).
1426 3973 1564 4032 Ecce
1593 3975 1870 4034 Christum

275 4068 366 4127 Dei
392 4071 657 4126 virtutem
677 4077 731 4125 et
761 4067 855 4124 Dei
884 4067 1204 4138 sapientiam
1229 4107 1243 4134 ,
1275 4067 1406 4124 dicit
1433 4068 1723 4138 Apostolus
1749 4087 1871 4125 cru-

275 4164 507 4234 ciﬁxum.
542 4162 670 4216 Alio
691 4167 873 4226 autem
895 4159 1015 4216 loco
1043 4159 1200 4216 simul
1230 4160 1484 4218 virtutem
1507 4159 1875 4217 divinitatem-

276 4268 376 4323 que
403 4253 746 4323 conjungens
772 4251 848 4305 ait
877 4268 889 4304 :
921 4249 1253 4322 Sempiterna
1274 4267 1472 4323 quoque
1498 4251 1611 4323 ejus
1640 4253 1800 4308 virtus
1823 4262 1875 4312 et

276 4343 512 4414 divinitas
536 4342 722 4418 (Rom.
745 4357 780 4407 ι,
799 4339 913 4412 20).
936 4340 993 4397 Si
1013 4354 1141 4410 ergo
1162 4341 1330 4402 virtus
1349 4339 1549 4400 Christi
1575 4343 1872 4402 secundum

278 4448 490 4492 carnem
547 4430 810 4494 cruciﬁxa
858 4446 967 4486 non
1021 4429 1240 4502 indigne
1289 4431 1503 4499 dicitur,
1535 4449 1634 4490 cur
1679 4433 1874 4492 eodem

277 4527 434 4584 modo
489 4527 663 4584 etiam
713 4521 967 4594 cruciﬁxa
1022 4523 1316 4588 secundum
1355 4539 1575 4592 carnem
1621 4525 1876 4586 divinitas

1971 3339 2084 3386 tute
2109 3329 2262 3386 fortis
2283 3342 2383 3397 est,
2408 3330 2583 3388 bonus
2613 3333 2856 3391 bonitate
2883 3333 3060 3406 bonus
3102 3345 3216 3392 est:
3249 3338 3327 3394 sic
3355 3347 3437 3393 est
3457 3339 3561 3394 uti.

1967 3438 2074 3492 que
2100 3421 2261 3490 Deus,
2292 3431 2348 3478 ut
2378 3425 2492 3494 ipse
2519 3425 2591 3479 sit
2630 3422 2885 3482 divinitas
2920 3444 3047 3497 sua;
3097 3429 3176 3486 sic
3205 3438 3289 3485 est
3317 3445 3560 3500 magnus,

1970 3521 2028 3567 ut
2058 3514 2172 3587 ipse
2194 3514 2263 3569 sit
2290 3513 2600 3584 magnitudo
2630 3532 2760 3584 sua;
2793 3519 2870 3574 sic
2890 3528 2972 3574 est
2996 3522 3232 3591 sapiens,
3271 3532 3325 3576 ut
3355 3523 3468 3595 ipse
3497 3509 3562 3580 sil

1970 3599 2235 3680 sapientia
2266 3623 2396 3678 sua;
2439 3606 2516 3665 sic
2560 3618 2646 3664 est
2683 3607 2857 3678 fortis,
2894 3621 2953 3666 ut
2981 3613 3096 3684 ipse
3136 3615 3205 3669 sit
3233 3616 3403 3670 virtus
3425 3632 3564 3683 sua;

1971 3701 2048 3756 sic
2078 3701 2239 3754 etiam
2261 3700 2457 3770 bonus,
2483 3709 2540 3754 ut
2562 3701 2676 3772 ipse
2703 3703 2773 3758 sit
2795 3703 3009 3760 bonitas
3031 3722 3143 3760 sua.
3177 3706 3330 3774 Quod
3360 3725 3478 3764 cum
3512 3711 3565 3768 in

1972 3808 2133 3862 supra
2164 3796 2477 3848 memoratis
2507 3794 2654 3850 libris
2682 3796 2825 3851 idem
2865 3808 3084 3868 sanctus
3114 3796 3442 3871 Augustinus
3471 3802 3566 3860 fres

1973 3871 2202 3955 quenter
2250 3886 2531 3954 insinuet,
2581 3889 2872 3958 quemdam
2925 3890 3104 3948 locum
3154 3894 3221 3960 de
3266 3895 3403 3953 libro
3452 3897 3566 3964 ejus

1974 3975 2162 4044 quinto
2192 3975 2326 4048 (Lib.
2358 3994 2389 4032 v
2414 3979 2476 4033 de
2501 3978 2772 4048 Trinitate,
2787 3998 2904 4051 cap.
2931 3982 3021 4056 10)
3047 3981 3172 4042 huic
3201 3987 3460 4064 opusculo
3482 3989 3566 4044 in-

1976 4081 2158 4122 serere
2188 4067 2393 4122 curavi.
2421 4065 2554 4123 Cum
2579 4070 2721 4124 enim
2751 4069 2819 4126 de
2849 4071 2958 4126 Deo
2989 4083 3044 4146 et
3065 4072 3131 4129 de
3167 4073 3280 4147 ejus
3304 4079 3566 4147 magnitu-

1976 4157 2101 4213 dine
2129 4156 2463 4228 loqueretur,
2496 4160 2638 4228 inter
2675 4160 2779 4230 alia
2809 4163 2888 4222 sic
2917 4164 2991 4234 ait
3021 4183 3033 4219 :
3073 4163 3152 4238 Eu
3181 4155 3337 4238 igitur
3367 4173 3567 4242 magni-

1976 4249 2152 4306 tudine
2181 4267 2398 4322 magnus
2429 4261 2524 4320 est,
2567 4271 2665 4328 qua
2693 4255 2804 4328 ipse
2831 4264 2905 4309 est
2934 4258 3115 4324 eadem
3145 4259 3467 4332 magnitudo.
3502 4261 3568 4317 Et

1975 4339 2094 4396 ideo
2124 4343 2252 4395 sicut
2280 4359 2382 4412 non
2419 4335 2635 4410 dicimus
2666 4353 2764 4400 tres
2795 4349 3063 4418 essentias,
3095 4349 3168 4421 sic
3197 4367 3290 4405 nec
3322 4363 3424 4406 tres
3454 4370 3569 4407 ma-

1975 4435 2272 4508 gnitudiites
2300 4453 2318 4491 :
2362 4436 2456 4494 hoc
2483 4447 2561 4502 est
2589 4441 2725 4494 enim
2755 4437 2865 4508 Deo
2897 4458 3025 4518 esse,
3049 4425 3194 4518 quod
3224 4456 3299 4500 est
3329 4462 3570 4522 magnum

1977 4542 2105 4590 esse.
2133 4519 2329 4581 Eadem.
2357 4545 2516 4593 causa
2544 4547 2635 4583 nec
2660 4547 2875 4603 magnos
2905 4541 3007 4587 tres
3030 4532 3267 4602 dicimus,
3297 4538 3387 4590 sed
3414 4519 3571 4593 imum

279 4634 382 4676 non
411 4619 670 4680 dicatur?
698 4617 922 4686 Quando
973 4618 1118 4676 enim
1169 4617 1402 4686 additur,
1428 4619 1723 4682 secundum
1750 4637 1875 4686 car-
1905 4633 1958 4694 D
1981 4635 2227 4691 magnum
2244 4639 2262 4688 ;
2301 4621 2421 4692 quia
2462 4638 2563 4675 non
2593 4624 2992 4694 participatione
3030 4628 3402 4698 magnitudinis
3435 4627 3572 4683 Deus

279 4726 418 4778 nem,
449 4709 762 4770 ostenditur
789 4708 974 4778 utique
993 4723 1100 4764 non
1131 4707 1248 4779 ejus
1278 4709 1614 4778 divinitatem
1637 4712 1880 4782 passioni

280 4804 637 4875 subjacnisse,
667 4801 764 4872 sed
817 4814 1054 4858 carnem.
1088 4800 1242 4869 Quod
1267 4801 1434 4870 etiam
1463 4803 1764 4874 apostolica
1793 4803 1879 4859 vi-

279 4893 465 4964 demus
519 4893 852 4962 auctoritate
898 4898 1276 4954 monstratum.
1333 4892 1468 4948 Nam
1515 4909 1637 4952 cum
1687 4895 1879 4972 beatus

280 4985 480 5050 Paulus
526 4986 810 5060 apostolus
843 4985 1073 5052 dixerit,
1103 4983 1375 5042 Christum
1413 4986 1749 5056 cruciﬁxum,
1782 4987 1879 5044 Dei

281 5083 556 5149 virtutem,
582 5091 640 5142 et
667 5079 760 5134 Dei
783 5079 1121 5150 sapientiam,
1149 5093 1218 5134 ne
1247 5078 1360 5149 ipsa
1391 5079 1560 5144 virtus
1585 5086 1641 5140 et
1661 5080 1876 5151 sapien-

283 5174 352 5229 tia
382 5182 676 5245 putaretur
700 5171 1016 5227 naturaliter
1059 5186 1179 5228 esse
1225 5171 1510 5242 passibilis,
1543 5172 1750 5230 curavit
1770 5173 1877 5227 alio

285 5262 401 5322 loco
431 5266 709 5326 cruciﬁxa:
729 5264 942 5321 virtutis
967 5273 1023 5320 et
1049 5263 1328 5336 sapientiae
1356 5263 1641 5320 salubriter
1667 5264 1878 5335 aperire

283 5360 625 5427 mysterium,
657 5356 840 5418 dicens
889 5356 956 5412 de
997 5354 1214 5412 Christo
1248 5373 1262 5410 :
1295 5353 1440 5410 Nam
1466 5356 1562 5410 etsi
1592 5357 1873 5428 cruciﬁxus

287 5457 358 5502 est
378 5465 444 5504 ex
465 5450 796 5519 inﬁrmitate,
819 5448 912 5504 sed
938 5449 1056 5504 vivit
1075 5464 1140 5503 ea:
1164 5447 1350 5502 uirtute
1378 5446 1472 5501 Dei
1496 5443 1584 5520 (ΙΙ
1609 5444 1729 5501 Cor.
1752 5461 1865 5513 XIII,

289 5537 364 5610 t),
391 5541 610 5604 Scimus
657 5548 841 5598 autem
889 5538 1158 5598 Christum
1199 5537 1296 5596 Dei
1326 5536 1518 5604 Filium
1560 5537 1878 5610 prophetico

290 5630 504 5704 eloquio
571 5632 741 5689 Deum
795 5632 990 5688 fortem
1042 5630 1307 5687 veraCiter
1375 5630 1669 5695 nominari,
1738 5629 1874 5686 Isaia

289 5720 498 5785 dicente
524 5725 841 5802 Puer-natus
876 5735 955 5798 est
973 5725 1143 5797 nobis,
1181 5725 1322 5800 ﬁlius
1345 5724 1501 5798 datus
1533 5733 1609 5782 est
1637 5723 1804 5792 nobis,
1828 5731 1879 5782 et

360 5899 385 5928 ⁸
417 5890 577 5963 Αηῑ.,
605 5900 658 5948 et
683 5886 868 5949 credit.

1988 4725 2205 4781 magnus
2234 4719 2331 4788 est,
2373 4710 2462 4778 sed
2494 4711 2659 4782 seipso
2694 4728 2882 4783 magno
2912 4730 3133 4784 magnus
3162 4723 3269 4779 est;
3317 4718 3436 4792 quia
3465 4719 3574 4786 ipse

1987 4817 2080 4854 sua
2099 4809 2172 4855 est
2199 4799 2520 4872 magnitudo.
2551 4797 2664 4855 Hoc
2686 4810 2735 4856 et
2762 4802 2824 4855 de
2853 4799 3097 4881 bonitate,
3119 4806 3246 4860 etde
3267 4801 3571 4872 arteruitate,

1985 4901 2034 4946 et
2059 4891 2122 4947 de
2153 4885 2528 4964 omnipotentia
2550 4890 2648 4946 Dei
2679 4895 2866 4950 dictum
2886 4897 2975 4965 sit,
3005 4897 3341 4972 omnibusque
3366 4901 3576 4954 omnino

1985 4983 2420 5057 praedicantentis,
2445 5000 2558 5055 qua:
2586 4984 2650 5040 de
2674 4984 2786 5040 Deo
2808 4998 3022 5058 possunt
3049 4991 3410 5059 pronuntiari;
3439 4992 3576 5062 quod

1988 5077 2059 5131 ad
2086 5078 2306 5148 seipsum
2331 5075 2537 5142 dicitur,
2558 5094 2663 5132 non
2689 5079 2940 5136 translate
2960 5097 3021 5134 ac
3049 5099 3142 5153 per
3163 5081 3575 5152 similitudinem,

1978 5164 2072 5220 sed
2099 5165 2308 5238 praprie
2338 5182 2356 5232 ;
2386 5166 2431 5220 si
2461 5175 2632 5222 tamen
2676 5167 2740 5223 de
2765 5169 2858 5224 illo
2892 5173 3103 5250 proprie
3132 5171 3331 5244 aliquid
3366 5187 3454 5228 ore
3481 5169 3577 5231 Ito-

1981 5257 2135 5314 minis
2169 5253 2271 5318 dici
2301 5265 2489 5330 potest.
2513 5257 2570 5312 In
2611 5255 2750 5316 libro
2780 5276 2998 5333 quoque
3025 5250 3224 5329 octavo.
3253 5261 3343 5333 (In
3379 5269 3576 5337 prtefa-

1980 5348 2140 5419 tione)
2191 5351 2436 5416 eamdem
2475 5369 2728 5436 promens
2773 5354 2842 5410 de
2882 5354 2968 5410 illa
3015 5357 3244 5410 naturali
3291 5357 3576 5415 Trinitatis

1981 5445 2326 5518 simplicitate
2346 5447 2692 5510 sententiam,
2722 5447 2863 5502 inter
2886 5446 2989 5502 alia
3020 5446 3096 5501 sic
3119 5448 3222 5501 ait-
3255 5447 3404 5504 Sicut
3434 5448 3576 5505 Deus

1981 5539 2165 5607 Pater,
2207 5536 2347 5593 Deus
2377 5536 2570 5607 Filius,
2619 5536 2758 5593 Deus
2789 5538 3015 5612 Spiritus
3045 5547 3255 5595 sanctus
3286 5558 3302 5596 :
3331 5551 3381 5596 et
3412 5542 3576 5595 bonus

1981 5629 2163 5698 Pater,
2195 5630 2356 5687 bonus
2378 5627 2566 5695 Filius,
2594 5629 2755 5686 bonus
2785 5631 3012 5704 Spiritus
3037 5644 3280 5701 sanctus;
3311 5645 3356 5689 et
3402 5633 3576 5689 omni-

1978 5732 2160 5799 potens
2194 5723 2373 5796 Pater,
2403 5726 2726 5800 omnipotens
2755 5724 2956 5796 Filius,
2989 5729 3314 5803 omnipotens
3345 5727 3576 5801 Spiritus
