4124 6464
542 270 646 333 407

1610 289 1663 344 S.
1710 291 2070 353 FULCFNTII
2107 297 2406 357 i'JPlSCOPl
2441 304 2814 369 RUSPENSIS

3721 332 3814 389 ωε

538 402 788 448 sanctus:
819 412 910 449 nec
963 407 1128 521 tanien
1163 409 1264 453 tres
1296 401 1404 521 rD‘ii,
1461 416 1549 521 aut
1601 417 1700 461 tres
1731 408 1869 475 boni,
1913 422 2003 467 aut
2025 421 2128 470 tres
2156 423 2211 488 Α
2233 419 2338 475 vita
2363 424 2448 479 sit.
2492 423 2559 481 Et
2580 428 2746 500 paulo
2770 441 2897 505 post
2923 435 3069 497 idem
3110 449 3330 500 anuus
3355 443 3550 503 doctor
3576 455 3820 521 egregius

538 488 910 521 mno'amrmsn.
979 508 1028 521 on
1119 511 1249 521 ...μη
1345 514 1426 521 η..-
1494 515 1637 521 un---
1703 511 1740 521 Α.
1907 505 1918 517 ο
1998 518 2007 521 _
2246 509 2261 521 Α
2444 515 2454 521 .
2627 519 2632 521 Α
2751 518 2768 521 _

531 488 928 554 omnipotentes,
975 493 1064 544 sed
1119 511 1249 549 unus
1285 494 1446 560 Deus,
1477 498 1657 567 bonus,
1691 511 1740 554 et
1779 505 2120 575 omnipotens,

532 577 651 648 ipsa
699 577 927 636 Trinitas
949 601 966 647 ;
995 593 1043 637 et
1083 586 1331 658 quidquid
1356 589 1500 643 aliud
1527 608 1630 645 non
1652 592 1719 645 ad
1746 593 1962 649 invicem
1988 599 2125 652 rela-

533 675 650 740 tive,
680 675 771 728 sed
799 676 868 728 ad
905 695 959 731 sc
988 679 1178 750 singuli
1220 681 1490 737 dicuntur:
1536 685 1632 740 hoc
1659 688 1798 742 enim
1841 692 2123 746 secundum

529 769 810 822 essentiam
837 771 1098 841 dicuntur,
1123 775 1243 844 quia
1273 776 1368 830 hoc
1388 787 1465 831 est
1486 777 1556 832 ibi
1584 796 1696 835 esse
1721 781 1860 854 quod
1878 799 2125 856 magnum

528 875 659 928 esse,
691 862 826 933 quod
874 863 1083 933 bonum,
1112 868 1249 938 quod
1290 870 1574 939 sapientem
1617 888 1745 939 esse,
1779 884 1831 928 et
1875 875 2124 948 quidquid

527 952 673 1007 aliud
705 955 774 1008 ad
806 971 861 1010 se
904 973 1220 1031 unaquaeque
1258 959 1330 1014 ibi
1355 979 1614 1032 persona,
1643 970 1719 1019 vel
1745 966 1863 1037 ipsa
1891 966 2123 1024 Trinitas

528 1043 739 1100 dicitur.

598 1135 684 1190 l7.
726 1135 914 1194 Claret
957 1154 1152 1211 nempe
1182 1157 1251 1198 ex
1295 1143 1379 1200 his
1409 1144 1554 1199 beati
1602 1146 1885 1217 Augustini
1915 1151 2115 1217 verbis,

524 1225 627 1283 hoc
655 1243 775 1284 esse
821 1231 1101 1288 catholicae
1130 1235 1393 1302 veritatis,
1436 1245 1495 1291 ut
1532 1252 1656 1292 cum
1706 1238 1760 1294 in
1806 1238 1919 1296 Deo
1975 1241 2113 1297 divi-

522 1318 780 1386 nitatem,
832 1325 1286 1393 magnitudinem,
1340 1326 1669 1394 bonitatem,
1725 1330 2003 1401 virtutem,
2061 1342 2117 1387 et

518 1410 774 1479 quaelibet
795 1412 898 1468 alia
929 1414 982 1468 in
1014 1415 1097 1470 his
1123 1430 1244 1485 quae
1270 1416 1338 1472 ad
1353 1433 1435 1474 se
1461 1420 1681 1490 proprie
1711 1421 1908 1476 dicitur
1936 1425 2114 1479 nomi-

517 1517 708 1558 namus
735 1521 751 1572 ;
783 1521 890 1560 non
923 1506 977 1561 in
1008 1508 1125 1565 istis
1153 1508 1379 1565 diversis
1418 1511 1726 1567 nominibus
1752 1513 2001 1582 quaedam
2033 1514 2116 1568 di-

513 1611 670 1652 versa
716 1597 878 1669 (sicut
919 1598 973 1652 in
1004 1600 1223 1655 homine
1263 1600 1355 1672 qui
1408 1601 1652 1672 subjacet
1701 1605 2114 1672 qualitati),sed

512 1705 680 1744 unum
720 1690 850 1746 illud
879 1692 1023 1760 quod
1071 1702 1153 1747 est
1183 1694 1416 1748 essentia
1448 1695 1534 1749 vel
1581 1705 1770 1750 natura
1809 1697 2114 1754 certissime

509 1783 841 1839 noverimus.
875 1783 1005 1838 Inde
1034 1793 1118 1841 est
1147 1786 1289 1839 enim
1320 1785 1466 1855 quod
1497 1787 1611 1858 ipse
1641 1788 1832 1843 beatus
1859 1791 2114 1859 Augusti-

505 1893 611 1932 nus
639 1877 770 1933 dicit
799 1878 851 1932 in
887 1877 1025 1933 libro
1054 1879 1245 1948 quinto
1292 1879 1359 1934 de
1382 1879 1665 1943 Trinitate,
1699 1881 2108 1951 intelligendum

504 1970 620 2024 sine
655 1971 849 2043 qualite
889 1969 1107 2035 bonum,
1158 1972 1271 2026 sine
1317 1974 1607 2044 quantitate
1652 1990 1941 2043 magnum:
1978 1976 2107 2046 quia

503 2061 1018 2117 incommutabilitas
1054 2063 1316 2133 simplicis
1369 2071 1533 2133 atque
1580 2066 1970 2134 omnipotentis
2016 2081 2106 2122 es-

502 2155 693 2212 sentia:
717 2156 877 2210 nullis
898 2165 1074 2226 potest
1091 2156 1457 2211 accidentibus
1468 2157 1752 2226 subjacere
1769 2175 1782 2210 :
1799 2158 1891 2213 ubi
1911 2158 2104 2215 eadem
2145 2189 2156 2207 ι

501 2259 589 2308 eSt
617 2249 867 2306 divinitas
892 2265 1009 2320 quae
1037 2250 1314 2305 aeternitas
1349 2258 1405 2304 et
1433 2249 1686 2318 majestas
1715 2267 1730 2315 ;
1761 2250 1956 2306 eadem
1983 2266 2104 2307 ma-

499 2343 727 2415 gnitudo
755 2359 872 2413 quae
916 2344 1087 2398 virtus
1116 2353 1172 2398 et
1213 2343 1445 2398 bonitas.
1489 2341 1565 2398 Ex
1617 2343 1717 2399 hac
1757 2343 1916 2416 2&2
1960 2358 2094 2414 ergo

497 2436 687 2508 regula
712 2436 950 2492 veritatis
972 2435 1228 2506 quidquid
1259 2436 1329 2492 de
1351 2435 1652 2505 majestate,
1677 2436 1745 2491 de
1772 2438 2099 2507 aeternitate,

502 2529 574 2588 de
614 2533 814 2587 virtute
843 2531 1046 2587 Christi
1073 2531 1369 2587 secundum
1416 2545 1636 2586 carnem
1687 2531 1954 2587 veraciter
1990 2533 2100 2590 dici

498 2623 896 2694 cognoscimus,
923 2624 988 2678 de
1011 2622 1291 2677 divinitate
1314 2636 1532 2692 quoque
1559 2620 1676 2689 ejus
1698 2621 1803 2677 dici
1831 2622 2101 2678 veraciter

434 2699 448 2706 ’
496 2731 607 2774 non
629 2730 908 2786 negemus.
925 2714 1041 2786 Ipse
1061 2715 1261 2785 quippe
1282 2713 1474 2770 beatus
1495 2713 1825 2794 Augustinqs
1847 2714 1900 2769 in
1921 2714 2098 2786 primo

493 2809 635 2867 libro
665 2809 733 2866 de
763 2808 1024 2866 Trinitate
1054 2806 1206 2880 (Cap.
1243 2805 1332 2877 12,
1360 2814 1476 2878 post
1504 2806 1774 2878 medium),
1799 2807 2097 2866 ostendens

492 2901 662 2960 Deum
692 2901 885 2958 Filium
919 2900 1213 2956 secundum
1237 2899 1576 2954 divinitatem
1601 2898 1706 2954 hoc
1727 2899 1929 2954 habere
1949 2899 2095 2970 quod

493 3007 596 3066 est,
622 3005 677 3053 et
703 2997 806 3052 hoc
852 3010 973 3051 esse
994 2993 1139 3064 quod
1170 2991 1354 3056 habet,
1390 2991 1462 3046 ita
1491 2991 1730 3062 loquitur
1755 3009 1767 3044 :
1802 2989 1929 3046 Non
1955 2994 2093 3046 enim

493 3089 624 3145 sicut
662 3100 922 3153 creatura,
955 3087 1030 3139 ita
1056 3082 1198 3138 Deus
1221 3081 1409 3146 Filius,
1443 3090 1566 3135 ante
1594 3079 2018 3136 Incarnationem
2041 3091 2094 3136 et

490 3191 612 3236 ante
651 3189 970 3250 assumptum
999 3183 1292 3230 creaturam
1321 3174 1634 3244 unigenitus,
1667 3189 1757 3242 per
1777 3189 1925 3243 quem
1948 3175 2092 3244 facta

489 3283 611 3328 sunt
650 3273 846 3338 omnia,
885 3268 1030 3322 aliud
1058 3276 1155 3332 est,
1185 3275 1234 3321 et
1262 3265 1406 3319 aliud
1435 3264 1624 3317 habet:
1675 3265 1767 3317 sed
1797 3265 1892 3318 hoc
1921 3266 2091 3336 ipsum

490 3375 587 3431 est,
613 3364 748 3437 quod
773 3373 849 3417 est
879 3371 926 3415 et
953 3358 1090 3432 quod
1119 3356 1290 3411 habet.
1319 3354 1469 3420 Quod
1496 3356 1590 3409 illo
1620 3355 1732 3410 loco
1762 3357 2090 3427 manifestius

491 3459 699 3523 dicitur,
719 3457 764 3510 si
796 3454 907 3526 quis
929 3452 996 3505 ad
1024 3449 1331 3522 capiendum
1355 3449 1420 3501 sit
1442 3446 1658 3501 idoneus
1687 3447 1772 3501 ubi
1801 3449 1906 3502 ait:
1937 3446 2090 3504 Sicut

487 3547 653 3606 habet
683 3545 844 3599 Pater
867 3544 1028 3597 vitam
1061 3541 1113 3594 in
1144 3539 1455 3608 semetipso,
1482 3537 1555 3590 ita
1585 3535 1732 3590 dedit
1757 3535 1893 3592 Filio
1917 3537 2084 3592 vitam

489 3641 692 3698 habere
719 3638 770 3692 in
802 3634 1093 3705 semetipso
1125 3629 1308 3703 (Joan.
1338 3646 1388 3695 v,
1421 3627 1533 3697 26).
1584 3624 1770 3700 Neque
1795 3627 1933 3681 enim
1968 3629 2089 3700 jam

486 3732 732 3789 existenti
773 3738 822 3784 et
847 3728 1005 3782 vitam
1030 3743 1133 3781 non
1172 3722 1384 3777 habenti
1413 3722 1575 3785 dedit,
1611 3730 1666 3774 ut
1692 3721 1900 3774 haberet
1930 3723 2088 3774 vitam

484 3827 543 3882 in
586 3824 880 3896 semetipso,
909 3811 1025 3874 Eum
1051 3835 1111 3873 eo
1147 3817 1261 3888 ipso
1305 3815 1441 3888 quod
1487 3823 1584 3879 est,
1612 3815 1714 3867 vita
1742 3815 1828 3868 sit.
1863 3812 1979 3865 Hoc
2007 3823 2087 3869 est

484 3935 631 3991 ergo,
661 3915 808 3972 dedit
838 3912 976 3968 Filio
1001 3911 1202 3966 habere
1243 3908 1408 3961 vitam
1438 3905 1491 3960 in
1516 3904 1808 3972 semetipso
1843 3921 1856 3956 ;
1909 3904 2087 3974 genuit

483 4010 684 4068 Filium
727 4002 1202 4064 incommutabilem
1246 4002 1422 4065 vitam,
1452 3998 1589 4071 quod
1615 4007 1691 4052 est
1726 3998 1831 4051 vita
1861 4006 2080 4051 interna.

481 4104 628 4164 Idem
655 4103 848 4159 beatus
877 4097 1207 4168 Augustinus
1239 4095 1290 4148 in
1320 4091 1663 4162 expositione
1692 4087 1968 4157 Evangelii
1996 4103 2082 4143 se-

481 4195 717 4253 cundum
765 4191 1031 4248 Joannem
1060 4186 1262 4262 (Tract.
1288 4183 1377 4250 22,
1411 4193 1526 4256 post
1554 4178 1822 4251 medium),
1857 4195 1980 4235 cum
2013 4179 2082 4236 de

480 4291 598 4362 ipso
629 4284 843 4342 Domini
868 4295 1122 4339 sermone
1149 4285 1424 4341 tractaret,
1467 4274 1545 4330 sic
1567 4272 1642 4326 ait
1666 4289 1679 4326 :
1709 4269 1882 4326 Filius
1907 4281 2082 4325 autem

480 4380 575 4436 Dei
600 4395 704 4433 non
731 4377 879 4448 quasi
908 4374 1076 4447 prima
1106 4370 1204 4444 fuit
1229 4371 1341 4423 sine
1366 4368 1494 4432 vita,
1522 4375 1573 4418 et
1601 4363 1798 4434 accepit
1819 4364 2011 4417 vitam:
2033 4365 2080 4419 si

478 4475 618 4532 enim
634 4472 708 4528 sic
727 4471 873 4526 illam
898 4468 1172 4539 acciperet,
1198 4479 1304 4517 non
1325 4477 1442 4515 eam
1467 4457 1678 4512 haberet
1697 4456 1754 4510 in
1779 4457 2074 4528 semetipso.

479 4567 619 4634 Quid
646 4576 723 4623 est
745 4566 882 4620 enim
910 4564 966 4617 in
992 4556 1307 4629 semetipso?
1330 4553 1399 4610 Ut
1427 4555 1537 4626 ipse
1564 4552 1669 4607 vita
1690 4553 1806 4623 ipsa
1833 4561 1988 4606 esset.
2010 4550 2077 4606 Et

475 4660 638 4734 paulo
658 4664 802 4730 post,
821 4655 940 4710 haec
968 4654 1022 4706 in
1048 4649 1238 4705 eodem
1267 4659 1520 4702 sermone
1540 4641 1828 4734 conﬁrmat
1849 4641 2066 4696 dicens:

473 4733 563 4810 Ait
591 4753 727 4806 enim
749 4745 1060 4819 Apostolus:
1091 4738 1290 4796 Fuistis
1319 4737 1462 4792 enim
1492 4733 1783 4804 aliquando
1808 4734 2068 4799 tenebrae,

476 4862 620 4906 nunc
647 4851 828 4899 autem
858 4841 952 4895 lux
975 4839 1031 4894 in
1058 4833 1288 4891 Domino
1318 4829 1540 4902 (Ephes.
1563 4843 1619 4896 v,
1649 4824 1726 4898 8).
1753 4823 1880 4880 Cum
1903 4825 2074 4880 dixis-

470 4946 583 5006 set,
614 4951 757 4992 nunc
783 4939 966 4989 autem
992 4929 1084 4983 lux
1105 4969 1122 4997 ,
1151 4921 1376 4990 addidit,
1406 4920 1459 4974 in
1490 4917 1740 5017 Domino.
1780 4913 1848 4968 In
1946 4929 2072 5017 ergo

475 5031 715 5094 tenebrat,
747 5029 839 5081 lua:
867 5026 922 5078 in
949 5021 1197 5077 Domino.
1234 5016 1349 5071 Lua:
1376 5010 1580 5087 quare?
1609 5009 1746 5108 Quia
1781 5009 2069 5108 participa-

474 5124 610 5181 tione
649 5121 779 5176 lucis
808 5116 967 5182 illius,
1011 5114 1102 5168 lux
1135 5128 1210 5166 es.
1245 5109 1307 5165 Si
1335 5114 1507 5160 autem
1529 5120 1561 5156 a
1602 5103 1716 5198 luce
1740 5098 2068 5198 qua-illumi-

471 5217 614 5273 naris
642 5211 935 5273 recesseris,
967 5206 1035 5261 ad
1065 5203 1302 5260 tenebras
1327 5209 1444 5254 tuas
1471 5195 1631 5252 redis.
1663 5189 1790 5245 Non
1813 5190 1887 5244 sic
1913 5185 2066 5241 Chri-

466 5319 604 5376 stus,
635 5323 739 5361 non
768 5304 842 5359 sic
877 5300 1103 5358 Verbum
1131 5296 1248 5350 Dei.
1274 5293 1380 5350 Sed
1406 5284 1699 5383 quomodo?
1903 5281 2070 5383 habet

467 5375 634 5458 Patr;
683 5399 851 5452 vitam
907 5395 961 5448 in
989 5389 1302 5458 semetipso,
1335 5385 1420 5440 sic
1441 5381 1588 5435 dedit
1617 5387 1671 5433 et
1729 5375 1865 5429 Filio
1895 5375 2064 5476 vitam

468 5493 675 5549 habere
705 5490 758 5543 in
800 5485 1095 5554 semetipso
1125 5478 1306 5551 (Joan.
1334 5492 1391 5543 γ,
1413 5474 1504 5543 26)
1526 5490 1538 5527 :
1564 5479 1620 5524 ut
1651 5485 1755 5524 non
1778 5467 2064 5570 participa-

465 5591 605 5646 tione
632 5589 786 5652 vivat,
813 5581 905 5638 sed
928 5569 1422 5635 incommutabiliter
1450 5569 1606 5631 vivat,
1639 5571 1686 5617 et
1716 5569 1926 5616 omnino
1955 5571 2066 5625 ipse

535 5801 558 5828 ο·
594 5781 837 5857 Epist_o_la
859 5785 963 5842 est,
991 5782 1052 5831 ut
1080 5785 1225 5857 nunc
1250 5775 1378 5825 sunt
1403 5764 1651 5834 digestae,
1682 5757 1914 5815 decima.

533 5859 562 5905 ιι
595 5847 692 5914 Ms.
721 5853 885 5920 Thu.,
917 5847 1216 5922 praecelsus.

2230 509 2562 581 Augustinus
2587 519 2698 574 ait:
2733 518 2886 587 Quod
2912 526 3122 593 dicitur,
3153 530 3304 589 dedit
3336 531 3496 601 Filio,
3529 509 3640 593 ιιιιέ
3659 509 3736 595 «εἴ
3760 509 3820 598 ..

2229 604 2274 657 si
2296 605 2567 700 diceretur,
2590 616 2768 684 genuit
2783 616 3008 685 Filium;
3032 626 3329 693 generando
3355 627 3495 684 enim
3507 629 3672 688 dedit.
3692 632 3823 700 Quo-

2229 696 2384 752 modo
2414 698 2555 756 dedit
2581 714 2637 758 ut
2655 715 2809 774 esset,
2833 711 2909 764 sic
2937 711 3080 767 dedit
3106 724 3162 768 ut
3191 718 3295 771 vita
3317 729 3470 789 esset,
3501 732 3551 777 et
3583 726 3659 780 sic
3681 696 3821 784 dedit

2227 798 2286 842 ut
2328 791 2384 846 in
2432 799 2702 869 semetipso
2747 802 2851 857 vita
2889 815 3040 860 esset.
3093 805 3231 874 Quid
3272 821 3381 880 est,
3443 814 3499 869 in
3547 822 3822 890 semetipso

2228 883 2332 937 vita
2358 888 2539 941 esset?
2565 887 2689 944 Non
2721 893 2932 949 aliunde
2971 898 3075 952 vita
3105 900 3388 974 indigeret,
3424 909 3516 960 sed
3553 909 3662 980 ipse
3690 883 3823 967 esset

2226 973 2492 1044 plenitudo
2539 980 2684 1047 vitae,
2710 983 2849 1038 unde
2877 987 3140 1045 credentes
3181 973 3277 1048 alii
3305 997 3554 1066 viverent,
3571 973 3720 1057 vdum
3749 1008 3820 1059 vis

2225 1078 2418 1126 verent.

2297 1178 2385 1236 18.
2417 1180 2604 1278 Exhis
2628 1187 2788 1256 igitur
2813 1193 2992 1250 verbis
3015 1199 3256 1266 prmelari
3277 1203 3534 1261 antistitis
3562 1207 3822 1278 Augusti-

2226 1272 2300 1338 ni,
2329 1276 2553 1332 remotis
2578 1278 2838 1338 docemur
2866 1287 3198 1358 ambagibus,
3225 1293 3371 1349 salva
3396 1272 3822 1358 incommutabi-

2223 1361 2399 1430 litate,
2446 1370 2778 1440 aeternitate,
2826 1383 2990 1446 atque
3034 1380 3466 1452 impassibilitate
3517 1390 3820 1452 divinitatis

2223 1455 2346 1555 Filii
2370 1459 2486 1526 Dei,
2520 1464 2778 1535 quidquid
2817 1468 2884 1524 de
2910 1471 3026 1542 ejus
3065 1475 3373 1548 majestate,
3398 1485 3724 1555 aeternitate,
3749 1505 3821 1547 ac

2222 1550 2422 1607 virtute
2443 1555 2736 1611 secundum
2758 1563 3157 1631 susceptionem
3181 1570 3362 1627 carnis
3385 1571 3601 1643 dicitur,
3624 1550 3820 1634 incon-

2220 1653 2410 1708 gruum
2440 1659 2552 1699 non
2591 1659 2730 1715 esse,
2762 1650 2806 1704 si
2862 1655 3053 1710 eodem
3082 1658 3244 1714 modo
3264 1659 3566 1722 secundum
3591 1684 3819 1728 carnem

2220 1733 2288 1789 de
2314 1734 2432 1805 ejus
2457 1736 2739 1797 divinitate
2766 1743 2998 1803 dicatur.
3019 1748 3174 1818 Quod
3199 1767 3330 1824 ergo
3357 1773 3387 1811 a
3410 1756 3505 1814 Dei
3530 1759 3667 1818 Filio
3693 1779 3819 1822 sus-

2145 1819 2192 1878 B
2219 1836 2435 1924 ceptum
2465 1843 2567 1895 est,
2601 1835 2669 1889 ah
2691 1836 2809 1906 ejus
2837 1839 3140 1913 divinitate,
3163 1849 3234 1903 ab
3261 1819 3380 1920 ejus
3402 1854 3708 1924 majestate,
3733 1819 3818 1917 ab

2217 1919 2334 1988 ejus
2361 1923 2576 1990 virtute,
2610 1927 2678 1982 ab
2701 1929 2817 1998 ejus
2844 1936 3150 1994 aeternitate
3178 1919 3439 2010 probatur
3622 1919 3817 2018 susce-

2139 2063 2142 2066 .
2214 2017 2387 2080 ptum.
2431 2012 2588 2080 Quod
2632 2027 2691 2073 ut
2727 2032 3034 2080 sanctorum
3068 2027 3287 2086 Patrum
3315 2036 3548 2093 veridica
3577 2012 3818 2099 demon-

2211 2108 2351 2158 stret
2377 2109 2620 2174 assertio,
2651 2112 2884 2180 primum
2933 2115 3230 2176 beatissimi
3270 2140 3426 2197 papae
3453 2126 3650 2189 Leonis
3671 2149 3816 2205 apo--

2212 2195 2418 2252 stolicze
2446 2199 2588 2256 sedis
2615 2202 2836 2272 gloriosi
2859 2211 3130 2278 pontiﬁcis
3147 2195 3476 2285 proferimus
3498 2195 3814 2300 epistolam,

2211 2306 2376 2361 quam
2424 2296 2665 2353 scribens
2716 2300 2785 2355 ad
2826 2301 3138 2362 Flavianum
3187 2296 3813 2388 Constantinopolitanm

2209 2384 2360 2442 urbis
2395 2390 2711 2462 episcopum
2751 2406 2800 2461 α,
2849 2398 2903 2453 in
2943 2415 3011 2455 eo
3040 2403 3182 2473 quod
3221 2420 3410 2463 veram
3440 2409 3510 2466 de
3549 2384 3810 2474 incarna-

2208 2480 2360 2536 tione
2407 2482 2619 2541 Domini
2669 2493 2937 2560 expressit
2985 2496 3304 2555 mirabiliter
3349 2499 3541 2571 ﬁdem,
3586 2524 3806 2567 omnem

2206 2572 2478 2631 haereticus
2505 2581 2787 2648 pravitatis
2814 2585 3079 2643 destruxit
3103 2595 3439 2650 errorem.ln
3455 2597 3544 2652 illa
3568 2615 3807 2674 namque

2206 2666 2436 2736 episwla
2475 2667 2627 2742 (Cap.
2659 2673 2714 2745 5)
2751 2675 2894 2732 idem
2932 2679 3200 2748 gloriosus
3232 2688 3459 2744 antistes
3487 2707 3596 2748 non
3625 2666 3807 2753 minus

2206 2759 2517 2828 apostolicae
2534 2760 2656 2818 ﬁdei
2673 2766 2898 2824 veritate
2921 2772 3196 2842 praeditus,
3211 2791 3374 2846 quam
3397 2784 3711 2852 apostolicae
3724 2803 3806 2845 se.

2203 2851 2288 2908 dis
2301 2854 2561 2950 dignitate
2577 2858 2892 2926 pmcellens
2909 2862 2956 2931 δ,
2973 2865 3086 2922 haec
3099 2867 3232 2924 dicit
3247 2880 3270 2910 ο
3291 2889 3303 2925 :
3324 2851 3485 2928 Salva
3497 2875 3662 2947 igitur
3675 2896 3806 2950 pro-

2202 2943 2424 3013 prietate
2452 2945 2610 3018 253
2655 2951 2919 3023 utriusque
2961 2966 3182 3026 nature,
3217 2968 3264 3015 et
3293 2963 3348 3017 in
3377 2943 3540 3021 unam
3579 2943 3801 3026 coeunte

2134 3079 2136 3083 .
2201 3053 2498 3108 personam,
2529 3053 2765 3114 suscepta
2787 3056 2864 3100 est
2894 3064 2925 3100 a
2956 3052 3228 3121 majestate
3250 3055 3534 3126 humilitas,
3558 3077 3593 3114 a
3611 3064 3803 3119 virtute

2201 3127 2502 3198 inﬁrmitas,
2529 3131 2594 3185 ab
2620 3138 2907 3191 aeternitate
2922 3141 3243 3198 mortalitas:
3271 3155 3321 3199 et
3343 3147 3414 3200 ad
3439 3150 3799 3209 resolvendum

2120 3202 2170 3266 C
2201 3230 2396 3276 nostrte
2418 3223 2732 3281 conditionis
2753 3228 3000 3294 debitum,
3033 3242 3224 3288 natura
3249 3238 3563 3295 inviolabilis
3590 3253 3794 3300 natura

2198 3326 2277 3370 est
2305 3318 2454 3372 unita
2483 3320 2719 3389 possibili
2741 3341 2759 3375 :
2785 3332 2841 3376 ut
2866 3324 3023 3394 (quod
3052 3330 3245 3382 nostris
3267 3333 3509 3387 remediis
3537 3350 3795 3407 congrue-

2197 3412 2306 3484 bat)
2335 3431 2474 3470 unus
2501 3427 2656 3490 atque
2694 3421 2832 3474 idem
2861 3423 3117 3477 mediator
3145 3423 3241 3479 Dei
3269 3435 3321 3480 et
3348 3427 3614 3484 hominum
3639 3431 3798 3488 homo

2196 3509 2437 3566 Christus
2463 3512 2616 3568 Jesus
2647 3513 2703 3585 (Ι
2746 3514 2881 3570 Tim.
2911 3532 2968 3581 ιι,
3002 3517 3080 3588 5),
3110 3528 3161 3573 et
3199 3523 3332 3575 mori
3361 3534 3534 3592 posset
3559 3541 3628 3578 ex
3662 3542 3793 3593 uno,

2194 3611 2246 3657 et
2285 3604 2416 3658 mori
2443 3620 2547 3658 non
2575 3614 2748 3674 posset
2775 3623 2841 3661 ex
2886 3607 3071 3665 altera.
3106 3610 3296 3667 Adhuc
3318 3615 3560 3683 sequitur
3588 3631 3797 3673 memo-

2193 3704 2345 3750 ratus
2373 3697 2686 3766 apostolica:
2729 3699 2872 3753 sedis
2914 3701 3158 3766 antistes,
3183 3711 3239 3757 et
3267 3705 3396 3760 dicit
3431 3724 3442 3758 :
3479 3705 3545 3760 In
3584 3709 3793 3781 integra

2191 3807 2316 3862 ergo
2339 3793 2446 3846 veri
2480 3792 2724 3857 hominis,
2753 3795 3085 3865 perfectaque
3106 3804 3302 3850 natura
3340 3815 3486 3855 verus
3513 3812 3670 3858 natus
3715 3814 3794 3860 est

2191 3881 2355 3947 Deus,
2391 3893 2526 3939 totus
2547 3887 2602 3939 in
2626 3887 2754 3951 suis,
2785 3895 2921 3940 totus
2951 3887 3004 3939 in
3035 3887 3482 3945 nostris.'Nostra
3512 3905 3684 3949 autem
3705 3896 3788 3950 di-

2192 3973 2377 4037 cimus,
2403 3991 2517 4045 qute
2545 3976 2600 4030 in
2630 3974 2778 4029 nobis
2807 3975 2872 4029 ab
2894 3977 3044 4030 initio
3075 3977 3289 4033 Creator
3317 3983 3570 4048 condidit,
3603 3997 3652 4039 et
3673 4003 3786 4056 qua:

2188 4065 2490 4135 reparanda
2509 4068 2754 4133 suscepit.
2782 4066 2971 4123 Cernis
3000 4084 3196 4140 nempe
3219 4074 3672 4140 quemadmodmn
3700 4077 3789 4132 ille

2189 4159 2518 4228 apostolicus
2546 4159 2760 4228 doctor,
2809 4175 2912 4229 qua
2960 4161 3062 4216 tide
3090 4161 3241 4230 dicit,
3273 4163 3438 4218 Deum
3470 4181 3535 4220 ea
3583 4183 3701 4236 quae
3732 4169 3788 4225 in

2187 4251 2345 4304 nobis
2373 4250 2440 4304 ab
2470 4250 2623 4305 initio
2643 4250 2905 4318 condidit,
2926 4253 3227 4322 reparanda
3242 4255 3570 4324 suscepisse,
3595 4257 3786 4312 eadem

2187 4339 2294 4394 tide
2321 4340 2463 4396 dicat
2503 4340 2862 4396 humilitatem
2907 4356 2937 4395 a
2987 4343 3289 4411 majestate,
3335 4344 3702 4401 inﬁrmitatem
3749 4362 3784 4402 a

2184 4435 2403 4500 virtute,
2436 4433 2818 4487 mortalitatem
2841 4432 2908 4486 ab
2935 4436 3236 4488 aeternitate
3283 4444 3613 4506 susceptam.
3643 4435 3784 4492 Cum

2187 4543 2318 4583 vero
2342 4527 2616 4596 majestas,
2647 4527 2836 4593 virtus,
2868 4535 3029 4598 atque
3067 4529 3344 4585 aeternitas
3363 4529 3485 4584 Filii
3514 4529 3611 4586 Dei
3640 4531 3773 4586 dici-

2102 4589 2160 4652 Ι)
2183 4629 2292 4688 tur,
2323 4589 2445 4674 non'
2463 4589 2610 4674 aliud
2653 4589 2832 4690 quam:
2865 4589 2984 4689 ejus
3025 4619 3278 4676 divinitas
3317 4621 3618 4676 intimatur.
3655 4622 3776 4677 Non

2178 4729 2311 4784 ergo
2359 4713 2666 4770 dubitemus
2709 4715 2854 4783 quod
2903 4713 3159 4769 divinitas
3207 4712 3404 4769 Christi
3453 4715 3774 4784 susceperit,

2177 4806 2437 4879 quidquid
2474 4805 2675 4862 Christi
2702 4804 2976 4874 majestas,
3024 4805 3224 4861 Christi
3247 4806 3440 4872 virtus,
3469 4806 3777 4862 aeternitas-

2178 4917 2286 4974 que
2309 4900 2569 4970 suscepit.
2615 4897 2754 4956 Hinc
2781 4906 2866 4954 est
2911 4899 3054 4968 quod
3082 4899 3136 4953 in
3165 4899 3354 4954 eadem
3403 4899 3636 4971 epistola
3661 4919 3775 4959 non

2175 4991 2450 5048 dissimilis
2474 4991 2651 5047 denuo
2677 4989 2945 5045 sententia
2967 4990 3304 5068 continetur:
3327 5006 3448 5046 cum
3479 4992 3622 5046 idem
3643 4994 3776 5050 bea-

2175 5085 2418 5139 tissimus
2465 5083 2724 5139 Romanze
2767 5083 2961 5155 prmsul
3002 5083 3258 5141 Ecclesia:
3283 5127 3296 5151 ,
3344 5087 3487 5141 sicut
3514 5085 3685 5140 Deum
3716 5094 3774 5141 et

2172 5177 2471 5245 hominem,
2514 5177 2586 5231 ita
2619 5177 2956 5232 divinitatem
3004 5187 3058 5231 et
3105 5177 3494 5232 humanitatem
3547 5174 3772 5231 manife.

2171 5271 2409 5327 stissima
2455 5269 2836 5340 prmdicatione
2884 5269 3185 5323 conﬁrmat.
3238 5268 3297 5322 ln
3328 5268 3518 5324 eadem
3565 5267 3768 5338 quippe

2170 5363 2401 5435 epistola
2431 5363 2592 5418 dicit:
2620 5361 2898 5428 Assumpta
2928 5359 3083 5413 estde
3116 5370 3284 5414 matre
3311 5357 3526 5414 Domini
3549 5367 3762 5421 natura,

2170 5474 2276 5512 non
2305 5455 2491 5526 culpa;
2518 5471 2611 5507 nec
2637 5453 2693 5506 in
2715 5451 2942 5505 Domino
2966 5449 3089 5505 Jesu
3116 5449 3324 5506 Christo
3342 5467 3409 5506 ea:
3431 5459 3579 5505 utero
3606 5450 3761 5522 virgi-

2169 5551 2255 5605 nis
2281 5549 2476 5623 genito,
2500 5547 2620 5603 auia
2658 5545 2907 5599 nativitas
2941 5552 3018 5598 est
3042 5543 3322 5608 mirabilis,
3345 5541 3464 5598 ideo
3492 5544 3660 5599 nostri
3689 5547 3757 5597 ett

2248 5760 2272 5788 ο
2304 5747 2360 5802 ln
2390 5761 2491 5800 ms.
2523 5742 2663 5799 Thu.
2705 5757 2815 5797 non
2847 5741 3076 5798 habetur
3099 5729 3213 5798 hac
3235 5739 3385 5812 dicit,
3414 5741 3510 5800 sed
3539 5742 3735 5815 legitur

2177 5820 2360 5886 Salva,
2388 5817 2570 5881 inquit,
2603 5815 2934 5872 vrovrietute.
