4108 6474
198 385 321 439 409

1579 361 1913 418 EPISTOLA
1954 361 2064 416 XIV
2076 403 2087 416 .

3388 359 3498 421 41οο

199 510 407 556 natura
438 493 724 550 dissimilis.
752 488 852 554 Qui
875 489 1010 542 enim
1033 503 1179 541 verus
1206 494 1283 540 est
1302 482 1466 550 Deus,
1493 483 1632 536 idem
1655 497 1804 535 verus
1834 488 1890 548 Α
1913 476 2062 534 Sicut
2085 495 2245 550 neque
2265 480 2438 549 seipsa
2465 486 2656 532 natura
2682 476 2855 531 carnis
2884 476 3081 530 exstitit
3109 476 3301 530 deitate
3328 474 3496 531 subli-

202 602 294 648 est
334 593 504 654 homo,
538 599 586 642 et
627 587 822 640 nullum
861 593 935 637 est
973 584 1028 634 in
1070 581 1168 632 hac
1208 580 1404 632 unitate
1433 575 1804 639 mendacium;

205 685 343 739 dum
391 683 607 736 invicem
653 686 770 731 sunt
815 685 864 728 et
893 674 1156 727 humilitas
1205 670 1448 733 hominis,
1493 676 1542 720 et
1588 665 1808 720 altitudo

208 775 450 832 deitatis.
485 772 633 828 Sicut
655 772 789 823 enim
808 767 948 820 Deus
971 782 1074 818 non
1101 769 1332 817 mutatur
1354 758 1706 825 miseratione,
1734 757 1810 809 ita

211 871 381 924 homo
427 882 534 920 non
576 861 894 918 consumitur
931 858 1203 930 dignitate.
1254 853 1374 908 Alio
1423 865 1639 922 quoque
1689 849 1811 905 loco

213 957 453 1032 (Eodem
459 971 589 1037 gap.
620 952 674 1024 6)
698 952 839 1007 idem
863 947 1207 1004 beatissimus
1235 959 1374 1015 papa
1405 941 1516 996 Leo
1562 941 1815 1037 divinita-

212 1029 338 1107 tem
365 1029 545 1105 carnis
573 1053 769 1100 tectam
798 1040 1069 1096 velamine
1095 1036 1399 1108 proﬁtetur,
1430 1031 1614 1088 dicens
1646 1048 1660 1084 :
1689 1029 1814 1086 lam

209 1143 344 1197 eum
383 1140 452 1194 ad
473 1135 813 1210 praecursoris
850 1133 931 1186 sui
964 1129 1188 1185 Joannis
1217 1126 1532 1198 baptismum
1559 1122 1725 1189 venit,
1751 1138 1817 1176 ne

213 1234 411 1288 lateret
436 1228 571 1303 quod
617 1225 790 1279 carnis
815 1221 1083 1276 velamine
1119 1216 1365 1271 divinitas
1405 1220 1674 1285 tegeretur,
1717 1227 1818 1266 vos:

215 1323 406 1377 Patris
427 1301 492 1374 de
511 1319 635 1373 calo
657 1319 906 1370 intonans
925 1313 1060 1366 dixit
1084 1326 1103 1363 :
1128 1308 1224 1363 Hic
1252 1314 1336 1361 est
1363 1304 1530 1359 Filius
1557 1318 1711 1357 meus
1735 1301 1818 1356 di-

215 1416 422 1479 lectus,
453 1412 506 1466 in
533 1425 642 1480 quo
669 1407 800 1462 mihi
823 1406 962 1459 bene
1001 1397 1304 1470 complacui
1331 1394 1549 1468 (Matth.
1593 1409 1671 1458 ut,
1703 1392 1816 1457 l7).

219 1505 333 1562 Ubi
357 1504 616 1560 continuo
671 1498 1006 1554 divinitatem
1056 1491 1204 1546 illam
1257 1487 1595 1544 conﬁdenter
1645 1485 1819 1539 Deum

219 1604 525 1668 nuncupat,
568 1603 625 1650 et
672 1593 817 1646 illam
863 1603 1104 1653 carnem,
1134 1584 1409 1640 hominem
1454 1580 1821 1636 indubitanter

221 1689 484 1762 appellat,
536 1685 764 1740 dicens:
801 1682 965 1746 Quem
991 1681 1163 1750 itaque
1199 1677 1335 1730 sicut
1383 1674 1663 1735 hominem,
1705 1671 1822 1726 dia-

223 1783 334 1840 boli
365 1788 528 1837 tentat
548 1779 761 1843 astutia,
797 1775 964 1830 eidem
991 1773 1124 1826 sicut
1148 1769 1259 1823 Deo
1282 1767 1520 1839 angelica
1551 1766 1818 1838 famulan-

1910 572 2013 625 mis
2030 609 2045 637 ,
2068 570 2189 642 quia
2218 580 2270 624 et
2290 586 2394 624 non
2418 569 2628 623 aliunde
2649 567 2908 630 divinitas,
2934 581 3088 638 quam
3117 565 3180 618 de
3204 576 3349 620 utero
3377 565 3497 621 Vir-

1911 661 2050 733 ginis
2078 661 2260 714 matris
2289 662 2565 715 incarnata
2591 661 2871 730 processit;
2927 669 2977 712 et
3029 675 3149 712 caro
3179 675 3282 711 non
3320 659 3421 713 nisi
3440 657 3498 713 in

1913 752 2098 808 iisdem
2127 754 2421 819 visceribus,
2445 763 2626 808 sancto
2658 753 2855 823 Spiritu
2888 755 3292 824 superveniente,
3328 762 3377 806 et
3401 753 3498 808 Αι-

1915 847 2104 900 tissimi
2132 845 2465 901 obumbrante
2479 849 2679 914 virtute,
2694 856 2770 902 est
2797 848 2943 900 unita
2962 847 3161 901 deitati.
3186 845 3316 901 Item
3337 849 3501 916 paulo

1915 945 2043 1010 post
2071 937 2145 990 ait
2171 955 2182 990 :
2216 933 2464 1002 Quaerant
2493 956 2614 1010 ergo
2641 941 2729 993 isti
2759 955 2857 1010 qua
2887 955 2993 992 suae
3019 939 3289 994 dementia:
3305 941 3501 1011 foveas,

1916 1026 2099 1100 quibus
2128 1028 2514 1083 circumdantur
2535 1030 2788 1095 evadant;
2816 1039 2866 1084 et
2893 1029 3068 1101 palam
3097 1046 3154 1084 se
3180 1038 3270 1083 aut
3296 1031 3504 1085 illorum

1918 1135 2033 1176 esse
2056 1121 2120 1175 de
2165 1137 2377 1176 numero
2419 1123 2703 1193 fateantur,
2751 1124 2837 1193 qui
2887 1139 3060 1176 verum
3087 1120 3280 1177 Christi
3319 1139 3503 1190 corpus

1917 1211 2228 1283 impugnant
2249 1227 2267 1264 :
2295 1220 2385 1265 aut
2407 1229 2596 1284 negare
2624 1229 2729 1266 non
2755 1213 2998 1278 audeant,
3022 1229 3128 1268 non
3153 1213 3255 1268 nisi
3275 1213 3372 1266 hac
3412 1229 3503 1284 ra-

1923 1303 2062 1357 tione
2087 1318 2258 1356 verum
2278 1319 2406 1365 esse,
2438 1307 2550 1356 sine
2571 1319 2672 1373 qua
2699 1319 2873 1358 verum
2893 1318 3004 1357 esse
3034 1320 3137 1358 non
3159 1305 3321 1374 possit
3351 1319 3368 1356 :
3399 1304 3505 1356 sic-

1920 1401 1979 1447 ut
2007 1401 2055 1448 et
2093 1409 2208 1446 cum
2237 1392 2470 1447 eumdem
2489 1392 2658 1447 Deum
2679 1385 2916 1460 dicimus,
2939 1394 3017 1450 vel
3034 1395 3314 1459 secundum
3344 1393 3505 1448 Deum

1923 1486 2061 1558 loqui
2092 1494 2182 1538 aut
2229 1488 2400 1558 facere
2445 1486 2789 1556 prtedicamus
2810 1527 2824 1553 ,
2857 1487 3009 1540 aliter
3034 1503 3210 1541 verum
3249 1502 3359 1540 esse
3405 1502 3507 1540 non

1923 1577 2109 1651 possit,
2139 1578 2241 1632 nisi
2264 1594 2440 1632 veram
2467 1577 2574 1632 illic
2600 1577 2941 1646 divinitatem,
2981 1587 3031 1632 et
3057 1579 3113 1632 in
3143 1594 3252 1632 sure
3271 1578 3508 1648 praprie~

1927 1680 2032 1726 tate
2067 1671 2371 1727 substantia:
2413 1678 2801 1741 permanentem
2841 1671 3050 1726 deitatis
3101 1672 3362 1742 fateamur
3401 1685 3508 1726 esse

1925 1773 2184 1819 naturam.

223 1883 314 1927 tur
341 1869 602 1942 obsequia.
633 1867 765 1922 ltem
795 1865 902 1918 alio
933 1861 1175 1931 ejusdem
1225 1858 1466 1928 epistolae
1495 1857 1615 1911 loco
1665 1856 1683 1927 (
1707 1854 1821 1909 Ibi-
1854 1865 1904 1926 Β
1997 1854 2088 1910 20.
2131 1855 2360 1911 Sanctus
2387 1871 2605 1927 quoque
2635 1857 2948 1914 Ambrosius
2975 1857 3028 1912 in
3056 1856 3196 1913 libro
3220 1857 3394 1929 primo
3442 1854 3512 1918 do

224 1961 373 2034 dem)
402 1960 532 2016 dicit
563 1977 576 2013 :
611 1956 856 2022 Quamvis
893 1955 1030 2008 enim
1065 1952 1119 2005 in
1163 1948 1388 2005 Domino
1422 1946 1546 2002 Jesu
1593 1945 1820 2014 Christo,

225 2055 333 2110 Dei
357 2062 408 2108 et
435 2052 658 2107 hominis
686 2065 792 2102 una
819 2060 1044 2117 persona
1072 2043 1139 2097 sit
1168 2057 1188 2096 :
1219 2039 1363 2094 aliud
1392 2047 1566 2092 tamen
1594 2046 1670 2092 est
1689 2037 1826 2090 unde

224 2149 288 2201 in
313 2154 528 2215 utroque
547 2139 832 2194 communis
860 2143 937 2191 est
965 2129 1300 2194 contumelia,
1345 2128 1488 2182 aliud
1516 2127 1655 2181 unde
1681 2135 1844 2181 com-'

226 2238 406 2295 munis
433 2213 509 2290 est
528 2233 715 2306 gloria.
753 2229 828 2284 De
859 2237 1037 2282 nostro
1075 2227 1214 2279 enim
1254 2213 1439 2277 illiest
1468 2222 1638 2275 minor
1665 2219 1828 2274 Patre

229 2327 552 2391 humanitas,
591 2323 654 2377 de
683 2321 847 2375 Patre
878 2319 959 2372 illi
1000 2323 1080 2372 est
1101 2314 1316 2385 aqualis
1357 2329 1474 2367 cum
1500 2311 1663 2366 Patre
1691 2311 1825 2364 divi-

230 2422 396 2475 nitas.
436 2415 602 2486 Cujus
645 2411 926 2468 sententiae
956 2407 1265 2462 ﬁrmitatem
1311 2404 1560 2460 sensibus
1604 2403 1843 2458 cuncto-'

231 2526 356 2568 rum
385 2507 621 2564 ﬁdelium
658 2505 738 2560 sic
778 2503 1017 2557 insinuat
1062 2506 1226 2567 atque
1277 2495 1534 2564 inculcat,
1563 2495 1697 2550 utin
1726 2494 1829 2548 hac

232 2602 342 2657 ﬁde
367 2600 535 2655 vitam
564 2595 970 2668 profectumque
997 2588 1282 2647 catholicae
1317 2594 1572 2643 constare
1602 2593 1830 2641 testetur

234 2693 514 2756 Ecclesiae,
544 2689 727 2744 dicens
751 2683 906 2758 (Cap.
935 2681 992 2752 5)
1020 2680 1146 2752 quia
1168 2677 1435 2734 catholica
1460 2675 1706 2733 Ecclesia
1727 2677 1831 2731 hac

234 2786 343 2842 ﬁde
374 2783 504 2839 vivit
529 2796 594 2836 ac
639 2775 874 2850 proﬁcit,
924 2781 984 2830 ut
1010 2787 1114 2830 nec
1151 2773 1270 2828 sine
1296 2784 1424 2824 vera
1454 2769 1704 2825 credatur
1728 2769 1831 2823 hu-

234 2879 499 2938 manitate
525 2874 796 2931 divinitas.
885 2873 891 2879 ’

312 2991 402 3048 19.
441 2989 557 3046 Hoc
583 2989 745 3043 etiam
773 2984 946 3040 beata:
975 2980 1248 3036 memoriae
1276 2993 1416 3050 papa
1445 2975 1693 3033 Gelasius
1716 2991 1834 3033 ser-

237 3081 381 3146 vato
421 3095 607 3141 tenore
660 3077 942 3145 doctrinae,
995 3088 1094 3145 per
1111 3073 1253 3128 viam
1303 3085 1448 3126 verae
1503 3069 1628 3125 ﬁdei
1669 3078 1836 3141 atque

236 3176 551 3252 apostolicae
577 3168 953 3254 confessionis,
981 3165 1216 3237 iparibus
1245 3161 1448 3218 incedit
1475 3161 1698 3217 omnino
1737 3175 1834 3216 ve-

1926 1946 2061 2002 Fide
2091 1945 2245 2018 (Cap.
2276 1947 2354 2017 2),
2405 1963 2513 2004 uno
2559 1949 2858 2020 eodemque
2887 1949 3009 2005 loco
3055 1950 3194 2005 sicut
3241 1949 3512 2004 Christum

1927 2039 2097 2095 Deum
2127 2051 2181 2094 et
2203 2041 2497 2104 hominem,
2519 2043 2597 2098 sic
2629 2044 2682 2097 in
2710 2058 2787 2098 eo
2803 2042 3137 2097 divinitatem
3161 2039 3444 2111 proﬁtetur
3459 2049 3513 2098 et.

1927 2145 2170 2200 carnem,
2200 2131 2384 2187 dicens
2414 2149 2429 2185 :
2467 2131 2640 2188 Unum
2674 2131 2842 2188 Deum
2868 2131 3355 2204 prophetwdicunt,
3388 2148 3505 2204 apo-

1929 2224 2050 2279 stoli
2077 2223 2327 2289 audiunt,
2357 2241 2517 2278 unum
2543 2223 2712 2279 Deum
2754 2225 2902 2297 Magi
2942 2225 3294 2294 crediderunt,
3329 2231 3380 2279 st
3417 2241 3510 2278 au-

1928 2329 2064 2379 rum,
2097 2314 2234 2382 thus,
2265 2322 2316 2370 et
2354 2314 2621 2387 myrrham
2645 2316 2904 2388 supplices
2934 2316 3005 2370 ad
3035 2315 3227 2370 Christi
3257 2315 3512 2370 cunabula

1931 2405 2246 2473 detulerunt,
2295 2423 2423 2463 auro
2473 2405 2667 2480 Regem
2697 2409 2917 2479 fatentes
2937 2449 2951 2473 ,
2984 2417 3032 2462 et
3064 2407 3228 2462 Deum
3259 2408 3407 2462 thure
3434 2424 3511 2462 ve-

1930 2508 2193 2556 nerantes.
2228 2498 2522 2554 Thesaurus
2566 2503 2702 2554 enim
2748 2501 2896 2572 regni
2939 2516 3157 2565 aurum;
3204 2499 3517 2572 sacriﬁcium

1931 2587 2033 2644 Dei
2061 2591 2178 2645 thus
2200 2630 2217 2657 ,
2268 2593 2483 2663 myrrha
2507 2601 2585 2647 est
2613 2595 2912 2665 sepulturae.
2972 2591 3108 2659 Quid
3135 2594 3296 2666 igitur
3343 2594 3518 2648 volue-

1932 2691 2056 2735 runt
2083 2683 2184 2736 sibi
2215 2686 2432 2755 mystica
2461 2699 2676 2738 munera
2713 2686 2850 2738 inter
2878 2684 3083 2755 abjecta
3108 2687 3380 2756 praesepia,
3415 2686 3518 2740 nisi

1932 2783 1991 2826 ut
2030 2774 2379 2847 intelligamus
2425 2777 2478 2829 in
2509 2773 2717 2831 Christo
2749 2775 3097 2845 differentiam
3151 2777 3435 2831 divinitatis
3471 2785 3520 2832 et

1937 2865 2110 2917 carnis
2128 2865 2154 2917 .9
2179 2863 2249 2920 Ut
2277 2866 2428 2920 homo
2451 2868 2702 2929 nascitur,
2727 2875 2784 2920 ut
2813 2865 2952 2920 Deus
2993 2866 3266 2920 adoratur.
3286 2863 3320 2920 J
3325 2874 3439 2920 acet
3464 2863 3533 2920 in

1935 2958 2148 3028 pannis,
2177 2958 2269 3012 sed
2291 2960 2452 3032 fulget
2475 2961 2528 3013 in
2552 2959 2734 3014 stellis.
2762 2958 2920 3013 Cunte
2943 2969 3238 3013 nascentem
3265 2958 3521 3029 indicant,

1935 3051 2102 3106 stella:
2131 3051 2504 3108 dominantem.
2530 3051 2663 3107 Caro
2691 3063 2768 3106 est
2798 3069 2912 3126 quas
2939 3052 3235 3118 involvitur,
3276 3052 3522 3108 divinitas

1939 3149 2022 3203 cui
2043 3149 2104 3202 ab
2136 3148 2338 3219 angelis
2379 3148 2726 3202 ministratur.
2763 3145 2848 3200 Ita
2877 3163 2970 3201 nec
3000 3146 3227 3218 dignitas
3267 3146 3521 3202 naturalis

446 3265 502 3320 ln
523 3278 590 3319 eo
615 3241 816 3332 quippe
827 3231 962 3311 libro
977 3231 1139 3326 quem
1160 3259 1492 3337 mem_oratus
1507 3249 1830 3306 venerabilis
1859 3237 1907 3301 C
1935 3241 2229 3311 majestatis
2271 3241 2548 3305 amittitur,
2579 3248 2628 3292 et
2657 3248 2937 3309 assumpta:
2964 3239 3139 3292 carnis
3159 3239 3348 3291 veritas
3380 3231 3535 3290 com-'

238 3323 562 3429 conscripsit
589 3337 814 3409 antistes
843 3349 1100 3404 adversus
1128 3362 1223 3402 eos
1250 3323 1343 3415 qui
1367 3345 1419 3398 in
1449 3343 1680 3399 Domino
1700 3340 1833 3398 Jesu

241 3429 465 3510 Christo
495 3448 720 3504 duarum
740 3453 1055 3497 naturarum
1081 3439 1274 3495 nolunt
1293 3435 1577 3492 indivisam
1607 3433 1832 3490 credere

238 3545 548 3606 veritatem,
588 3537 684 3594 sed
729 3550 824 3590 eas
861 3535 1020 3587 unius
1049 3539 1255 3585 natura:
1291 3527 1455 3600 25!;
1493 3525 1833 3598 professione

241 3629 607 3694 confundunt,
627 3628 746 3697 ipso
765 3632 955 3678 tenore
970 3619 1369 3691 praedicationis
1389 3618 1703 3688 apostolicae
1731 3632 1833 3696 cu-I

239 3723 462 3787 stodito,
488 3720 620 3775 duas
647 3725 868 3772 naturas
896 3715 951 3768 in
979 3707 1196 3768 Christb
1223 3709 1534 3766 inconfusas
1557 3717 1721 3780 atque
1745 3710 1831 3763 in-

238 3812 570 3888 separabiles
595 3823 714 3866 esse
742 3807 1060 3872 conﬁrmat,
1092 3802 1278 3859 dicens
1310 3819 1322 3854 :
1352 3800 1468 3854 Has
1506 3801 1716 3855 easdem
1742 3816 1835 3854 ne-

241 3907 524 3966 cessarium
549 3910 630 3958 est
655 3899 882 3973 proferri
908 3909 930 3934 δι
964 3895 1056 3950 sub
1083 3911 1189 3949 una
1209 3894 1489 3966 eademque
1509 3908 1731 3965 persona
1758 3893 1832 3946 sic

241 3998 549 4056 indiscretus
576 4002 728 4065 atque
754 3985 1129 4060 inseparabiles
1165 3985 1263 4039 illa
1301 3984 1542 4038 unitione
1568 3990 1831 4048 constare,

243 4100 299 4146 ut
323 4091 663 4161 permaneant
694 4097 808 4137 esse
839 4078 975 4152 quod
1003 4086 1142 4132 sunt.
1179 4075 1246 4130 Et
1275 4075 1436 4146 paulo
1466 4082 1591 4145 post
1622 4091 1635 4126 ;
1670 4070 1832 4126 Nun-

246 4182 371 4260 quid.
390 4196 505 4235 cum
529 4173 881 4233 tantummodo
913 4170 1052 4226 Deus
1081 4170 1291 4234 dicitur,
1331 4167 1484 4222 homo
1507 4163 1835 4236 denegatur?

249 4256 492 4346 Nunquid
517 4286 633 4325 cum
675 4267 972 4322 humanitas
1001 4262 1212 4328 dicitur,
1252 4259 1422 4332 deitas
1461 4256 1585 4311 inde
1613 4271 1836 4310 remove-

249 4366 364 4422 tur?
393 4359 642 4434 Nunquid
681 4375 797 4412 cum
825 4354 999 4410 Filius
1029 4352 1253 4406 hominis
1294 4349 1507 4415 dicitur,
1540 4364 1648 4402 non
1677 4348 1834 4400 etiam

248 4457 414 4514 Filius
444 4455 539 4509 Dei
562 4457 926 4522 consequenter
947 4443 1268 4499 advertitur?
1291 4439 1543 4512 Nunquid
1567 4455 1680 4492 cum
1700 4437 1835 4492 Ver-

250 4553 364 4606 bum
393 4549 600 4613 dicitur,
617 4559 721 4597 non
741 4539 894 4595 simul
921 4537 1224 4607 intelligitur
1241 4543 1290 4588 et
1319 4549 1444 4587 caro
1470 4530 1606 4604 quod
1638 4532 1834 4600 factum

1935 3332 2206 3406 probatur.
2235 3331 2362 3388 Haec
2400 3332 2578 3386 omnia
2618 3345 2737 3401 quae
2774 3331 3022 3400 superius
3052 3330 3225 3400 posita
3253 3336 3380 3384 sunt
3420 3327 3523 3382 hac

1933 3424 2128 3480 beatus
2157 3423 2472 3479 Ambrosius
2500 3423 2851 3478 conclusione
2883 3420 3130 3494 (Ibidem)
3160 3419 3414 3483 ﬁrmavit,
3447 3416 3530 3474 di~'

1935 3532 2113 3572 cens:
2160 3515 2293 3571 Haec
2334 3525 2412 3572 est
2462 3515 2593 3586 fides
2635 3524 2834 3572 nostra.
2888 3515 2978 3570 Sic
3031 3530 3086 3568 se
3132 3511 3274 3567 Deus
3313 3511 3526 3585 agnosci

1932 3608 2092 3662 voluit
2122 3608 2185 3660 ab
2239 3605 2551 3662 hominibus.
2581 3606 2788 3678 Nempe
2811 3595 3000 3662 beatus
3029 3604 3190 3678 2&5
3210 3593 3533 3660 Ambrosius

1935 3699 2276 3768 superiorem
2297 3698 2716 3768 disputationem
2739 3699 2840 3754 hac
2860 3693 3173 3752 deﬁnitione
3196 3694 3526 3751 concludens

1937 3787 2092 3859 (Cap.
2127 3787 2204 3858 4),
2249 3789 2324 3843 ita
2369 3797 2430 3843 ut
2473 3789 2612 3843 hanc
2655 3801 2776 3844 esse
2824 3786 3029 3842 diceret
3077 3784 3233 3841 ﬁdem
3264 3794 3523 3850 nostram,

1935 3880 2337 3936 evidentissime
2361 3879 2566 3944 docuit,
2597 3889 2657 3934 ut
2679 3881 2819 3934 sicut
2838 3878 3007 3932 Deum
3031 3876 3419 3946 hominemque
3443 3875 3527 3929 di-

1935 3971 2127 4034 cimus,
2169 3970 2249 4028 sic
2276 3970 2612 4024 divinitatem
2641 3976 2695 4023 et
2722 3983 2942 4024 carnem
2990 3966 3316 4040 nullatenus.
3343 3965 3524 4021 dicere

1936 4061 2262 4116 dubitemus.
2307 4059 2366 4115 ln
2388 4060 2628 4115 secundo
2657 4073 2872 4131 quoque
2900 4057 3142 4128 ejusdem
3171 4058 3352 4126 operis
3381 4056 3518 4112 libro

1935 4152 2052 4208 hate
2079 4153 2156 4206 ait
2180 4169 2194 4206 :
2224 4150 2431 4208 Sileant
2457 4153 2620 4224 igitur
2638 4153 2819 4206 inanes
2849 4151 2912 4206 de
2933 4149 3256 4205 sermonibus
3282 4151 3522 4222 quaestio-

1934 4260 2045 4311 nes,
2060 4244 2316 4314 quoniam
2339 4257 2562 4312 regnum
2593 4242 2710 4311 Dei,
2739 4243 2872 4296 sicut
2908 4243 3161 4311 scriptum
3198 4251 3296 4305 est,
3327 4257 3436 4296 non
3465 4235 3528 4296 in"

1937 4337 2288 4410 persuasione
2315 4335 2468 4390 verbi
2499 4342 2600 4399 est,
2646 4335 2741 4390 sed
2780 4335 2833 4389 in
2877 4334 3192 4390 ostensione
3217 4333 3441 4403 spiritus
3469 4341 3527 4389 et

1933 4430 2150 4485 virtutis
2173 4427 2229 4499 (Ι
2258 4425 2379 4483 Cor.
2412 4443 2470 4493 ιι,
2501 4426 2576 4500 4).
2610 4425 2869 4498 Sequitur
2896 4425 3147 4498 (Ibidem)
3181 4425 3357 4482 adhuc
3381 4425 3524 4480 idem

1935 4529 2155 4577 sanctus
2201 4520 2517 4574 Ambrosius
2560 4519 2741 4572 dicens
2775 4535 2788 4570 :
2823 4515 3096 4572 Servemus
3141 4516 3526 4570 distinctionem

250 4603 360 4700 ἕδη
400 4603 652 4708 Nunquid
681 4649 796 4686 cum
842 4645 964 4683 caro
1011 4603 1122 4698 ejus
1165 4641 1448 4697 corpusque
1487 4603 1828 4694 depromitur,
1861 4611 1912 4672 Β
1937 4611 2222 4668 divinitatis
2248 4619 2299 4665 et
2324 4611 2534 4665 carnis:
2562 4625 2696 4663 unus
2724 4611 2781 4662 in
2801 4619 3016 4680 utroque
3043 4604 3397 4708 loquitur-Dei
3427 4603 3526 4708 i-

248 4753 352 4792 non
384 4707 806 4786 etiamdivinitas
828 4707 1180 4776 indubitanter
1201 4717 1526 4773 ostenditur?
1558 4715 1691 4770 Item
1723 4716 1833 4771 alio

250 4823 486 4896 ejusdem
507 4817 626 4874 libri
657 4815 800 4882 loco,
830 4805 898 4867 de
927 4811 1009 4864 his
1037 4809 1128 4878 qui
1150 4823 1312 4861 unam
1351 4814 1560 4895 tantum
1589 4805 1644 4859 in
1671 4804 1832 4860 Chri-

251 4895 334 4978 sto
359 4921 603 4970 naturam
634 4908 875 4962 nituntur
901 4915 1162 4966 asserere,
1193 4899 1275 4954 sic
1298 4897 1534 4968 loquitur
1564 4913 1579 4950 :
1614 4895 1759 4951 Nam
1785 4905 1835 4950 et

251 5026 368 5065 cum
395 5007 570 5061 dicunt
588 5016 746 5056 unam
777 4999 936 5071 fuisse
957 5005 1198 5050 naturam
1224 4993 1577 5058 incarnatam,
1607 4991 1836 5046 volentes

253 5106 344 5158 hoc
385 5099 539 5155 modo
561 5097 692 5150 velut
721 5091 990 5148 ostendere
1034 5088 1368 5158 singularem,
1400 5084 1693 5138 nullatenus
1720 5099 1838 5137 eva-

253 5197 380 5248 dunt
408 5187 840 5262 significationem
862 5182 1098 5235 duarum.
1135 5177 1274 5231 Dum
1301 5177 1439 5230 enim
1469 5175 1657 5229 dicitur
1678 5192 1837 5229 unam

254 5280 536 5339 divinitatis
559 5285 803 5332 naturam
832 5273 992 5342 fuisse
1031 5271 1401 5331 incantatam;
1431 5265 1644 5320 remotis
1672 5263 1837 5319 ambi-

255 5370 550 5449 guitatibus,
582 5367 747 5421 altera
774 5365 870 5417 erit
916 5375 1030 5431 quce
1074 5361 1352 5413 incarnata
1381 5365 1489 5422 est,
1529 5355 1696 5409 altera
1736 5372 1839 5427 qua

257 5471 528 5524 incuruata
558 5457 849 5533 perhibetur
873 5471 890 5509 :
911 5452 1157 5526 quoniam
1178 5468 1282 5506 non
1312 5450 1492 5505 eadem
1522 5449 1622 5502 erit
1647 5457 1840 5502 natura

259 5559 462 5616 deitatis
481 5568 596 5627 quae
636 5551 911 5605 incarnata
937 5554 1035 5612 est,
1063 5558 1178 5613 quis
1205 5551 1283 5596 est
1309 5550 1498 5594 natura
1539 5538 1712 5594 carnis
1738 5541 1837 5610 qus

261 5657 530 5711 incuruata
562 5647 835 5718 ﬁrmatur;
878 5653 1038 5709 neque
1079 5637 1250 5705 seipsa
1286 5643 1474 5688 natura
1515 5631 1838 5691 deitatisin-

265 5751 480 5807 carnata
506 5749 601 5806 est,
629 5735 722 5792 sed
749 5740 937 5790 natura
987 5743 1159 5783 carnis
1186 5727 1464 5780 incarnata
1492 5726 1839 5798 cognoscitur.

337 5923 361 5954 ³
392 5915 486 5972 Ms.
519 5912 675 5967 ΤΙΊυ..
712 5911 961 5981 proﬁteri.

1937 4707 2058 4771 lius,
2091 4705 2210 4777 quia
2237 4704 2290 4757 in
2332 4702 2507 4756 eodem
2535 4701 2753 4770 utraque
2790 4709 2980 4753 natura
2999 4708 3095 4752 est.
3120 4697 3188 4751 Et
3217 4696 3352 4751 inl'ra
3384 4714 3396 4748 :
3422 4693 3527 4748 llic

1938 4806 2018 4852 est
2043 4799 2128 4869 qui
2169 4796 2456 4861 descendit,
2480 4793 2560 4847 hic
2589 4803 2665 4848 est
2712 4808 2860 4864 quem
2901 4791 3063 4845 Pater
3094 4789 3439 4860 sancti/ienuit
3475 4796 3526 4842 et

1939 4889 2082 4943 misit
2109 4888 2163 4940 in
2188 4890 2320 4939 hunc
2341 4884 2612 4938 mundum.
2638 4881 2709 4936 Et
2725 4883 2841 4953 ipsa
2888 4882 3060 4935 littera
3096 4897 3190 4935 nos
3210 4880 3379 4944 docet,
3403 4893 3528 4933 san-

1941 4981 2258 5051 ctiﬁcatione
2285 4995 2388 5033 non
2410 4979 2732 5032 divinitatem
2766 4977 2989 5048 eguisse,
3018 4975 3110 5029 sed
3129 4989 3358 5028 carnem.
3385 4972 3526 5026 Bea-

1931 5070 2031 5133 tus
2051 5089 2264 5147 quoque
2295 5073 2624 5141 Augustinus
2647 5073 2698 5125 in
2722 5071 2860 5127 libro
2899 5071 2966 5125 de
2992 5068 3141 5132 Fide,
3179 5066 3306 5136 Spe,
3339 5074 3392 5119 et
3419 5064 3525 5120 Ca-

1938 5169 2121 5230 ritate,
2166 5179 2327 5234 quem
2357 5164 2500 5218 nosti
2528 5179 2558 5217 a
2601 5163 2780 5218 multis
2807 5160 3157 5217 Enchiridion
3204 5157 3523 5226 nuncupari,

1939 5260 2019 5316 sic
2038 5258 2167 5313 dicit
2188 5254 2340 5327 (Cap.
2374 5255 2464 5326 54)
2493 5273 2506 5308 :
2542 5253 2669 5319 Quis
2690 5256 2829 5309 enim
2857 5255 2954 5307 hoc
2983 5253 3150 5306 solum
3195 5249 3527 5320 congruenti-

1941 5352 2034 5408 bus
2053 5351 2274 5421 explicet
2302 5348 2486 5412 verbis,
2534 5347 2670 5418 quod
2701 5345 2925 5401 Verbum
2964 5360 3088 5398 caro
3132 5344 3329 5414 factum
3368 5349 3445 5395 est
3470 5349 3526 5393 ut

1944 5443 2200 5499 habitaret
2236 5445 2291 5497 in
2334 5441 2512 5496 nobis:
2543 5452 2601 5493 ut
2634 5441 2903 5494 credamus
2933 5437 3029 5491 Dei
3070 5435 3247 5490 Patris
3289 5435 3521 5505 omnipo-

1945 5545 2098 5593 tentis
2115 5539 2322 5591 unicum
2355 5534 2569 5603 Filium,
2593 5545 2772 5588 natum
2801 5533 2864 5586 de
2891 5531 3092 5600 Spiritu
3115 5537 3294 5584 sancto
3324 5537 3372 5582 et
3408 5526 3527 5581 γίν-

1947 5631 2064 5703 gine
2084 5628 2294 5682 Maria?
2325 5627 2409 5681 Ita
2446 5627 2630 5698 quippe
2688 5623 2906 5679 Verbum
2956 5639 3077 5677 caro
3127 5624 3322 5694 factum
3367 5626 3464 5682 est,
3493 5634 3527 5673 a

1951 5723 2217 5778 divinitate
2245 5738 2400 5776 carne
2449 5728 2706 5791 suscepta,
2758 5735 2862 5774 non
2904 5719 2959 5775 in
3002 5734 3213 5774 carnem
3254 5713 3527 5770 divinitate
