4124 6454
563 306 662 368 Hi

1605 308 1659 364 S.
1700 307 2062 364 FULGENTII
2100 303 2406 363 EPISCOPI
2446 300 2818 358 RUSPENSIS

3721 307 3821 362 4η

563 432 783 494 mutatu,
814 422 952 482 Ecce
975 424 1162 480 beatus
1189 424 1516 500 Augustinus
1545 423 1782 495 ostendit
1809 423 2144 486 divinitatem
2173 429 2221 484 Α
2251 418 2490 488 daretur.
2521 416 2672 500 U_nde
2719 413 2924 490 liquido
2954 424 3177 496 apparet
3203 416 3325 471 ideo
3347 417 3514 474 Deum
3543 421 3735 479 Filium
3762 427 3824 484 de

563 516 944 588 susceptricem
974 519 1170 584 carnis,
1201 534 1360 589 quam
1391 518 1735 574 nihilominus
1759 515 2144 585 susceptricem

563 615 790 670 testatur
812 615 865 661 et
892 609 1098 663 mortis.
1123 607 1180 663 In
1211 609 1347 663 libro
1377 609 1517 666 enim
1540 607 1606 662 de
1634 604 1928 663 Prtesentia
1955 605 2049 659 Dei
2071 603 2149 658 sic

564 702 695 758 dicit
728 719 740 754 :
771 699 878 757 Per
906 709 1058 776 caput
1081 710 1314 756 nostrum
1356 702 1749 757 reconciliantur
1773 699 1906 765 Deo,
1929 700 2049 772 quia
2093 700 2148 752 in

564 793 654 848 illo
683 801 760 847 est
793 793 1034 852 divinitus
1069 791 1330 864 Uuigeniti
1355 795 1496 866 facta
1524 792 1782 864 particeps
1821 789 2150 846 mortalitatis

564 893 776 950 nostrae,
808 893 861 944 ut
889 892 935 940 et
961 901 1052 940 nos
1094 887 1370 955 participes
1399 884 1510 955 ejus
1558 884 1968 950 immortalitatis
2008 899 2150 936 esse-

567 995 700 1032 mus.
741 976 841 1036 Ubi
869 979 1126 1048 continuo
1175 978 1596 1046 magnitudinem
1639 976 1798 1046 hujus
1827 973 2152 1042 sacramenti

567 1068 974 1144 commendans,
1000 1068 1116 1129 huic
1145 1069 1304 1136 verba
1348 1068 1623 1140 subjunxit
1654 1086 1666 1124 :
1703 1067 1819 1122 Hoc
1846 1081 2153 1132 sacramen-

569 1170 674 1215 tum
697 1161 845 1234 longe
864 1171 938 1218 est
951 1181 980 1226 α
995 1162 1234 1220 cordibus
1271 1164 1581 1232 sapientium
1595 1159 1952 1234 superborum,
1970 1169 2018 1214 et
2038 1161 2154 1224 ideo

569 1269 674 1308 non
705 1253 1136 1318 Christianorum.
1182 1271 1242 1315 ac
1283 1271 1375 1326 per
1416 1255 1509 1308 hoc
1551 1271 1643 1308 nec
1676 1270 1789 1308 vere
1818 1253 2152 1324 sapientium,

573 1326 594 1349 ’
641 1345 727 1402 21.
756 1345 848 1418 His
885 1348 1132 1418 omnibus
1163 1352 1471 1402 sanctorum
1503 1345 1719 1406 Patrum
1749 1343 2032 1402 sententiis
2064 1358 2157 1408 os-

573 1439 834 1508 tenditur,
857 1438 1002 1508 quod
1047 1439 1242 1494 dicitur
1268 1438 1336 1493 de
1389 1437 1675 1509 Unigenito
1708 1436 1841 1502 Deo,
1874 1437 2040 1492 etiam
2090 1435 2158 1494 de

572 1529 691 1599 ejus
720 1528 998 1586 divinitate
1019 1546 1134 1610 pon
1165 1530 1458 1602 incongrue
1481 1528 1776 1602 praedicari.
1812 1528 2023 1590 Scimus
2060 1541 2158 1599 au-

570 1634 679 1682 tem
706 1623 760 1678 in
790 1623 891 1678 hac
921 1623 1221 1692 assertione
1250 1622 1529 1692 catholicae
1553 1622 1813 1687 veritatis,
1846 1628 1939 1676 aut
1980 1620 2157 1696 haere-

569 1714 707 1768 ticos
735 1715 1082 1783 perversitati
1112 1714 1342 1780 deditos,
1368 1721 1460 1767 aut
1489 1713 1784 1769 catholicos
1813 1713 1989 1768 minus
2015 1727 2159 1782 mys-

2249 507 2360 566 Deo
2392 495 2686 567 Patre‘sine
2715 503 2868 565 initio
2890 516 3096 573 natum,
3123 510 3246 580 quia
3274 511 3363 568 ille
3393 512 3551 569 Pater
3578 516 3643 570 de
3669 532 3728 573 se
3744 519 3826 576 Fi-

2249 601 2376 670 lium
2407 602 2607 670 genuit,
2642 601 2833 671 quisic
2862 615 2981 656 esse
3011 616 3119 654 non
3147 603 3327 673 coepit,
3369 604 3510 660 sicut
3565 620 3685 665 esse
3725 627 3828 670 non

2251 689 2450 748 desinit
2481 693 2575 768 (αι.
2608 693 2839 766 desinet)
2866 709 2879 758 ;
2912 691 2974 748 et'
2998 703 3176 749 tamen
3205 711 3329 751 cum
3353 696 3517 754 homo
3557 710 3712 771 pater
3739 716 3830 761 na-

2251 785 2516 856 tivitatem
2565 783 2658 841 lilii
2689 786 3023 856 praecessisse
3053 787 3371 846 naturaliter
3399 806 3747 866 agnoscatur,
3781 800 3830 855 in

2251 877 2443 934 eadem
2472 880 2820 948 generatione
2868 879 2962 934 filii
2991 897 3093 936 nec
3124 880 3266 941 filius
3293 897 3324 939 a
3353 893 3525 956 patre,
3555 901 3657 945 nec
3685 899 3838 980 pater

2254 988 2284 1026 a
2309 966 2418 1029 ﬁlio
2463 981 2760 1044 separatur,
2801 974 2927 1044 quia
2956 981 3110 1048 patre
3136 976 3388 1048 gignente
3416 979 3554 1036 filius
3581 966 3835 1054 gignitur.

2255 1065 2323 1122 Et
2353 1083 2472 1132 cum
2501 1065 2780 1140 generatio
2811 1060 2901 1138 illa
2926 1083 3085 1124 causa
3114 1065 3184 1132 sit
3209 1070 3526 1142 nativitatis,
3558 1090 3659 1151 nec
3689 1091 3718 1130 a
3741 1091 3838 1146 ge-

2256 1160 2538 1230 neratione
2563 1155 2735 1236 possit
2763 1163 3002 1238 separari
3030 1157 3311 1232 nativitas,
3342 1165 3422 1222 sic
3443 1166 3530 1222 illa
3559 1168 3843 1240 generatio

2256 1267 2288 1306 a
2310 1251 2591 1308 nativitate
2622 1269 2730 1307 non
2758 1262 3063 1325 separatur,
3092 1263 3153 1310 ut
3198 1255 3252 1312 in
3282 1273 3387 1313 una
3417 1260 3715 1334 eademque
3745 1280 3844 1318 na-

2256 1349 2380 1397 tura
2400 1359 2539 1416 unus
2567 1352 2812 1416 generet,
2839 1343 3082 1416 alterque
3111 1355 3382 1404 nascatur.

2329 1433 2416 1488 22.
2450 1427 2540 1490 Sic
2561 1449 2690 1508 ergo
2719 1442 2803 1490 est
2822 1433 2910 1489 illa
2931 1437 3208 1506 generatio
3249 1447 3412 1510 atque
3437 1439 3691 1500 nativitas
3735 1461 3844 1502 ua-

2259 1524 2504 1591 turaliter
2561 1519 2952 1596 inseparabilis,
2984 1533 3042 1581 ut
3090 1543 3190 1586 nec
3216 1534 3510 1601 generandi
3557 1552 3659 1593 nec
3713 1554 3844 1594 nas-

2259 1613 2414 1686 cendi
2437 1616 2748 1686 communio
2777 1615 2935 1672 simul
2964 1616 3223 1694 ambabus
3245 1623 3418 1710 possit
3445 1625 3622 1684 inesse
3649 1606 3846 1702 ρει-ὲοο

2262 1708 2367 1762 nis.
2401 1706 2535 1778 Quia
2578 1701 2683 1764 hoc
2710 1703 2876 1764 habet
2920 1708 3224 1786 proprietas
3245 1701 3623 1794 personarum,
3658 1701 3719 1776 ut
3745 1740 3850 1780 nec

570 1804 709 1859 terio
738 1811 898 1862 recta:
924 1803 1257 1868 credulitatis
1287 1803 1607 1870 instructos;
1630 1818 1749 1870 cum
1773 1801 1995 1858 audiunt
2016 1802 2162 1872 quod
2192 1808 2239 1876 Β
2266 1803 2432 1892 Filius
2460 1803 2697 1873 seipsum
2746 1817 2867 1860 cum
2913 1806 3072 1866 Patre
3110 1808 3295 1882 gignat
3340 1809 3408 1867 de
3435 1828 3543 1884 quo
3590 1815 3849 1892 gignitur,

474 1921 481 1926 -
571 1893 638 1950 de
678 1893 789 1952 Deo
820 1893 956 1950 Filio
986 1895 1201 1962 dicitur,
1227 1895 1293 1966 de
1335 1894 1450 1965 ejus
1478 1909 1694 1966 quoque
1721 1894 2001 1954 divinitate
2021 1895 2160 1960 dici;

571 1992 628 2050 et
655 1993 831 2042 tamen
852 2001 1011 2042 unam
1034 2001 1062 2052 a
1080 1985 1234 2040 nobis
1257 1983 1430 2054 Patris
1451 1993 1506 2039 et
1527 1983 1644 2039 Filii
1662 1995 1717 2040 et
1737 1983 1969 2054 Spiritus
1988 1985 2162 2046 sancti

573 2075 911 2148 divinitatem
942 2086 1206 2132 noverunt
1236 2075 1546 2146 praedicari;
1579 2074 1917 2146 aliquatenus
1945 2090 2163 2144 permo-

573 2163 794 2233 vendos,
840 2164 984 2235 quod
1008 2166 1314 2220 communio
1357 2163 1671 2232 divinitatis,
1721 2165 2160 2220 communionem

572 2257 732 2316 faciat
760 2259 1008 2314 humanm
1052 2258 1437 2330 susceptionis;
1470 2273 1534 2312 ac
1587 2257 1811 2328 perinde
1866 2272 1933 2312 ex
1978 2255 2159 2314 carnis

571 2352 948 2408 communione
997 2361 1214 2423 putetur
1265 2352 1318 2406 in
1368 2351 1528 2406 Patre
1571 2335 1626 2405 et
1675 2343 1811 2405 Filio
1857 2357 1914 2406 et
1960 2348 2163 2420 Spiritu

572 2451 761 2512 sancto
788 2445 1095 2508 communio
1143 2444 1392 2510 humanae
1442 2437 1762 2514 nativitatis,
1803 2442 2067 2513 passionis
2107 2451 2164 2500 et

574 2537 785 2602 mortis.
827 2534 898 2602 Ut
925 2550 1054 2604 ergo
1076 2551 1178 2592 nec
1207 2535 1283 2589 illi
1313 2534 1547 2604 maligne
1577 2533 1915 2600 insidientur,
1947 2549 2051 2589 nec
2073 2534 2162 2590 isti

573 2629 798 2686 forsitan
842 2629 1057 2688 incaute
1096 2623 1379 2696 fallantur,
1411 2625 1610 2682 debent
1658 2627 1872 2696 utrique
1899 2626 2163 2698 cogitare,

573 2723 652 2782 sic
674 2738 712 2794 ξι
733 2723 889 2796 nobis
911 2737 1068 2792 unam
1100 2721 1378 2780 Trinitatis
1407 2719 1685 2792 praedicari
1703 2719 2079 2787 substantiam,
2104 2728 2162 2792 ut

573 2831 685 2888 npn
737 2823 920 2884 iamen
948 2815 1190 2880 dicamus
1232 2829 1393 2870 unam
1441 2813 1683 2883 ejusdem
1729 2811 2006 2870 Trinitatis
2043 2828 2165 2870 esse

571 2923 885 2980 personam.
913 2905 1070 2964 Unde
1118 2908 1197 2964 sic
1241 2916 1436 2973 totum,
1466 2904 1611 2976 quod
1659 2915 1744 2961 est
1788 2905 1905 2977 ipsa
1946 2913 2159 2978 natura,

572 3013 860 3066 commune
906 2999 1076 3060 tribus
1105 2997 1376 3056 invenitur
1417 3011 1539 3052 esse
1566 2988 1850 3068 personis,
1872 3004 1933 3050 ut
1961 2985 2163 3065 aliquid

574 3097 760 3158 tamen
785 3079 1106 3154 inveniatur,
1139 3103 1247 3160 quo
1269 3087 1489 3160 proprio
1512 3087 1601 3158 (αι.
1639 3081 1878 3160 proprie)
1911 3101 2165 3156 unaquae-

573 3197 680 3253 que
736 3195 968 3252 persona
1019 3189 1291 3248 noscatur,
1325 3179 1468 3249 quod
1519 3187 1698 3238 tamen,
1730 3193 1830 3234 nec
1860 3178 2164 3234 inveniatur
2192 3195 2239 3260 ο

571 3274 899 3346 separabile,
927 3289 1028 3330 nec
1055 3275 1226 3345 possit
1252 3289 1370 3330 esse
1392 3289 1700 3329 commune.
1731 3272 1863 3345 Nam
1886 3276 2163 3345 pr0prium

573 3366 750 3439 Patris
771 3366 996 3432 dicimus
1015 3381 1154 3433 esse,
1180 3366 1322 3436 quod
1346 3367 1566 3436 genuit;
1588 3365 1862 3436 proprium
1894 3363 2009 3420 Filii
2033 3367 2165 3422 dici-

575 3475 694 3532 mus
725 3473 862 3528 esse,
894 3458 1038 3530 quod
1079 3458 1228 3528 solus
1254 3458 1322 3514 de
1350 3459 1470 3514 solo
1506 3455 1665 3514 Patre
1695 3467 1853 3526 natus
1883 3467 1998 3525 est;
2032 3475 2163 3530 pro-

575 3550 748 3622 prium
777 3550 940 3620 etiam
967 3549 1199 3621 Spiritus
1223 3549 1416 3618 sancti,
1444 3550 1588 3622 quod
1614 3550 1681 3606 de
1719 3545 1879 3605 Patre
1918 3549 2163 3622 Filioque

574 3641 844 3715 procedit.
871 3631 932 3710 In
958 3635 1042 3698 his
1072 3657 1200 3712 vero
1230 3642 1464 3714 propriis
1488 3636 1631 3698 nulla
1659 3650 1741 3697 est
1771 3650 1976 3696 natura:
1999 3657 2162 3712 sepa-

574 3733 748 3804 ratio,
779 3732 876 3806 sed
923 3733 1169 3804 quaedam
1212 3732 1514 3808 personalis
1562 3732 1785 3803 agnitio.
1830 3731 1964 3788 Cum
2020 3733 2164 3792 enim

573 3826 794 3900 propria
841 3825 1009 3886 solius
1032 3827 1104 3900 sit
1127 3827 1405 3897 generatio
1435 3817 1632 3893 Patris,
1663 3842 1771 3882 non
1802 3826 1964 3906 246
2003 3827 2068 3882 ab
2101 3843 2164 3894 ea

574 3929 758 3980 tamen
787 3931 1069 3994 separatus
1106 3929 1188 3990 est
1217 3921 1546 3991 Filius,qui,a
1575 3930 1870 3996 generante
1893 3920 2054 3986 Patre
2079 3938 2169 3986 na,-

575 4023 660 4078 tus
681 4022 763 4070 est
784 4012 972 4071 Filius.
1001 4013 1069 4069 Et
1105 4029 1227 4082 cum
1256 4013 1474 4086 propria
1506 4012 1575 4070 sit
1604 4013 1855 4083 nativitas
1882 4011 2022 4080 Filii,
2057 4029 2166 4074 non

575 4115 756 4163 tamen
785 4116 869 4164 est
889 4123 920 4162 a
957 4106 1118 4162 Patre
1145 4107 1399 4179 gignente
1427 4105 1774 4176 separabilis;
1807 4105 1931 4182 quia
1963 4107 2165 4170 nativi-

577 4198 797 4258 tasFilii
817 4200 1134 4264 naturaliter
1163 4214 1290 4256 vera
1318 4215 1424 4253 non
1455 4206 1621 4266 esset,
1647 4198 1750 4254 nisi
1778 4198 1846 4256 de
1889 4193 2051 4254 Patre
2073 4212 2169 4268 ge-e

577 4293 720 4350 nitus
743 4293 1052 4350 exstitisset.
1099 4291 1352 4359 Quamvis
1382 4291 1564 4360 itaque
1597 4298 1852 4347 nascente
1896 4290 2033 4346 Filio
2064 4277 2170 4351 Pa-

577 4396 660 4452 ter
683 4388 947 4458 genuerit,
968 4396 1025 4448 et
1062 4388 1314 4457 gignente
1341 4385 1501 4441 Patre
1527 4385 1694 4442 Filius
1720 4396 1878 4448 natus
1921 4386 2029 4454 sit,
2059 4401 2170 4454 non

578 4490 760 4540 tamen
786 4488 878 4535 aut
903 4495 1024 4540 cum
1047 4477 1206 4535 Patre
1233 4478 1418 4547 genuit
1438 4477 1625 4544 Filius,
1650 4485 1742 4532 aut
1763 4492 1886 4532 cum
1915 4475 2055 4534 Filio
2082 4493 2173 4532 na-

579 4582 664 4630 tus
692 4582 775 4628 est
794 4572 982 4637 Pater;
1009 4572 1134 4630 licet
1171 4570 1237 4628 de
1266 4578 1458 4625 natura
1488 4569 1665 4628 Patris
1694 4577 1852 4626 natus
1882 4569 1954 4626 sit
1981 4568 2168 4650 Filius,

578 4675 632 4722 et
671 4674 916 4723 naturam
944 4661 1063 4718 Filii
1092 4662 1160 4718 de
1211 4661 1392 4732 seipso
1420 4660 1668 4730 genuerit
1697 4658 1879 4724 Pater.
1917 4658 2058 4727 Quia
2089 4659 2171 4717 sic

578 4768 660 4818 est
707 4771 1058 4830 personarum
1087 4756 1177 4814 illa
1217 4755 1519 4826 proprietas
1564 4752 1972 4824 inseparabilis,
1997 4759 2057 4807 ut
2085 4759 2172 4807 ta-

579 4865 704 4908 men
757 4864 858 4908 nec
885 4847 1185 4917 generatio,
1216 4862 1316 4903 nec
1345 4845 1600 4908 nativitas
1629 4843 1860 4900 duarum
1909 4857 2176 4914 persona-

577 4959 698 5004 rum
726 4941 898 5014 possit
922 4955 1043 4998 esse
1088 4938 1411 5000 communis.
1454 4935 1714 5006 Quamvis
1741 4934 1848 4990 nisi
1894 4933 2015 4989 duae
2042 4947 2172 5004 per-

576 5050 726 5094 sona:
768 5032 943 5090 Patris
968 5039 1024 5099 et
1049 5029 1173 5088 Filii
1201 5028 1518 5086 naturaliter
1546 5033 1762 5095 essent,
1792 5040 1894 5081 nec
1939 5039 2048 5080 una
2093 5025 2176 5096 gi-

578 5145 763 5202 gnere,
796 5145 896 5186 nec
920 5128 1066 5198 gigni
1096 5127 1267 5188 altera
1291 5125 1576 5197 potuisset.
1597 5121 1754 5192 Quod
1780 5121 1827 5180 si
1854 5121 2032 5178 hocin
2060 5119 2176 5179 Deo

579 5222 740 5279 Patre
765 5231 822 5278 et
848 5221 961 5277 Deo
982 5219 1116 5281 Filio
1142 5218 1378 5275 haeretici
1409 5230 1663 5273 recusare
1689 5213 2045 5281 contendunt,
2078 5213 2174 5268 hu-

579 5328 754 5371 mante
774 5309 1136 5382 generationis
1152 5307 1438 5380 perspicuo
1455 5313 1550 5362 aut
1568 5305 1905 5361 instruantur
1937 5311 2030 5358 aut
2049 5317 2173 5362 con-

581 5407 871 5465 fundantur
912 5405 1183 5476 exemplo.
1216 5403 1421 5475 Nempe
1474 5402 1637 5457 homo
1689 5405 1848 5472 pater
1894 5397 2173 5456 hominem

581 5499 746 5556 tilium
777 5505 1022 5570 tempore
1048 5495 1322 5569 praecedit,
1345 5496 1470 5567 quia
1496 5495 1613 5568 ipse
1637 5507 1856 5568 quoque
1884 5507 2004 5554 esse
2035 5500 2174 5548 tem-

580 5591 841 5666 poraliter
864 5590 1058 5663 etrapit;
1089 5589 1158 5646 de
1186 5604 1294 5660 quo
1335 5586 1478 5650 ﬁlius
1505 5603 1616 5643 non
1643 5587 1828 5656 utique
1856 5582 2172 5655 temporali-

581 5697 668 5750 ter
688 5695 1026 5755 nasceretur,
1050 5683 1154 5742 nisi
1178 5681 1346 5756 patris
1377 5690 1568 5752 natura
1596 5678 1855 5752 temporis
1876 5677 2030 5735 initio
2053 5675 2176 5750 sub-

669 5871 694 5899 ι
712 5859 862 5916 Ant..
892 5857 944 5912 in
967 5853 1163 5909 unitate
1183 5864 1414 5924 penance
1434 5845 1591 5901 solus.

2265 1908 2364 1947 nec
2390 1885 2551 1947 Pater
2570 1907 2692 1947 cum
2719 1891 2855 1962 Filio
2875 1893 2942 1966 de
2961 1909 3021 1950 se
3043 1907 3302 1970 nascente
3328 1885 3602 1974 nascatur.
3621 1885 3851 1974 Parma;

2264 1992 2356 2037 net
2386 1996 2514 2051 ergo
2544 1982 2596 2036 in
2640 1983 2846 2039 unitate
2873 1992 3082 2043 natura:
3126 1969 3404 2060 inconfusa
3434 1969 3632 2068 veritas
3659 1969 3854 2069 perso-

2263 2090 2476 2138 narum,
2511 2072 2563 2128 in
2594 2072 2789 2143 quibus
2840 2085 2922 2134 est
2963 2075 3180 2152 aliquidl
3217 2079 3361 2154 quod
3407 2102 3515 2158 pon
3562 2103 3856 2152 commune

2263 2164 2567 2235 reperiatur
2595 2180 2734 2256 esse,
2764 2167 2858 2240 sed
2879 2171 3172 2242 proprium.
3207 2168 3350 2232 Deus
3387 2175 3568 2256 itaque
3596 2175 3856 2254 Unigeni—

2263 2263 2370 2322 tus,
2393 2255 2629 2326 quicum
2657 2253 2818 2328 Patre
2846 2267 2902 2313 et
2929 2259 3134 2332 Spiritu
3156 2273 3344 2332 sancto
3383 2265 3461 2324 sic
3486 2253 3654 2340 habet
3683 2289 3853 2344 unam

2264 2347 2618 2418 eamdemque
2638 2355 2908 2421 naturam,
2933 2360 2990 2406 ut
3019 2360 3198 2415 tamen
3226 2371 3516 2432 personam
3547 2376 3657 2417 non
3698 2379 3856 2427 eom-

2265 2453 2483 2493 munem
2506 2439 2706 2495 habeat
2726 2439 2963 2508 omnino,
2989 2443 3084 2502 sed
3106 2448 3376 2530 propriam
3391 2491 3406 2522 ,
3434 2450 3555 2506 ideo
3580 2451 3858 2528 acceptio—

2267 2549 2391 2590 nem
2413 2534 2599 2606 forma:
2615 2537 2826 2619 servilis
2855 2552 3196 2610 communem
3225 2556 3347 2608 cum
3381 2533 3542 2610 Patre
3571 2555 3626 2601 et
3647 2539 3860 2619 Spiritu

2265 2633 2458 2696 sancto
2480 2641 2589 2686 non
2617 2617 2824 2697 habuit,
2856 2621 2981 2697 quia
3027 2645 3138 2688 non
3183 2630 3235 2702 in
3267 2627 3472 2694 unitate
3502 2617 3726 2704 naturae,
3759 2641 3858 2697 sed

2267 2713 2324 2780 in
2358 2716 2563 2770 unitate
2590 2730 2836 2787 persona:
2861 2732 2971 2772 suae
2993 2717 3160 2777 solius
3190 2732 3215 2760 ἰ
3242 2765 3258 2790 ,
3282 2725 3561 2784 veritatem
3591 2745 3654 2785 ac
3684 2731 3857 2802 pleni-

2267 2805 2508 2863 tudinem
2536 2806 2721 2863 formaa
2768 2809 2976 2865 servilis
3005 2807 3250 2884 accepit.
3277 2811 3378 2883 Qui
3408 2821 3549 2875 enim
3598 2839 3763 2881 verus
3806 2836 3858 2884 et

2267 2895 2460 2966 plenus
2506 2904 2590 2952 est
2637 2896 2800 2964 Deus,
2834 2898 2976 2954 idem
3033 2917 3196 2960 verus
3247 2913 3304 2961 et
3353 2904 3541 2979 plenus
3573 2911 3747 2970 factus
3778 2917 3858 2974 est

2266 2986 2453 3052 homo,
2483 2987 2700 3057 quando
2729 2988 2796 3044 ab
2826 2986 3114 3059 Unigenito
3166 2991 3277 3052 Deo
3332 2999 3385 3053 in
3436 3001 3699 3058 unitatem
3730 3021 3857 3077 per-

2269 3093 2415 3133 sona:
2433 3087 2655 3149 accepta
2673 3085 2756 3135 est
2775 3080 2890 3136 sine
2907 3088 3128 3152 peccato
3145 3086 3320 3142 anima
3338 3089 3616 3162 rationalis
3635 3102 3690 3148 et
3706 3111 3859 3153 caro.

2268 3169 2472 3225 Natura
2503 3172 2686 3242 itaque
2707 3172 2942 3228 humana
2974 3173 3052 3229 sic
3081 3176 3146 3231 ab
3177 3161 3466 3250 Unigenito
3493 3183 3604 3240 Deo
3630 3195 3858 3258 accepta

2270 3270 2372 3327 est,
2397 3271 2456 3316 ut
2482 3262 2773 3336 divinitatis
2795 3275 2958 3338 atque
2986 3269 3334 3330 humanitatis
3358 3289 3587 3346 persona
3616 3295 3722 3334 una
3745 3289 3860 3336 tan-

2272 3363 2388 3412 tum
2420 3357 2698 3425 existeret,
2724 3369 2832 3416 non
2862 3368 3072 3420 natura.
3098 3361 3334 3423 Proinde
3373 3383 3483 3426 non
3511 3379 3594 3427 est
3637 3374 3863 3443 quidem

2270 3457 2550 3518 separatus
2597 3448 2765 3522 Filius
2813 3467 2844 3507 a
2884 3449 3044 3511 Patre
3079 3466 3133 3513 et
3160 3457 3361 3530 Spiritu
3387 3469 3593 3532 sancto,
3639 3463 3862 3537 quando

2269 3541 2487 3614 plenam
2527 3545 2764 3616 suscepit
2809 3545 3159 3620 humanitatis
3203 3562 3403 3609 nostra:
3453 3565 3732 3627 naturam;
3765 3559 3862 3616 sed

2270 3648 2380 3688 non
2409 3633 2569 3689 simul
2596 3649 2715 3690 cum
2759 3633 2917 3692 Patre
2941 3647 2995 3693 et
3037 3640 3238 3712 Spiritu
3268 3651 3457 3702 sancto
3485 3649 3732 3704 eamdem
3765 3667 3859 3706 na-

2269 3727 2447 3780 turam
2472 3728 2715 3798 accepit,
2743 3729 2868 3800 quia
2897 3747 3005 3787 non
3046 3747 3152 3789 una
3199 3735 3252 3792 in
3285 3751 3351 3793 eo
3381 3737 3519 3795 facta
3548 3749 3632 3796 est
3663 3752 3859 3800 natura

2271 3818 2568 3876 divinitatis
2590 3829 2644 3876 et
2671 3823 2867 3890 carnis,
2901 3833 2958 3878 ut
2986 3839 3054 3881 ex
3083 3827 3185 3883 hoc
3233 3831 3398 3886 totius
3437 3811 3754 3890 crederetur
3777 3838 3864 3890 iii-

2271 3911 2518 3967 carnatio
2560 3911 2871 3982 Trinitatis;
2902 3916 2996 3972 sed
3029 3929 3261 3989 persona
3289 3929 3372 3978 est
3397 3923 3450 3978 in
3483 3919 3700 3982 Christo
3727 3943 3862 3996 una,

2271 4017 2435 4073 quam
2458 4005 2729 4062 invenitur
2751 4005 3070 4080 Unigenitus
3094 4011 3250 4088 24.7
3281 4005 3866 4090 Deus'inseparabilent

2272 4093 2492 4163 quidem
2514 4109 2544 4150 a
2575 4093 2736 4152 Patre
2764 4106 2820 4154 et
2848 4099 3051 4170 Spiritu
3089 4112 3279 4160 sancto
3320 4106 3540 4172 habere,
3573 4110 3668 4166 sed
3705 4129 3868 4171 unam

2273 4177 2457 4242 tamen
2483 4199 2606 4256 cum
2628 4183 2788 4246 Patre
2810 4197 2865 4246 et
2890 4191 3094 4263 Spiritu
3123 4203 3310 4264 sancto
3344 4210 3450 4254 non
3480 4200 3700 4258 habere.
3736 4204 3866 4259 Pro.

2273 4277 2447 4356 priam
2470 4287 2603 4348 ergo
2632 4279 2878 4338 Christus
2909 4270 3072 4340 liabet
3100 4284 3488 4345 humanitatem
3518 4305 3670 4347 suam
3691 4337 3706 4362 ,
3737 4272 3864 4352 cum

2275 4383 2382 4439 qua
2409 4369 2661 4426 divinitas
2682 4371 2798 4442 ejus
2824 4387 2933 4429 non
2965 4384 3127 4449 unam
3169 4387 3436 4449 naturam,
3462 4383 3553 4438 sed
3585 4401 3748 4440 uuam
3781 4406 3868 4442 in-

2275 4459 2490 4548 venitur
2539 4460 2741 4516 habere
2789 4477 3096 4535 personam.
3143 4468 3273 4538 Qum
3320 4485 3549 4545 persona
3593 4473 3869 4548 Unigenin‘

2278 4547 2374 4605 Dei
2404 4552 2528 4622 quia
2553 4564 2728 4622 neque
2755 4553 2933 4612 Patris
2960 4566 3062 4626 est,
3088 4551 3260 4631 neque
3281 4562 3511 4634 Spiritus
3532 4547 3722 4631 sancti,
3748 4571 3870 4626 ideo

2275 4643 2449 4714 forma
2499 4647 2709 4704 servilis
2739 4665 2768 4703 a
2797 4649 2915 4707 solo
2952 4651 3090 4708 Filio
3120 4647 3342 4726 accepta
3394 4667 3540 4714 recte
3591 4662 3869 4725 creditur:

2276 4741 2404 4811 quia
2427 4742 2723 4800 divinitatis
2753 4745 2868 4815 ejus
2897 4751 2953 4801 et
2999 4749 3174 4804 carnis
3200 4763 3430 4820 persona
3483 4767 3588 4807 una
3630 4764 3731 4820 est,
3759 4771 3868 4810 mm

2277 4836 2490 4889 natura.
2543 4831 2600 4888 ln
2631 4831 2846 4891 Christo
2876 4837 3017 4891 enim
3046 4853 3152 4893 non
3183 4848 3268 4894 est
3297 4839 3466 4896 altera
3496 4843 3794 4898 divinitatis
3819 4853 3872 4901 et

2277 4924 2448 4998 altera
2491 4927 2876 4996 humanitatis,
2909 4929 3004 4984 sed
3044 4937 3148 4986 una
3198 4937 3280 4988 est
3333 4941 3537 4989 naturae
3588 4937 3871 5008 utriusque

2277 5025 2529 5087 persona.
2556 5015 2816 5086 Quocirca
2838 5020 2963 5090 quia
2985 5018 3355 5094 inseparabilis
3380 5033 3462 5079 est
3483 5027 3731 5096 operatio
3759 5028 3874 5082 Tri-

2273 5109 2487 5177 nitatis,
2513 5111 2763 5169 servilem
2793 5111 3019 5169 formam
3047 5129 3209 5185 quam
3251 5113 3565 5186 Unigenitus
3598 5119 3744 5175 Deus
3774 5139 3870 5177 ac-

2274 5203 2438 5274 cepit,
2473 5209 2584 5260 tota
2616 5203 2852 5262 Trinitas
2896 5204 3050 5273 fecit;
3084 5224 3242 5280 quam
3288 5219 3466 5265 tamen
3494 5220 3702 5267 eertum
3728 5225 3810 5267 est
3843 5230 3872 5268 a

2282 5302 2396 5351 tota
2437 5295 2700 5354 Trinitate
2746 5297 2964 5371 factam,
2993 5299 3091 5357 sed
3131 5301 3199 5357 ad
3226 5301 3400 5357 solam
3431 5300 3550 5357 Filii
3581 5302 3678 5359 Dei
3709 5307 3852 5375 perti

2283 5404 2412 5445 nere
2437 5405 2755 5464 personamo
2797 5389 2984 5464 Neque
3027 5392 3173 5448 enim
3221 5394 3362 5451 sicut
3389 5399 3473 5449 est
3500 5393 3557 5450 in
3584 5409 3648 5451 ea
3702 5397 3872 5452 totius

2281 5477 2560 5554 Trinitatis
2585 5503 2690 5542 una
2730 5490 2996 5561 operatio,
3021 5489 3099 5546 sic
3126 5487 3180 5564 in
3202 5506 3266 5548 ea
3295 5490 3575 5552 Trinitatis
3597 5490 3871 5547 invenitur

2281 5581 2578 5644 communis
2591 5580 3073 5654 acceptio.Etenim
3085 5584 3387 5660 proprietas
3397 5583 3702 5655 personalis
3719 5583 3866 5656 (quia

2281 5691 2388 5734 non
2417 5675 2531 5750 ipse
2569 5667 2731 5734 Pater
2759 5684 2842 5751 est
2867 5675 2960 5750 qui
3006 5675 3203 5750 Filius,
3235 5693 3338 5736 nec
3366 5677 3602 5754 Spiritus
3645 5685 3867 5736 sanctus
