4124 6482
219 369 339 425 ιη

1583 363 1919 422 EPISTULA
1957 351 2065 421 ΧΠ
2078 406 2091 420 .

3408 358 3513 424 ut

218 490 311 540 est
341 480 458 550 ipse
477 477 569 548 qui
596 476 758 534 Pater
779 486 870 533 aut
897 477 1088 549 Filius)
1114 479 1354 536 ostendit
1381 478 1584 550 aliquid
1607 495 1639 534 a
1660 477 1823 535 Patre
1851 485 1898 544 Α
1929 478 2114 549 utique
2136 479 2214 533 sic
2235 478 2286 532 in
2319 479 2523 534 unitate
2547 493 2794 550 personae
2820 493 2934 536 suae
2960 486 3208 536 naturam
3230 489 3514 553 utramque

217 581 282 628 et
309 568 452 625 Filio
479 576 536 624 et
563 567 768 639 Spiritu
797 576 988 626 sancto
1015 568 1236 636 factum,
1264 568 1410 639 quod
1432 575 1614 624 tainen
1642 583 1673 622 a
1705 567 1824 624 solo

220 661 368 718 Filio
395 659 709 718 inveniatur
732 671 1035 733 acceptum.

298 755 390 812 25.
429 754 597 826 Cujus
636 755 944 825 exemplum
989 755 1069 811 rei
1112 755 1167 810 in
1194 754 1457 812 creaturis
1507 771 1616 811 non
1645 763 1826 826 potest

223 846 490 912 inveniri;
533 846 660 916 quia
694 854 927 917 excepta
957 846 1253 911 Trinitate,
1283 862 1406 917 quin
1434 863 1575 904 unus
1604 855 1688 905 est
1723 864 1824 904 na-

224 938 482 998 turaliter
507 951 669 995 verus
704 937 869 1005 Deus,
894 938 1039 993 nulla
1072 946 1264 994 natura
1292 944 1378 994 est
1404 953 1528 1010 quae
1553 938 1607 993 in
1633 953 1691 993 se
1716 946 1824 1002 tres

223 1029 622 1102 inseparabiles
656 1030 830 1103 possit
873 1031 1075 1086 habere
1103 1045 1386 1102 personas.
1436 1029 1572 1099 Quia
1609 1046 1739 1087 vero
1769 1031 1824 1086 in

224 1137 561 1194 unoquoque
588 1123 810 1178 homine
837 1123 1140 1178 invenimus
1161 1110 1390 1179 carnem
1420 1139 1532 1180 non
1573 1124 1679 1180 hoc
1707 1138 1826 1180 esse

224 1217 379 1290 quod
423 1219 696 1282 animam,
747 1207 853 1272 nec
897 1226 1181 1288 utramque
1231 1217 1388 1272 unius
1433 1231 1554 1272 esse
1597 1228 1823 1283 natura),

226 1309 486 1380 quamvis
531 1325 597 1364 ex
630 1318 858 1380 utraque
887 1308 1199 1379 perﬁciatur
1241 1318 1297 1364 et
1339 1319 1552 1366 constet
1592 1311 1827 1366 humana

228 1410 462 1468 natura;
501 1415 624 1471 quae
656 1411 834 1456 tamen
862 1401 917 1455 in
947 1415 1275 1470 unoquoque
1302 1401 1526 1459 homine
1555 1416 1716 1457 unam
1746 1402 1828 1456 in»

229 1497 524 1554 veniuntur
551 1495 750 1550 habere
780 1510 1069 1565 personam
1097 1513 1109 1548 :
1142 1495 1370 1565 proinde
1400 1496 1452 1550 in
1477 1495 1594 1550 istis
1619 1494 1828 1551 duabus

232 1587 446 1646 naturis
489 1602 626 1658 quas
657 1599 821 1642 unam
851 1601 1138 1656 personam
1185 1586 1385 1640 habere
1426 1586 1826 1654 cognoscimus,

234 1683 412 1740 simile
442 1681 644 1752 aliquid
673 1681 1042 1751 inquiramus;
1094 1689 1155 1736 ut
1182 1695 1304 1734 cum
1346 1679 1434 1734 hic
1464 1678 1829 1734 invenerimus

236 1775 438 1845 aliquid
459 1775 575 1830 ﬁeri
591 1775 784 1829 anima:
799 1773 1085 1843 carnisque
1101 1772 1376 1828 communi
1391 1785 1576 1842 opere,
1592 1770 1738 1841 quod
1755 1779 1830 1826 ta-

231 1882 361 1922 men
375 1874 470 1921 aut
483 1865 550 1921 ad
570 1865 739 1921 solius
759 1864 974 1929 animae,
994 1873 1088 1918 aut
1109 1863 1180 1918 ad
1205 1864 1374 1918 solius
1395 1863 1574 1918 carnis
1589 1863 1829 1917 invenia-

232 1965 327 2012 tur
337 1955 608 2027 pertinere
631 1955 988 2012 substantiam
1011 1970 1024 2019 ;
1050 1951 1178 2008 inde
1193 1951 1566 2022 conjiciantus,
1586 1959 1828 2021 etqnan-

234 2060 357 2107 ttun
385 2051 498 2122 ipsa
537 2049 728 2104 tribuit
757 2047 993 2102 Trinitas
1032 2045 1424 2115 intelligamus,
1459 2046 1701 2115 potuisse
1729 2044 1832 2098 aii-

231 2145 376 2216 quid
397 2144 463 2200 ab
491 2143 696 2201 eisdem
729 2142 897 2197 tribus
918 2141 1166 2211 personis
1185 2155 1295 2195 uno
1316 2139 1474 2194 simul
1500 2153 1667 2210 opere
1693 2138 1830 2204 ﬁeri,

233 2239 386 2309 quod
407 2238 484 2294 sic
515 2245 628 2291 tota
653 2236 870 2308 quidem
896 2233 1130 2289 Trinitas
1152 2233 1586 2304 inseparabiliter
1609 2233 1830 2298 faceret,

238 2337 301 2384 ut
321 2328 390 2386 ad
418 2343 578 2384 unam
610 2343 678 2384 ex
705 2327 970 2383 Trinitate
991 2341 1279 2398 personam
1311 2325 1442 2380 illud
1465 2325 1606 2394 quod
1633 2325 1832 2379 laetum

236 2429 326 2476 est
353 2422 669 2492 pertineret.
697 2419 901 2490 Nempe
929 2419 1149 2490 quando
1188 2419 1339 2475 cibos
1367 2418 1651 2485 sumimus,
1683 2417 1835 2474 carni

237 2516 430 2585 utique
462 2521 518 2570 et
547 2531 654 2570 non
685 2514 877 2568 animae
906 2514 1286 2584 providemus;
1319 2519 1376 2569 et
1402 2513 1456 2568 in
1504 2514 1620 2584 ipsa
1651 2521 1832 2569 tamen

238 2607 564 2678 acceptione
611 2607 854 2662 ciborum
883 2619 989 2675 qua
1029 2606 1145 2661 sola
1174 2619 1302 2661 caro
1350 2593 1609 2677 pascitur,
1655 2607 1836 2662 anima

234 2711 366 2755 eum
394 2712 560 2754 carne
588 2698 792 2767 pariter
831 2705 1128 2767 operatur,
1168 2697 1292 2768 quia
1333 2711 1461 2753 caro
1491 2699 1607 2753 sine
1633 2699 1832 2763 anima,

237 2790 383 2844 sicut
413 2801 522 2842 non
562 2787 716 2853 vivit,
748 2787 822 2841 ita
853 2801 953 2842 nec
993 2788 1249 2842 comedit.
1282 2786 1445 2854 Ecce,
1478 2796 1538 2843 ut
1564 2789 1676 2844 sola
1708 2789 1836 2844 caro

243 2879 478 2951 accipiat
512 2877 713 2942 cibum,
744 2879 904 2934 simul
947 2885 1003 2934 et
1043 2879 1221 2934 carnis
1252 2885 1310 2934 et
1337 2879 1529 2935 animae
1557 2895 1722 2935 unum
1751 2880 1836 2935 in-

244 2971 461 3027 venitur
487 2968 724 3025 ot'licium
759 2988 771 3022 :
801 2977 857 3025 et
899 2970 1044 3041 quod
1084 2971 1420 3042 proprietate
1451 2971 1680 3026 naturali
1709 2987 1838 3027 caro

246 3062 444 3133 accipit
469 3061 604 3126 sola,
637 3077 735 3132 per
764 3063 1027 3116 unitatem
1051 3076 1300 3132 personae
1337 3062 1496 3116 simul
1524 3079 1646 3117 cum
1676 3076 1839 3118 carne

247 3161 504 3225 operatur
531 3161 585 3208 et
616 3154 814 3207 anima.
856 3152 1176 3208 Communis
1222 3161 1305 3211 est
1342 3154 1528 3223 itaque
1571 3154 1835 3225 operatio,

245 3245 343 3302 sed
382 3258 494 3300 non
534 3252 619 3300 est
660 3246 965 3301 communis
993 3245 1241 3315 acceptio
1287 3259 1434 3302 :nec
1461 3247 1835 3302 comedentem

247 3352 466 3394 carnem
494 3339 672 3393 anima
692 3338 754 3393 in
779 3353 946 3410 opere
967 3338 1167 3394 deserit
1200 3353 1213 3392 :
1239 3354 1358 3409 qua:
1389 3349 1570 3395 tamen
1597 3341 1676 3397 sic
1705 3356 1838 3412 ope-

247 3431 473 3488 rationis
499 3446 610 3487 suae
655 3443 778 3488 cum
825 3448 990 3488 carne
1035 3432 1227 3488 miscet
1255 3431 1520 3502 officium,
1557 3443 1615 3491 ut
1645 3437 1837 3492 eadem

245 3523 628 3581 communione
656 3524 837 3594 operis
884 3523 999 3579 sola
1028 3537 1156 3579 caro
1188 3524 1418 3596 accipiat
1457 3525 1621 3582 vitale
1659 3527 1838 3582 subsi-

246 3613 418 3670 dium.
448 3612 578 3669 Taie
620 3614 819 3684 aliquid
863 3615 1138 3669 invenitur
1175 3615 1227 3669 in
1260 3615 1448 3672 eadem
1482 3619 1687 3675 unitate
1716 3629 1840 3690 pcr-

245 3719 399 3762 sonas
418 3705 532 3777 ipsa
571 3721 788 3777 quoque
813 3706 1046 3761 hominis
1087 3703 1190 3761 sibi
1219 3708 1397 3762 anima
1442 3708 1745 3774 vindicare,
1794 3711 1841 3765 si

244 3798 463 3868 quando
511 3798 866 3854 intentionem
914 3797 1092 3854 cordis
1140 3796 1319 3854 cilicio
1376 3799 1570 3856 divinae
1620 3801 1840 3872 deputat

248 3887 498 3944 lectionis
530 3898 579 3955 ⁸,
625 3904 732 3959 qua
761 3888 948 3960 procul
979 3888 1145 3944 dubio
1190 3905 1298 3944 non
1341 3891 1598 3958 exterior,
1630 3891 1724 3946 sed
1757 3893 1840 3947 in-

248 3981 416 4036 terior
442 3982 604 4036 homo
634 3981 890 4051 pascitur,
920 3988 976 4036 et
1004 3982 1325 4052 plerumque
1352 3997 1650 4040 rerumne
1680 3999 1843 4042 carne

247 4075 421 4143 magis
447 4074 626 4128 anima
677 4075 973 4143 saginatur.
1016 4073 1205 4130 Nonne
1255 4083 1314 4130 ut
1359 4076 1536 4131 anima
1568 4077 1747 4150 capiat
1776 4093 1843 4132 ex

246 4166 482 4221 lectione
510 4165 709 4231 cibum,
739 4167 900 4221 etiam
940 4167 1307 4238 corporalium
1349 4157 1714 4223 membrorum
1746 4168 1842 4222 ad-

245 4258 437 4315 miscet
466 4256 742 4313 oﬂlcium?
772 4257 980 4326 Legere
1013 4250 1036 4295 δ
1079 4259 1280 4329 quippe
1318 4273 1429 4314 non
1472 4265 1654 4332 potest
1682 4257 1846 4331 2&8

245 4350 347 4405 nisi
371 4356 471 4420 per
494 4349 680 4404 oculos
701 4349 978 4419 corporis;
1003 4349 1150 4419 quod
1180 4359 1360 4405 tamen
1383 4367 1504 4406 cum
1527 4352 1696 4406 oculis
1722 4368 1847 4407 cor-

247 4443 395 4513 poris
423 4442 571 4511 legit,
605 4441 774 4498 oculis
804 4443 979 4497 cordis
1010 4442 1260 4512 intelligit
1294 4454 1314 4482 ο
1342 4461 1355 4509 ;
1387 4458 1451 4500 ac
1473 4459 1572 4517 per
1595 4444 1696 4500 hoc
1722 4459 1845 4500 cum

246 4548 410 4589 carne
440 4534 597 4589 simul
627 4541 883 4606 operatur
924 4539 978 4589 et
1019 4535 1197 4589 anima
1229 4535 1372 4590 unde
1413 4535 1529 4592 sola
1569 4544 1841 4607 pascatur,

247 4635 306 4682 et
334 4627 452 4682 sola
496 4628 549 4682 in
579 4642 638 4682 se
667 4626 862 4696 accipit
888 4625 1036 4698 quod
1079 4643 1186 4682 non
1217 4627 1333 4683 sola
1366 4627 1510 4684 facit.
1558 4625 1697 4685 Ecce
1725 4629 1844 4684 dua:

246 4725 458 4772 natura:
486 4725 708 4790 propter
736 4731 894 4772 unam
928 4734 1212 4788 personam
1253 4719 1682 4790 inseparabiliter
1712 4736 1844 4791 ope-

245 4818 457 4876 rantur,
488 4811 581 4867 sed
612 4817 833 4881 propter
857 4825 982 4865 suas
1012 4812 1373 4882 proprietates
1395 4825 1499 4867 una
1526 4813 1844 4884 plerumque

248 4903 446 4973 accipit
470 4902 613 4972 quod
640 4917 750 4957 non
771 4901 886 4958 sola
915 4900 1061 4964 facit,
1089 4900 1195 4956 imo
1219 4901 1362 4971 quod
1388 4902 1504 4959 sine
1533 4903 1701 4959 altera
1727 4905 1847 4959 nul-

247 4993 464 5050 latenus
492 4993 639 5050 facit.
665 4993 733 5048 Et
752 4995 996 5064 quamvis
1017 4993 1122 5049 hoc
1144 4992 1209 5048 ad
1234 4993 1498 5063 integram
1521 4995 1847 5065 cognitionis

249 5085 447 5142 lineam
473 5087 693 5142 omnino
721 5085 971 5155 suﬁiciat,
996 5095 1055 5142 ut
1081 5102 1147 5143 ex
1171 5103 1237 5143 eo
1267 5088 1412 5158 quod
1442 5089 1530 5144 hic
1559 5089 1612 5144 in
1642 5088 1850 5147 duabus

250 5179 459 5234 naturis
487 5187 541 5234 et
569 5194 676 5236 una
719 5195 950 5251 persona
979 5180 1256 5244 videmus,
1290 5178 1357 5236 ad
1398 5175 1609 5236 illarum
1655 5183 1707 5237 in
1740 5197 1847 5239 una

253 5280 450 5327 natura
492 5273 657 5327 trium
685 5289 1040 5344 personarum
1085 5273 1492 5343 intelligentiam
1518 5314 1532 5339 ,
1583 5281 1847 5344 quantum

252 5366 372 5436 ipsa
400 5363 640 5424 Trinitas
669 5366 919 5435 dignatur
961 5368 1217 5435 tribuere,
1249 5365 1678 5423 conscendamus
1712 5385 1723 5422 :
1757 5373 1846 5425 tti-

250 5471 376 5511 men
407 5457 572 5513 etiam
601 5457 654 5514 in
684 5458 803 5529 ipso
828 5457 1190 5530 Redemptore
1221 5468 1404 5516 nostro
1434 5460 1596 5532 hujus
1625 5459 1704 5516 rei
1733 5471 1850 5516 ma-

253 5548 448 5605 nifesta
489 5549 646 5608 nobis
675 5559 838 5621 atque
867 5547 1166 5607 indubitata
1197 5552 1456 5623 probetur
1486 5553 1710 5625 agnitio.
1745 5552 1846 5621 Qui

356 5757 502 5813 tlMs.
553 5755 727 5824 Thu.,
780 5758 1067 5813 intentione
1117 5773 1300 5813 ιοναη,
1347 5756 1536 5814 divinat
1585 5757 1844 5814 decumbit

255 5827 490 5886 lectioni.

323 5899 361 5990 ξ
386 5898 487 5957 Ms.
517 5899 678 5969 Titu.,
708 5898 847 5975 Legi.

1858 1907 1908 1970 B

1929 570 2212 638 conjunxit
2256 570 2614 626 insolubiliter
2641 579 2696 626 et
2723 569 2913 639 univit,
2946 578 3006 626 ut
3047 571 3103 626 in
3131 585 3239 627 una
3280 587 3515 645 persona

1931 661 2203 733 Unigeniti
2234 663 2352 731 Dei,
2384 680 2486 720 nec
2513 665 2766 721 divinitas
2791 664 2860 720 ab
2887 665 3226 722 humanitate
3253 682 3374 735 sua,
3417 683 3516 723 nec

1928 752 2237 811 humanitas
2275 770 2305 808 a
2335 771 2430 812 sua
2455 755 2626 826 possit
2653 756 2934 812 divinitate
2961 755 3190 826 seiungi.
3220 755 3516 812 indissolu-

1929 841 2052 900 bilis
2078 845 2278 915 quippe
2307 844 2448 901 facta
2475 854 2560 902 est
2586 845 2751 901 Verbi
2775 855 2830 902 et
2857 847 3036 903 carnis
3074 847 3268 913 unitio,
3298 848 3517 916 quando

1931 935 2168 994 Verbum
2196 936 2397 993 factum
2427 946 2511 994 est
2536 952 2669 994 caro
2715 955 2728 992 :
2762 938 2818 994 in
2845 953 2958 1008 quo
2983 939 3063 994 sic
3087 939 3287 996 mansit
3326 953 3518 1008 perso-

1931 1029 2069 1087 ualis
2108 1029 2314 1094 unitas,
2365 1038 2427 1084 ut
2451 1040 2631 1086 tamen
2660 1031 2924 1087 naturalis
2969 1045 3072 1086 nec
3121 1031 3285 1086 dividi
3322 1032 3514 1101 possit,

1931 1135 2032 1178 nec
2081 1120 2338 1176 confundi
2366 1122 2684 1192 proprietas.
2715 1120 2951 1179 Proinde
2977 1123 3057 1181 sic
3083 1122 3139 1178 in
3169 1138 3280 1178 uno
3301 1121 3518 1179 Christo

1931 1212 2239 1268 communia
2267 1221 2472 1268 natura:
2501 1213 2781 1282 utriusque
2822 1213 3169 1270 inveniuntur
3213 1212 3422 1279 ofﬁcia,
3460 1223 3520 1271 ut

1931 1319 2054 1370 eum
2081 1320 2190 1360 non
2221 1303 2490 1360 dividatur
2533 1306 2588 1360 in
2616 1305 2900 1361 virtutibus
2927 1312 3092 1375 atque
3119 1304 3522 1364 inﬁrmitatibus

1931 1395 2216 1463 Christus,
2269 1398 2338 1456 sit
2383 1405 2562 1452 tamen
2612 1396 2812 1466 aliquid
2857 1398 3004 1467 quod
3050 1397 3107 1454 in
3157 1413 3269 1454 uno
3313 1406 3521 1453 natura:

1933 1489 2216 1560 utriusque
2245 1505 2413 1561 opere
2439 1505 2550 1546 non
2577 1491 2647 1547 sit
2675 1499 2882 1546 naturae
2905 1490 3184 1561 utriusque
3210 1505 3517 1548 commune.

2003 1579 2093 1647 24.
2139 1579 2273 1636 Nam
2323 1589 2385 1638 ut
2425 1581 2493 1636 de
2521 1581 2614 1636 illo
2654 1579 2910 1637 ineffabili
2952 1590 3220 1653 conceptu
3251 1589 3521 1654 partuque

1931 1688 2076 1730 nunc
2104 1680 2339 1741 taceam,
2382 1688 2493 1743 quo
2520 1672 2600 1730 sic
2643 1681 2879 1729 aeternus
2916 1673 3289 1744 temporaliter
3315 1687 3518 1728 conce-

1931 1772 2059 1836 ptus
2077 1775 2134 1820 et
2151 1771 2312 1820 natus
2333 1773 2418 1820 est
2439 1764 2602 1833 Deus,
2624 1771 2683 1818 ut
2701 1771 2881 1820 tamen
2910 1763 2966 1818 in
2993 1764 3109 1834 ipsa
3138 1763 3521 1820 communione

1933 1865 2228 1928 conceptus
2272 1865 2568 1926 partusque
2595 1856 2845 1925 virginei,
2873 1855 3044 1918 solius
3071 1864 3218 1912 esset
3241 1855 3521 1926 proprium

1934 1950 2253 2007 naturaliter
2273 1949 2453 2006 carnis
2481 1948 2760 2006 initialiter
2788 1948 2858 2005 de
2885 1962 3046 2012 carne
3090 1946 3379 2004 Genitricis
3407 1946 3524 2004 exi-

1934 2050 2104 2108 stere,
2133 2042 2184 2096 in
2217 2041 2458 2099 membra
2487 2040 2709 2102 formari
2727 2079 2746 2109 ,
2785 2051 2840 2096 et
2868 2055 3039 2111 usque
3058 2040 3130 2096 ad
3157 2042 3523 2097 maturitater

1933 2142 2122 2205 partus
2147 2147 2409 2204 processu
2439 2133 2696 2203 temporis
2733 2134 3020 2205 operisque
3047 2133 3288 2204 perduci,
3329 2134 3525 2191 deinde

1935 2225 2326 2283 decedentibus
2354 2241 2418 2281 ac
2445 2227 2859 2286 succedentibus
2894 2228 3142 2282 aetatibus
3170 2242 3440 2294 crescere,
3469 2235 3526 2284 et

1935 2315 2002 2382 ad
2024 2315 2321 2387 perfectum
2355 2318 2655 2387 juventutis
2682 2318 2901 2373 modum
2929 2333 3030 2374 suo
3059 2327 3304 2389 tempore
3330 2333 3524 2390 perve-

1935 2407 2084 2474 nire;
2113 2407 2244 2476 quid
2273 2407 2514 2464 dicemus
2539 2408 2606 2464 de
2633 2406 2740 2464 illis
2759 2408 3016 2479 deinceps
3043 2409 3301 2480 operibus
3320 2415 3376 2464 et
3398 2425 3526 2481 paso

1935 2498 2199 2570 sionibus,
2230 2514 2356 2558 cum
2383 2502 2440 2555 in
2468 2499 2562 2557 illo
2590 2508 2736 2557 esset
2761 2500 2978 2570 quidem
3023 2501 3397 2571 inseparabilis
3425 2516 3526 2556 na-

1938 2591 2186 2647 turaliter
2213 2607 2344 2648 vera
2381 2607 2532 2660 caro,
2561 2605 2690 2650 vera
2719 2594 3001 2650 rationalis
3026 2594 3206 2650 anima
3228 2635 3246 2662 ,
3290 2609 3528 2666 veraque

1938 2685 2235 2742 divinitas?
2265 2680 2646 2742 Verumtainen
2687 2687 2765 2742 sic
2791 2702 2856 2742 ea
2879 2701 3000 2757 quas
3026 2684 3288 2742 naturalis
3326 2688 3528 2744 veritas

1939 2777 2144 2844 habuit,
2177 2788 2271 2834 aut
2305 2781 2421 2850 pati
2463 2780 2795 2848 dignaretur,
2834 2789 2929 2836 aut
2969 2779 3167 2847 facere,
3198 2789 3260 2837 ut
3298 2790 3355 2838 et
3382 2789 3529 2838 totus

1939 2869 2186 2928 Christus
2213 2872 2268 2927 in
2299 2873 2550 2942 passione
2572 2873 2658 2928 vel
2687 2883 2858 2944 opere
2903 2875 3286 2946 permansisset
3312 2875 3529 2946 insepa-

1939 2962 2144 3027 rabilis,
2182 2964 2408 3033 etquod
2433 2965 2735 3034 personalis
2765 2966 2942 3020 unitas
2965 2981 3251 3022 commune
3275 2966 3529 3022 divinita-

1941 3059 2014 3112 tis
2050 3065 2214 3126 atque
2251 3056 2602 3113 humanitatis
2651 3058 2982 3124 ostenderet,
3015 3059 3122 3116 hoc
3146 3067 3326 3115 tamen
3368 3059 3426 3115 in
3469 3072 3533 3115 se

1942 3147 2090 3205 idem
2119 3148 2366 3210 Christus
2388 3158 2595 3206 natura:
2622 3151 3043 3222 uniuscujusque
3067 3151 3346 3222 proprium
3375 3158 3532 3207 natu-

1943 3241 2046 3297 rali
2091 3241 2320 3298 veritate
2361 3251 2708 3301 monstraret.
2740 3242 3051 3317 Suscipiens
3088 3245 3288 3317 quippe
3333 3253 3533 3302 nostra

1942 3331 2275 3390 inﬁrmitatis
2293 3337 2551 3401 esuriem,
2585 3337 2730 3396 illam
2757 3336 2956 3393 famem
2979 3351 3132 3394 suam
3163 3345 3308 3394 totus
3334 3351 3531 3409 opera-

1941 3432 2031 3481 tus
2052 3434 2138 3482 est
2163 3425 2431 3494 Christus,
2463 3439 2518 3482 et
2539 3437 2600 3484 ut
2626 3428 2806 3485 cibum
2828 3436 3091 3498 sumeret,
3115 3436 3261 3485 totus
3287 3428 3534 3484 Christus

1942 3518 2191 3574 siuiiiter
2236 3519 2364 3576 fecit
2410 3537 2426 3574 :
2473 3520 2793 3577 naturaliter
2838 3527 3023 3577 tamen
3070 3523 3210 3578 sicut
3254 3522 3370 3578 sola
3406 3536 3533 3577 caro

1943 3612 2181 3668 esuriem
2211 3613 2466 3684 pertulit,
2505 3614 2580 3670 ita
2621 3615 2738 3672 sola
2776 3631 2906 3672 caro
2931 3617 3110 3672 cibum
3158 3628 3326 3686 opere
3370 3616 3536 3672 torius

1881 3772 1885 3777 ,
1943 3703 2145 3761 Christi
2174 3709 2513 3762 comedentis
2542 3707 2642 3775 (at.
2685 3707 3098 3781 comedendum)
3129 3710 3358 3778 accepit.
3389 3709 3535 3763 Fati-

1943 3805 2101 3866 gatus
2131 3797 2199 3852 ab
2228 3797 2421 3853 itinere
2462 3793 2590 3854 Jesu
2618 3798 2756 3854 sedit
2798 3815 2961 3869 super
2998 3805 3220 3869 puteum
3249 3799 3430 3872 (Joan.
3460 3809 3535 3868 tv,

1944 3887 1999 3958 ϐ)
2032 3907 2047 3942 2
2076 3889 2224 3944 illam
2250 3905 2382 3945 vero
2411 3891 2782 3960 fatigationem
2805 3892 3058 3949 divinitas
3085 3893 3287 3947 sentire
3317 3907 3422 3947 non
3445 3903 3537 3962 p0-

1943 3981 2080 4048 tuit;
2111 3981 2208 4037 sed
2236 3999 2411 4054 neque
2441 3983 2732 4039 secundum
2764 3986 2998 4039 animam
3025 3984 3292 4040 ullatenus
3313 3999 3431 4039 eam
3458 3981 3538 4038 fa-

1946 4071 2264 4139 tigationem
2291 4076 2525 4130 sensisse
2553 4075 2811 4131 dicendus
2851 4084 2935 4131 est
2955 4076 3215 4133 Christus.
3248 4075 3380 4130 illud
3407 4081 3538 4145 ergo

1946 4165 2094 4236 quod
2122 4167 2298 4235 sedit,
2345 4168 2416 4224 ad
2445 4169 2616 4226 solam
2659 4167 3015 4232 refectionem
3063 4169 3322 4242 pertinuit
3361 4168 3538 4227 carnis

1948 4262 2271 4319 naturaliter
2285 4261 2547 4334 fatigatae;
2567 4263 2624 4320 in
2649 4278 2754 4337 qua
2777 4271 2958 4322 tamen
2983 4263 3276 4321 reiectione
3296 4278 3540 4319 commu-

1947 4353 2031 4410 nis
2057 4353 2157 4410 fuit
2172 4357 2418 4426 operatio
2442 4355 2657 4414 dcitatis
2678 4358 2958 4413 etanimaz.
2980 4353 3036 4414 in
3055 4359 3170 4429 ipso
3187 4356 3381 4413 deinde
3404 4365 3539 4412 tem-

1947 4454 2084 4515 pore
2097 4447 2365 4516 passionis
2381 4457 2436 4504 et
2447 4450 2658 4520 mortis,
2674 4449 2795 4519 quis
2813 4449 2866 4504 in
2885 4465 2992 4505 uno
3009 4449 3308 4522 eodemque
3320 4447 3540 4508 Christo

1947 4537 2004 4591 in
2028 4537 2143 4610 ipsa
2167 4541 2548 4596 communione
2575 4556 2799 4613 operum
2824 4557 2931 4597 non
2959 4540 3140 4597 videat
3160 4540 3537 4616 inseparabili-

1952 4633 2037 4683 ter
2080 4641 2302 4685 manere
2331 4633 2552 4704 propria
2581 4633 2934 4688 naturarum?
2975 4631 3165 4688 Tristis
3211 4630 3312 4687 fuit
3358 4631 3539 4687 anima

1949 4725 2110 4800 249
2136 4721 2255 4792 ejus
2283 4739 2450 4794 usque
2480 4723 2547 4778 ad
2583 4730 2812 4777 mortem
2845 4721 3058 4796 (Matth.
3092 4739 3239 4792 xxvr,
3288 4721 3399 4796 38).
3429 4719 3541 4778 Sed

1950 4831 2126 4898 neque
2151 4817 2402 4873 divinitas
2425 4815 2879 4871 incommutabilis
2908 4815 3177 4888 receptrix
3220 4823 3399 4888 potest
3419 4828 3541 4869 esse

1950 4910 2202 4975 triatititc,
2231 4924 2332 4968 nec
2351 4923 2478 4964 caro
2502 4907 2776 4992 tristitiam
2805 4916 2987 4980 potest
3011 4907 3298 4982 aliquando
3315 4909 3539 4964 sentire.

1953 5003 2195 5061 Tristitia
2217 5003 2399 5073 itaque
2437 5001 2604 5059 solius
2633 5010 2715 5057 est
2743 5003 2934 5058 anima:
2962 4999 3266 5073 rationalis,
3292 5017 3411 5072 quae
3440 5015 3542 5057 nec

1955 5093 2224 5152 divinitati
2242 5099 2423 5166 potest
2449 5092 2765 5147 naturaliter
2793 5093 2992 5160 inesse,
3017 5107 3120 5147 nec
3145 5089 3327 5156 carni;
3355 5105 3540 5162 perso-

1955 5188 2148 5244 naliter
2170 5196 2350 5242 tamen
2381 5194 2525 5243 totus
2552 5183 2798 5242 Christus
2827 5185 3076 5257 dignatus
3104 5184 3264 5240 estin
3291 5199 3348 5240 se
3371 5181 3541 5239 tristi-

1952 5282 2082 5338 tiam
2113 5281 2362 5352 operari:
2407 5280 2463 5336 in
2490 5296 2549 5337 se
2578 5281 2670 5352 (at.
2706 5277 2841 5352 ipse)
2873 5280 3072 5351 quippe
3109 5293 3235 5334 suas
3263 5277 3545 5348 passiones

1955 5371 2229 5428 invenitur
2257 5379 2530 5441 operatus,
2562 5373 2655 5446 qui
2692 5371 2828 5438 nihil
2865 5371 3052 5425 habuit
3089 5369 3233 5439 quod
3263 5378 3546 5442 pateretur

1954 5462 2173 5520 invitus.
2207 5461 2278 5536 Ut
2302 5477 2430 5536 ergo
2461 5465 2786 5532 tristaretur,
2819 5471 2964 5520 totus
2982 5462 3228 5522 Christus
3254 5462 3411 5532 fecit;
3446 5464 3544 5520 sed

1941 5553 2100 5610 illam
2131 5555 2404 5612 tristitiam
2435 5555 2551 5626 sola
2579 5557 2633 5612 in
2663 5572 2723 5620 se
2746 5554 3060 5626 naturaliter
3095 5558 3276 5626 anima
3307 5557 3544 5622 rationa-

2035 5768 2074 5837 °_
2101 5757 2200 5814 Ms.
2233 5757 2396 5837 T_l_tu._,
2429 5759 2526 5837 hoc
2551 5769 2724 5837 tamen
2764 5759 2901 5833 quod
2927 5762 3106 5818 oculus
3134 5763 3373 5837 corporis
3400 5761 3548 5834 leqit,

1959 5829 2138 5886 oculus
2161 5830 2334 5887 cordis
2360 5831 2621 5909 intelligit.
