4108 6478
179 354 282 410 617

1580 348 1911 408 EPlSTOLA
1942 346 2073 408 XIV.
2143 383 2146 385 λ

3361 349 3464 406 418

169 480 293 534 sius
359 471 635 528 evidenter
673 482 834 542 atque
879 472 1243 527 indubitanter
1288 471 1528 527 ostendit
1576 473 1767 527 anima:
1794 478 1848 537 Α
1868 461 1984 537 lius,
2009 471 2103 526 se‘d
2134 471 2251 525 aliis
2277 470 2589 538 horninibus,
2615 471 2718 527 nisi
2741 477 2799 526 ut
2820 467 3132 525 ostenderet
3157 465 3237 524 illi
3258 467 3464 526 homini

166 567 378 623 Christi
409 566 622 637 plenam
649 568 814 622 totius
836 565 1131 622 divinitatis
1153 565 1328 621 inesse
1354 566 1620 633 notitiam,
1644 582 1766 622 cum

145 662 318 727 dicit,
353 662 477 732 quia
509 663 652 718 circa
675 677 774 716 nos
803 677 871 716 ex
891 659 1135 718 afﬂuenti
1155 661 1444 718 commodo
1473 661 1768 717 liberalitas

161 753 453 822 largientis
475 762 574 818 est,
606 754 658 807 in
681 753 774 808 illo
797 753 962 828 totius
984 761 1171 808 manet
1199 753 1251 808 in
1280 762 1542 808 aeternum
1592 752 1765 823 Spiri-

159 854 260 902 tus
281 843 584 916 plenitudo.
609 843 723 899 Hoc
751 852 932 899 autem
947 852 1007 898 ut
1033 845 1255 910 diceret,
1281 843 1430 898 illum
1458 859 1767 900 sermonem

159 938 321 994 beati
346 935 568 993 Joannis
595 935 842 1002 attendit,
866 951 973 1006 quo
1001 937 1097 1005 ait,
1129 951 1249 991 cum
1279 935 1346 991 de
1383 937 1499 1006 ipso
1523 935 1660 990 Filio
1687 936 1769 992 lo-

157 1036 468 1100 queretur:
501 1025 628 1084 Non
673 1028 814 1083 enim
851 1029 920 1082 ad
961 1043 1260 1082 mensuram
1289 1026 1382 1081 dat
1409 1025 1551 1081 Deus
1593 1026 1769 1098 Spiri-

165 1131 278 1180 tum
313 1121 493 1191 (Joan.
521 1136 599 1188 ιιι,
624 1119 737 1187 54).
766 1118 920 1187 Quod
962 1120 1150 1174 beatus
1176 1134 1392 1189 quoque
1439 1118 1768 1189 Augustinus

168 1212 366 1268 eadem
388 1212 559 1268 sancti
589 1211 822 1282 Spiritus
844 1211 1236 1267 illuminatione
1271 1210 1576 1282 percipiens
1603 1218 1769 1280 atque

162 1304 500 1372 intelligens,
553 1306 606 1359 in
656 1305 770 1360 sola
818 1319 1051 1374 persona
1106 1303 1305 1360 Christi
1352 1304 1522 1375 accipi
1569 1303 1769 1360 debere

158 1398 480 1455 continuat.
513 1395 646 1452 Nam
679 1413 799 1452 cum
848 1396 1096 1452 eumdem
1130 1395 1308 1453 locum
1356 1395 1633 1466 Evangelii
1679 1411 1771 1452 ex—

161 1490 450 1561 planasset
471 1488 674 1558 (Tract.
701 1488 769 1543 l4
790 1489 845 1542 in
873 1487 1084 1558 Joan.),
1117 1489 1235 1560 ipso
1271 1504 1524 1545 sermone
1543 1488 1770 1546 Joannis

160 1580 428 1653 Baptistae
458 1580 738 1651 proposito
766 1596 874 1651 quo
904 1581 978 1636 ait
1003 1598 1017 1634 :
1061 1579 1186 1636 Non
1206 1582 1343 1635 enim
1375 1581 1446 1634 ad
1471 1598 1768 1636 mensuram

163 1675 266 1729 dat
288 1673 428 1728 Deus
451 1673 728 1744 Spiritum,
752 1672 894 1727 idem
917 1673 1109 1728 beatus
1129 1672 1458 1742 Augustinus
1489 1673 1558 1727 ita
1583 1672 1766 1741 subje-

165 1770 244 1826 cit
269 1787 282 1822 :
316 1767 454 1832 Quid
481 1777 558 1822 est
583 1768 680 1822 hoc
702 1783 721 1822 :
748 1765 865 1821 Non
887 1768 1031 1822 enim
1061 1766 1126 1821 ad
1163 1782 1471 1822 mensuram
1499 1766 1596 1821 dat
1623 1765 1766 1823 Deus

1871 565 2216 634 singulariter
2262 580 2369 618 non
2399 564 2466 620 ad
2506 578 2834 629 mensuram,
2877 561 2973 618 sed
3017 575 3239 619 omnem
3286 561 3467 619 inesse

1869 657 2104 729 Spiritus
2148 657 2560 729 plenitudinem,
2594 657 2688 728 qui
2717 658 2794 713 sic
2834 665 2921 713 est
2944 657 3268 716 naturaliter
3294 658 3463 715 homo

1868 758 2124 819 verus,ut
2140 750 2282 807 idem
2303 752 2374 807 sit
2395 751 2713 808 naturaliter
2734 751 2896 806 etiam
2912 751 3052 808 Deus
3070 766 3264 819 verus;
3289 759 3466 809 totum

1870 844 2139 914 accipiens
2162 845 2223 899 in
2247 845 2478 900 veritate
2512 845 2708 911 carnis,
2738 861 2899 915 quem
2927 843 2997 901 ad
3024 859 3331 902 mensuram
3354 845 3466 900 lar-

1868 938 2013 1006 gitur
2039 953 2264 994 munere
2294 938 2548 996 deitatis?
2575 938 2657 994 Illi
2687 953 2818 1008 ergo
2848 939 2941 1010 qui
2968 939 3264 996 secundum
3305 954 3465 995 men-

1867 1044 2050 1086 suram
2078 1029 2384 1086 donationis
2409 1047 2519 1087 suae
2545 1032 2638 1087 dat
2663 1032 2910 1102 gratiam,
2926 1047 3036 1088 non
3055 1031 3124 1088 ad
3151 1015 3464 1088 mensuram

1869 1121 2016 1176 dedit
2030 1121 2172 1178 Deus
2196 1121 2476 1193 Spiritum.
2499 1123 2558 1178 In
2580 1122 2798 1180 Christo
2825 1125 3342 1194 autem,secundum
3366 1139 3462 1179 ca-

1869 1212 2086 1269 tholicae
2114 1213 2237 1270 fidei
2264 1216 2570 1283 veritatem,
2602 1217 2656 1270 in
2690 1217 2897 1274 unitate
2931 1231 3180 1288 persona
3221 1217 3378 1272 simul
3408 1223 3462 1271 et

1870 1301 2151 1372 deitatem,
2178 1314 2234 1360 et
2259 1307 2492 1361 animam
2515 1308 2836 1363 rationalem
2854 1307 3110 1378 fatemur,
3122 1315 3178 1364 et
3197 1321 3416 1364 carnem
3441 1323 3456 1360 :

1869 1393 1922 1446 in
1953 1408 2060 1464 quo
2087 1403 2270 1451 tamen
2312 1396 2486 1453 deitas
2514 1397 2772 1468 Spiritum
2813 1399 3062 1469 accipere
3109 1415 3218 1455 non
3259 1398 3460 1468 potuit,

1866 1484 1991 1553 quia
2009 1485 2305 1541 secundum
2319 1487 2574 1542 deitatem
2595 1485 2756 1543 Pater
2775 1497 2829 1544 et
2843 1487 3008 1544 Filius
3029 1496 3083 1544 et
3097 1487 3331 1559 Spiritus
3344 1503 3460 1542 sau-

1867 1585 2005 1642 ctus,
2036 1593 2174 1634 unus
2196 1589 2280 1635 est
2301 1580 2460 1635 Deus.
2491 1578 2590 1636 Ubi
2619 1589 2800 1639 tantus
2830 1589 2913 1636 est
2944 1580 3102 1636 Pater
3130 1581 3279 1638 solus
3298 1595 3461 1651 quam

1871 1678 1956 1728 tus
1971 1686 2094 1727 cum
2112 1671 2247 1727 Filio
2267 1681 2324 1728 et
2343 1672 2546 1743 Spiritu
2575 1683 2795 1740 sancto;
2821 1681 3107 1745 tantusque
3127 1674 3277 1730 solus
3292 1672 3463 1728 Filius

1867 1771 2101 1833 quantus
2122 1781 2242 1820 cum
2264 1765 2425 1821 Patre
2441 1775 2494 1820 et
2514 1765 2718 1836 Spiritu
2749 1776 2967 1835 sancto;
3003 1776 3291 1839 tantusque
3314 1767 3462 1822 solus

161 1860 470 1932 Spiritum?
520 1860 837 1924 Invenimus,
887 1861 1008 1932 quia
1045 1859 1114 1913 ad
1159 1875 1456 1913 mensuram
1495 1859 1589 1912 dat
1625 1857 1768 1914 Deus
1800 1867 1843 1926 Β
1872 1855 2105 1925 Spiritus
2145 1866 2365 1913 sanctus
2393 1865 2626 1927 quantus
2662 1873 2784 1914 cum
2815 1857 2975 1914 Patre
3006 1859 3164 1914 simul
3194 1874 3258 1914 ac
3300 1857 3462 1914 Filio.

162 1952 473 2024 Spiritum?
496 1951 630 2004 Audi
659 1951 963 2022 Apostoium
983 1950 1269 2005 dicentem:
1291 1948 1596 2004 Secundum
1617 1965 1770 2005 men-

159 2059 351 2100 suram
381 2043 687 2098 donationis
725 2041 926 2098 Christi
975 2040 1190 2112 (Ephes.
1236 2057 1304 2106 ιν,
1348 2041 1424 2111 7).
1457 2039 1768 2096 Hominibus

160 2135 240 2190 ad
268 2151 563 2190 mensuram
590 2135 700 2200 dat,
731 2135 883 2189 unico
911 2132 1053 2188 Filio
1093 2150 1196 2187 non
1223 2133 1314 2188 dat
1352 2133 1422 2187 ad
1449 2149 1763 2188 mensuram.

163 2224 305 2285 Item
358 2229 412 2283 in
454 2227 642 2283 eadem
690 2227 910 2285 homilia
939 2225 1069 2282 dicit
1103 2245 1118 2280 :
1157 2245 1178 2280 ι
1211 2225 1302 2281 Sic
1335 2235 1463 2281 sunt
1491 2227 1652 2281 etiam
1681 2226 1766 2281 di-

166 2332 326 2376 versa
353 2319 494 2374 dona
517 2317 778 2387 fidelium,
805 2325 1062 2387 tanquam
1084 2317 1341 2374 membris
1369 2317 1437 2371 ad
1457 2333 1768 2373 mensuram

166 2415 366 2484 cuique
408 2414 682 2485 pr0priam
731 2412 1040 2470 distributa.
1071 2410 1178 2468 Sed
1225 2411 1470 2468 Christus
1521 2401 1614 2484 qui
1655 2412 1766 2478 dat,

167 2521 278 2561 non
310 2505 377 2560 ad
409 2520 715 2560 mensuram
754 2506 984 2575 accepit.
1030 2505 1171 2559 Audi
1200 2505 1344 2559 enim
1393 2505 1568 2561 adhuc
1619 2507 1767 2575 quod

168 2597 434 2668 sequitur,
457 2596 582 2667 quia
613 2596 680 2650 de
709 2595 844 2650 Filio
872 2596 1083 2650 dixerat
1125 2613 1138 2647 ε
1172 2593 1297 2649 Νοη
1326 2596 1466 2649 enim
1511 2595 1582 2649 ad
1619 2612 1768 2649 men-

168 2705 344 2742 suram
387 2687 477 2741 dat
515 2685 656 2741 Deus
705 2686 996 2756 Spiritum;
1033 2686 1196 2740 Pater
1223 2685 1395 2758 diligit
1441 2684 1670 2754 Filium,
1718 2693 1769 2740 et

167 2779 346 2833 omnia
376 2778 518 2832 dedit
563 2778 619 2831 in
665 2794 822 2831 manu
866 2778 979 2848 ejus
1008 2777 1187 2845 (Joan.
1237 2793 1313 2843 ιιι,
1355 2777 1469 2847 54).
1508 2797 1528 2830 s
1565 2777 1770 2848 Nempe

171 2871 362 2926 beatus
385 2870 711 2938 Augustinus
732 2869 968 2924 ostendit
989 2870 1092 2924 hoc
1119 2869 1432 2938 evangelico
1457 2870 1769 2926 testimonio

170 2959 297 3031 quid
327 2960 618 3014 debeamus
649 2959 714 3014 de
735 2959 911 3013 anima
939 2957 1137 3014 Christi
1167 2958 1388 3023 sentire,
1413 2959 1628 3028 quando
1655 2959 1770 3029 ipse

169 3051 416 3106 Christus
440 3051 531 3122 qui
558 3049 820 3121 Spiritum
843 3050 954 3116 dat,
982 3066 1090 3105 nou
1119 3049 1186 3104 ad
1217 3065 1522 3105 mensuram
1550 3051 1764 3121 accipit.

171 3143 295 3213 lpse
322 3151 405 3197 est
429 3144 570 3198 enim
593 3144 685 3212 qui
728 3143 843 3209 dat,
876 3143 989 3213 ipse
1030 3151 1113 3198 est
1153 3143 1246 3212 qui
1295 3143 1516 3214 accipit;
1561 3151 1617 3199 et
1642 3144 1766 3214 quia

1870 1944 1947 2000 lbi
1975 1945 2120 2000 nulla
2148 1945 2215 2000 de
2247 1947 2416 2002 tribus
2444 1947 2692 2017 personis
2717 1947 2883 2003 habet
2903 1948 3103 2018 aliquid
3133 1950 3309 2004 minus
3337 1948 3465 2004 duav

1868 2035 1989 2103 bus,
2037 2037 2129 2092 ubi
2170 2038 2222 2091 in
2253 2053 2574 2108 unaquaque
2601 2054 2833 2109 persona
2860 2040 2938 2095 sic
2967 2051 3050 2096 est
3077 2041 3239 2111 plena
3267 2041 3462 2107 deitas,

1872 2133 1930 2180 ut
1955 2126 2087 2181 etin
2115 2127 2288 2183 tribus
2316 2130 2561 2198 personis
2590 2145 2694 2184 una
2718 2130 2807 2193 sit,
2853 2140 2908 2186 et
2958 2132 3012 2186 in
3059 2132 3283 2200 singulis
3328 2140 3458 2188 tota.

1870 2219 1986 2275 Non
2010 2233 2140 2288 ergo
2168 2222 2344 2291 potuit
2373 2221 2634 2292 Spiritum
2661 2232 2908 2279 sanctum
2941 2223 3189 2279 divinitas
3219 2223 3339 2280 Filii
3369 2240 3464 2281 ac-

1869 2311 2073 2382 cipere,
2101 2327 2226 2367 cum
2254 2311 2622 2384 ipsc'Spiritus
2643 2324 2863 2370 sanctus
2886 2316 2966 2370 sic
2991 2315 3250 2385 procedat
3271 2331 3301 2370 a
3331 2313 3464 2372 Filio

1868 2406 2010 2458 sicut
2036 2403 2281 2473 procedit
2309 2415 2350 2459 a'
2371 2401 2552 2469 Patre,
2571 2415 2626 2462 et
2650 2408 2730 2462 sic
2750 2407 2909 2462 detur
2928 2423 2960 2463 a
2985 2407 3121 2464 Filio
3151 2409 3288 2465 sicut
3307 2409 3465 2464 datur

1870 2507 1901 2547 a
1931 2491 2124 2560 Patre;
2167 2511 2267 2551 nec
2290 2496 2380 2550 illa
2409 2506 2601 2552 natura
2628 2497 2772 2554 unde
2797 2499 3030 2569 Spiritus
3056 2508 3275 2556 sanctus
3303 2501 3466 2559 habet

1870 2585 2155 2654 originem,
2189 2587 2366 2657 potuit
2393 2588 2510 2654 ejus
2534 2589 2621 2644 vel
2642 2600 2961 2661 exspectare
2981 2591 3068 2646 vel
3093 2592 3340 2663 accipere
3362 2592 3466 2647 lar.

1869 2676 2109 2745 gitatem.
2143 2677 2375 2748 Spiritus
2403 2681 2493 2736 ille
2524 2689 2671 2738 totus
2699 2692 2786 2738 est
2813 2683 3010 2752 Patris,
3039 2693 3186 2740 totus
3212 2693 3295 2741 est
3325 2684 3465 2755 Filii,

1869 2771 1996 2840 quia
2039 2787 2178 2826 unus
2231 2763 2552 2830 naturaliter
2598 2782 2683 2830 est
2734 2774 2967 2846 Spiritus
3013 2776 3189 2832 Patris
3222 2786 3279 2833 et
3323 2778 3465 2834 Filii.

1872 2861 2103 2916 Proinde
2130 2871 2275 2918 totus
2302 2863 2370 2918 de
2394 2863 2556 2920 Patre
2579 2865 2826 2934 procedit
2850 2874 2904 2920 et
2933 2865 3091 2933 Filio,
3126 2876 3273 2923 totus
3294 2869 3348 2923 in
3373 2867 3464 2924 Pa-

1870 2957 1954 3006 tre
1980 2961 2164 3008 manet
2191 2969 2254 3011 ac
2281 2954 2455 3021 Filio;
2485 2957 2611 3026 quia
2657 2957 2736 3012 sic
2781 2967 2966 3012 manet
2993 2967 3053 3013 ut
3078 2959 3358 3028 procedat,
3389 2961 3466 3017 sic

1870 3043 2118 3113 procedit
2139 3054 2198 3099 ut
2226 3053 2458 3101 maneat.
2488 3047 2638 3104 Unde
2655 3050 2974 3104 naturaliter
2994 3051 3135 3107 hanc
3160 3051 3324 3107 habet
3345 3068 3466 3108 cum

1868 3133 2030 3190 Patre
2051 3151 2115 3192 ac
2142 3136 2278 3193 Filio
2307 3140 2528 3194 unitatis
2571 3141 2984 3212 plenitudinem,
3020 3152 3077 3199 et
3113 3143 3467 3213 plenitudinis

173 3242 367 3304 potens
394 3242 478 3289 est,
520 3233 588 3286 ad
627 3249 933 3288 mensuram
963 3233 1113 3300 dare,
1162 3233 1284 3289 ideo
1327 3250 1434 3290 non
1481 3236 1660 3304 potuit
1696 3235 1765 3290 ad
1791 3251 1836 3313 ρ
1871 3227 2151 3292 unitatem,
2183 3237 2242 3283 ut
2260 3240 2430 3286 totum
2447 3230 2663 3286 Patrem
2693 3233 2912 3302 habeat,
2935 3241 3216 3305 totumque
3235 3235 3466 3304 Filium;

176 3339 480 3378 mensuram
507 3325 772 3394 accipere.
793 3323 850 3378 In
875 3322 1045 3380 forma
1078 3325 1219 3380 enim
1247 3325 1341 3382 Dei
1370 3341 1614 3393 manens,
1639 3327 1764 3398 Spi-

174 3419 333 3472 ritum
363 3416 482 3483 dat;
511 3416 740 3471 formam
767 3419 908 3473 servi
939 3419 1230 3489 accipiens,
1246 3420 1504 3490 Spiritum
1534 3421 1762 3490 accepit.

172 3508 278 3565 Sed
321 3511 448 3579 quia
492 3509 605 3580 ipse
642 3509 710 3564 ad
758 3523 1065 3565 mensuram
1104 3509 1214 3575 dat,
1264 3510 1386 3565 ideo
1417 3526 1526 3565 non
1557 3511 1672 3580 ipse
1700 3509 1768 3565 ad

169 3615 482 3656 mensuram
523 3599 764 3669 accepit;
798 3599 972 3668 ipsum
1001 3600 1145 3655 enim
1174 3614 1336 3669 quem
1364 3600 1432 3654 ad
1457 3616 1766 3657 mensuram

169 3689 290 3754 dat,
319 3696 492 3744 totum
514 3688 753 3758 accepit:
785 3689 853 3743 ad
888 3704 1198 3744 mensuram
1236 3691 1437 3761 quippe
1469 3691 1563 3746 dat
1588 3692 1772 3747 multis

168 3781 317 3847 filiis,
347 3779 440 3835 sed
467 3796 574 3834 non
618 3779 685 3833 ad
737 3793 1044 3834 mensuram
1091 3781 1288 3849 accipit
1327 3781 1518 3838 unicus
1565 3781 1764 3847 Filius;

169 3873 297 3943 quia
321 3874 399 3927 sic
426 3879 509 3927 est
537 3886 696 3926 verus
715 3870 898 3934 homo,
924 3879 984 3925 ut
1005 3885 1162 3926 verus
1189 3871 1259 3926 sit
1284 3871 1444 3927 Deus.

239 3966 330 4021 28.
373 3964 526 4020 Hunc
552 3963 825 4034 Evangelii
846 3965 1025 4020 locum
1045 3963 1203 4019 aliter
1222 3964 1415 4020 beatus
1435 3963 1770 4033 Augustinus

176 4057 460 4129 aliquando
487 4065 741 4129 posuerat
760 4057 814 4112 in
846 4056 1058 4112 duobus
1097 4057 1248 4112 libris
1276 4071 1413 4127 quos
1451 4056 1663 4127 scripsit
1702 4057 1770 4113 de

175 4153 436 4208 Sermone
465 4151 676 4208 Domini
711 4153 765 4206 in
791 4158 976 4208 monte
1017 4150 1104 4222 (S.
1153 4153 1286 4222 Aug.
1331 4151 1422 4206 lib.
1453 4167 1470 4207 ι
1501 4151 1563 4205 de
1592 4149 1765 4208 Serm.

177 4245 386 4302 Domini
429 4248 484 4300 in
533 4254 725 4312 monte,
773 4263 892 4316 cap.
924 4243 1002 4314 6).
1039 4244 1210 4311 Quem
1241 4255 1420 4299 tamen
1467 4259 1682 4300 sensum
1713 4247 1766 4300 in

175 4343 284 4397 suis
315 4340 811 4396 Retractationibus
843 4338 982 4411 (Lib.
1006 4355 1178 4409 1,cap.
1198 4338 1286 4410 l9)
1319 4339 1642 4406 emendavit,
1663 4340 1769 4397 hoc

174 4432 479 4504 approbans
500 4425 661 4502 atque
687 4431 964 4486 afﬁrmans
993 4429 1140 4501 quod
1167 4439 1359 4502 postea
1389 4431 1582 4487 melius
1613 4432 1768 4488 intel-

173 4525 360 4595 ligens,
393 4524 446 4578 in
483 4523 573 4579 illa
615 4523 954 4592 expositione
1005 4521 1282 4592 Evangelii
1311 4521 1377 4578 de
1402 4523 1520 4579 solo
1550 4522 1766 4580 Christo

1871 3316 2094 3388 ipseque
2120 3329 2266 3376 totus
2295 3322 2558 3378 habeatur
2583 3339 2613 3378 a
2645 3323 2827 3391 Patre,
2859 3333 3008 3382 totus
3031 3327 3299 3384 habeatur
3324 3317 3357 3383 ia
3379 3328 3466 3384 Fi-

1868 3410 1964 3467 lio.
1990 3411 2106 3467 Non
2134 3427 2265 3484 ergo
2296 3416 2508 3487 accepit
2532 3416 2794 3487 Spiritum
2823 3428 3072 3475 sanctum
3097 3421 3348 3476 divinitas
3377 3421 3466 3478 Fi-

1867 3501 1944 3570 lii,
1967 3519 2091 3559 cum
2113 3520 2219 3574 qua
2246 3508 2405 3562 unius
2425 3515 2632 3564 natura:
2659 3517 2740 3565 est
2769 3509 3004 3581 Spiritus
3043 3520 3284 3580 sanctus,
3311 3523 3366 3569 et
3395 3530 3464 3570 ex

1868 3610 1976 3666 qua
2006 3598 2171 3653 habet
2198 3599 2459 3671 quidquid
2489 3602 2671 3666 habet,
2703 3603 2815 3660 imo
2847 3605 2914 3660 de
2943 3619 3050 3674 qua
3079 3608 3298 3662 esthoc
3318 3607 3466 3676 quod

1868 3695 1982 3749 est;
2004 3688 2131 3757 quia
2161 3689 2306 3760 quod
2335 3692 2657 3748 naturaliter
2683 3693 2865 3760 habet,
2896 3695 3003 3750 hoc
3027 3705 3127 3751 est.
3159 3696 3353 3754 Restat
3373 3699 3467 3754 ita~

1869 3792 1976 3849 que
2005 3788 2065 3833 ut
2109 3782 2288 3835 anima
2331 3775 2530 3837 Christi
2564 3783 2823 3853 Spiritum
2873 3795 3120 3842 sanctum
3169 3789 3466 3860 acceperit,

1869 3881 2032 3936 quem
2077 3877 2258 3924 tamen
2300 3885 2408 3925 non
2452 3871 2519 3926 ad
2568 3888 2875 3929 mensuram
2906 3879 3134 3948 accepit,
3163 3879 3260 3933 sed
3290 3888 3464 3935 totum

1870 3957 2120 4027 accepit;
2153 3958 2242 4013 ubi
2269 3960 2415 4014 enim
2454 3975 2710 4018 mensura
2753 3980 2861 4020 non
2909 3974 3031 4021 esse
3079 3969 3294 4033 dicitur,
3350 3970 3466 4039 ple-

1871 4047 2060 4104 nitudo
2080 4051 2428 4119 perfectionis
2445 4057 2501 4106 et
2523 4053 2782 4124 perfectio
2805 4057 3154 4127 plenitudinis
3169 4059 3463 4118 invenitur.

1942 4137 2031 4194 29.
2073 4139 2206 4207 Quis
2251 4141 2322 4196 sit
2359 4150 2540 4197 autem
2589 4143 2692 4200 iste
2736 4143 2991 4216 Spiritus,
3039 4163 3200 4218 quem
3241 4166 3350 4206 non
3395 4151 3466 4207 ad

1870 4246 2179 4289 mensuram
2222 4233 2466 4292 Christus
2514 4238 2753 4308 accepit,
2798 4241 3061 4311 propheta
3098 4243 3257 4298 nobis
3297 4243 3464 4300 Isaias

1869 4329 2124 4396 ostendit,
2174 4331 2269 4401 qui
2314 4330 2382 4386 de
2424 4333 2540 4403 ipso
2572 4333 2666 4404 (al.
2700 4334 2767 4390 de
2795 4333 3032 4405 Christo)
3062 4337 3308 4409 loquens,
3341 4339 3417 4394 ait
3444 4354 3459 4393 :

1869 4419 2182 4494 Egredietur
2209 4426 2353 4497 virga
2381 4426 2446 4480 de
2477 4425 2652 4481 radice
2680 4426 2848 4493 Iesse,
2864 4438 2912 4483 et
2937 4430 3034 4499 ﬂos
3062 4429 3126 4485 de
3149 4431 3324 4486 radice
3348 4433 3463 4504 ejus

1869 4516 2130 4584 ascendet,
2145 4526 2194 4572 et
2215 4520 2494 4590 requiescet
2521 4537 2674 4591 super
2702 4538 2817 4575 eum
2838 4522 3067 4592 Spiritus
3089 4522 3319 4590 Domini,
3338 4525 3463 4595 Spi-

173 4615 342 4685 accipi
366 4614 565 4670 debere
607 4612 860 4668 firmavit.
893 4611 1050 4680 Quod
1075 4613 1129 4666 in
1167 4613 1343 4683 primo
1367 4613 1504 4670 libro
1535 4613 1766 4672 Retrac-
1790 4643 1844 4705 Β
1868 4610 1999 4664 ritus
2019 4612 2298 4700 sapientia:
2315 4621 2363 4666 et
2383 4613 2693 4682 intellectus,
2742 4615 2970 4686 Spiritus
3001 4619 3202 4672 consilii
3230 4629 3280 4672 et
3308 4621 3462 4691 [orli-

172 4707 434 4761 tationum
461 4720 680 4760 suarum
710 4701 1024 4766 ostendens,
1053 4703 1192 4758 inter
1221 4703 1326 4758 alia
1345 4705 1423 4760 sic
1450 4705 1528 4760 ait
1552 4723 1565 4759 :
1597 4724 1616 4759 ‹
1643 4706 1765 4764 Alio

173 4797 292 4853 loco
333 4797 478 4866 quod
530 4795 827 4867 interposui
881 4794 1289 4850 testimonium:
1334 4793 1462 4851 Non
1507 4797 1644 4851 enim
1691 4800 1764 4853 ad

173 4905 463 4943 mensuram
491 4889 581 4942 dat
614 4887 750 4942 Deus
781 4886 1034 4959 Spiritum
1064 4885 1247 4957 (Joan.
1281 4901 1358 4955 ιιι,
1386 4887 1498 4960 54),
1526 4892 1763 4947 nondum

173 4980 540 5035 intellexeram
578 4979 647 5034 de
685 4979 900 5035 Christo
943 4978 1163 5050 proprie
1199 4980 1378 5034 verius
1407 4982 1598 5051 accipi.
1631 4983 1764 5041 Aliis

171 5071 367 5141 quippe
395 5070 700 5125 hominibus
719 5071 822 5125 nisi
846 5070 910 5124 ad
933 5084 1244 5125 mensuram
1261 5070 1484 5126 daretur
1501 5070 1758 5144 Spiritus,

173 5179 274 5217 non
306 5162 526 5232 duplum
564 5170 776 5233 peteret
802 5161 1020 5219 Elisaaus
1048 5178 1211 5232 quam
1253 5163 1351 5217 fuit
1389 5163 1443 5218 in
1481 5163 1599 5219 Elia
1649 5166 1702 5239 (1
1716 5167 1759 5221 γ

177 5254 299 5327 Reg.
332 5273 390 5321 ll,
421 5255 498 5323 9).
539 5275 556 5308 ›
589 5255 646 5310 In
679 5256 762 5310 his
797 5271 926 5327 ergo
951 5255 1109 5311 dictis
1135 5256 1283 5312 beati
1322 5255 1603 5326 Augustini
1632 5258 1762 5315 illud

173 5348 404 5402 maxime
419 5347 932 5416 attendamus,quod
953 5349 1047 5412 ait,
1062 5347 1180 5404 aliis
1197 5348 1503 5404 hominibus
1522 5348 1589 5404 ad
1608 5366 1761 5408 men-

173 5451 350 5496 auram
375 5440 634 5512 Spiritum
663 5441 799 5495 dari.
832 5439 985 5508 Quod
1017 5441 1202 5510 utique
1229 5439 1352 5497 ideo
1379 5441 1537 5508 dixit,
1569 5449 1630 5498 ut
1656 5442 1760 5498 hoc

171 5549 228 5587 se
259 5550 362 5589 non
390 5535 458 5590 de
488 5533 787 5600 divinitate,
819 5535 914 5590 sed
945 5533 1013 5589 de
1042 5534 1378 5591 humanitate
1405 5520 1757 5593 Christi-sen-

174 5631 304 5686 sisse
343 5638 692 5694 monstraret,
721 5630 808 5688 cui
847 5645 958 5686 non
996 5630 1065 5685 ad
1109 5645 1415 5686 mensuram
1445 5631 1594 5688 dedit
1620 5632 1763 5689 Deus

191 5715 459 5793 spiritum,
509 5741 632 5783 cum
689 5725 978 5795 unicuique
1031 5724 1147 5780 dari
1193 5725 1422 5794 gratiam
1466 5726 1762 5783 secundum

177 5815 330 5889 252
356 5833 666 5874 mensuram
706 5817 1014 5874 donationis
1050 5815 1248 5872 Christi
1281 5824 1507 5872 testetur
1525 5818 1762 5889 Aposto-

179 5918 271 5964 lus.
299 5909 475 5979 Quare
505 5931 630 5986 ergo
654 5920 842 5976 beatus
872 5910 1200 5982 Augustinus
1229 5925 1333 5965 non
1361 5909 1495 5966 dixit
1528 5911 1756 5969 homini-

1870 4695 2084 4768 tudinis,
2117 4703 2345 4774 Spiritus
2386 4705 2613 4760 scientia:
2663 4713 2713 4759 et
2754 4708 2982 4774 pietatis,
3013 4717 3063 4762 et
3091 4709 3305 4781 replebit
3343 4702 3488 4766 eum.

1871 4790 2105 4865 Spiritus
2153 4795 2352 4849 timoris
2398 4793 2612 4850 Domini
2642 4794 3004 4871 (Isai.x1,l).
3054 4801 3278 4872 Accepit
3327 4816 3462 4873 ergo

1869 4882 2116 4941 Christus
2161 4885 2439 4956 Spiritum,
2485 4887 2581 4944 sed
2611 4903 2718 4943 non
2762 4889 2831 4944 ad
2878 4906 3186 4946 mensuram
3226 4893 3456 4964 accepit.

1869 4977 2024 5046 Quod
2049 4979 2095 5034 si
2115 4981 2308 5035 animae
2331 4979 2531 5037 Christi
2561 4998 2669 5037 non
2697 4983 2762 5038 ad
2793 4999 3097 5041 mensuram
3127 4985 3276 5041 dedit
3311 4983 3458 5040 Deus

1869 5068 2150 5139 Spiritum,
2199 5086 2421 5128 necesse
2451 5081 2534 5128 est
2564 5082 2622 5128 ut
2650 5074 2782 5136 nihil
2809 5076 2986 5131 minus
3015 5077 3212 5133 habeat
3241 5077 3457 5146 sapien-

1871 5164 1976 5229 tize,
2011 5164 2140 5219 nihil
2167 5165 2404 5222 scientia:
2434 5184 2447 5220 :
2479 5165 2712 5238 Spiritus
2749 5170 2891 5224 enim
2936 5171 3045 5236 ille,
3096 5169 3329 5241 Spiritus
3371 5178 3456 5226 est

1868 5257 2144 5328 sapientiae
2173 5268 2229 5314 et
2257 5260 2582 5331 intellectus,
2599 5262 2809 5319 consilii
2831 5272 2887 5318 et
2909 5260 3255 5326 fortitudims,
3280 5263 3457 5318 scien-

1868 5351 1954 5405 tia:
1974 5359 2029 5406 et
2053 5351 2288 5422 pietatis.
2323 5352 2398 5410 Ac
2427 5369 2522 5424 per
2549 5354 2674 5419 hoc,
2696 5371 2806 5410 non
2831 5355 3003 5411 solum
3031 5353 3098 5409 ad
3117 5353 3456 5412 divinitatem

1867 5444 2088 5513 Christi,
2111 5447 2209 5503 sed
2239 5446 2307 5503 ad
2335 5448 2452 5518 ejus
2480 5463 2696 5520 quoque
2728 5449 2962 5503 animam
2990 5447 3080 5502 illa
3106 5447 3458 5519 perfectionis

1865 5539 2220 5608 praerogativa
2249 5541 2506 5611 pertinet,
2535 5555 2696 5610 quam
2726 5539 2828 5610 ipsi
2850 5538 3067 5595 Christo
3095 5540 3284 5596 beatus
3323 5542 3459 5596 assi-

1863 5642 1993 5705 gnat
2031 5635 2344 5708 Apostolus,
2395 5637 2616 5692 dicens:
2649 5635 2716 5690 In
2742 5653 2842 5708 quo
2866 5644 2988 5689 sunt
3018 5653 3195 5692 omnes
3227 5637 3457 5691 thesauri

1862 5729 2136 5801 sapientiw
2178 5741 2229 5786 et
2276 5733 2507 5788 scientia:
2559 5729 2845 5784 absconditi
2891 5728 3125 5801 (Coloss.
3173 5747 3229 5794 ιι,
3259 5730 3353 5800 ⁸5).
3396 5729 3454 5784 Si

1865 5823 2010 5878 enim
2043 5840 2151 5880 non
2192 5827 2259 5880 ad
2296 5839 2604 5879 mensuram
2652 5823 2862 5893 accepit
2889 5822 3146 5894 Spiritum
3177 5822 3457 5894 sapientia:

1862 5925 1917 5972 et
1941 5919 2430 5979 scientianuecosse
2459 5925 2539 5971 est
2562 5925 2618 5972 ut
2646 5931 2836 5973 omnes
2864 5916 3149 5976 thesauros
3176 5917 3455 5988 sapientia:
