4124 6452
636 395 741 458 M9

1652 387 1706 446 S.
1748 383 2116 448 FULGENTII
2153 377 2458 444 EPISCOPI
2497 375 2869 444 RUSPENSIS

3799 375 3901 435 4‘20

635 527 693 572 et
710 513 946 574 scientiae
966 511 1180 572 haheat.
1213 510 1370 582 253
1393 509 1544 576 Quod
1567 509 1613 566 si
1632 509 1683 565 ei
1708 508 1909 578 aliquid
1928 506 2085 578 hujus
2105 506 2208 579 ple-
2237 507 2292 568 Α
2314 503 2440 561 deat
2467 503 2796 561 Altissimum
2824 503 3111 573 denegare,
3134 517 3298 574 quem
3325 500 3470 558 Deus
3497 515 3609 557 non
3635 497 3812 556 solum
3834 502 3905 555 de

636 608 896 666 nitudinis
933 608 1180 674 demitur,
1211 619 1547 674 consequens
1581 611 1666 658 est
1701 609 1762 658 ut
1804 601 1874 657 ad
1900 614 2209 658 mensuram

636 699 908 771 accepisse
932 697 1191 769 Spiritum
1236 695 1573 767 prtedicetur.
1617 692 1686 749 Et
1718 692 1840 764 quis
1877 700 1962 748 est
1987 691 2074 748 cui
2103 706 2212 750 non

635 793 704 849 ad
728 807 1031 848 mensuram
1055 791 1196 848 Deus
1221 788 1479 860 Spiritum
1497 787 1724 855 dederit,
1747 786 1793 842 si
1819 801 1941 844 eum
1975 784 2040 840 ad
2062 799 2214 840 men-

635 901 815 943 suram
842 883 1087 960 Christus
1115 884 1366 953 accepit?
1394 881 1453 938 In
1493 889 1750 952 quantum
1795 881 1938 936 enim
1982 879 2212 950 Spiritus

634 976 815 1043 datur,
857 977 910 1032 in
954 986 1161 1034 tantum
1199 975 1433 1044 cognitio
1472 972 1768 1032 divinitatis
1795 972 2088 1042 accipitur:
2119 969 2212 1032 ubi

632 1077 811 1124 autem
831 1068 1062 1138 Spiritus
1091 1078 1296 1123 nonest
1315 1081 1589 1134 mensura,
1616 1079 1839 1121 necesse
1867 1073 1949 1119 est
1974 1073 2033 1118 ut
2051 1063 2208 1134 plena

632 1163 703 1219 sit
725 1160 1021 1218 divinitatis
1050 1160 1324 1216 immensa:
1355 1158 1564 1214 notitia.
1597 1157 1732 1212 Tota
1757 1157 1902 1212 enim
1932 1154 2209 1226 plenitudo

631 1253 807 1320 datur,
835 1251 922 1307 ubi
947 1250 1185 1328 Spiritus
1211 1267 1317 1306 non
1347 1249 1415 1304 ad
1445 1265 1748 1305 mensuram
1768 1248 1942 1304 datur.
1969 1247 2086 1302 Non
2110 1263 2206 1302 au—

631 1349 738 1396 tem
769 1339 1154 1419 plenitudinem
1181 1341 1317 1411 ejus,
1348 1341 1437 1396 sed
1462 1341 1527 1396 de
1552 1340 1870 1411 plenitudine
1898 1356 1992 1394 nos
2031 1355 2210 1419 omnes

630 1434 936 1504 accepimus,
967 1415 1018 1487 et
1046 1435 1272 1506 gratiam
1321 1451 1416 1504 pro
1463 1434 1636 1505 gratia
1677 1432 1858 1503 (Joan.
1892 1446 1928 1497 ι,
1962 1431 2071 1501 16).
2106 1415 2208 1488 Ubi

629 1525 929 1584 ostenditur
957 1525 1120 1580 etiam
1148 1525 1203 1580 in
1234 1526 1324 1580 illa
1351 1526 1521 1594 gratia
1568 1523 1790 1595 speciei,
1831 1539 1952 1594 qua:
1995 1523 2210 1584 dabitur

629 1617 722 1688 (al.
746 1609 924 1687 datur)
953 1632 1054 1690 pro
1080 1618 1250 1686 gratia
1283 1617 1426 1685 ﬁdei,
1454 1633 1562 1674 non
1584 1619 1753 1688 ipsam
1799 1616 2204 1687 plenitudinem,

626 1708 721 1765 sed
745 1708 813 1764 de
838 1707 1174 1780 plenitudine
1213 1709 1332 1779 ejus
1357 1726 1455 1766 nos
1483 1726 1602 1768 esse
1629 1718 1946 1780 accepturos
1979 1710 2206 1778 gratiam

625 1815 726 1872 pro
744 1801 915 1868 gratia
942 1819 954 1856 :
993 1809 1048 1857 et
1075 1803 1181 1858 hoc
1209 1803 1327 1873 ipso
1355 1803 1498 1874 quod
1526 1803 1594 1859 de
1624 1803 1953 1873 plenitudine
1981 1802 2096 1872 ejus
2115 1817 2206 1857 ac»

2313 612 2374 660 se
2419 597 2736 653 altissimum
2763 596 2969 667 genuit,
2999 596 3093 652 sed
3143 596 3306 652 etiam
3347 595 3415 652 de
3442 594 3668 665 Virgine
3715 603 3903 650 natum

2313 694 2578 759 exultavit,
2625 703 2676 748 et
2716 692 2923 748 donavit
2965 691 3044 746 illi
3084 707 3271 748 nomen
3299 691 3435 763 quod
3463 698 3541 746 est
3567 707 3723 762 super
3753 705 3906 744 omne

2312 803 2518 853 nomen,
2532 787 2654 841 utin
2674 787 2881 842 nomine
2891 784 3015 840 Iesu
3029 801 3180 840 omne
3199 801 3328 856 genu
3347 785 3583 853 ﬂectatur
3599 783 3902 845 caelestium,

2313 877 2629 933 terrestrium
2654 885 2704 930 et
2726 877 3080 948 infernarum,
3108 884 3157 930 et
3185 875 3351 930 omnis
3377 875 3556 946 lingua
3589 873 3903 944 conﬁteatur

2311 976 2432 1047 quia
2461 973 2714 1029 Dominus
2756 972 2908 1029 Jesus
2936 971 3173 1028 Christus
3205 972 3256 1026 in
3285 971 3451 1042 gloria
3477 980 3554 1025 est
3581 968 3683 1023 Dei
3721 967 3904 1022 Patris

2314 1067 2535 1139 (Philip.
2568 1083 2626 1133 ιι,
2661 1066 2755 1135 9)?
2801 1066 2860 1123 Si
2906 1074 3087 1121 autem
3131 1080 3240 1122 non
3290 1065 3503 1136 plenam
3530 1062 3693 1118 habet
3721 1063 3905 1116 anima

2311 1157 2510 1215 Christi
2536 1158 2783 1214 notitiam
2822 1156 3118 1212 divinitatis
3146 1170 3277 1222 sua,
3306 1170 3416 1210 non
3446 1153 3694 1226 pervenit
3723 1152 3791 1207 ad
3820 1152 3906 1207 al-

2311 1249 2591 1305 titudinem
2623 1249 2836 1319 plenam
2859 1247 3138 1318 sapientiae
3158 1255 3214 1303 et
3233 1246 3472 1302 scientiae
3492 1244 3610 1308 Dei.
3634 1243 3754 1300 Non
3774 1258 3906 1315 ergo

2311 1350 2474 1406 totus,
2505 1342 2600 1398 sed
2629 1357 2694 1400 ex
2723 1348 2876 1412 parte
2903 1340 3154 1400 Christus
3191 1339 3356 1411 254
3382 1337 3704 1408 praedicetur
3731 1336 3906 1393 Altis-

2311 1435 2496 1497 simus,
2545 1434 2590 1488 si
2644 1433 2822 1488 anima
2869 1432 2988 1500 eius
3036 1431 3175 1488 infra
3225 1430 3562 1486 altitudinem
3595 1427 3908 1484 divitiarum

2307 1524 2588 1594 sapientiai
2629 1532 2685 1579 et
2737 1523 2976 1580 scientia;
3005 1522 3101 1578 Dei
3129 1538 3160 1578 a
3190 1521 3435 1578 ﬁdelibus
3472 1519 3812 1592 pnedicatur.
3844 1521 3908 1580 In

2309 1631 2418 1686 quo
2445 1615 2588 1672 enim
2619 1631 2717 1672 nos
2744 1614 2886 1670 Deus
2930 1613 3151 1681 exaltat,
3196 1613 3301 1670 nisi
3339 1613 3396 1676 in
3421 1627 3531 1683 quo
3559 1611 3630 1667 ad
3672 1627 3734 1670 se
3763 1611 3909 1668 levat

2309 1709 2514 1764 animas
2541 1708 2792 1765 nostras?
2820 1704 2878 1761 ln
2910 1714 3114 1762 tantum
3145 1716 3326 1761 autem
3355 1705 3420 1760 ad
3448 1721 3508 1760 se
3540 1705 3750 1764 animas
3803 1719 3909 1760 no-

2308 1808 2452 1856 stras
2475 1800 2636 1865 levat,
2669 1799 2726 1860 in
2749 1807 3008 1870 quantum
3025 1799 3180 1856 nobis
3207 1799 3488 1854 veritatem
3516 1812 3627 1854 suae
3647 1796 3909 1866 cognitio-

626 1893 886 1964 cepimus,
920 1909 1020 1949 nos
1048 1907 1168 1950 esse
1198 1894 1521 1964 implendos,
1569 1895 1622 1950 in
1659 1903 1918 1965 quantum
1955 1909 2051 1964 per
2091 1892 2206 1962 ejus
2235 1894 2284 1955 Β
2310 1896 2392 1950 nis
2417 1910 2483 1951 ac
2501 1894 2804 1951 dilectionis
2832 1892 3090 1952 insinuat.
3121 1891 3252 1958 Quis
3277 1899 3461 1946 autem
3489 1889 3635 1946 dicat
3665 1889 3909 1946 animam

625 1986 852 2058 gratiam
881 2000 1107 2056 capaces
1133 1986 1352 2043 erimus.
1401 1985 1554 2054 Quod
1596 1985 1830 2041 ostendit
1879 1986 2037 2042 nobis
2080 2001 2207 2057 pro-

626 2078 809 2147 pheta,
837 2078 1022 2135 dicens
1047 2097 1059 2132 :
1089 2077 1410 2149 Adimplebis
1451 2095 1533 2133 me
1582 2079 1763 2134 laetitia
1803 2095 1917 2134 cum
1953 2080 2092 2134 uultu
2117 2087 2207 2134 tuo

627 2169 801 2236 (Psal.
830 2186 922 2235 xv,
950 2169 1072 2241 ll);
1099 2179 1155 2226 et
1184 2170 1376 2225 iterum
1401 2189 1413 2224 :
1449 2169 1650 2242 Repleti
1674 2188 1850 2226 sumus
1877 2189 2030 2228 mane
2047 2173 2206 2227 mise-

626 2261 850 2316 ricordia
889 2269 980 2316 tua
1005 2261 1178 2333 (Psal.
1211 2279 1428 2329 LXXXIX,
1463 2261 1581 2334 l4);
1613 2271 1668 2317 et
1696 2264 1928 2320 iterum:
1965 2262 2209 2334 Replebi-

625 2371 739 2410 mur
781 2355 926 2410 bonis
951 2354 1131 2410 domus
1161 2363 1261 2410 tuae
1293 2356 1464 2428 (Psal.
1488 2348 1642 2425 txrv,
1675 2355 1759 2427 5);
1783 2357 1878 2414 sed
1908 2364 1967 2412 ut
1992 2357 2206 2428 repleav

624 2461 763 2510 mur,
812 2445 880 2503 de
919 2446 1255 2518 plenitudine
1299 2447 1416 2517 ejus
1461 2449 1818 2518 accipiemus;
1867 2449 1937 2506 de
1989 2448 2206 2506 Christo

625 2544 805 2592 autem
835 2535 1028 2592 Paulus
1049 2536 1241 2593 doctor
1267 2537 1504 2607 gentium
1531 2538 1681 2603 dicit,
1711 2541 1836 2610 quia
1864 2542 1919 2598 in
1941 2542 2054 2612 ipso
2073 2558 2209 2597 com-

624 2625 820 2700 placuit
845 2643 1049 2684 omnem
1076 2627 1446 2698 plenitudinem
1461 2628 1750 2686 inhabitare
1778 2629 1999 2699 (Coloss.
2017 2649 2055 2694 ι,
2082 2632 2204 2702 19)ς

624 2713 690 2770 de
712 2731 819 2786 quo
847 2716 988 2776 idem
1017 2716 1168 2788 dicit,
1198 2719 1325 2789 quia
1347 2720 1402 2773 in
1422 2721 1537 2790 ipso
1565 2719 1820 2776 inhabitat
1841 2723 2010 2778 omnis
2035 2723 2205 2794 pleni-

624 2806 744 2862 tudo
780 2808 1067 2870 divinitatis
1109 2809 1449 2880 corporaliter
1476 2808 1700 2882 (Coloss.
1737 2826 1794 2876 ιι,
1819 2811 1898 2884 9).
1923 2811 2042 2869 Non
2073 2826 2206 2881 ergo

622 2899 872 2958 existimo
924 2900 1001 2955 illi
1048 2901 1241 2958 animae
1296 2902 1349 2956 in
1410 2902 1591 2973 aliquo
1644 2904 1858 2975 plenam
1907 2904 2206 2964 divinitatis

622 2992 810 3048 deesse
839 2993 1111 3070 notitiam,
1141 2993 1297 3064 cujus
1325 3010 1429 3049 una
1473 3003 1556 3052 est
1585 3011 1818 3067 persona
1849 3011 1970 3052 cum
1989 2997 2201 3064 Verbo;

621 3099 780 3156 quam
802 3085 880 3142 sic
904 3075 1173 3158 sapientia
1215 3087 1470 3158 suscepit,
1499 3095 1564 3144 ut
1589 3088 1777 3144 eadem
1800 3089 2064 3159 sapientia
2087 3091 2202 3160 ipsa

620 3177 718 3240 sit;
742 3192 864 3254 quae
890 3192 1069 3234 rerum
1099 3178 1338 3252 omnium
1367 3179 1421 3232 in
1451 3187 1660 3234 tantum
1687 3180 1827 3236 facta
1850 3188 1932 3236 est
1961 3180 2201 3248 domina,

2310 1985 2509 2044 Christi
2537 1993 2631 2042 aut
2656 1986 2834 2042 minus
2862 1984 3064 2056 aliquid
3095 1985 3374 2055 percipere
3399 1981 3663 2049 veritatis,
3686 1989 3784 2036 aut
3801 1981 3909 2035 ini-

2311 2095 2410 2138 nus
2439 2079 2639 2136 habere
2665 2078 2866 2150 aliquid
2894 2079 3175 2138 caritatis?
3201 2077 3322 2149 Ipse
3342 2085 3520 2134 autem
3547 2074 3800 2132 Christus
3823 2079 3910 2132 est

2310 2172 2529 2228 veritas.
2559 2169 2845 2238 Quomodo
2873 2185 3004 2239 ergo
3032 2170 3123 2226 illa
3155 2169 3335 2226 anima
3373 2168 3551 2224 minus
3590 2167 3647 2223 in
3673 2181 3736 2223 se
3759 2165 3905 2222 noti-

2309 2264 2440 2320 tiam
2482 2264 2729 2321 veritatis
2771 2264 2974 2320 habere
3019 2264 3234 2330 dicitur,
3284 2277 3406 2332 qua:
3451 2261 3619 2331 ipsius
3660 2258 3910 2315 veritatis

2312 2357 2495 2413 anima
2532 2357 2881 2426 singulariter
2908 2356 3213 2414 invenitur?
3247 2355 3364 2412 Non
3393 2355 3472 2414 sic
3499 2360 3585 2410 est
3609 2353 3680 2410 de
3707 2350 3909 2408 Christi

2309 2450 2487 2512 ani-ma
2512 2450 2914 2521 disputandum,
2945 2450 3086 2506 sicut
3109 2449 3414 2520 diSputatur
3431 2447 3501 2503 de
3526 2446 3778 2518 quolibet
3804 2459 3906 2500 an-

2307 2543 2481 2610 gelico
2507 2542 2699 2612 spiritu
2736 2542 2824 2598 γε]
2862 2542 3121 2608 hmnano,
3153 2543 3245 2612 qui
3275 2541 3544 2612 particeps
3572 2547 3755 2610 potest
3783 2551 3910 2594 esse

2309 2631 2405 2689 Dei
2433 2633 2565 2700 veri,
2599 2648 2707 2692 non
2745 2633 2888 2690 Deus
2929 2649 3107 2700 verus,
3147 2633 3292 2703 quod
3331 2641 3414 2688 est
3441 2630 3689 2688 Christus
3720 2640 3781 2697 ﬁ;
3810 2631 3906 2699 qui

2307 2721 2600 2796 perfectam
2621 2739 2860 2790 carnem,
2877 2725 3275 2795 perfectamque
3301 2721 3536 2779 animam
3554 2720 3906 2790 rationalem,

2308 2815 2362 2871 id
2389 2825 2474 2872 est
2498 2816 2714 2887 plenam
2741 2817 3031 2872 humanam
3061 2825 3328 2883 naturam,
3355 2815 3408 2870 in
3438 2815 3583 2869 illam
3613 2813 3906 2884 sempiter-

2307 2928 2433 2968 nam
2463 2928 2748 2984 personam
2777 2928 2888 2968 suae
2911 2912 3206 2968 divinitatis
3237 2910 3527 2979 accipiens,
3565 2909 3709 2964 sicut
3746 2914 3906 2962 natu.

2308 3003 2493 3060 raliter
2517 3011 2663 3058 totus
2681 3010 2765 3058 est
2791 3003 2956 3059 homo
2986 3017 3162 3067 verus,
3178 3001 3256 3057 sic
3278 3008 3422 3056 totus
3437 2999 3579 3054 Deus
3598 3005 3685 3054 est
3702 3012 3866 3053 verus
3890 3013 3906 3051 :

2308 3094 2436 3163 quia
2462 3093 2603 3152 sicut
2630 3093 2687 3148 in
2718 3092 3001 3148 divinitate
3026 3107 3124 3148 sua
3167 3099 3336 3150 totum
3360 3090 3525 3146 habet
3553 3088 3911 3144 hunanitatis

2307 3201 2418 3243 sua:
2441 3193 2712 3250 naturam,
2742 3185 2822 3241 sic
2851 3185 2905 3241 in
2930 3185 3266 3242 humanitate
3291 3199 3387 3238 sua
3420 3191 3588 3238 totam
3615 3180 3780 3236 habet
3807 3179 3910 3234 di-

620 3279 679 3324 ut
701 3286 824 3326 cum
853 3271 966 3342 ipsa
1001 3270 1278 3342 divinitate
1305 3287 1423 3338 sua,
1450 3287 1556 3328 una
1583 3273 1657 3328 sit
1686 3274 1740 3328 in
1784 3274 2046 3332 Trinitate
2074 3291 2202 3346 per-
2227 3260 2278 3337 ε
2307 3277 2545 3333 vinitatis
2583 3292 2696 3332 sua:
2728 3276 3105 3340 substantiam,
3137 3283 3310 3330 totam
3336 3273 3698 3343 maiestatem,
3727 3278 3912 3328 totam

620 3376 774 3427 sona,
809 3360 861 3415 id
889 3369 971 3417 est
998 3360 1245 3420 Christus
1277 3363 1587 3430 cruciﬁxus,
1611 3380 1772 3435 quem
1815 3365 1910 3422 Dei
1947 3367 2205 3424 virtutem

620 3452 821 3530 Deique
849 3452 1170 3523 sapientiam
1194 3451 1391 3510 Paulus
1419 3455 1698 3525 apostolus
1717 3456 1974 3527 praedicat
1995 3454 2051 3528 (1
2077 3457 2198 3514 Cor.

618 3559 655 3611 ι,
678 3544 788 3616 24).

647 3699 652 3704 ,
691 3637 778 3693 50.
821 3638 975 3713 Quod
1011 3638 1058 3694 si
1085 3639 1263 3696 anima
1287 3638 1483 3697 Christi
1511 3627 1776 3698 ininorem
1821 3641 1989 3700 habet
2013 3641 2067 3700 in
2095 3641 2201 3698 alio

617 3747 726 3806 quo
755 3731 969 3792 deitatis
995 3748 1106 3790 sum
1131 3733 1398 3798 notitiam,
1427 3750 1536 3790 non
1565 3735 1617 3790 in
1648 3749 1707 3790 se
1729 3735 1893 3794 habet
1920 3742 2091 3791 totam
2112 3751 2200 3790 sa-

616 3825 869 3894 pientiam
898 3835 1172 3896 totamque
1200 3825 1472 3888 virtutem.
1501 3825 1847 3896 Participium
1873 3841 2005 3895 ergo
2028 3826 2200 3882 habet

615 3916 834 3985 Christi,
865 3935 973 3995 non
1000 3919 1114 3989 ipsa
1142 3929 1225 3975 est
1247 3918 1510 3987 Christus,
1542 3921 1589 3978 si
1615 3927 1824 3990 partem
1851 3919 2016 3974 habet
2055 3920 2199 3975 noti-

613 4010 701 4064 tiae
729 4008 1020 4064 divinitatis
1039 4024 1167 4064 sum.
1194 4008 1302 4067 Nos
1322 4018 1501 4066 autem
1521 4011 1811 4082 participes
1832 4007 2033 4066 Christi
2061 4010 2202 4082 Apo-

613 4099 782 4155 stolus
810 4100 1020 4164 asserit,
1055 4098 1278 4156 dicens:
1311 4101 1601 4174 Participes
1631 4104 1767 4158 enim
1789 4102 2000 4163 ,Clzristi
2025 4103 2200 4173 eﬂ'ectt'

615 4205 785 4242 sumus
807 4187 994 4259 (Hebr.
1025 4206 1100 4257 ιιι,
1128 4191 1238 4263 ll).
1276 4190 1425 4249 Unde
1453 4193 1556 4262 ipsi
1580 4191 1796 4249 Christo
1823 4194 2020 4250 dicitur
2044 4211 2058 4248 :
2085 4191 2199 4249 Un-

615 4279 691 4333 ait
723 4289 769 4335 te
790 4279 948 4347 Deus,
964 4281 1102 4338 Deus
1121 4293 1254 4349 tuus,
1270 4285 1382 4340 oleo
1405 4285 1766 4342 exsultationis
1789 4303 1899 4357 pra
1926 4287 2194 4358 participi-

614 4369 708 4427 bus
758 4373 855 4426 tuis
905 4371 1076 4446 (Psal.
1109 4390 1254 4440 κων,
1279 4373 1354 4442 8).
1387 4375 1577 4431 Oleum
1603 4385 1782 4432 autem
1821 4378 2195 4434 exsultationis

613 4476 722 4532 quo
752 4472 942 4520 unctus
968 4472 1052 4520 est
1077 4463 1340 4533 Christus,
1380 4466 1637 4537 Spiritum
1658 4475 1906 4524 sanctum
1934 4480 2055 4524 esse
2085 4485 2193 4526 non

613 4551 835 4610 dubium
863 4564 965 4625 est,
995 4556 1208 4614 dicente
1231 4557 1390 4614 beato
1415 4557 1576 4615 Petro
1604 4577 1617 4614 :
1647 4557 1826 4616 Iesum
1853 4578 1886 4615 α
1920 4560 2192 4618 Nazaretlt

2310 3368 2926 3434 incommutabilitatem,
2959 3375 3128 3423 totam
3165 3367 3439 3432 virtutem,
3484 3374 3657 3422 totam
3682 3365 3910 3435 sapien-

2307 3460 2463 3527 tiam,
2485 3467 2656 3516 totam
2685 3459 3158 3529 omnipotentiam.
3189 3455 3282 3514 Sic
3307 3457 3452 3514 enim
3484 3457 3780 3512 humanam
3804 3471 3906 3512 na-

2307 3559 2487 3607 turam
2507 3551 2648 3607 Deus
2677 3549 2994 3619 Unisenitus
3020 3549 3294 3620 suscipere
3314 3549 3562 3617 dignatus
3579 3555 3685 3613 est,
3702 3555 3763 3602 ut
3785 3547 3906 3617 ipse

2305 3645 2377 3701 sit
2407 3644 2549 3700 Deus
2590 3645 2684 3714 qui
2727 3644 2893 3700 homo
2917 3650 3026 3711 est,
3064 3649 3121 3697 et
3147 3641 3290 3698 idem
3313 3641 3390 3696 sit
3416 3640 3578 3695 homo
3617 3639 3714 3709 qui
3759 3637 3901 3696 Deus

2307 3746 2410 3794 est.
2454 3737 2687 3794 Proinde
2707 3737 2846 3792 sicut
2869 3743 2952 3792 est
2978 3733 3258 3805 plenitudo
3285 3732 3581 3788 divinitatis
3600 3731 3653 3786 in
3681 3731 3900 3788 homine

2303 3829 2540 3893 Christo,
2558 3830 2637 3884 sie
2665 3829 2737 3885 ibi
2760 3837 2844 3883 est
2871 3827 3150 3898 plenitudo
3172 3825 3520 3882 humanitatis
3541 3824 3595 3878 in
3618 3823 3754 3880 Deo.
3780 3823 3903 3879 Sie-

2302 3929 2364 3977 ut
2390 3935 2518 3990 ergo
2540 3921 2784 3978 Christus
2807 3921 2970 3976 homo
2987 3917 3328 3990 singulariter
3348 3917 3531 3980 habet,
3559 3923 3617 3970 ut
3641 3915 3784 3970 Deus
3803 3929 3903 3970 ve-

2300 4030 2394 4071 rus
2413 4014 2502 4078 sit,
2527 4013 2605 4070 sic
2620 4021 2792 4068 totam
2807 4012 3143 4068 divinitatem
3161 4025 3312 4067 suam
3327 4009 3674 4078 singulariter
3691 4009 3866 4065 novit.

2372 4105 2464 4160 5|.
2509 4105 2800 4161 Possumus
2826 4104 2985 4175 plane
3005 4103 3185 4160 dicere
3213 4102 3446 4158 animam
3467 4101 3668 4158 Christi
3691 4101 3898 4158 habere

2299 4197 2514 4269 plenam
2552 4195 2800 4253 notitiam
2828 4196 3042 4252 deitatis
3069 4210 3210 4262 suae;
3259 4194 3443 4252 nescio
3481 4202 3664 4250 tamen
3709 4203 3890 4250 utrum

2299 4289 2594 4347 debeamus
2622 4291 2802 4346 dicere
2838 4290 2982 4359 quod
3021 4289 3199 4344 anima
3226 4286 3429 4344 Christi
3457 4288 3535 4344 sic
3575 4302 3730 4342 suam
3773 4286 3894 4342 dei-

2299 4389 2466 4437 tatem
2489 4382 2700 4438 noverit
2727 4381 3180 4452 quemadmodum
3208 4396 3266 4436 se
3297 4381 3414 4450 ipsa
3444 4379 3617 4435 deitas
3637 4378 3897 4445 novit,an

2299 4474 2406 4536 hoc
2445 4476 2627 4546 potius
2655 4475 2941 4532 dicendum
2969 4481 3071 4541 est,
3105 4475 3230 4544 quia
3275 4475 3429 4530 novit
3471 4479 3735 4543 quantum
3775 4471 3889 4538 illa,

2297 4567 2395 4626 sed
2421 4585 2529 4625 non
2558 4569 2697 4624 sicut
2724 4568 2833 4624 illa.
2883 4567 3002 4638 lpsa
3051 4568 3195 4624 enim
3227 4567 3401 4623 deitas
3427 4566 3506 4622 sic
3533 4581 3594 4621 se
3620 4564 3794 4628 novit,
3831 4570 3893 4618 ut

614 4665 761 4705 ouem
782 4650 929 4706 unxit
951 4649 1090 4707 Deus
1121 4650 1319 4724 Spiritu
1345 4659 1526 4707 sancto
1541 4661 1592 4708 et
1614 4654 1797 4709 virtute
1828 4653 1963 4726 (Act.
1987 4670 2047 4725 ιι,
2073 4653 2188 4725 58).
2222 4668 2276 4728 ι)
2302 4663 2406 4720 hoc
2445 4677 2506 4720 se
2548 4662 2866 4718 naturaliter
2894 4661 3129 4716 inveniat
3157 4676 3276 4716 esse
3310 4659 3454 4729 quod
3497 4658 3680 4725 novit;
3710 4656 3893 4713 anima

612 4737 790 4812 Ipsum
819 4754 947 4812 ergo
972 4741 1113 4798 Deus
1136 4744 1292 4798 unxit
1315 4758 1426 4815 prm
1453 4744 1800 4815 participibus
1823 4746 1954 4812 suis,
1975 4746 2062 4801 cui
2091 4746 2188 4817 (al.

612 4830 758 4904 cum)
789 4849 897 4892 non
921 4835 989 4890 ad
1015 4850 1319 4904 mensuram
1349 4836 1496 4893 dedit
1521 4829 1800 4907 Spiritum,
1824 4838 1877 4892 in
1905 4851 2014 4908 quo
2045 4838 2194 4893 inha-

610 4924 750 4982 bitat
799 4927 974 4984 omnis
1023 4927 1298 5000 plenitudo
1349 4928 1641 4986 divinitatis
1689 4929 2075 5001 corporaliter,
2137 4933 2193 4986 in

609 5032 718 5090 quo
756 5027 882 5075 sunt
925 5035 1111 5076 omnes
1132 5020 1369 5077 thesauri
1400 5021 1677 5092 sapientia:
1712 5030 1770 5078 et
1801 5022 2037 5078 scientiaa
2065 5022 2194 5080 abs-

607 5111 830 5170 conditi.
901 5113 1063 5185 Cujus
1134 5114 1411 5185 sapientia:
1463 5122 1521 5170 et
1570 5115 1804 5172 scientiae
1857 5115 2195 5174 altitudinem

604 5207 799 5263 beatus
841 5206 1131 5279 Apostolus
1175 5208 1418 5287 miratur,
1466 5207 1648 5265 dicens
1690 5227 1704 5267 :
1754 5206 1798 5265 0
1844 5210 2065 5266 altitudo
2108 5209 2194 5265 di-

605 5300 847 5358 vitiarunt
880 5301 1152 5372 sapientia:
1197 5310 1247 5354 et
1289 5301 1519 5356 scientia
1560 5299 1661 5358 Dei
1707 5301 1884 5374 (Rom.
1939 5319 2012 5368 xi,
2059 5301 2186 5371 55)!

606 5389 879 5446 Christum
919 5400 1101 5449 autem
1146 5408 1254 5447 non
1283 5392 1457 5448 solum
1498 5391 1790 5448 secundum
1833 5391 2189 5461 divinitatem,

605 5487 701 5540 sed
741 5489 905 5542 etiam
941 5489 1237 5547 secundum
1280 5489 1666 5544 humanitatem
1697 5500 1823 5543 vera
1856 5487 1991 5544 ﬁdes
2016 5495 2188 5544 totum

605 5577 923 5634 altissimum
953 5580 1258 5636 conﬁtetur.
1285 5578 1460 5635 Mater
1497 5578 1637 5634 enim
1663 5577 1793 5634 Sion
1819 5579 1946 5634 dicit
1970 5597 1983 5633 :
2015 5579 2186 5645 homo,

605 5679 655 5724 et
681 5672 832 5727 homo
863 5674 1031 5744 {actus
1061 5671 1155 5744 (al.
1187 5669 1361 5743 natus)
1389 5679 1465 5726 est
1493 5688 1549 5726 in
1587 5688 1669 5738 ea,
1706 5680 1757 5728 et
1795 5673 1906 5744 ipse
1952 5671 2191 5743 {undavit

2302 4761 2485 4810 autem
2509 4753 2598 4809 illa
2628 4754 2706 4810 sic
2727 4761 2899 4810 totam
2925 4752 3183 4809 deitatem
3203 4764 3354 4807 suam
3385 4750 3554 4818 novit,
3584 4756 3644 4804 ut
3671 4749 3792 4818 ipsa
3811 4755 3893 4802 ta-

2302 4859 2426 4900 men
2447 4843 2622 4900 deitas
2661 4859 2770 4900 non
2798 4843 2887 4901 sit.
2913 4842 3092 4898 Deitas
3120 4855 3250 4910 ergo
3279 4840 3370 4895 illa
3409 4839 3523 4910 ipsa
3553 4845 3637 4894 est
3666 4845 3892 4894 natura-

2301 4937 2426 4994 liter
2443 4937 2635 4995 notitia
2655 4953 2780 5003 sua;
2805 4937 2982 4992 anima
3006 4951 3137 4990 vero
3158 4935 3246 4990 illa
3268 4935 3336 4989 ab
3362 4935 3472 5004 ipsa
3495 4933 3701 4989 deitate
3729 4947 3891 5004 quam

2301 5028 2462 5099 plene
2491 5029 2639 5085 novit
2662 5029 2944 5098 aceepitut
2959 5027 3166 5082 noverit
3195 5043 3208 5080 :
3240 5025 3555 5082 naturaliter
3574 5039 3707 5094 ergo
3721 5024 3896 5080 deitas

2303 5119 2500 5176 Christi
2536 5119 2640 5176 hoc
2677 5127 2760 5174 est
2787 5117 2929 5188 quod
2958 5118 3138 5184 novit;
3185 5119 3362 5175 anima
3411 5133 3541 5174 vero
3586 5117 3680 5172 illa
3724 5117 3780 5172 in
3827 5130 3897 5171 eo

2303 5211 2448 5281 quod
2474 5211 2576 5267 scit
2599 5209 2857 5266 deitatem
2885 5225 3058 5276 suam,
3109 5225 3216 5266 non
3262 5211 3367 5267 hoc
3410 5225 3472 5268 se
3520 5209 3729 5265 invenit
3774 5221 3902 5264 esse

2302 5303 2448 5372 quod
2487 5303 2658 5360 novit.
2699 5301 2816 5358 Non
2866 5315 2996 5371 ergo
3037 5301 3490 5373 quemadmodum
3532 5316 3592 5358 se
3618 5307 3898 5358 noverunt

2301 5393 2487 5464 Pater,
2517 5403 2572 5452 et
2597 5395 2783 5462 Filius,
2828 5403 2885 5451 et
2929 5394 3160 5468 Spiritus
3183 5404 3424 5462 sanctus,
3453 5395 3532 5452 sic
3558 5395 3754 5450 animae
3780 5407 3894 5450 suae

2298 5486 2596 5543 secundum
2624 5485 2960 5544 divinitatem
2987 5495 3150 5543 notus
3191 5495 3277 5544 est
3320 5485 3605 5544 Christus:
3631 5485 3894 5556 quoniam

2300 5579 2515 5650 quidem
2543 5580 2710 5635 habet
2733 5580 2913 5636 anima
2940 5580 3033 5638 illa
3053 5580 3268 5650 plenam
3299 5579 3578 5638 Trinitatis
3619 5578 3893 5642 notitiam,

2295 5688 2405 5729 non
2430 5679 2612 5736 tamen
2637 5671 2805 5728 habet
2835 5687 2996 5728 unam
3011 5687 3135 5740 eum
3161 5669 3422 5728 Trinitate
3451 5678 3717 5728 naturam.
3733 5668 3894 5724 Aliud

602 5780 719 5820 eam
739 5766 1037 5826 Altissimus
1067 5763 1242 5837 (Psal.
1263 5779 1484 5834 anvt,
1513 5761 1591 5837 5).
1618 5762 1687 5818 Et
1713 5778 1904 5821 revera
1941 5763 2062 5833 quis
2089 5777 2186 5819 au-
2291 5770 2376 5822 est
2416 5769 2599 5819 autem
2633 5761 2923 5831 unicuique
2943 5761 3025 5818 rei
3054 5777 3216 5818 nosse
3242 5760 3388 5832 quod
3436 5757 3757 5820 naturaliter
3784 5763 3890 5824 est,

677 5933 705 5963 ι
731 5922 882 5993 Ant.,
923 5930 1001 5985 vel
1028 5927 1270 5984 humano.
1307 5923 1434 5989 Quis
1461 5923 1714 5996 particeps
1745 5929 1911 5995 potest
1954 5935 2068 5976 esse
2096 5918 2200 5975 Dei
2218 5919 2348 5984 veri,
2374 5915 2479 5972 nisi
2506 5913 2645 5973 Deus
2674 5933 2820 5973 verus
2841 5915 2926 5986 qui
2947 5923 3022 5972 est
3051 5911 3311 5973 Christus?
