4124 6484
346 383 444 453 lat

1756 395 2083 465 EPISTOLA
2120 402 2232 462 XIV

3523 395 3633 467 £9!

350 511 497 568 aliud
519 522 676 564 nosse
701 501 847 580 quod
877 508 1195 568 naturaliter
1240 521 1348 567 non
1394 511 1497 567 est.
1549 509 1728 566 Oculis
1766 527 1932 584 porro
1960 517 2011 579 Α
2037 517 2223 584 gratiae
2244 524 2299 572 et
2319 516 2581 583 veritatis,
2606 524 2665 571 ut
2684 516 2825 573 sicut
2844 525 2928 574 est
2951 515 3005 573 in
3027 515 3304 575 divinitate
3328 516 3446 593 ejus
3467 521 3629 593 plena

341 599 722 679 'corporali'bus
746 601 889 659 Deus
915 600 1136 675 spiritus
1171 606 1280 659 non
1320 601 1551 659 videtur.
1586 600 1739 660 Unde
1766 616 1934 674 quos-

344 692 477 753 'dam
503 696 695 751 beatus
714 691 1061 766 Augustinus,
1087 696 1180 769 qui
1201 696 1307 752 hoc
1326 694 1616 752 voluerunt
1635 694 1701 752 de
1721 694 1936 753 Christo

336 786 595 853 credere,
616 786 760 857 quod
786 784 954 842 Deum
987 785 1203 844 Patrem
1243 786 1412 843 oculis
1451 786 1823 858 corporalibus
1849 785 1935 843 vi:-

336 876 496 947 deat,
528 878 601 951 in
646 876 874 949 epistola
900 890 1063 950 quam
1100 879 1169 935 ad
1204 876 1448 936 Italicam
1491 877 1705 948 scripsit
1736 875 1931 951 (Epist.

341 972 485 1026 alias
517 948 571 1037 li,
612 948 749 1025 nunc
774 966 892 1041 82),
917 948 1049 1026 licet
1065 968 1217 1026 brevi
1238 983 1512 1035 sermone,
1541 948 1827 1024 sufﬁcienti
1846 975 1933 1023 ta-

338 1070 474 1119 men
496 1061 848 1133 responsione
876 1056 1165 1118 convincit.
1199 1060 1314 1117 H0c
1332 1056 1536 1117 habent
1566 1060 1764 1133 quippe
1791 1056 1933 1116 oculi

332 1152 612 1225 corporis,
636 1159 698 1209 ut
717 1166 827 1209 non
854 1148 1028 1209 solum
1068 1167 1298 1225 corpora
1325 1152 1564 1221 videant,
1591 1150 1685 1209 sed
1721 1167 1822 1208 nec
1847 1150 1932 1205 vi-

330 1242 479 1301 dere
498 1246 727 1317 possint,
753 1245 799 1302 si
828 1243 969 1302 inter
996 1244 1143 1317 ipsos
1169 1253 1228 1301 et
1271 1260 1337 1301 ea
1379 1259 1501 1317 quae
1528 1244 1729 1311 vident,
1772 1243 1933 1314 spatii

343 1341 664 1411 cujusquam
706 1338 885 1394 media
928 1337 1206 1394 intervalla
1254 1342 1364 1394 non
1411 1336 1630 1393 fuerint.
1676 1334 1805 1391 lude
1851 1342 1936 1390 est

343 1434 493 1505 quod
521 1448 644 1489 cum
687 1430 793 1488 alia
838 1432 1069 1503 plurima
1095 1431 1337 1500 videant,
1376 1431 1583 1502 seipsos
1611 1429 1798 1485 videre
1821 1445 1932 1485 non

342 1533 594 1598 possunt,
622 1539 724 1581 nec
744 1523 930 1580 vident
953 1523 1009 1580 in
1028 1538 1108 1592 se,
1124 1539 1247 1581 cum
1267 1523 1484 1585 videant
1507 1531 1661 1579 extra
1683 1536 1743 1578 se
1768 1539 1783 1578 :
1805 1536 1934 1578 nam

342 1630 403 1677 et
427 1621 540 1691 ipsa
562 1619 711 1676 acies
734 1618 958 1679 visionis
984 1618 1323 1686 obtunditur,
1351 1618 1398 1676 si
1422 1617 1624 1688 aliquid
1639 1617 1932 1675 videndum

345 1712 509 1785 255
554 1710 689 1783 ipsis
737 1710 910 1767 oculis
955 1709 1296 1780 adﬂigatur.
1335 1708 1588 1779 Quisquis
1623 1723 1751 1779 ergo
1780 1716 1936 1780 putat

342 1803 518 1860 Deum
545 1817 707 1874 posse
734 1802 906 1859 oculis
940 1802 1317 1875 corporalibus
1363 1803 1537 1872 cerni,
1588 1803 1738 1873 prius
1763 1811 1851 1859 est
1875 1810 1936 1858 ut

2039 607 2389 664 humanitatis
2431 609 2697 681 acceptio,
2737 611 2816 667 sic
2854 608 2907 665 in
2946 609 3281 667 humanitate
3322 609 3439 681 ejus
3470 612 3627 683 plena

2039 698 2111 754 Sit
2139 698 2431 756 divinitatis
2459 700 2680 770 agnitio.
2712 701 2823 759 Nec
2855 711 3161 758 metuamus
3187 717 3431 759 asserere
3481 706 3628 777 quod

2038 790 2240 848 Christi
2270 794 2447 849 anima
2472 801 2641 853 totam
2669 792 2926 851 deitatem
2952 810 3105 850 suam
3136 795 3307 863 novit,
3339 811 3408 852 ne
3433 811 3501 852 ex
3527 788 3631 855 hoc

2040 878 2271 955 dicatur,
2297 903 2417 944 cum
2442 887 2558 958 ipsa
2585 885 2788 945 dcitate
2809 889 2966 944 unius
2982 904 3103 945 esse
3124 897 3356 955 naturai;
3381 904 3503 946 cum
3527 889 3630 944 uti-

2079 990 2146 1032 ue
2173 976 2220 1031 si
2246 976 2352 1033 hoc
2378 977 2716 1035 ratiocinatio
2745 994 2872 1035 vera
2913 977 3177 1051 deposcit,
3211 987 3270 1034 ut
3299 979 3354 1035 in
3390 979 3628 1052 plenitu~

2079 990 2146 1032 ue
2173 986 2220 1031 Si
2246 986 2352 1033 hoc
2378 986 2716 1035 ratiocinatio
2745 994 2872 1035 vera
2913 986 3177 1051 deposcit,
3211 987 3270 1034 ut
3299 986 3354 1035 in
3390 986 3628 1052 plenitu~

2038 986 2166 1121 Eine
2192 1067 2513 1137 cognitionis
2560 1070 2816 1143 continuo
2855 1068 2926 1125 sit
2968 1070 3145 1125 unitas
3195 1070 3482 1138 naturalis;
3514 1068 3630 1143 ipse

2041 1156 2288 1228 primitus
2315 1157 2480 1225 Deus,
2527 1159 2655 1230 quia
2700 1161 2880 1218 omnia
2919 1175 3039 1235 quae
3073 1160 3219 1231 fecit,
3246 1161 3406 1235 plene
3443 1158 3629 1234 utique

2041 1250 2212 1317 novit,
2245 1249 2362 1320 ejus
2389 1250 2601 1307 dicetur
2628 1268 2747 1308 esse
2776 1261 3005 1320 naturae,
3036 1252 3191 1325 cujus
3217 1262 3344 1309 sunt
3381 1253 3470 1309 illa
3511 1269 3629 1326 qum

2036 1338 2167 1396 lbcit
2209 1348 2262 1396 et
2292 1340 2460 1397 novit.
2495 1338 2651 1410 Quod
2680 1342 2772 1413 qui
2807 1342 2982 1399 credit
3018 1350 3114 1398 aut
3140 1344 3364 1413 asserit,
3395 1359 3502 1400 non
3532 1360 3629 1401 ca-

2038 1428 2239 1488 thdllca
2260 1434 2491 1489 veritate
2516 1434 2789 1515 przeditus,
2821 1434 2917 1491 scd
2940 1434 3233 1492 Manichaee
3263 1436 3321 1492 ﬁt
3350 1432 3630 1509 impietate

2037 1516 2337 1595 possessus.
2370 1520 2571 1581 Deinde
2600 1524 2729 1581 illud
2770 1532 2855 1581 est
2900 1520 3250 1582 nihilominus
3289 1527 3627 1597 intuendum,

2038 1610 2184 1686 quod
2205 1613 2321 1685 ipsa
2341 1608 2541 1671 Christi
2564 1616 2737 1671 anima
2766 1631 2835 1672 ex
2861 1624 3278 1694 quantacunque
3302 1626 3456 1688 parte
3484 1617 3630 1674 dica-

2038 1708 2129 1760 tur
2149 1703 2366 1760 deitatis
2408 1718 2520 1761 suae
2548 1705 2749 1762 habere
2776 1706 3046 1773 notitiam,
3088 1706 3270 1762 statim
3309 1706 3504 1763 dicitur
3533 1706 3627 1779 (al.

2040 1797 2273 1868 dicetur)
2304 1812 2373 1854 ex
2401 1805 2549 1854 tanta
2570 1802 2724 1870 parte
2750 1815 2911 1854 unam
2932 1799 3136 1856 habere
3159 1816 3284 1856 cum
3308 1815 3405 1856 sua
3430 1800 3631 1857 deitate

341 1906 473 1953 eum
499 1895 645 1953 dicat
669 1897 738 1952 ab
766 1896 899 1967 ipsis
921 1897 1094 1953 oculis
1135 1896 1408 1968 corporali
1448 1897 1626 1968 spatio
1644 1897 1889 1967 separari
1915 1914 1930 1952 :
1963 1903 2015 1967 Β
2036 1890 2320 1958 naturam;
2348 1888 2491 1965 quod
2521 1891 2706 1963 utique
2734 1905 2942 1962 magnae
2987 1892 3212 1949 insania:
3247 1902 3351 1950 est.
3394 1890 3530 1951 Nam
3574 1901 3631 1949 et

341 1988 590 2061 quistu
616 1998 799 2045 autem
821 1988 941 2045 vult
962 2003 1261 2059 agnoscere
1280 1988 1479 2061 quibus
1504 1989 1676 2045 oculis
1690 1988 1833 2045 Deus
1854 1988 1937 2044 vi-

342 2082 560 2152 deatur,
581 2082 757 2155 ipsum
793 2081 964 2138 Deum
991 2082 1198 2152 cogitet
1222 2082 1347 2151 quia
1367 2088 1423 2137 et
1443 2081 1726 2152 sapientia,
1756 2089 1816 2137 et
1834 2096 1935 2138 ve-

344 2174 503 2243 ritas,
528 2181 585 2230 et
610 2174 811 2230 caritas
848 2182 955 2230 est.
996 2171 1266 2243 Quocirca
1294 2175 1489 2244 quibus
1516 2174 1694 2232 oculis
1718 2175 1936 2233 videtur

342 2265 630 2336 sapientia,
660 2266 862 2323 veritas
907 2274 965 2322 et
982 2267 1201 2334 caritas,
1230 2267 1361 2338 ipsis
1389 2266 1559 2323 oculis
1604 2267 1818 2324 videtur
1841 2268 1937 2325 illa

342 2356 581 2427 sapiens,
609 2372 739 2415 vera
769 2372 1006 2429 caraque
1030 2358 1305 2415 divinitas.
1324 2357 1443 2415 Non
1465 2359 1649 2430 itaque
1666 2361 1931 2432 corporis,

347 2447 444 2502 sed
473 2447 643 2504 oculis
664 2449 856 2507 anima:
878 2448 1126 2507 humanm
1166 2450 1307 2507 Deus
1333 2466 1487 2508 suam
1511 2452 1775 2509 visionem
1803 2462 1935 2523 pro-

346 2539 535 2604 mittit,
564 2554 726 2609 quam
770 2555 1024 2610 capacem
1054 2542 1353 2614 sapientiae,
1374 2543 1640 2610 veritatis,
1664 2544 1936 2600 caritatis-

343 2648 455 2705 que
482 2633 779 2689 constituit.
806 2632 1035 2704 Spiritus
1063 2648 1192 2705 ergo
1214 2636 1493 2693 rationalis
1516 2638 1730 2709 accepit
1748 2651 1779 2691 a
1800 2637 1936 2707 Deo,

340 2719 410 2779 ut
439 2723 618 2807 videat
641 2724 809 2781 Deum
837 2742 852 2779 :
885 2720 1096 2796 accepit
1119 2730 1304 2798 utique
1345 2744 1442 2811 per
1469 2730 1727 2799 gratiam;
1775 2747 1938 2802 quem

347 2813 447 2887 (al.
480 2815 622 2887 quae)
659 2822 840 2871 tamen
868 2824 975 2871 non
1005 2824 1157 2872 extra
1186 2833 1245 2877 se
1275 2827 1455 2891 potest
1496 2818 1696 2887 videre,
1742 2822 1838 2876 sed
1883 2816 1938 2876 ih

347 2921 446 2977 se;
475 2904 618 2961 Deus
652 2907 796 2962 enim
825 2904 932 2964 no'n
961 2908 1083 2965 loco
1107 2910 1433 2978 continetur,
1466 2911 1564 2967 sed
1591 2910 1786 2969 affectu
1810 2928 1937 2986 per-

348 2999 566 3072 cipitur,
589 3008 645 3057 et
668 2998 790 3058 ideo
812 2996 866 3056 in
893 3018 1002 3073 quo
1022 2998 1133 3058 'non
1145 3002 1370 3071 habitat,
1385 3022 1492 3074 non
1515 3006 1745 3063 videtur.
1770 3007 1938 3067 Multo

350 3091 495 3148 enim
522 3093 750 3149 interius
779 3093 1014 3149 animam
1058 3092 1325 3151 inhabitat
1362 3095 1524 3166 Deus,
1568 3088 1739 3172 quam
1758 3101 1939 3157 anima

351 3182 616 3239 inhabitat
645 3199 868 3257 corpus;
911 3178 1165 3260 quoniam
1208 3195 1424 3244 creator
1459 3190 1678 3263 Spiritus
1714 3190 1805 3248 ille
1831 3199 1935 3259 est,

2039 1979 2141 2039 nos
2167 1978 2446 2055 speramus
2474 1998 2572 2056 per
2591 1982 2689 2040 Dei
2716 1978 2944 2054 gratiam
2964 1983 3176 2043 visuros
3196 2001 3317 2042 esse
3344 1984 3514 2042 Deum
3537 2002 3552 2040 :
3573 1984 3631 2047 in

2034 2084 2296 2153 “quantum
2317 2086 2497 2135 autem
2523 2078 2753 2148 visuros,
2784 2079 2839 2135 in
2869 2070 3080 2136 tantum
3109 2080 3225 2139 sine
3253 2080 3417 2141 dubio
3444 2080 3632 2157 cogni-

2038 2160 2225 2239 turos;
2275 2170 2437 2243 256
2481 2170 2738 2241 quoniam
2787 2179 3075 2242 utrumque
3127 2173 3284 2231 nobis
3334 2158 3630 2245 apostolica

2039 2263 2384 2319 commendat
2407 2263 2724 2333 auctoritas,
2773 2280 2900 2320 nam
2932 2273 2989 2323 et
3015 2264 3206 2324 beatus
3233 2264 3522 2339 Apostolus
3548 2265 3631 2324 di-

2038 2352 2151 2411 cit:
2181 2353 2339 2410 Nunc
2367 2372 2621 2429 cognosco
2650 2358 2728 2413 ἐπ
2762 2366 2932 2429 parte,
2963 2368 3083 2413 tunc
3115 2367 3287 2416 autem
3321 2374 3630 2433 cognoscam

2039 2444 2172 2503 sicut
2215 2456 2264 2503 et
2308 2436 2546 2521 Cognitui
2575 2465 2688 2503 sum
2731 2447 2783 2523 (1
2827 2446 2949 2505 Cor.
2996 2449 3267 2527 1111,12);
3306 2458 3364 2509 et
3401 2451 3630 2511 dilectus

2039 2536 2237 2594 Christi
2265 2536 2501 2595 Joannes
2526 2536 2890 2597 indubitanter
2911 2538 3102 2596 asserit
3125 2558 3139 2595 :
3168 2538 3303 2608 Quia
3324 2558 3440 2597 cum
3461 2556 3628 2613 appa-

2040 2628 2220 2697 ruerit,
2253 2630 2447 2685 similes
2470 2631 2518 2685 ei
2543 2632 2768 2696 erimus,
2816 2633 3061 2703 quoniam
3120 2630 3214 2706 (al.
3246 2622 3318 2703 et)
3349 2630 3629 2689 videbimus

2040 2736 2153 2775 eum
2202 2720 2353 2775 sicuti
2397 2728 2473 2775 est
2516 2718 2570 2795 (1
2599 2719 2758 2776 Joan.
2791 2737 2869 2787 ιιι,
2893 2720 2972 2795 2).
3002 2719 3152 2778 Visio
3181 2730 3361 2778 autem
3398 2721 3487 2777 illa
3517 2737 3628 2781 non

2040 2813 2208 2868 solius
2236 2812 2414 2867 carnis
2441 2812 2565 2882 erit,
2596 2810 2887 2868 secundum
2908 2828 3069 2883 quam
3095 2813 3268 2871 solam
3288 2813 3436 2870 solus
3460 2806 3629 2871 Filius

2042 2902 2110 2959 ab
2135 2902 2314 2975 impiis
2347 2903 2618 2958 videbitur
2644 2904 2710 2959 ad
2737 2919 2927 2961 eorum
2968 2902 3476 2963 condemnationem
3504 2921 3628 2979 per-

2041 3004 2292 3071 petuam;
2322 2994 2419 3051 sed
2463 2997 2569 3051 erit
2605 2994 2743 3052 visio
2788 2994 3025 3058 deitatis,
3057 2996 3349 3052 secundum
3379 3012 3541 3067 quam
3569 3012 3628 3055 se

2042 3091 2157 3167 ipsa
2184 3089 2419 3145 Trinitas
2446 3089 2521 3145 ita
2547 3088 2829 3146 videndam
2855 3086 3116 3162 praebebit
3132 3086 3315 3161 justis,
3344 3099 3403 3146 ut
3432 3090 3521 3146 illa
3547 3089 3627 3146 di-

2042 3180 2278 3236 viuitatis
2303 3179 2613 3237 indesinens
2641 3179 2796 3247 visio,
2826 3181 2942 3251 ipsa
2968 3179 3040 3235 sit
3062 3176 3409 3236 beatitudinis
3437 3176 3628 3235 indeli-

352 3274 453 3331 iste
482 3282 713 3330 creatus.
746 3273 804 3331 In
834 3282 1042 3332 tantum
1091 3291 1221 3347 ergo
1264 3262 1429 3335 habet
1468 3262 1719 3355 quaelibet
1759 3284 1934 3340 sancti
1961 3290 2010 3357 ο
2041 3273 2188 3331 ciens
2216 3272 2515 3346 plenitudo.
2546 3270 2674 3329 Inde
2699 3273 2843 3329 enim
2868 3281 2997 3350 sunt
3037 3268 3189 3338 beati.
3212 3273 3405 3330 mundo
3443 3274 3622 3346 corde,

328 3365 588 3433 hominis
630 3366 806 3422 anima
833 3360 977 3424 illius
1016 3370 1211 3424 summi
1246 3362 1344 3425 Dei
1372 3370 1641 3446 notitiam,
1680 3370 1736 3427 in
1759 3386 1934 3445 quan-

353 3470 466 3517 tum
494 3450 716 3517 interna:
738 3460 958 3519 visionis
985 3464 1257 3533 acceperit
1282 3462 1528 3537 gratiam.
1568 3460 1724 3528 Unde
1752 3467 1934 3525 nescio

351 3550 623 3623 quomodo
669 3546 997 3625 accipiamus
1041 3548 1387 3622 Unigenitum
1434 3570 1465 3610 a
1507 3552 1670 3611 Patre
1714 3556 1935 3628 plenum

354 3643 539 3713 gratiae
570 3643 913 3719 et'veritatis,
938 3642 983 3698 si
1012 3630 1098 3699 vel
1129 3642 1205 3702 illi
1230 3644 1548 3717 plenitudini
1573 3647 1813 3705 veritatis
1838 3648 1933 3706 ali-

354 3735 481 3808 quid
508 3730 858 3809 plenitudinis
885 3736 1071 3807 gratia:
1091 3734 1278 3793 deesse
1319 3737 1567 3807 dicimus,
1599 3740 1686 3796 vel
1716 3741 1791 3797 illi
1817 3742 1935 3815 ple-

348 3819 582 3883 nitudini
612 3827 800 3905 gratia:
824 3843 931 3887 non
969 3835 1138 3883 totam
1170 3827 1347 3885 inesse
1374 3831 1617 3887 veritatis
1644 3830 1935 3904 plenitudi-

350 3935 476 3976 nem
503 3916 832 3977 aestimemus
857 3939 869 3972 :
905 3936 1028 3976 cum
1078 3921 1266 3990 utique
1302 3923 1357 3977 in
1385 3938 1451 3977 eo
1479 3924 1777 3981 certissime
1800 3922 1937 3981 Uni-

349 4015 563 4084 genitus
589 4029 621 4068 a
647 4010 805 4068 Patre
833 4010 1024 4084 plenus
1042 4023 1363 4084 agnoscatur
1382 4017 1568 4085 gratiae
1591 4023 1647 4072 et
1673 4018 1936 4082 veritatis,

350 4103 531 4160 sinon
556 4104 729 4163 solum
776 4104 831 4160 in
869 4103 987 4176 ipso
1028 4121 1140 4161 uno
1182 4105 1342 4177 plena
1371 4107 1542 4176 gratia
1566 4108 1934 4178 humanitatis,

351 4195 619 4269 plenaque
656 4196 950 4253 divinitatis
994 4198 1195 4255 veritas
1243 4208 1598 4269 agnoscatur;
1643 4201 1738 4256 sed
1774 4201 1938 4261 etiam

350 4287 628 4360 plenitudo
677 4288 921 4346 veritatis
965 4289 1020 4345 in
1073 4289 1249 4362 seipsa
1297 4291 1691 4363 plenitudinem
1741 4293 1940 4350 habeat

352 4378 565 4451 gratiae,
613 4397 718 4452 qua
749 4392 832 4438 est
853 4390 967 4437 tota
993 4378 1303 4441 humanitas
1328 4385 1381 4440 in
1422 4384 1703 4445 divinitate
1725 4404 1855 4456 sua;
1884 4398 1940 4445 et

354 4470 629 4543 plenitudo
657 4473 843 4544 gratiae
870 4472 1257 4545 plenitudinem
1287 4475 1341 4531 in
1365 4492 1423 4533 se
1443 4477 1644 4534 habeat
1670 4480 1933 4549 veritatis,

353 4576 458 4633 qua
492 4572 575 4621 est
602 4570 714 4619 tota
743 4562 993 4623 divinitas
1028 4563 1083 4619 in
1111 4564 1445 4622 humanitate
1472 4583 1565 4623 sua
1592 4587 1604 4623 :
1632 4567 1705 4625 ita
1735 4575 1794 4624 ut
1823 4570 1937 4643 ple-

2911 3342 2918 3350 α

2037 3365 2279 3437 quoniam
2306 3362 2409 3437 ipsi
2436 3361 2604 3419 Deum
2628 3363 2869 3419 videbunt
2900 3363 3116 3438 (Matth.
3140 3381 3193 3434 ν,
3223 3363 3301 3439 8).
3329 3362 3388 3421 In
3416 3374 3626 3427 tantum

2036 3471 2167 3527 ergo
2215 3455 2553 3511 divinitatem
2604 3464 2805 3512 sancta:
2860 3454 3137 3514 Trinitatis
3186 3456 3517 3527 videbimus,
3566 3458 3624 3523 in

2036 3557 2293 3623 quantum
2328 3548 2654 3621 accipiemus
2684 3549 2780 3620 (al.
2811 3549 3108 3622 capiemus)
3148 3549 3293 3609 dono
3332 3551 3523 3627 gratim
3564 3558 3625 3608 ut

2036 3640 2222 3696 videre
2257 3640 2547 3712 possimus.
2576 3639 2688 3697 Nec
2716 3649 2897 3696 tamen
2928 3640 2983 3697 in
3012 3649 3271 3713 quantum
3297 3640 3621 3715 videbimus,

2036 3731 2089 3787 in
2115 3732 2318 3789 tantum
2341 3730 2441 3805 ipsi
2461 3727 2722 3787 divinitati
2742 3724 3226 3789 consubstantiales
3244 3733 3464 3790 erimus.
3486 3732 3623 3793 Nam

2038 3832 2093 3879 et
2133 3838 2360 3894 corpore
2388 3821 2633 3878 videmus
2674 3823 2863 3890 multa,
2903 3837 3023 3894 qum
3070 3839 3191 3879 cum
3230 3833 3414 3879 nostra
3456 3839 3622 3885 carne

2038 3931 2147 3969 non
2199 3920 2326 3969 sunt
2372 3913 2531 3968 unius
2577 3911 2925 3986 ejusdemque
2967 3922 3192 3970 naturae.
3242 3910 3435 3970 Vident
3476 3914 3622 3973 enim

2039 4006 2180 4061 oculi
2228 4004 2397 4060 nostri
2445 4005 2640 4072 lucem,
2671 4021 2793 4061 cum
2823 4014 3004 4062 tamen
3032 4006 3254 4063 alterius
3276 4016 3486 4065 natura:
3513 4008 3624 4067 sint

2040 4096 2137 4165 illi,
2160 4096 2382 4152 alterius
2403 4094 2512 4151 illa.
2540 4095 2686 4152 Dixit
2709 4094 2925 4171 quidem
2949 4099 3141 4156 beatus
3173 4098 3411 4158 Joannes
3435 4119 3450 4156 :
3482 4099 3623 4168 Quo-

2038 4189 2181 4243 niam
2210 4204 2323 4242 cum
2354 4189 2671 4261 apparuerit,
2704 4189 2901 4245 similes
2934 4175 2990 4245 ei
3022 4190 3231 4259 erimus,
3263 4192 3506 4266 quoniam
3541 4196 3624 4250 vi-

2040 4278 2269 4336 debimus
2297 4297 2413 4335 eum
2433 4280 2585 4336 sicuti
2612 4290 2688 4337 est
2718 4279 2773 4351 (Ι
2792 4280 2951 4339 Joan.
2982 4300 3060 4351 ιιι,
3092 4283 3170 4358 2).
3203 4283 3418 4345 Similes
3438 4296 3621 4345 autem

2039 4372 2193 4437 dixit,
2226 4372 2528 4429 imitatione
2556 4372 2761 4430 scilicet
2782 4373 3026 4446 justitim,
3058 4392 3168 4433 non
3206 4377 3417 4434 unitate
3461 4391 3622 4436 natu-

2039 4482 2112 4522 rae
2137 4485 2148 4520 :
2172 4466 2465 4523 secundum
2494 4482 2655 4537 quam
2684 4468 3061 4539 imitationem,
3110 4470 3242 4528 dicit
3267 4472 3457 4529 beatus
3487 4473 3624 4531 Pau-

2037 4558 2121 4615 lus
2147 4579 2159 4614 :
2190 4559 2487 4615 Imitalores
2508 4561 2607 4615 mei
2627 4570 2810 4629 estote,
2837 4563 2971 4618 sicut
2993 4572 3043 4619 et
3076 4581 3170 4638 ego
3195 4563 3387 4621 Christi
3415 4564 3470 4639 (Ι
3498 4562 3621 4625 Cor.

352 4648 539 4710 nitudo
565 4656 808 4741 veritatis
835 4655 1217 4727 plenitudinem
1266 4660 1321 4714 in
1367 4675 1428 4716 se
1475 4659 1676 4718 habeat
1727 4662 1930 4733 gratiae,

2040 4665 2114 4719 ιι,
2141 4648 2229 4723 l);
2255 4655 2309 4705 et
2338 4650 2527 4705 beatus
2552 4647 2793 4709 Joannes
2817 4652 2929 4708 ait:
2955 4654 3056 4722 Qui
3094 4654 3223 4709 dicit
3248 4671 3303 4710 se
3330 4655 3385 4708 in
3417 4653 3627 4713 Christo

352 4754 409 4801 et
434 4736 711 4818 plenitudo
751 4748 937 4818 gratiae
972 4747 1361 4821 plenitudinem
1389 4751 1445 4809 in
1474 4766 1533 4809 se
1570 4748 1771 4811 habeat
1796 4753 1937 4811 veri-

353 4837 482 4897 tatis

422 4930 513 4989 53.
554 4924 670 4988 Non
700 4941 882 4990 autem
910 4940 1026 4989 tota
1071 4932 1354 5006 plenitudo
1393 4935 1639 4993 veritatis
1682 4938 1932 5005 habetur,

351 5014 570 5097 quando
600 5023 765 5094 ipsius
793 5023 1036 5081 veritatis
1064 5024 1266 5098 aliquid
1294 5026 1593 5097 ignoratur,
1622 5027 1767 5099 quod
1795 5029 1937 5086 absit

353 5126 414 5174 ut
451 5114 519 5173 de
557 5114 773 5173 Christo
809 5117 1145 5188 aliquatenus
1183 5118 1497 5177 sentiamus.
1528 5117 1618 5179 Sic
1644 5120 1788 5178 enim
1815 5129 1932 5179 tota

352 5190 634 5277 plenitudo
676 5205 860 5275 gratiae
888 5214 974 5265 est
1016 5205 1072 5262 in
1110 5205 1199 5262 illa
1229 5207 1560 5279 plenitudine
1587 5208 1847 5275 veritatis,
1878 5218 1941 5268 ut

352 5302 445 5358 illa
482 5302 642 5372 plena
679 5300 852 5357 deitas
882 5308 1048 5357 totam
1079 5299 1299 5375 impleat
1325 5302 1717 5358 humanitatem
1744 5318 1934 5372 suam;

352 5401 409 5449 et
436 5394 515 5450 sic
542 5402 627 5449 est
656 5391 933 5464 plenitudo
961 5392 1203 5449 veritatis
1227 5393 1283 5448 in
1320 5392 1410 5448 illa
1450 5392 1781 5466 plenitudine
1808 5407 1934 5465 gra-

352 5485 467 5554 tiae,
496 5493 557 5539 ut
598 5484 691 5540 illa
729 5484 890 5557 plena
936 5484 1238 5541 humanitas
1266 5485 1407 5542 sicut
1432 5485 1646 5558 plenam
1682 5485 1849 5542 habet
1881 5493 1936 5542 et

351 5570 680 5647 singularem
749 5576 1206 5648 incorruptionem
1268 5586 1429 5649 atque
1470 5578 1932 5635 immortalitatem

351 5666 548 5734 carnis,
593 5665 666 5725 ita
712 5666 1007 5725 secundum
1052 5665 1305 5737 animam,
1337 5667 1550 5741 plenam
1587 5669 1933 5740 singulariter

347 5755 549 5822 habeat
567 5760 813 5819 notitiam
838 5758 1074 5821 deitatis.
1096 5755 1189 5819 Sic
1212 5767 1296 5818 est
1321 5775 1451 5835 ergo
1474 5759 1719 5820 Christus
1737 5760 1931 5836 plenus

419 5925 448 5957 ι
467 5916 623 5987 Aut"
642 5916 700 5973 in
725 5922 991 5988 quantum.

2045 4758 2269 4809 manere,
2314 4739 2462 4796 debet
2488 4743 2915 4814 quemadmodum
2947 4744 3042 4817 (al.
3066 4746 3222 4816 sicut)
3252 4745 3340 4800 ille
3384 4742 3623 4800 ambular-

2044 4836 2132 4904 rit,
2159 4841 2208 4890 et
2240 4836 2351 4909 ipse
2380 4832 2645 4890 ambulare
2672 4832 2724 4908 (Ι
2754 4834 2915 4893 Joan.
2946 4853 3003 4905 ιι,
3036 4834 3112 4910 6).
3148 4834 3465 4892 Creatorem
3491 4849 3625 4894 vero

2041 4926 2186 4997 capit
2213 4916 2481 4994 creatura,
2510 4934 2769 4998 quantum
2791 4935 2818 4966 ει
2839 4929 3032 5000 accipit
3059 4936 3119 4984 ut
3143 4927 3339 5001 capiat.

2113 5019 2201 5075 54.
2242 5016 2371 5076 inde
2398 5027 2481 5076 est
2507 5018 2651 5090 quod
2674 5019 2866 5078 beatus
2892 5020 3218 5092 Augustinus
3246 5021 3388 5078 hunc
3413 5036 3624 5079 sermo-

2044 5127 2168 5168 nem
2198 5127 2306 5167 non
2349 5108 2565 5182 refugit,
2594 5111 2690 5168 sed
2728 5111 3097 5171 indubitanter
3121 5113 3365 5171 assumit.
3405 5109 3539 5174 Nam
3567 5112 3623 5174 in

2041 5205 2230 5261 eadem
2259 5204 2481 5259 humilia
2511 5203 2714 5277 (Tract.
2750 5203 2819 5264 14
2854 5208 2911 5264 in
2937 5209 3123 5274 leam,
3154 5224 3328 5266 versus
3355 5208 3535 5281 ﬁnem)
3564 5209 3622 5269 in

2040 5309 2146 5364 qua
2194 5296 2443 5365 exposuit
2490 5294 2637 5351 illum
2682 5295 2878 5365 locum,
2910 5292 3045 5367 Quia
3075 5315 3178 5354 non
3220 5297 3291 5353 ad
3327 5315 3623 5356 mensuram

2039 5385 2129 5439 dat
2152 5384 2296 5441 Deus
2318 5386 2573 5458 Spiritum
2599 5385 2777 5457 (Joau.
2800 5404 2877 5457 ιιι,
2900 5386 3014 5463 54),
3040 5390 3118 5447 sic
3146 5391 3381 5464 quodam
3411 5392 3534 5449 loco
3555 5393 3622 5453 de

2038 5480 2154 5550 ipso
2183 5478 2321 5536 Filio
2370 5466 2498 5537 dicit
2527 5498 2540 5533 :
2571 5478 2794 5535 Hancne
2836 5480 2974 5537 enim
3018 5480 3161 5539 Deus
3200 5485 3342 5558 apud
3382 5483 3619 5551 Patrem,

2037 5572 2177 5644 apud
2205 5571 2437 5628 homines
2459 5572 2629 5642 factus
2655 5580 2732 5627 est
2754 5571 2923 5641 homo,
2946 5583 3005 5629 ut
3031 5583 3083 5629 tu
3101 5593 3194 5648 per
3209 5577 3355 5632 illum
3377 5578 3462 5650 qui
3484 5564 3622 5648 apud

2036 5673 2086 5721 te
2112 5667 2280 5740 factus
2306 5670 2385 5721 est
2408 5662 2583 5732 homo,
2605 5662 2758 5736 ﬁeres
2787 5665 2908 5723 talis
2933 5667 3100 5741 qualis
3126 5670 3263 5737 capit
3294 5667 3493 5722 Deum:
3517 5682 3620 5720 non

2035 5759 2174 5816 enim
2200 5757 2351 5813 homo
2378 5762 2581 5827 poterat
2612 5774 2795 5830 capere
2830 5756 3022 5828 Deum;
3049 5760 3219 5815 videre
3242 5768 3445 5831 poterat
3470 5758 3617 5813 homo
