4108 6524
556 427 663 481 £35

1587 423 1645 479 S.
1688 422 2052 480 FULGENTII
2089 420 2396 482 EPISCOPI
2436 422 2805 480 RUSPENSIS

3851 415 3942 470 ιξι

554 541 834 607 hominem,
858 556 1041 609 capere
1062 538 1231 595 Deum
1253 557 1356 595 non
1375 548 1597 612 poterat.
1635 541 1783 596 Unde
1806 558 1908 597 non
1938 550 2142 613 poterat
2166 547 2216 604 Α
2244 542 2500 614 aliquibus
2540 544 2737 599 sanctis
2788 540 3109 613 quantalibet
3158 536 3503 609 sapientia
3546 552 3622 589 ac
3672 536 3941 591 sartctitus

553 651 738 705 capere
765 631 971 688 Deum?
1001 631 1137 699 Quia
1165 637 1366 689 oculum
1396 633 1571 689 cordis
1606 635 1744 689 unde
1787 645 1990 707 caperet
2033 652 2138 692 non
2241 634 2630 704 praestantibus,
2662 634 2770 689 ullo
2799 633 2954 689 modo
3002 641 3167 705 potest
3229 646 3381 685 esse
3416 626 3779 682 communis.
3818 624 3935 682 ϐαι

554 724 792 781 habebat.
833 724 968 781 Erat
1007 745 1129 799 ergo
1168 727 1364 799 aliquid
1401 728 1537 781 intus
1577 729 1829 796 saucium,
1865 738 1916 783 et
1944 729 2141 799 aliquid

556 822 685 893 foris
719 836 943 876 sanum:
972 822 1207 890 corporis
1256 820 1431 876 oculos
1482 818 1701 876 habebat
1752 838 1929 886 sanos,
1970 821 2141 877 cordis

556 912 776 968 habebat
798 914 1023 968 saucios.
1061 912 1257 968 Factus
1280 923 1357 968 est
1377 913 1467 969 ille
1487 914 1640 970 homo
1667 916 1738 969 ad
1762 916 1993 987 corporis
2019 931 2144 970 ocu-

557 1006 689 1071 lum,
719 1014 776 1060 ut
808 1007 1017 1061 credens
1046 1008 1100 1061 in
1128 1024 1241 1062 eum
1276 1009 1360 1079 qui
1387 1008 1550 1062 videri
1591 1010 1929 1078 corporaliter
1955 1009 2141 1078 potuit,

557 1099 814 1153 curareris
853 1098 923 1152 ad
963 1115 1077 1153 eum
1118 1098 1286 1169 ipsum
1325 1097 1620 1166 videndum,
1649 1116 1799 1171 quem
1840 1100 2146 1170 spiritaliter

558 1188 729 1242 uidere
756 1205 859 1244 non
887 1199 1109 1258 poteras.
1144 1187 1239 1244 His
1263 1189 1440 1246 verbis
1485 1191 1722 1246 ostendit
1749 1192 1937 1247 beatus
1966 1191 2148 1261 Augu-

558 1279 731 1333 stinus
759 1279 811 1333 in
844 1278 1174 1348 spiritalibus
1201 1279 1363 1335 rebus
1386 1280 1493 1336 hoc
1519 1266 1641 1337 esse
1670 1295 1865 1351 capere
1890 1279 2038 1351 quod
2061 1279 2146 1335 vi-

561 1367 713 1433 dere,
744 1383 918 1437 neque
944 1368 1087 1426 aliud
1116 1385 1235 1426 esse
1260 1369 1448 1426 videre
1491 1386 1654 1440 quam
1699 1371 2019 1442 intelligere,
2046 1385 2148 1427 nec

560 1460 863 1532 intelligere
891 1460 1034 1516 aliud
1062 1477 1180 1519 esse
1208 1477 1368 1532 quam
1396 1478 1577 1518 nosse.
1614 1461 1752 1519 Hinc
1778 1472 1862 1519 est
1900 1461 2045 1531 quod
2090 1461 2149 1517 in

558 1551 697 1607 libro
723 1553 789 1607 de
814 1551 1103 1609 Praesentia
1132 1554 1230 1611 Dei
1254 1553 1447 1627 (Epist.
1473 1555 1543 1609 ad
1562 1553 1873 1611 Dardanum
1902 1556 2037 1610 alias
2053 1553 2149 1623 57,

562 1662 698 1699 nunc
728 1644 875 1717 187),
905 1662 1029 1701 cum
1057 1646 1160 1702 soli
1197 1646 1333 1704 Filio
1361 1647 1455 1703 dat
1483 1649 1699 1719 plenam
1737 1647 2033 1705 divinitatis
2058 1662 2152 1703 ca-

560 1735 887 1806 pacitatem,
937 1737 1040 1791 soli
1087 1738 1301 1809 plenam
1347 1738 1645 1795 divinitatis
1673 1739 1928 1801 .ostendit
1973 1738 2154 1796 inesse

562 1827 828 1883 notitiam.
860 1827 919 1883 In
941 1838 1243 1887 memorato
1263 1831 1461 1902 quippe
1478 1832 1615 1887 libro
1635 1832 1721 1887 his
1736 1832 1918 1888 utitur
1930 1832 2149 1887 verbis:

570 1936 589 1968 ι
619 1916 758 1974 Deus
801 1919 963 1987 igitur
999 1920 1198 1992 ubique
1234 1937 1471 1992 praesens
1518 1933 1622 1990 est,
1664 1931 1722 1978 et
1763 1922 1963 1993 ubique
2006 1931 2156 1978 totus
2184 1926 2235 1986 Β

562 2023 822 2079 praesens,
865 2027 964 2067 nec
1007 2013 1205 2082 ubique
1246 2014 1514 2079 habitans,
1552 2013 1649 2070 sed
1693 2014 1747 2069 in
1789 2013 1993 2085 templo
2030 2028 2157 2080 suo,

564 2100 653 2155 cui
680 2116 777 2171 per
811 2103 1037 2170 gratiam
1080 2102 1341 2172 benignus
1370 2115 1454 2159 est
1492 2114 1548 2160 et
1585 2104 1868 2175 pr0pitius.
1934 2103 2159 2173 Capitur

567 2200 748 2246 autem
801 2191 1069 2258 habitans,
1118 2193 1185 2248 ab
1230 2193 1350 2249 aliis
1386 2195 1636 2266 amplius,
1678 2203 1735 2249 et
1779 2194 1846 2251 ab
1886 2193 2005 2250 aliis
2050 2194 2157 2249 mi—

567 2296 687 2336 nus.
720 2281 796 2337 De
818 2282 938 2353 ipso
964 2298 1095 2339 vero
1121 2285 1300 2354 capite
1329 2294 1516 2341 nostro
1557 2285 1848 2357 Apostolus
1875 2286 1988 2341 ait:
2016 2281 2159 2350 Quo-

568 2375 713 2429 niam
760 2375 813 2430 in
853 2378 967 2446 ipso
1015 2376 1215 2431 habitat
1241 2379 1406 2433 omnis
1435 2378 1699 2450 plenitudo
1727 2379 2011 2433 divinitatis
2038 2395 2158 2433 cor-

565 2468 813 2539 poraliter
836 2466 1058 2541 (Coloss.
1090 2468 1242 2540 11,9).
1276 2490 1294 2522 ι
1331 2470 1587 2538 Attende,
1616 2488 1821 2543 quaeso,
1850 2472 1905 2527 in
1926 2472 2012 2527 his
2042 2487 2161 2528 ver-

562 2556 650 2613 bis
679 2559 821 2614 beati
841 2558 1530 2637 Augustinidiscretiouem
1552 2563 1743 2633 capitis
1764 2564 2162 2620 membrorum-
2256 2552 2263 2555 ’

567 2665 673 2719 que
693 2653 851 2723 257
887 2652 1265 2709 certissimam.
1290 2653 1371 2709 Ab
1394 2653 1498 2709 illis
1521 2654 1667 2710 enim
1687 2655 1885 2725 quibus
1913 2656 1977 2710 ad
2004 2670 2161 2710 men-

568 2756 749 2798 δικαίη
770 2743 864 2799 dat
893 2743 1034 2799 Deus
1056 2744 1338 2815 Spiritum,
1388 2747 1600 2818 capitur
1627 2747 1898 2817 habitans,
1946 2749 2013 2803 ab
2041 2748 2162 2804 aliis

569 2835 815 2905 amplius,
842 2835 911 2890 ab
940 2836 1061 2893 aliis
1086 2836 1282 2892 minus.
1306 2836 1447 2904 Quid
1469 2846 1551 2893 est
1579 2847 1763 2894 autem
1798 2839 1919 2909 capi
1948 2838 2048 2892 nisi
2078 2838 2164 2894 in-

569 2925 736 2995 telligi
760 2934 923 2997 atque
948 2928 1241 2996 cognosci?
1267 2926 1399 2983 Cum
1431 2936 1610 2984 autem
1655 2930 1723 2986 de
1753 2927 1971 2985 Christo
2019 2929 2163 2985 idem

569 3017 758 3077 beatus
786 3021 1112 3089 Augustinus
1138 3021 1285 3092 loqui
1315 3021 1497 3086 vellet,
1528 3022 1652 3078 vide
1691 3022 1821 3093 quid
1872 3024 1987 3078 ait:
2033 3042 2049 3073 ι
2086 3023 2165 3079 De

566 3109 710 3182 ipso,
737 3111 931 3181 inquit,
958 3113 1134 3183 capite
1163 3120 1351 3168 nostro
1404 3112 1696 3183 Apostolus
1725 3114 1801 3168 ait
1833 3132 1846 3166 :
1902 3112 2164 3177 Quoniam

570 3203 622 3258 in
652 3205 767 3275 ipso
790 3202 988 3258 habitat
1009 3205 1179 3260 omnis
1208 3203 1474 3275 plenitudo
1504 3205 1791 3260 diuinitatis
1821 3205 2166 3275 corporaliter

2238 735 2358 795 tum
2385 734 2469 784 est
2490 727 2671 797 itaque
2691 733 3003 781 sanctorum
3021 723 3259 780 Palmm
3293 718 3701 779 sententiam
3718 715 3938 785 Scriptu-

2244 819 2321 874 ris
2353 818 2668 875 coelestibus
2686 816 3002 883 convenire,
3024 829 3144 885 qua:
3163 808 3714 869 manifestissime
3742 814 3934 875 protes-

2246 916 2449 975 tantur,
2476 917 2531 963 et
2574 907 2831 963 divinitus
2861 905 3133 976 inspiratus
3179 900 3617 983 proclamantt
3664 895 3847 956 nobis,
3890 895 3933 949 id

2245 1006 2333 1056 est
2360 1000 2612 1056 omnibus
2638 998 2926 1068 adoptivis,
2983 1001 3193 1066 partem
3258 984 3744 1059 cognoscendae
3786 994 3931 1057 atque

2248 1092 2523 1163 capiendae
2544 1092 2862 1156 divinitatis,
2891 1100 3051 1161 prout
3068 1088 3359 1144 voluntas
3395 1082 3734 1139 donaverit
3781 1081 3929 1151 largi-

2248 1185 2408 1253 toris,
2432 1183 2644 1240 infundi
2666 1199 2763 1255 per
2781 1183 3043 1251 gratiam;
3069 1178 3311 1236 Christo
3349 1190 3542 1240 vero,
3584 1172 3644 1228 id
3698 1180 3784 1227 est
3827 1172 3929 1228 aui-

2251 1291 2356 1332 mte
2383 1277 2520 1346 ejus,
2546 1276 2761 1349 plenam
2792 1273 2956 1329 totius
2984 1270 3298 1327 divinitatis
3324 1269 3551 1324 inesse
3576 1264 3860 1320 notitiam.

2798 1400 3041 1450 QUBS‘I‘IO
3061 1398 3285 1448 QUA‘TA
3298 1423 3317 1437 .

2330 1502 2421 1558 55.
2461 1500 2720 1569 Quartam
2745 1499 2943 1555 deinde
2970 1497 3351 1569 qumstionem
3380 1491 3588 1547 series
3614 1497 3832 1544 tuarum
3849 1489 3913 1542 sic

2256 1595 2503 1653 continet
2530 1594 2852 1647 litterarum.
2890 1589 3085 1652 Unum,
3116 1588 3329 1660 inquis,
3365 1597 3630 1657 regnum
3654 1580 3909 1643 Patris,et

2254 1686 2411 1753 Filii,
2438 1695 2490 1741 et
2511 1684 2737 1755 Spiritus
2759 1681 2927 1738 sancti
2947 1679 3204 1735 credimus
3231 1686 3295 1732 et
3321 1677 3614 1748 βίων,
3639 1670 3800 1726 simul
3835 1687 3905 1724 eos

2258 1778 2520 1834 dominari
2550 1779 2801 1831 creaturis
2829 1772 3064 1830 omnibus
3090 1770 3428 1826 sentientes.
3470 1757 3675 1829 Quare
3708 1776 3828 1832 ergo
3858 1762 3900 1813 is

2260 1869 2584 1927 orationibus
2601 1867 2946 1929 sacerdotum,
2986 1884 3004 1917 ι
3042 1862 3149 1918 Per
3167 1861 3372 1917 Iesum
3406 1857 3708 1927 Christum
3727 1853 3897 1907 Filia-

2262 1969 2410 2016 tuum
2436 1961 2711 2015 Dominum
2732 1968 2989 2024 nostrum,
3016 1956 3103 2029 qui
3124 1966 3309 2010 tecum
3331 1952 3482 2007 vivit
3526 1957 3587 2003 et
3636 1952 3821 2017 regnat
3853 1945 3895 1997 il

2262 2054 2467 2108 unitate
2494 2051 2719 2124 Spiritus
2747 2051 2933 2116 sancti,
2973 2069 2992 2101 ι
3044 2064 3137 2120 per
3176 2046 3488 2101 universas
3536 2055 3682 2111 pene
3724 2036 3890 2107 Africa

2263 2148 2502 2220 regiones
2549 2145 2807 2201 catholica
2833 2144 3003 2199 dicere
3031 2141 3306 2197 consuevit
3336 2135 3637 2196 Ecclesia,
3674 2140 3890 2201 tanqu:

2264 2241 2407 2297 solus
2430 2239 2601 2295 Filius
2641 2256 2757 2293 cum
2789 2237 2949 2293 Patre
2979 2234 3245 2308 possideat
3289 2245 3567 2305 regnum,
3601 2227 3661 2283 in
3706 2224 3883 2279 unitsts

2264 2334 2462 2389 scilicet
2483 2334 2716 2405 Spiritus
2746 2334 2948 2398 sancti,
2985 2341 3041 2386 ut
3070 2338 3372 2404 regnantes
3405 2325 3695 2388 adunare,
3716 2317 3883 2375 nenti-

2265 2428 2377 2482 mul
2403 2443 2624 2500 regnare
2651 2427 2880 2499 Spiritus
2902 2434 3115 2480 sanctus
3136 2419 3468 2478 intimetur?

2821 2539 2987 2613 258
3012 2550 3326 2595 RESPONSIO.

2338 2663 2428 2719 36.
2469 2662 2655 2718 Dicam
2681 2660 2997 2730 simpliciter
3023 2656 3091 2712 de
3117 2657 3224 2712 hoc
3242 2665 3531 2710 sermone
3587 2643 3733 2717 quod
3768 2655 3863 2697 sen-

2265 2755 2366 2813 tio.
2391 2754 2652 2823 Quotiens
2683 2750 2878 2808 exinde
2906 2747 3157 2817 cogitavi,
3191 2744 3332 2801 nihil
3370 2742 3453 2798 ibi
3486 2736 3636 2796 aliud
3662 2733 3861 2802 majores

2266 2855 2504 2909 nostros,
2530 2860 2689 2915 quam
2716 2842 2835 2895 tidei
2857 2840 3141 2895 veritatem
3169 2842 3375 2892 contra
3401 2832 3616 2889 multas
3655 2827 3856 2881 hzereses

2267 2941 2621 3014 prmmunisse
2647 2933 2896 3004 cognovi.
2918 2929 3054 2986 Illud
3081 2930 3282 3000 quippe
3314 2928 3587 3015 primum,
3604 2915 3854 3015 attenden-

2269 3008 2401 3091 dum
2425 3040 2528 3097 est,
2553 3030 2698 3100 quod
2720 3029 2772 3083 in
2799 3024 3148 3084 conclusione
3194 3012 3498 3083 oratiOnis,
3557 3014 3662 3069 Per
3706 3008 3852 3063 lem:

2268 3128 2533 3182 Christum
2561 3120 2760 3177 Filium
2805 3128 2947 3173 tuum
3000 3115 3283 3170 Dominum
3332 3120 3592 3167 nostrum
3630 3102 3852 3159 dicimus:

2268 3235 2365 3288 per
2390 3214 2649 3286 Spiritum
2667 3226 2800 3266 vero
2828 3216 3067 3264 sanctum
3096 3205 3418 3260 nullatenus
3442 3198 3700 3288 dicimu_s:

571 3295 798 3370 (Coloss.
824 3293 1042 3367 11,9).1
1075 3295 1280 3379 Nempe
1307 3296 1422 3367 ipse
1449 3296 1644 3351 beatus
1691 3296 2024 3366 Augustinus
2064 3296 2166 3365 ait,

2268 3276 2462 3379 utique
2495 3320 2601 3359 non
2631 3302 2864 3357 inaniter
2887 3297 3155 3356 catholica
3203 3290 3578 3379 concelebrat
3630 3276 3846 3379 Ecclesia.

572 3388 829 3457 quoniam
881 3388 1025 3444 Deus
1076 3377 1328 3444 habitans
1382 3389 1639 3460 capitur:
1689 3389 1943 3459 quocirca
1973 3389 2166 3445 abillo

570 3477 850 3550 plenitudo
873 3478 1169 3533 divinitatis
1198 3479 1316 3535 sine
1340 3479 1504 3535 dubio
1523 3480 1756 3549 capitur,
1786 3480 1839 3535 in
1882 3495 1991 3550 quo
2047 3481 2166 3552 ipsa

574 3569 870 3626 divinitatis
897 3569 1107 3624 habitat
1131 3570 1432 3640 plenitudo.
1467 3570 1527 3626 In
1548 3587 1615 3628 eo
1636 3580 1818 3628 autem
1847 3573 2079 3643 capitur,
2108 3573 2165 3629 in

576 3678 685 3732 quo
710 3662 1078 3730 cognoscitur.
1109 3661 1189 3717 Illi
1212 3677 1341 3732 ergo
1371 3663 1424 3717 in
1452 3679 1561 3734 quo
1590 3663 1799 3720 habitat
1821 3664 1997 3718 omnis
2049 3662 2166 3734 ple-

576 3754 767 3811 nitudo
790 3754 1103 3819 divinitatis,
1127 3772 1237 3811 non
1259 3765 1437 3827 potest
1459 3757 1626 3828 ipsius
1646 3757 2166 3829 plenitudinisplena

578 3859 689 3901 non
718 3845 896 3901 inesse
925 3846 1137 3901 notitia.
1167 3846 1297 3902 Inde
1324 3857 1406 3903 est
1433 3848 1580 3917 quod
1609 3849 1798 3903 beatus
1837 3849 2166 3918 Augustinus

579 3937 634 3992 in
657 3937 847 3993 eodem
878 3936 1015 3993 libro
1045 3936 1293 4011 (Ibidem)
1316 3939 1479 4009 paulo
1504 3948 1628 4010 post
1656 3938 1773 3994 btec
1800 3939 1929 3995 dicit
1959 3957 1973 3993 :
2027 3938 2167 4005 Quid

577 4045 701 4101 ergo
721 4032 833 4085 est?
881 4029 1111 4086 Haecine
1136 4040 1386 4087 interesse
1414 4032 1730 4112 arbitramur
1756 4034 1892 4087 inter
1932 4042 2087 4103 caput
2116 4042 2167 4088 et

578 4124 806 4177 membra
849 4132 1056 4189 caetera,
1108 4124 1243 4195 quod
1296 4125 1352 4179 in
1399 4124 1623 4196 quolibet
1646 4125 1877 4196 quamvis
1902 4127 2166 4197 praecipuo

580 4214 827 4279 membro,
856 4215 990 4269 velut
1016 4217 1071 4269 in
1095 4217 1267 4288 aliqua
1296 4233 1487 4287 magno
1517 4216 1769 4287 propheta
1791 4226 1879 4270 aut
1908 4217 2165 4286 apostolo,

579 4310 810 4380 quamvis
853 4310 1095 4363 divinitas
1151 4308 1365 4375 habitet,
1408 4326 1512 4363 non
1544 4319 1733 4375 tamen,
1762 4310 1895 4385 sicut
1923 4310 1978 4364 in
2000 4310 2170 4377 capite

582 4399 718 4471 quod
738 4408 815 4453 est
836 4397 1091 4463 Christus,
1115 4401 1282 4454 omnis
1305 4399 1572 4471 plenitudo
1601 4400 1931 4455 divinitatis?
1960 4397 2101 4454 Nam
2120 4408 2172 4454 et

582 4490 640 4544 in
680 4499 856 4544 nostro
900 4506 1114 4560 corpore
1155 4491 1285 4544 inest
1315 4508 1493 4545 sensus
1533 4493 1752 4564 singulis
1790 4495 2053 4559 membris,
2080 4491 2172 4547 sed

581 4596 689 4636 non
712 4591 883 4635 tantus
912 4592 1133 4653 quantus
1178 4584 1232 4637 in
1260 4585 1446 4654 capite,
1488 4584 1575 4639 ubi
1612 4602 1826 4656 prorsus
1880 4586 2049 4642 omnis
2094 4593 2174 4641 est

584 4672 806 4745 quinque
826 4675 1065 4744 partitus.
1086 4671 1169 4727 Ibi
1195 4679 1331 4728 enim
1350 4682 1425 4730 est
1452 4676 1608 4743 uisus,
1636 4684 1685 4731 et
1713 4678 1944 4742 auditus,
1995 4685 2048 4732 et
2088 4674 2173 4732 ὀι-

585 4764 775 4834 factus,
796 4772 845 4816 et
865 4773 1060 4835 gustus,
1085 4773 1135 4818 et
1156 4774 1339 4819 tactus.
1364 4765 1432 4821 In
1454 4769 1654 4823 cazteris
1694 4778 1864 4823 autem
1907 4769 2052 4825 solus
2097 4776 2177 4823 est

586 4863 775 4911 tactus.
798 4857 877 4910 An
899 4859 1055 4911 etiam
1070 4868 1258 4928 praeter
1283 4860 1398 4928 hoc,
1448 4862 1585 4933 quod
1625 4872 1873 4936 tanquam
1900 4864 1957 4916 in
1989 4862 2176 4933 templo

584 4943 642 5000 in
672 4946 764 5001 illo
792 4963 1005 5018 corpore
1032 4948 1233 5003 habitat
1253 4953 1420 5006 omnis
1444 4952 1709 5023 plenitudo
1740 4953 2052 5021 divinitatis,
2100 4960 2179 5007 est

587 5040 733 5094 aliud
763 5039 900 5113 quod
918 5041 1119 5096 intersit
1144 5043 1278 5097 inter
1298 5043 1429 5099 illud
1472 5054 1627 5115 caput
1654 5053 1705 5099 et
1725 5044 1996 5115 cujuslibet
2017 5061 2179 5099 mem-

587 5129 669 5183 bri
688 5130 1084 5186 excellentiam?
1110 5130 1209 5187 Est
1253 5135 1427 5205 plane,
1472 5136 1609 5208 quod
1654 5135 1906 5207 singulari
1952 5137 2179 5209 quadam

587 5225 927 5292 susceptione,
952 5225 1175 5282 hominis
1204 5227 1348 5282 illius
1372 5246 1480 5283 una
1501 5229 1642 5301 facta
1686 5238 1767 5284 est
1805 5246 2025 5300 persona
2064 5246 2180 5285 cum

592 5311 784 5370 Verbo.
808 5314 887 5371 De
908 5318 1050 5374 nullo
1070 5321 1207 5375 enim
1224 5331 1522 5377 sanctorum
1540 5321 1644 5376 dici
1662 5325 1849 5395 potuit,
1882 5333 1972 5377 aut
1989 5332 2181 5394 potest,

585 5415 681 5461 aut
731 5411 955 5465 poterit:
999 5411 1233 5469 Verbum
1273 5429 1402 5470 caro
1433 5412 1630 5469 factum
1652 5423 1735 5470 est
1782 5414 1961 5485 (Joan.
1995 5434 2030 5481 ι,
2064 5416 2179 5487 ll).

588 5493 647 5551 Ν
650 5498 785 5555 ullus
806 5514 1102 5560 sanctorum
1125 5506 1350 5578 qualibet
1370 5508 1678 5578 praestantia
1706 5510 1893 5580 gratia:
1916 5507 2182 5581 Unigeniti

585 5606 775 5646 nomen
814 5598 1039 5666 accepit;
1086 5605 1144 5651 ut
1190 5597 1327 5669 quod
1372 5608 1448 5652 est
1476 5599 1643 5670 ipsum
1673 5597 1773 5653 Dei
1812 5598 2032 5655 Verbum
2057 5610 2179 5656 ante

584 5686 803 5755 sarcula,
855 5688 946 5742 hoc
975 5691 1130 5744 simul
1166 5708 1281 5745 cum
1328 5701 1593 5764 assumpto
1645 5691 1854 5748 homine
1901 5692 2174 5749 diceretur.

589 5773 888 5848 Singularis
912 5797 1036 5851 ergo
1063 5790 1140 5837 est
1177 5782 1271 5838 illa
1310 5785 1588 5857 susceptio,
1621 5801 1714 5840 nec
1742 5802 1857 5841 cum
1891 5786 2181 5842 hominibus

2273 3369 2499 3468 propter
2528 3391 2658 3448 illud
2686 3392 2873 3461 utique
2920 3392 3347 3451 sacramentum,
3404 3377 3561 3450 quod
3614 3369 3845 3468 media-tor

2268 3458 2451 3546 Dei-et
2471 3487 2752 3543 hominum
2774 3458 2947 3538 lactus
2973 3488 3057 3535 est
3081 3478 3247 3534 homo
3284 3474 3548 3530 Christus
3573 3467 3739 3531 Jesus,
3764 3458 3844 3515 SI-

2272 3580 2469 3638 cecdos
2490 3578 2541 3633 in
2570 3584 2829 3631 aeternum
2858 3569 3153 3628 secundum
3175 3565 3434 3623 ordinem
3464 3550 3836 3617 Melchisedech.

2275 3673 2368 3743 qui
2390 3686 2489 3742 per
2507 3667 2787 3740 proprium
2813 3661 3125 3733 sanguinem
3140 3656 3307 3713 semel
3328 3652 3583 3711 introivit
3604 3649 3656 3704 in
3671 3651 3838 3743 satis”.

2278 3732 2939 3832 non-utique-manul'acta
2962 3749 3293 3821 exemplaria
3326 3758 3585 3801 verorum
3608 3750 3635 3778 ⁸
3680 3732 3830 3833 (Hebr.

2274 3876 2353 3924 lx,
2377 3853 2492 3924 Ἃ),
2514 3824 2614 3910 sed
2641 3852 2696 3907 in
2725 3850 2899 3920 ipsum
2928 3845 3145 3906 ctelum,
3170 3839 3262 3896 ubi
3292 3847 3383 3895 est
3409 3838 3465 3893 in
3494 3835 3708 3891 dextera
3744 3824 3833 3924 Dii.

2258 3912 2669 4018 edinterpellat
2693 3912 2793 4014 pro
2824 3938 2999 3995 nobis.
3032 3936 3149 3991 Hoc
3177 3935 3230 3988 in
3261 3948 3330 3989 eo
3384 3927 3716 4018 pontiﬁcatus
3740 3912 3818 3972 om

2274 4044 2422 4100 cium
2452 4016 2668 4095 intuens
2689 4032 2979 4103 Apostolus
2994 4030 3095 4083 ait:
3129 4026 3235 4081 Per
3253 4027 3429 4097 ipsum
3449 4039 3573 4094 ergo
3601 4016 3831 4115 oﬂ'ctntlll

2275 4136 2504 4191 hostiam
2532 4129 2701 4185 laudis
2729 4141 2929 4195 semper
2960 4122 3086 4185 Deo,
3118 4119 3175 4174 id
3220 4127 3298 4173 est
3351 4119 3576 4209 fructum
3617 4105 3825 4209 Ιαίςίονξτξ

2276 4226 2639 4298 conﬁtentium
2659 4218 2856 4276 nomini
2876 4216 2987 4288 ejus
3014 4212 3202 4284 (Hebr.
3236 4226 3346 4276 xm,
3376 4207 3490 4278 i5)-
3541 4202 3641 4298 Per
3681 4202 3820 4298 ips“?

2278 4294 2413 4387 ergo
2440 4316 2672 4372 hostiam
2695 4310 2866 4365 laudis
2888 4315 3050 4378 atque
3089 4302 3350 4361 orationis
3405 4296 3690 4392 oerimus,

2278 4384 2382 4481 per
2409 4407 2526 4478 ejus
2550 4412 2783 4460 mortem
2809 4395 3146 4456 reconciliati
3174 4410 3361 4451 sumus
3387 4405 3509 4448 cum
3556 4384 3733 4485 inimici

2281 4470 2484 4557 scmus.
2511 4496 2614 4551 Per
2638 4495 2814 4565 ipsum
2839 4492 2985 4547 enim
3010 4488 3102 4558 qui
3132 4502 3229 4557 pro
3249 4485 3409 4540 nobis
3429 4478 3598 4537 hostia
3619 4470 3818 4565 dignams

2287 4599 2371 4647 est
2399 4587 2534 4651 ﬁeri,
2566 4564 2749 4657 potest
2779 4584 2832 4638 in
2861 4586 3158 4652 conspectu
3183 4577 3276 4632 Dei
3316 4588 3502 4632 nostra
3556 4564 3711 4623 hostia
3751 4567 3816 4657 ις·

2199 4695 2256 4757 ι)
2284 4640 2841 4753 ceptabilisrinveniri.
2880 4640 3173 4743 Propterea
3202 4683 3301 4723 nos
3329 4668 3520 4723 beatus
3538 4640 3814 4757 ἐξ·

2284 4735 2492 4838 induet,
2524 4770 2746 4825 dicens:
2778 4765 2847 4820 Et
2868 4783 2956 4820 vos
2986 4735 3243 4830 tanquam
3270 4757 3470 4829 lapides
3505 4749 3597 4806 viui
3631 4735 3813 4807 ωάἕρσα·

2284 4869 2418 4925 mini
2445 4837 2498 4921 in
2529 4865 2737 4919 domum
2759 4859 3066 4932 spiritalem,
3123 4856 3178 4908 in
3228 4848 3567 4908 sacerdotium
3606 4837 3810 4932 sanctilth

2271 4922 2565 5031 offerentes
2581 4922 2845 5026 spiritales
2866 4951 3081 5011 hostias,
3108 4940 3447 5012 acceptabiles
3461 4936 3561 4991 Deo
3580 4922 3811 5031 rei:

2288 5019 2549 5109 Christum
2580 5019 2632 5122 (l
2655 5047 2804 5101 Petr.
2839 5062 2895 5111 ιι,
2929 5044 3008 5114 5).
3036 5040 3147 5095 llac
3198 5039 3361 5106 igitur
3399 5032 3596 5089 ratione
3632 5019 3809 5123 diuini-lls
3902 5110 3910 5123 θ

2287 5141 2404 5197 Deo
2454 5110 2600 5193 Patri
2645 5136 2747 5190 Per
2793 5110 2975 5189 Jesum
3023 5129 3284 5186 Christum
3326 5123 3588 5179 Dominum
3604 5110 3804 5197 nati"!!-

2456 5231 2599 5286 bene
2628 5226 2772 5282 nosti
2795 5235 3179 5291 nonnunquam
3209 5217 3315 5273 dici
3340 5235 3353 5269 :
3386 5214 3488 5269 Per
3533 5193 3807 5291 ὃαοπάξξτῗ

2274 5297 2542 5384 ’ἱειεηηιηι
2571 5320 2616 5374 F
2619 5321 2765 5376 ilium
2794 5325 2933 5370 tuum
2966 5314 3248 5370 Dominum
3276 5318 3504 5365 nostrum
3522 5300 3675 5356 Iesum

2260 5365 2447 5482 lvsvtum.
2506 5412 2637 5468 Cum
2695 5423 2823 5478 ergo
2868 5406 3166 5461 sacerdotis
3222 5404 3281 5457 lit
3326 5399 3536 5459 mentio,
3563 5365 3803 5482 quid-till?

2291 5523 2453 5577 quam
2479 5504 2791 5576 mysterium
2826 5501 3107 5556 dominicae
3129 5492 3512 5554 Incarnationis
3537 5472 3795 5581 οειθξιριξῗξς

2293 5567 2402 5671 quo
2429 5567 2749 5660 Dei-Filius,
2783 5608 2903 5649 cum
2944 5594 2996 5648 in
3027 5592 3195 5648 forma
3226 5591 3321 5645 Dei
3341 5593 3497 5651 esset,
3521 5567 3796 5671 εᾳωθιῑιξξξιξ

2292 5656 2616 5753 exinanivit,
2648 5685 2874 5742 formam
2899 5683 3041 5739 servi
3062 5682 3364 5752 accipiens;
3395 5656 3792 5765 secundum

2294 5796 2358 5840 se
2405 5780 2723 5847 humiliavit,
2782 5778 2955 5836 factus
3011 5776 3266 5834 obediens
3321 5788 3484 5845 usque
3508 5764 3565 5824 ad
3587 5757 3791 5819 mortem;

665 5943 690 5971 ἰ
714 5936 803 5993 Sic
832 5955 934 5996 ms.
961 5939 1100 6000 Thu.
1131 5953 1187 6004 et
1211 5944 1359 6014 Ant.,
1390 5946 1745 6010 conformiter
1767 5951 1935 6006 textui
1969 5951 2304 6022 apostolico;
2335 5949 2421 6004 alii
2454 5944 2636 6013 codd,
2669 5948 2913 6003 veritatis.
