4124 6478
302 406 414 466 ΗΒ
434 424 437 425 ⁷

1675 380 2001 472 erimina
2032 398 2164 467 inv.

3447 398 3552 465 428

293 518 593 573 minoratus
607 519 817 574 scilicet
838 521 995 601 paulo
1028 521 1200 576 minus
1220 522 1287 577 ab
1315 525 1537 594 angelis,
1566 536 1621 580 et
1643 528 1861 597 teqnali-
1890 526 1941 590 Λ
1967 528 2113 582 illum
2141 516 2484 583 Sacerdotem
2530 534 2740 582 nostras
2790 513 3063 589 orationes
3112 525 3407 590 oderimus,
3458 529 3553 595 qui
3600 528 3605 531 ’

295 616 461 664 tatem
490 618 726 680 patetnm
745 611 1026 681 possidens
1047 613 1339 669 divinitatis
1364 618 1456 687 (at.
1481 608 1757 689 unitatis)?
1786 620 1863 675 Eo

290 694 494 771 quippe
519 689 819 758 minor-atus
847 712 929 757 est
956 702 1140 769 Filius,
1172 692 1392 774 mqnalis
1419 711 1737 776 permanens
1766 701 1865 763 Pa-

292 790 380 856 tri,
412 806 520 860 quo
548 791 603 846 in
632 793 1031 873 similitudinem
1055 796 1327 851 hoininum
1350 798 1597 867 dignatus
1624 810 1707 855 est
1729 801 1862 856 ﬁeri.

290 881 412 953 ipse
462 892 641 938 autem
690 900 751 940 se
796 887 1060 941 minorem
1111 881 1254 952 fecit,
1283 890 1495 958 quando
1523 892 1865 962 semetipsum

289 974 605 1039 exinanivit,
634 973 859 1030 formam
886 979 1025 1033 seriti
1048 979 1337 1049 accipiens.
1360 979 1557 1038 Christi
1583 1000 1743 1053 porro
1764 984 1867 1038 mi-

288 1066 528 1135 noratio,
558 1067 672 1137 ipsa
701 1077 783 1123 est
797 1070 1121 1136 etinanitio:
1152 1082 1253 1127 nec
1274 1080 1450 1127 tamen
1473 1074 1575 1128 alia
1594 1074 1686 1146 (al.
1701 1075 1868 1146 aliud)

283 1170 370 1216 est
404 1161 696 1217 exinanitio
725 1178 884 1232 quam
918 1157 1102 1239 fortine
1130 1163 1339 1219 servilis
1362 1156 1627 1235 acceptio.

362 1251 450 1305 37.
492 1250 740 1325 Christus
769 1267 899 1322 ergo
921 1255 975 1308 in
1005 1254 1174 1309 forma
1195 1252 1290 1309 Dei
1344 1259 1684 1326 permanens,
1737 1241 1869 1312 Uni-

280 1346 502 1413 genitus
528 1346 689 1413 Deus,
719 1347 805 1403 cui
833 1363 955 1403 cum
984 1336 1144 1402 Patre
1171 1348 1376 1403 hostias
1420 1347 1713 1416 oll'erimus,
1768 1350 1871 1405 for-

281 1451 434 1490 mam
457 1438 596 1493 servi
620 1439 911 1509 accipiens,
934 1438 1185 1496 sacerdds
1207 1448 1290 1494 est
1315 1438 1508 1508 factus,
1559 1456 1656 1511 per
1708 1454 1868 1510 quem

281 1527 522 1583 hostiam
550 1529 747 1600 vivam,
778 1538 1038 1597 sanctam,
1068 1529 1181 1586 Deo
1202 1525 1506 1602 placentem
1536 1530 1733 1588 oli‘err‘e
1754 1540 1872 1603 pos-
1902 1547 1915 1559 '

284 1619 477 1674 simus.
508 1617 618 1675 Nec
649 1628 826 1674 tamen
858 1620 1033 1675 hostia
1062 1627 1096 1674 a
1116 1621 1270 1675 nbbis
1291 1621 1471 1676 olferri
1511 1609 1795 1692 potuisset,
1824 1622 1868 1676 si

287 1706 536 1765 Christus
557 1725 657 1779 pro
680 1706 835 1765 nobis
866 1706 1037 1765 factus
1061 1711 1237 1766 hostia
1268 1727 1376 1786 non
1406 1710 1630 1767 fuisseté
1664 1712 1717 1766 in
1762 1718 1870 1781 quo

291 1798 408 1868 ipsa
458 1808 647 1853 natura
689 1800 856 1855 nostri
883 1802 1118 1869 generis,
1144 1804 1269 1856 'vera
1290 1806 1374 1856 est
1395 1801 1571 1857 boStia
1600 1803 1867 1858 salutaris.

1968 628 2253 691 propterea
2267 635 2424 674 verus
2435 627 2519 673 est
2539 615 2822 685 Sacerdos,
2846 620 2970 689 quia
2992 619 3340 687 semetipsum
3362 632 3548 671 veram

1972 723 2071 777 pro
2097 707 2251 762 nobis
2275 708 2506 762 hostiam
2528 707 2750 772 obtulit;
2772 707 2914 778 quod
2940 704 3231 777 Apostolus
3254 705 3552 760 indubitan-

1970 783 2054 850 ter
2080 796 2330 862 allirtnat,
2362 796 2580 852 dicens:
2615 795 2793 850 Esthte
2815 813 2935 867 ergo
2956 796 3240 850 imitatores
3272 794 3387 859 Dei,
3419 795 3554 848 sicut

1967 887 2066 957 filii
2091 887 2379 947 carissimi;
2409 890 2457 939 et
2487 880 2744 940 ambulate
2778 887 2829 939 in
2859 886 3150 952 dilectione,
3172 887 3302 939 sicut
3321 892 3371 938 et
3397 880 3550 937 Chri-
3600 898 3603 901 '

1973 988 2085 1032 stus
2112 978 2295 1031 dilexit
2319 995 2433 1042 nos,
2465 987 2514 1031 et
2541 978 2725 1032 obtulit
2751 978 3077 1048 semetipsum
3096 994 3188 1048 pro
3228 978 3374 1031 nobis
3404 975 3555 1031 able--

1972 1070 2162 1124 tidneut
2203 1074 2253 1122 et
2296 1069 2516 1123 hostiam
2566 1067 2674 1123 Deo
2720 1069 2772 1121 in
2804 1060 3013 1123 odirem
3039 1067 3551 1142 s'uaritatis(Ephes.

1970 1172 2024 1222 v,
2057 1156 2127 1227 Ι).
2154 1156 2257 1223 Qui
2285 1156 2469 1226 utique
2497 1171 2679 1212 veram
2709 1158 2940 1212 hostiam
2965 1166 3070 1214 neu
3095 1157 3332 1222 oberret,
3358 1158 3405 1213 si
3428 1173 3552 1214 car-

1970 1251 2054 1305 nis
2079 1250 2132 1304 iii
2155 1258 2222 1306 eo
2243 1250 2442 1305 Veritas
2471 1256 2577 1305 non
2618 1238 2822 1305 fuisset.
2856 1238 3027 1319 Hujus
3051 1249 3239 1306 hostia:
3266 1250 3551 1304 veritatem

1971 1349 2255 1413 postquam
2280 1349 2310 1396 a
2339 1341 2565 1397 mortuis
2586 1342 2903 1407 resurrexit,
2931 1336 3049 1413 ipse
3083 1352 3323 1398 summus
3367 1340 3555 1397 Sacer-

1971 1431 2069 1487 dOS
2091 1432 2365 1503 discipulis
2393 1432 2503 1487 suis
2524 1429 2776 1498 Ostendit,
2806 1442 2860 1488 et
2881 1432 3316 1489 contrectandam
3336 1433 3556 1503 obtulit,

1971 1519 2192 1576 dicens:
2223 1520 2444 1592 Palpate
2466 1530 2515 1575 et
2534 1522 2697 1575 ridete
2714 1524 2833 1590 quia
2862 1523 3073 1593 spiritus
3094 1532 3303 1576 carnem
3349 1531 3400 1577 et
3437 1538 3555 1577 ossa
3622 1516 3634 1527 ’

1973 1629 2076 1667 non
2097 1611 2268 1681 habet,
2292 1614 2424 1667 sicut
2454 1630 2534 1668 me
2560 1614 2736 1668 videtis
2761 1614 2947 1668 habere
2977 1613 3127 1684 (Luc.
3153 1630 3298 1682 xxrv,
3332 1614 3445 1683 39).

2043 1703 2131 1758 '58.
2170 1704 2306 1760 Hinc
2358 1705 2517 1760 etiam
2560 1706 2691 1762 tides
2737 1714 2917 1761 nostra
2947 1707 3267 1763 discernitur
3294 1708 3361 1762 ab
3384 1706 3553 1780 Euty~

1972 1784 2142 1851 chetis
2167 1811 2381 1863 errore;
2412 1797 2502 1868 qui
2542 1799 2669 1854 licet
2717 1799 3052 1855 incarnatum‘
3082 1794 3314 1855 Verbum
3356 1814 3556 1872 negaro

290 1890 362 1948 Ut
388 1892 531 1948 enim
556 1893 671 1964 ipse
703 1893 1035 1963 Unigenitus,
1068 1894 1161 1964 qui
1190 1910 1347 1950 verus
1370 1896 1684 1951 naturaliter
1727 1884 1870 1952 Deus
1901 1901 1948 1960 Β
1973 1902 2080 1942 non
2107 1886 2321 1955 audeat.
2350 1888 2518 1958 ipsam
2543 1888 2722 1944 tamen
2752 1884 2912 1945 Verbi
2941 1897 3155 1946 carnem
3185 1901 3307 1946 cum
3348 1904 3456 1946 non
3488 1891 3556 1946 la-

288 1993 392 2052 est,
424 2001 582 2042 verus
612 1984 764 2042 ﬁeret
790 1995 845 2042 et
874 1987 1148 2053 sacerdos,
1197 1987 1249 2041 in
1300 1994 1531 2058 persona
1577 1972 1901 2061 divinitatis.

287 2091 418 2144 sua;
442 2092 549 2132 non
595 2077 943 2132 humanitatis
971 2086 1169 2132 nostra:
1197 2093 1483 2148 personam
1510 2078 1759 2147 dignatus
1787 2080 1869 2133 est

256 2162 701 2237 'accipere,'sed
749 2176 1014 2224 naturam.
1064 2167 1121 2223 Si
1168 2169 1310 2224 enim
1362 2177 1606 2237 naturam
1635 2168 1868 2223 hominis

288 2272 414 2312 eum
467 2258 904 2328 persona'simul
958 2258 1256 2329 accepisset
1282 2260 1334 2314 in
1365 2260 1456 2313 illo
1483 2258 1871 2316 lncarnationis

288 2348 548 2427 mysterio
568 2388 584 2413 ,
616 2363 725 2402 non
756 2348 897 2403 idem
928 2364 1064 2404 unus
1087 2348 1333 2403 Christus
1355 2349 1406 2402 in
1429 2348 1637 2403 duabus
1666 2350 1870 2406 naturis

286 2445 433 2492 esset
455 2437 594 2492 Deus
623 2446 680 2493 et
698 2438 882 2502 homo,
905 2439 999 2493 sed
1028 2438 1080 2492 in
1101 2437 1307 2493 duabus
1328 2438 1581 2509 personis
1620 2439 1757 2493 alter
1784 2454 1870 2495 es-

285 2537 371 2582 set
399 2527 562 2596 Deus,
594 2537 649 2583 et
675 2528 812 2583 alter
837 2528 1022 2585 homo.
1058 2528 1165 2583 Sed
1220 2528 1342 2584 ideo
1390 2544 1526 2584 unus
1572 2536 1654 2584 est
1708 2530 1870 2603 259

286 2619 553 2678 Christus.
586 2635 745 2677 verus
772 2620 868 2674 Dei
897 2628 951 2675 et
978 2620 1212 2675 hominis
1239 2618 1428 2686 Filius,
1450 2619 1572 2689 quia
1604 2619 1693 2675 ille
1742 2619 1871 2674 Uni-

212 2737 223 2744 -
285 2712 502 2780 genitus
522 2710 797 2776 Dominus,
826 2710 915 2779 qui
940 2725 1224 2780 personam
1246 2711 1519 2781 propriam
1540 2724 1755 2780 semper
1779 2709 1871 2763 ha-

284 2801 423 2864 buit,
455 2799 509 2852 in
528 2799 697 2869 ipsam
718 2814 1004 2870 personam
1025 2815 1177 2854 suam
1205 2798 1486 2877 veritatem
1518 2808 1722 2854 natura:
1756 2815 1866 2855 ser-

287 2888 407 2945 vilis
435 2891 661 2959 accepit.
688 2888 919 2944 Proinde
966 2888 1208 2945 Christus
1238 2890 1608 2960 inseparabilis
1657 2906 1868 2960 perma-

291 2990 405 3046 net,
436 2980 560 3049 quia
584 2995 704 3035 cum
734 2979 913 3035 altera
930 2980 1000 3035 sit
1029 2980 1081 3034 in
1111 2995 1178 3036 eo
1203 2989 1392 3034 natura
1419 2980 1733 3044 divinitatis,
1791 2981 1868 3033 al—

292 3066 408 3125 tera
453 3086 584 3125 vero
628 3079 818 3125 natura
863 3071 1095 3133 senilis,
1139 3070 1191 3125 in
1222 3054 1348 3126 ‘uno
1369 3078 1548 3125 tamen
1575 3071 1872 3140 eodemque

292 3160 506 3217 Christo
526 3160 613 3215 illa
646 3175 872 3230 persona
901 3160 1192 3215 divinitatis
1211 3167 1445 3229 :Lternae,
1473 3160 1584 3231 ipsa
1607 3169 1691 3215 est
1709 3161 1869 3216 etiam
1891 3213 1903 3221 ,

1974 1986 2117 2030 tetur
2145 1986 2413 2047 sumptam
2458 1973 2525 2033 de
2552 1987 2714 2035 carne
2741 1979 2993 2049 Virginis,
3025 1982 3335 2052 mysterium
3364 1986 3555 2037 summi

1971 2076 2191 2136 prorsus
2219 2072 2444 2122 evneuat
2470 2064 2796 2123 Sacerdotis.
2823 2068 2922 2125 Cui
2946 2061 3233 2140 Apostolus
3263 2070 3351 2127 illa
3396 2088 3562 2141 quam

1971 2156 2217 2226 superius
2239 2157 2390 2226 posui
2419 2158 2680 2212 sententia
2702 2158 3046 2214 contradicit:
3070 2156 3251 2214 Otnnis
3266 2160 3558 2232 (inquiens)

1970 2251 2204 2322 pontifex
2226 2268 2290 2305 ea:
2321 2251 2609 2307 hominibus
2652 2255 2967 2325 assumptus,
2997 2274 3090 2327 pro
3115 2254 3406 2311 hominibus
3432 2260 3558 2313 con-

1969 2341 2198 2395 stituitur
2237 2344 2289 2414 in
2337 2344 2415 2397 Itis
2461 2361 2575 2416 qua:
2604 2337 2722 2399 εὶιηῖ
2761 2346 2829 2399 ad
2878 2344 3039 2401 Deum
3072 2337 3259 2414 (Hebr.
3290 2364 3342 2412 v,
3376 2346 3449 2419 1).
3491 2348 3560 2403 Et

1970 2431 2078 2487 alio
2107 2432 2232 2487 loco
2266 2452 2279 2486 :
2314 2432 2584 2507 Nusquam
2628 2438 2765 2490 enim
2812 2438 3047 2508 angelos-
3072 2439 3430 2509 apprehendit,
3470 2438 3561 2494 sed

1970 2539 2141 2577 semen
2173 2523 2394 2578 Abra/tte
2439 2526 2796 2593 apprehendit.
2854 2526 3004 2581 Unde
3052 2524 3223 2581 debuit
3248 2546 3341 2599 per
3385 2532 3585 2584 omni..-

1972 2611 2218 2682 fratribus
2260 2613 2503 2680 similari,
2534 2624 2589 2667 ut
2621 2616 2915 2669 misericors
2944 2618 3110 2686 fieret,
3138 2607 3299 2689 260
3322 2628 3372 2671 et
3390 2618 3562 2688 fidelis

1971 2703 2206 2779 pontifex
2253 2701 2322 2754 ad
2375 2702 2558 2771 Deum,
2610 2714 2667 2757 ut
2718 2706 3082 2775 repropitiaret
3140 2701 3327 2761 delicta
3383 2709 3563 2779 populi

1972 2774 2158 2860 (Hebr.
2186 2807 2244 2857 ιι,
2279 2790 2386 2859 l6).
2414 2790 2528 2846 Hoc
2583 2792 2762 2860 itaque
2807 2774 3059 2848 sermone
3102 2811 3210 2865 quo
3254 2800 3352 2865 per
3377 2774 3562 2853 desum

1973 2880 2246 2935 Christum
2277 2896 2374 2935 nos
2411 2882 2744 2937 este-ndimus
2771 2893 2983 2939 nostras
3023 2886 3298 2940 orationes
3342 2886 3559 2946 otTerre.

1974 2988 2100 3041 \jera
2132 2968 2262 3027 tides
2292 2972 2440 3027 omni
2461 2974 2630 3027 errori
2661 2973 2929 3040 renititur,
2969 2978 3060 3045 qui
3091 2977 3143 3029 in
3176 2967 3390 3032 Christo
3417 2978 3561 3032 veri-

1974 3072 2138 3117 tatem
2167 3062 2385 3118 humani
2415 3064 2658 3134 corporis
2681 3080 2787 3119 non
2809 3065 3024 3120 fatetur.
3043 3065 3148 3121 Sed
3168 3067 3291 3137 quia
3315 3066 3562 3122 Christus

1976 3162 2081 3210 non
2110 3152 2284 3210 solum
2314 3168 2474 3210 verus
2514 3156 2698 3222 hOmO,
2730 3158 2824 3212 sed
2855 3161 2911 3212 et
2948 3166 3106 3213 verus
3130 3158 3212 3214 est
3240 3161 3561 3215 naturaliter

292 3244 637 3304 humanitatis
659 3258 961 3320 assumptm.
1010 3249 1301 3319 Propterea
1333 3249 1473 3304 idem
1521 3258 1683 3319 atQue
1732 3266 1870 3304 unus
1899 3259 1943 3320 (ζ
1975 3249 2136 3314 Deus,
2168 3257 2222 3303 et
2271 3261 2407 3304 unus
2457 3265 2579 3304 cum
2610 3245 2769 3305 Patre
2815 3260 2870 3306 et
2915 3248 3115 3323 Spiritu
3168 3263 3356 3309 sancto
3398 3251 3557 3318 Deus,

291 3345 376 3393 est
395 3338 657 3399 Christus,
689 3353 847 3407 quem
891 3348 947 3393 et
974 3339 1133 3409 paulo
1165 3339 1427 3397 minorem
1458 3340 1525 3395 ab
1549 3330 1751 3408 angelis
1780 3339 1869 3395 o‘s—

292 3430 464 3486 tendit
491 3431 733 3501 acceptio
763 3431 949 3486 forma!
968 3432 1200 3499 servilis,
1223 3440 1276 3486 et
1295 3433 1555 3502 aequalem
1589 3432 1729 3485 l'atrl
1777 3432 1870 3485 de-

290 3531 556 3577 monstrat
577 3522 750 3577 unitas
774 3522 1053 3577 naturalis.
1081 3518 1141 3577 ln
1168 3537 1276 3592 quo
1299 3529 1635 3578 saeramento
1663 3523 1741 3578 sic
1787 3522 1869 3577 of-

290 3612 805 3676 lenderunt‘Ariani,
832 3615 890 3667 ut
910 3612 1249 3668 attendentes
1276 3613 1330 3668 in
1351 3628 1416 3668 eo
1440 3603 1672 3669 etilcium
1693 3627 1872 3666 sacer-

293 3704 458 3767 dotis,
495 3705 700 3760 nollent
723 3718 743 3740 υ
777 3704 1147 3761 celsitudinem
1175 3705 1446 3775 suscipere
1477 3703 1710 3759 deitatis.
1742 3701 1871 3758 Inde

293 3795 540 3865 estquod
569 3797 730 3851 etiam
752 3797 831 3852 sic
848 3795 1032 3851 dicunt
1062 3815 1073 3849 :
1108 3795 1288 3850 Gloria
1310 3795 1461 3849 Patri
1507 3813 1599 3865 per
1654 3795 1872 3863 Filium,

297 3896 357 3943 ut
383 3889 554 3943 nolint
575 3888 772 3955 dicere,
806 3887 984 3943 Gloria
1015 3887 1169 3943 Patri
1197 3898 1245 3942 et
1272 3886 1434 3942 Filio.
1460 3886 1722 3954 Quoniam
1745 3899 1875 3954 ergo

291 3989 421 4037 sunt
469 3981 705 4037 hmretici
756 3983 845 4051 qui
899 3980 1091 4036 Filium
1138 3996 1258 4036 cum
1290 3979 1451 4035 Patre
1479 3980 1636 4034 unius
1663 3979 1877 4036 deitatis

293 4087 415 4127 esse
437 4086 543 4126 non
569 4070 795 4126 credunt
814 4071 863 4135 ιι,
890 4072 1020 4126 item
1040 4070 1268 4126 suntalii
1294 4070 1383 4140 qui
1405 4069 1686 4124 veritatem
1698 4070 1876 4125 carnis

295 4163 347 4217 in
367 4161 468 4218 Dei
498 4161 634 4217 Filio
663 4177 861 4231 negare
885 4177 993 4217 non
1023 4169 1298 4227 metuant;
1342 4162 1485 4215 hunc
1527 4160 1700 4214 locum
1748 4174 1877 4213 con-

296 4265 428 4320 grue
455 4261 619 4323 atque
639 4252 840 4308 utiliter
862 4250 1048 4306 Patres
1068 4250 1387 4306 sanctissimi
1409 4258 1719 4320 posuerunt.
1745 4245 1875 4303 Nam

297 4359 419 4398 cum
438 4338 542 4399 nos
570 4344 903 4400 ostendimus
930 4359 1027 4416 per
1051 4352 1309 4399 aeternum
1367 4342 1713 4403 Sacerdotem
1769 4340 1876 4396 Do-

298 4436 500 4490 minum
525 4434 796 4510 Christum
822 4444 1032 4491 nostras
1060 4435 1331 4490 orationes
1377 4432 1579 4502 ollerri,
1611 4440 1791 4489 veram
1823 4433 1875 4487 in

296 4543 366 4585 eo
395 4544 610 4584 carnem
635 4524 802 4585 nostri
824 4528 1036 4597 generis
1062 4525 1408 4593 conﬁtemur;
1432 4518 1724 4581 secundum
1749 4521 1875 4579 illud

1971 3341 2128 3408 digne
2154 3341 2381 3397 dicimus
2405 3339 2516 3397 Deo
2540 3340 2685 3397 Patri
2711 3361 2722 3395 :
2747 3345 2832 3414 qui
2865 3355 3024 3399 tecum
3052 3342 3172 3400 vivit
3191 3357 3239 3401 et
3266 3356 3469 3419 regnat,
3503 3348 3559 3402 in
3586 3346 3591 3357 ’

1975 3433 2060 3486 illa
2092 3432 2274 3502 utique
2304 3433 2506 3488 unitate
2534 3436 2762 3501 naturali
2786 3451 2944 3506 quam
2974 3439 3282 3504 ostendens,
3316 3440 3421 3493 ait:
3449 3424 3561 3512 Ego

1974 3533 2021 3577 et
2068 3522 2227 3577 Pater
2279 3541 2436 3579 unum
2488 3537 2662 3580 sumus
2725 3525 2903 3595 (Joan.
2938 3544 2989 3593 x,
3019 3529 3132 3600 se).
3166 3516 3266 3584 Ubi
3316 3531 3563 3586 similiter

1975 3615 2107 3671 ﬁdes
2154 3627 2356 3686 nostra,
2388 3634 2495 3673 non
2525 3619 2698 3675 solum
2745 3620 2812 3675 ab
2842 3621 2954 3676 Arii
2998 3629 3054 3677 et
3099 3617 3338 3688 Sabellii,
3372 3630 3560 3680 verum

1975 3707 2137 3761 etiam
2166 3722 2196 3760 a
2244 3707 2475 3762 Nestorii
2517 3722 2702 3764 errore
2730 3710 3090 3767 discernitur:
3121 3714 3173 3768 in
3218 3716 3335 3785 lpso
3363 3716 3563 3787 quippe
3614 3719 3619 3723 ’

1977 3790 2197 3854 unitatis
2227 3800 2491 3856 vocabulo
2524 3802 2662 3857 sicut
2692 3803 2864 3860 Patris
2892 3805 2948 3860 et
2976 3800 3096 3862 Filii
3126 3807 3336 3863 diversa
3359 3825 3562 3878 cogno-

1976 3891 2142 3945 scitur
2157 3907 2260 3945 non
2284 3901 2400 3945 esse
2415 3893 2735 3958 thslantia,
2763 3894 2834 3948 ita
2864 3911 2985 3949 eum
3015 3895 3257 3961 dicimus,
3286 3900 3373 3968 qui
3400 3909 3563 3952 tecum

1977 3977 2096 4032 vivit
2117 3987 2167 4031 et
2194 3987 2395 4051 regnat,
2424 3981 2725 4036 ostenditur
2752 3980 2928 4037 Patris
2955 3994 3010 4039 et
3034 3983 3151 4039 Filii
3174 3993 3277 4040 una
3309 4004 3412 4041 non
3443 4003 3562 4043 esse

1977 4085 2226 4140 persona.
2267 4070 2504 4141 Apparet
2534 4071 2694 4126 etiam
2722 4082 2982 4129 aeternum
3014 4074 3361 4131 Sacerdotem
3390 4078 3562 4147 ipsum

1978 4177 2164 4217 verum
2192 4161 2383 4217 Filium
2412 4178 2548 4227 esse,
2572 4164 2664 4234 qui
2689 4180 2810 4220 cum
2842 4165 2953 4222 Deo
2972 4167 3130 4223 Patre
3151 4179 3337 4240 regnat
3364 4170 3414 4224 in
3445 4171 3563 4225 uni-

1982 4261 2090 4306 tate
2122 4261 2342 4309 natnrte.
2370 4252 2501 4308 Cum
2535 4270 2663 4311 vero
2712 4257 2764 4310 in
2805 4260 3003 4311 unitate
3032 4258 3261 4330 Spiritus
3290 4262 3457 4315 sancti
3482 4261 3564 4316 di—

1979 4344 2173 4409 cimus,
2199 4360 2355 4398 unam
2386 4354 2631 4400 naturam
2662 4347 2894 4416 Spiritus
2921 4328 3090 4404 sancti
3121 4357 3242 4404 eum
3273 4333 3428 4406 Patre
3469 4328 3562 4406 lii-

1980 4431 2159 4504 Ii0que
2186 4444 2563 4491 monstramus.
2603 4435 2790 4492 Unitas
2819 4445 2998 4492 autem
3029 4448 3235 4493 natura:
3272 4439 3396 4509 quid
3419 4434 3564 4496 aliud

1982 4541 2141 4595 quam
2163 4525 2477 4582 Trinitatem
2497 4544 2660 4582 unum
2692 4528 2878 4595 Deum,
2909 4538 2961 4584 ct
2982 4532 3049 4586 dx
3071 4531 3175 4585 hoc
3197 4542 3356 4586 unum
3378 4542 3563 4587 osten-

299 4619 443 4689 quod
465 4619 755 4690 Apostolus
783 4619 913 4674 dicit
937 4637 949 4669 :
985 4611 1170 4671 Omnis
1191 4619 1328 4671 enim
1351 4610 1586 4687 pontifex
1613 4631 1677 4669 ex
1708 4614 1873 4667 Itomi—
1904 4621 1957 4680 Ι)
1982 4614 2059 4669 dit
2087 4627 2142 4669 et
2170 4619 2427 4686 regnum?
2458 4617 2746 4673 Diversitas
2794 4621 2993 4691 quippe
3038 4627 3242 4675 natura:
3282 4632 3458 4692 potest
3509 4625 3561 4678 in

298 4710 451 4765 nibus
479 4720 791 4781 assumptus,
820 4726 914 4779 pro
935 4700 1223 4762 [caminibus
1246 4706 1569 4761 constituitur
1589 4708 1640 4759 in
1664 4706 1742 4759 his
1764 4722 1877 4777 qua:

299 4810 417 4858 sunt
456 4803 526 4857 ad
551 4801 732 4866 Deum,
763 4812 816 4855 ut
838 4803 1021 4870 offerat
1051 4801 1189 4854 dona
1216 4812 1237 4839 ο
1260 4812 1309 4854 et
1339 4802 1598 4871 sacriﬁcia
1640 4818 1733 4879 pro
1762 4816 1879 4869 pec-

298 4895 431 4947 catis
465 4891 651 4963 (I‘lebr.
683 4910 736 4956 v,
771 4894 845 4958 1).
887 4892 1022 4946 Cum
1052 4906 1182 4945 vero
1212 4884 1439 4946 dicimus
1475 4882 1671 4943 Filium
1716 4903 1875 4953 tuum,

297 4964 354 5037 et
378 4974 680 5053 adjicimus,
712 4985 797 5055 qui
828 4974 991 5037 tecum
1021 4974 1138 5036 vivit
1160 4991 1210 5035 et
1236 4988 1419 5052 regnat
1440 4981 1491 5033 in
1516 4982 1712 5033 unitate
1756 4979 1878 5049 Spi-

297 5075 430 5131 ritus
453 5076 641 5140 sancti,
669 5074 814 5128 illam
840 5074 1023 5143 utique
1065 5072 1324 5127 unitatem
1372 5086 1875 5134 commemoramus,

297 5177 463 5233 quam
513 5155 828 5241 naturaliter
867 5164 1029 5241 habet
1081 5154 1239 5217 Pater
1280 5176 1333 5217 et
1364 5160 1529 5215 Filius
1557 5171 1613 5215 et
1649 5160 1880 5231 Spiritus

298 5263 522 5311 sanctus
546 5275 558 5307 :
592 5255 682 5309 ubi
705 5248 1008 5311 ostenditur
1037 5254 1174 5311 idem
1206 5255 1321 5326 ipse
1343 5252 1585 5308 Christus
1606 5268 1704 5322 pro
1728 5252 1883 5307 nobis

298 5345 623 5401 sacerdotali
656 5344 871 5402 furiatus
915 5345 1112 5411 oﬂicio,
1170 5346 1254 5402 cui
1310 5346 1569 5401 naturalis
1597 5356 1678 5402 cst
1708 5347 1882 5403 unitas

301 5422 429 5494 cuin
459 5426 620 5494 Patre
645 5450 700 5493 et
726 5437 931 5508 Spiritu
957 5431 1165 5493 Sancto.
1195 5437 1350 5502 Vide,
1377 5454 1576 5508 quaeso,
1600 5440 1783 5508 quanti
1813 5455 1878 5493 ex

300 5514 409 5587 hoc
434 5529 822 5584 convincantur
846 5527 1103 5583 hmretici.
1136 5526 1509 5599 Principaliter
1530 5529 1670 5583 enim
1701 5538 1881 5586 nostra

303 5613 439 5671 tiles
466 5632 495 5670 a
526 5608 943 5672 Mattichmorum
988 5623 1173 5672 errore
1224 5615 1562 5679 discernitur,
1619 5633 1737 5672 cum
1789 5622 1885 5687 per

381 5799 403 5824 ⁸
439 5788 535 5845 Ms.
565 5791 730 5856 Tbn.,
753 5807 855 5845 non
879 5791 1128 5846 noverint.

378 5858 406 5901 δ
436 5860 584 5927 .\nt.,
612 5876 715 5914 non
733 5862 966 5915 credant

594 5954 865 6014 l‘s'rnut.
915 5952 1101 6013 LXV.

1983 4722 2149 4776 regno
2177 4708 2539 4763 diversitatem
2572 4712 2852 4779 potestatis
2880 4710 3182 4767 ostendere.
3236 4713 3333 4768 Ubi
3383 4723 3565 4770 autem

1984 4801 2131 4866 regii
2163 4801 2419 4855 naturalis
2439 4811 2523 4855 est
2549 4802 2746 4869 unitas,
2787 4815 2889 4858 una
2919 4804 3170 4871 regnandi
3213 4816 3488 4876 perntanet
3510 4812 3565 4862 et

1984 4901 2222 4960 potestas
2253 4907 2267 4944 :
2298 4892 2350 4945 in
2382 4893 2472 4946 illo
2495 4904 2672 4947 autem
2695 4897 2862 4962 regno
2893 4895 2964 4948 illi
2988 4894 3349 4951 diversitatem
3377 4905 3562 4967 potes-

1983 4982 2107 5037 tatis
2135 4984 2330 5038 habere
2376 4990 2628 5053 possunt,
2660 4986 2854 5054 quibus
2901 4986 3013 5055 ipsa
3044 4990 3287 5055 potestas
3318 4986 3565 5040 tribuitur

1982 5092 2047 5129 ex
2071 5076 2261 5143 gratia,
2293 5090 2397 5130 non
2424 5074 2658 5146 suppetit
2680 5090 2743 5131 ex
2768 5086 2980 5133 natura.
3024 5075 3136 5132 Non
3178 5078 3259 5132 est
3284 5085 3461 5130 autem
3483 5077 3565 5130 dia

1985 5164 2226 5229 versitas,
2246 5163 2344 5220 sed
2366 5167 2541 5221 unitas
2561 5162 2844 5238 potestatis
2872 5162 2924 5223 in
2939 5164 3219 5232 Trinitate,
3247 5179 3364 5237 qure
3394 5166 3561 5235 ipsam

1982 5261 2304 5325 potestatem
2329 5257 2614 5327 unicuique
2641 5258 2933 5314 secundum
2980 5264 3131 5327 suam
3162 5257 3345 5311 tribuit
3367 5256 3561 5311 volund

1985 5353 2167 5411 tatem,
2219 5345 2344 5415 quia
2375 5347 2672 5402 naturalem
2711 5348 2872 5403 habet
2912 5342 3252 5402 inetfabiliter
3278 5344 3556 5409 unitatem.

1984 5429 2118 5490 Vide
2144 5447 2323 5491 autem
2370 5437 2496 5507 quid
2526 5436 2716 5492 beatus
2768 5426 3094 5504 Augustinus
3136 5433 3190 5490 in
3238 5434 3376 5490 libro
3404 5441 3561 5491 sexto

1985 5525 2136 5598 (Cap.
2167 5532 2224 5597 vi
2260 5528 2327 5583 de
2373 5528 2636 5583 Trinitate
2664 5529 2864 5582 sentiat
2887 5527 2954 5582 de
2982 5525 3186 5597 Spiritu
3208 5534 3416 5590 sancto,
3469 5526 3557 5580 uhi

1984 5618 2206 5675 dicens:
2240 5618 2383 5693 Ergo
2422 5622 2637 5693 aqualis
2673 5629 2750 5673 est
2804 5616 2954 5673 Patri
2996 5616 3192 5693 Filias.
3220 5627 3270 5674 et
3302 5627 3382 5699 est
3407 5618 3555 5677 uniut

2066 5796 2088 5835 ε
2121 5792 2267 5865 Ant.,
2297 5809 2352 5852 ut
2370 5798 2555 5867 offerat
2578 5796 2685 5853 Deo
2714 5798 2870 5853 dona.
