4124 6462
524 369 628 426 137

1537 363 1575 418 s
1637 360 1999 416 F-L’LGEN‘I’II
2039 357 2337 413 EPISCOPI
2379 319 2781 414 ncsvexsts'
2816 362 2827 367 ·

3681 358 3780 419 123

518 478 846 551 ejusdemque
865 476 1182 538 substantiis,
1201 475 1455 531 continuo
1470 473 1758 542 subiunxit,
1779 472 2101 543 Quapmpter
2128 477 2178 536 Α
2203 472 2435 537 luerunt,
2463 481 2520 527 ut
2548 489 2656 528 non
2685 473 2821 527 duos
2845 473 3038 529 calices
3067 488 3095 527 a
3129 472 3357 528 Domino
3386 471 3540 529 datos
3570 490 3779 529 assere-

523 567 669 639 Spiri
678 578 752 620 ‘us
771 574 981 619 sanctus
1008 565 1062 618 in
1090 565 1269 618 eadem
1301 565 1495 618 unitate
1523 562 1822 617 substantia:
1843 570 1893 615 et
1927 577 2102 632 acqua-

521 659 667 712 litate
691 658 927 712 consistit
954 656 1046 728 (al.
1077 656 1353 723 subsistit).
1387 656 1506 711 Sive
1533 658 1670 709 enim
1697 655 1763 707 sit
1792 655 1965 708 unitas
1987 671 2100 707 am—

525 750 722 815 barum,
743 752 845 803 sive
865 749 1253 813 sanctitas,sive
1275 748 1488 814 caritas,
1517 748 1620 801 sive
1648 747 1762 800 ideo
1782 746 1955 799 unitas
1982 747 2104 816 quia

524 836 739 906 caritas,
770 851 819 896 et
847 842 962 896 ideo
992 842 1183 895 caritas
1208 841 1329 913 quia
1369 840 1648 904 sanctitas,
1675 840 2005 909 manifestum
2031 847 2105 893 cst

524 931 661 1003 quod
684 947 788 985 non
818 929 1007 1000 aliquis
1036 928 1249 982 duorum
1278 936 1355 981 est
1389 944 1487 998 quo
1514 936 1726 998 uterque
1753 927 2100 997 conjungitur,

522 1040 621 1092 quo
649 1022 849 1092 genitus
878 1037 908 1073 a
936 1019 1174 1091 gignente
1193 1018 1458 1088 diligatur,
1484 1029 1931 1089 generatoremque
1958 1034 2107 1070 suum

523 1112 741 1186 diligat;
769 1113 970 1182 sintque
1010 1127 1113 1164 non
1160 1109 1555 1180 participatione
1573 1152 1589 1174 ,
1621 1109 1711 1163 sed
1736 1110 1954 1162 essentia
1981 1124 2104 1168 sua;

524 1218 685 1273 neque
712 1203 846 1258 dono
874 1201 1154 1271 superioris
1182 1200 1405 1270 alicujus
1424 1241 1441 1264 ,
1485 1199 1577 1253 sed
1623 1215 1715 1252 suo
1742 1199 1973 1268 proprio,
2001 1214 2108 1250 ser-

523 1306 702 1351 vantes
728 1297 976 1349 unitatem
1025 1294 1254 1365 Spiritus
1299 1296 1352 1347 in
1394 1294 1600 1348 vinculo
1637 1295 1802 1366 pacis.
1838 1292 1905 1345 Et
1948 1291 2108 1362 paulo

524 1396 647 1457 post
668 1385 914 1457 (Ibidem)
949 1403 962 1438 :
995 1386 1221 1455 Spiritus
1252 1403 1371 1455 ergo
1394 1393 1604 1438 sanctus
1627 1400 1893 1437 commune
1913 1383 2110 1452 aliquid

523 1489 602 1534 est
630 1477 809 1533 Patris
822 1486 873 1531 et
898 1475 1045 1541 Filii,
1083 1478 1331 1549 quidquid
1356 1478 1486 1530 illud
1514 1485 1590 1530 est
1614 1494 1631 1530 :
1663 1485 1716 1530 at
1745 1478 1857 1545 ipsa
1882 1491 2110 1529 commu-

526 1569 614 1623 nio
642 1565 1097 1621 consubstantialis
1125 1577 1173 1619 et
1203 1578 1480 1621 coa'terna.
1505 1567 1634 1632 Qua:
1659 1568 1704 1621 si
1725 1566 1956 1619 amicitia
1980 1582 2109 1620 con~

449 1718 455 1725 ,
525 1662 786 1715 oenienter
812 1660 914 1713 dici
943 1670 1130 1731 potest,
1174 1662 1410 1725 dicatur;
1441 1661 1531 1715 sed
1559 1663 1731 1730 aptius
1760 1661 1948 1714 dicitur
1975 1661 2113 1712 cari-

526 1763 626 1809 tas.
649 1752 720 1807 Et
747 1754 856 1807 lucc
883 1770 1083 1824 quoque
1124 1752 1432 1816 substantia,
1476 1754 1597 1824 quia
1640 1751 1777 1807 Deus
1817 1751 2123 1807 substantia

2204 573 2344 632 rent,
2374 565 2467 619 sed
2493 566 2672 635 potius
2698 580 2798 635 per
2824 564 3263 634 anticipationem
3307 567 3507 621 dictum
3539 581 3661 623 esse
3691 568 3781 620 tiro

2204 664 2449 718 marent;
2506 664 2760 710 emterum
2789 672 2949 710 unum
2993 671 3114 710 esse
3166 656 3388 711 calicem
3417 658 3507 726 qui
3533 666 3590 713 et
3629 668 3782 712 antea

2206 746 2540 811 dividendus,
2568 755 2623 802 et
2649 757 2834 817 postea
2867 748 3128 802 bibendus
3157 759 3612 804 commemoratur
3636 751 3788 805 datus

2206 853 2325 894 esse
2353 838 2645 908 discipulis.
2677 837 2902 904 Quidam
2932 854 3063 893 vero
3085 838 3320 894 secundo
3350 839 3530 893 datum
3565 842 3784 895 calicem

2209 928 2439 982 lirmant.
2463 928 2566 982 Sed
2590 930 2704 982 sive
2733 930 2855 994 hoc,
2885 930 2997 983 sive
3026 928 3156 1003 illud
3183 931 3411 999 quisque
3433 932 3648 992 sentiat,
3672 933 3791 986 talis

2207 1029 2289 1074 est
2319 1031 2542 1090 uterque
2565 1037 2773 1086 sensus,
2802 1029 2860 1075 ιιι
2889 1038 2918 1075 a
2950 1037 3072 1076 vera
3105 1021 3205 1078 ﬁde
3227 1022 3533 1078 nullatenus
3557 1024 3795 1078 invenia-

2209 1122 2297 1167 tur
2319 1123 2630 1172 extranens.
2661 1113 2723 1168 lli
2753 1129 2882 1168 vero
2921 1115 3012 1182 qui
3061 1115 3353 1169 secundum
3409 1114 3512 1181 (al.
3545 1113 3790 1181 secundo)

2208 1204 2389 1257 datum
2412 1203 2721 1257 existimant
2742 1204 2986 1263 calicem,
3004 1204 3107 1258 hoc
3129 1204 3324 1258 factum
3343 1205 3394 1258 in
3410 1204 3793 1273 signiﬁcatione

2209 1295 2456 1350 dixerunt
2486 1314 2499 1347 :
2528 1296 2617 1350 alii
2647 1304 2952 1351 asserentes
2970 1296 3113 1363 quod
3142 1296 3194 1349 in
3220 1299 3394 1366 primo
3420 1297 3590 1351 calice
3608 1302 3791 1359 suam,

2212 1387 2263 1440 in
2288 1387 2525 1442 secundo
2555 1403 2683 1442 vero
2706 1386 2937 1442 lidelium
2960 1404 3179 1442 suorum
3208 1388 3466 1443 Dominus
3488 1389 3793 1458 prmﬁgura-

2211 1477 2349 1542 ycrit
2377 1478 2703 1546 passionem.
2736 1477 2837 1531 Alii
2866 1493 2993 1530 vero
3016 1477 3260 1531 diverunt
3296 1479 3346 1530 in
3371 1486 3599 1548 utroque
3627 1476 3795 1532 calice

2212 1566 2341 1620 i’lud
2370 1567 2600 1632 ostendi,
2623 1566 2767 1636 quod
2797 1568 2848 1621 in
2880 1567 3061 1635 Veteri
3093 1567 3440 1623 Testamento
3468 1575 3791 1636 pnnceptum

2214 1666 2296 1712 est
2326 1656 2524 1723 (Exod.
2553 1675 2644 1729 xu,
2678 1658 2740 1720 5;
2767 1656 2928 1711 Num.
2964 1675 3033 1719 ix,
3063 1657 3173 1723 ll),
3205 1667 3261 1711 ut
3290 1658 3380 1726 qui
3410 1656 3615 1711 Pascha
3639 1658 3793 1727 primi

2217 1749 2413 1803 mensis
2457 1762 2649 1817 agnum
2707 1746 3037 1803 comedendo
3070 1765 3177 1801 non
3228 1749 3416 1816 egerit,
3469 1748 3521 1801 in
3561 1747 3797 1803 secundo

524 1856 575 1901 ct
621 1845 763 1900 Deus
790 1847 981 1899 caritas
1031 1844 1084 1915 (1
1111 1844 1268 1899 Joan.
1308 1861 1378 1910 tv,
1413 1844 1535 1913 16),
1567 1846 1699 1899 sicut
1725 1846 1972 1914 scriptum
2009 1852 2104 1896 est.
2138 1846 2187 1904 Β
2214 1854 2398 1894 mense
2428 1839 2480 1892 in
2526 1837 2671 1893 htcdi
2726 1838 3058 1892 comestione
3091 1846 3331 1906 peragat.
3365 1838 3585 1892 Videtur
3618 1847 3797 1891 autem

526 1936 658 1992 Item
699 1936 806 1992 alio
832 1937 954 1992 loco
982 1936 1218 2006 ejusdem
1270 1936 1388 1992 libri
1434 1934 1655 2005 (Eodem
1679 1953 1792 2005 cap.
1827 1934 1891 2003 5)
1938 1935 2106 1990 dicit:

528 2026 774 2100 Equalis
796 2036 870 2081 est
896 2028 1053 2097 igitur
1072 2027 1228 2100 etiam
1253 2025 1481 2096 Spiritus
1515 2035 1755 2088 sanctus;
1786 2034 1835 2078 et
1862 2027 1907 2078 si
1937 2041 2112 2095 (equa-

530 2121 615 2185 lis,
673 2119 729 2172 in
777 2116 1011 2172 omnibus
1058 2118 1274 2188 aequalis
1311 2124 1521 2187 propter
1566 2132 1816 2170 summam
1864 2114 2111 2185 simplici-

480 2268 487 2277 η
530 2218 690 2264 tatem
731 2225 845 2280 qua:
885 2210 937 2263 in
976 2208 1068 2262 illa
1107 2208 1397 2263 substantia
1437 2218 1533 2262 est.
1580 2207 1647 2261 Et
1696 2208 1813 2263 ideo
1854 2225 1956 2261 non
1994 2225 2109 2261 am-

529 2301 664 2370 plius
712 2316 866 2371 quam
917 2301 1016 2353 tria
1064 2307 1183 2353 sunt
1227 2316 1244 2353 :
1294 2316 1427 2352 unus
1484 2299 1706 2369 diligens
1753 2315 1867 2351 eum
1921 2299 2007 2369 qui
2049 2299 2113 2351 de

527 2378 619 2447 illo
659 2401 753 2455 est,
792 2401 842 2445 et
864 2408 995 2453 unus
1031 2391 1252 2462 diligens
1281 2407 1397 2444 eum
1435 2390 1499 2444 de
1526 2406 1624 2460 quo
1660 2399 1755 2455 est,
1792 2390 1991 2460 et'ipsa
2026 2390 2113 2443 di-

527 2484 715 2538 lectio:
745 2500 858 2554 qute
894 2484 939 2537 si
977 2483 1105 2536 nihil
1139 2491 1235 2546 est,
1286 2482 1537 2553 quomodo
1584 2480 1722 2534 Deus
1765 2481 1965 2534 dilectio
2001 2480 2115 2533 est?

530 2577 576 2629 si
601 2592 706 2630 non
737 2583 814 2629 est
851 2574 1164 2638 substantia,
1207 2573 1458 2645 quomodo
1498 2572 1636 2625 Deus
1684 2571 1974 2625 substantia
2001 2572 2114 2626 est?

531 2665 624 2721 llis
653 2666 834 2735 itaque
866 2665 1045 2719 verbis
1090 2664 1280 2718 beatus
1316 2662 1642 2730 Augustinus
1679 2678 1785 2717 non
1825 2662 2110 2723 dubitavit,

529 2763 685 2818 sicut.
708 2762 989 2818 caritatem
1036 2766 1092 2812 et
1139 2756 1479 2813 sanctitatem
1507 2794 1523 2820 ,
1557 2755 1636 2812 sic
1664 2756 1823 2811 etiam
1853 2754 2113 2809 unitatem

533 2854 706 2909 Patris
740 2860 797 2908 et
823 2850 944 2905 Filii
981 2847 1239 2918 Spiritum
1275 2856 1519 2902 sanctum
1556 2846 1766 2912 dicere;
1811 2860 1912 2900 nec
1939 2845 2111 2900 solum

528 2956 819 2999 commune
858 2939 1057 3010 aliquid
1097 2954 1316 3006 eorum,
1352 2938 1444 2992 sed
1482 2937 1642 2992 etiam
1683 2937 2114 2993 communionem

527 3031 1040 3093 consubstantialem
1077 3036 1509 3097 comternamque
1568 3026 1883 3082 ﬁducialiter
1926 3015 2143 3097 prcedi-'

532 3139 677 3180 care.
708 3121 863 3189 Quod
880 3122 1072 3190 utique
1110 3119 1231 3174 ideo
1281 3134 1311 3172 a
1360 3117 1640 3172 catholicis
1693 3117 1905 3181 dicitur,
1940 3128 1996 3171 ut
2046 3131 2111 3170 ex

536 3217 653 3287 ipso
682 3214 903 3270 unitatis
928 3213 1147 3283 nomine
1177 3227 1283 3266 una
1314 3210 1579 3273 essentia,
1629 3218 1684 3264 et
1710 3225 1777 3264 ex
1807 3210 1910 3264 hoc
1949 3225 2112 3264 unum

535 3310 695 3381 πει
728 3322 971 3376 regnum,
995 3314 1053 3362 et
1080 3307 1131 3359 in
1159 3306 1348 3360 eodem
1380 3319 1488 3360 uno
1517 3317 1683 3369 regno
1710 3318 1813 3357 una
1843 3302 2118 3356 Trinitatis

535 3408 796 3470 potestas,
825 3412 1038 3467 unaque
1060 3396 1311 3465 majestas
1332 3411 1361 3449 a
1392 3393 1639 3449 ﬁdelibus
1667 3403 1988 3460 agnoscatur
2013 3412 2026 3446 ;
2050 3410 2117 3449 ne

539 3502 757 3563 putetur
800 3499 893 3546 aut
932 3491 1117 3554 Filius,
1149 3488 1521 3560 aut-Spiritus
1566 3495 1783 3542 sanctus
1823 3486 2116 3543 secundum

537 3583 770 3639 divinam
802 3590 1044 3638 naturam
1078 3580 1147 3635 ita
1178 3595 1298 3635 cum
1321 3578 1481 3633 Patre
1502 3592 1747 3646 regnare,
1766 3577 2117 3647 quemadmo-

537 3674 665 3729 dum
692 3690 812 3729 cum
860 3674 1073 3744 potiore
1122 3678 1312 3738 regnat
1363 3666 1614 3733 inferior;
1659 3666 1751 3722 sed
1801 3667 1888 3721 illa
1944 3669 2120 3723 unitas

539 3766 771 3838 Spiritus
798 3766 992 3832 sancti,
1022 3778 1141 3835 qua:
1185 3770 1269 3819 est
1323 3761 1629 3817 communio
1676 3758 1849 3815 Patris
1891 3768 1946 3814 et
1978 3760 2119 3826 Fifii,

512 3859 666 3913 «tum
698 3858 791 3913 illo
828 3870 996 3925 regno
1024 3855 1285 3909 unitatem
1314 3851 1611 3907 divinitatis
1653 3860 1936 3917 monstrat,
1963 3868 2118 3906 unam

517 3963 660 4004 Iesse
687 3946 943 4018 regnandi
976 3946 1331 4000 aeternitatem
1353 3984 1369 4011 ,
1399 3958 1557 3997 unam
1588 3951 1927 4014 potestatem,
1960 3959 2120 3998 unam

514 4039 873 4107 *majestatem
893 4079 907 4103 ,
936 4050 1208 4104 unamque
1236 4034 1658 4090 dominationem
1702 4049 1921 4088 summm
1950 4032 2123 4087 Trini-

542 4130 669 4185 tatis
696 4128 942 4183 edoceat.

690 4280 693 4283 _
1078 4232 1319 4281 QUESTIO
1358 4232 1570 4280 ΟιῗιΧτΑ.

615 4308 707 4363 39.
747 4308 1000 4375 Quintam
1029 4323 1180 4374 vero,
1205 4308 1255 4362 id
1276 4316 1360 4362 est
1386 4307 1747 4370 novissimam,
1781 4307 2022 4360 continet
2044 4307 2126 4360 bis

546 4399 724 4453 verbis
762 4398 990 4469 epistola
1048 4397 1418 4467 quaestionem.
1467 4394 1604 4459 Quid
1658 4397 1724 4449 sit
1773 4396 1907 4467 quod
1960 4396 2126 4450 Lucas

546 4489 859 4560 evangelista
886 4503 1083 4543 cautam
1103 4486 1313 4541 Domini
1343 4496 1669 4554 narraturus,
1693 4488 1835 4558 prius
1863 4504 1975 4541 eum
2003 4488 2127 4541 dicit

2210 1929 2300 1983 hic
2329 1929 2457 1983 mihi
2482 1929 2644 1983 etiam
2687 1929 2832 1983 aliud
2860 1926 3131 1999 quoddam
3161 1945 3451 1996 congruum
3487 1929 3795 1983 christiana:

2214 2018 2332 2074 lidei
2362 2021 2586 2090 reperiri
2610 2020 2939 2092 mysterium,
2970 2028 3027 2074 ut
3050 2021 3101 2074 in
3144 2014 3374 2090 utroque
3394 2021 3560 2076 calice
3591 2029 3797 2074 utrum-

2212 2126 2317 2179 que
2346 2110 2566 2180 intelligi
2613 2110 2813 2166 debeat
2868 2109 3288 2165 Testamentum.
3325 2108 3627 2163 Pr.esertim
3671 2109 3797 2178 quia

2215 2202 2318 2255 hoc
2338 2202 2495 2255 nobis
2519 2201 2597 2256 sic
2627 2201 2740 2270 ipsa
2763 2201 3154 2253 demonstravit
3180 2199 3406 2262 Veritas,
3441 2207 3500 2251 ut
3532 2198 3673 2251 nulla
3706 2213 3795 2252 re-

2212 2301 2454 2346 maneret
2477 2293 2837 2360 qurerentibus
2878 2290 3159 2363 dillicultas
3190 2309 3203 2340 :
3238 2306 3361 2344 nam
3394 2291 3508 2359 ipse
3540 2289 3799 2343 Dominus

2211 2383 2431 2438 calicem
2461 2398 2620 2452 quem
2646 2383 2933 2437 bibendum
2958 2383 3122 2447 dedit,
3163 2383 3369 2436 Novum
3414 2382 3685 2451 appellare
3717 2381 3798 2434 di-

2211 2480 2404 2539 gnatus
2426 2480 2508 2525 est
2528 2471 2950 2535 Testamentum,
2980 2472 3123 2540 quod
3159 2472 3452 2538 evangelici
3497 2479 3652 2524 tenor
3695 2470 3791 2523 de—

2212 2570 2475 2617 monstrat
2502 2562 2720 2633 eloquii.
2743 2563 2832 2617 Sic
2852 2562 3065 2631 quidem
3089 2561 3257 2615 tribu's
3278 2559 3636 2626 evangelistis,
3666 2559 3799 2612 Mat-

2196 2654 2373 2718 .thzeo,
2405 2652 2587 2707 Marco
2641 2662 2696 2706 et
2725 2651 2886 2710 Luca.
2941 2651 3045 2705 hoc
3075 2650 3437 2703 indubitanter
3492 2648 3797 2702 attestanti-

2213 2746 2331 2810 bus,
2364 2744 2651 2798 invenitur.
2679 2743 2855 2797 Verba
2877 2742 3074 2812 quippe
3104 2741 3338 2793 Mattluei
3361 2740 3475 2795 lucc
3498 2748 3656 2793 sunt:
3688 2736 3797 2791 Ca-

2215 2834 2457 2889 nantibus
2486 2843 2653 2887 autem
2674 2835 2768 2900 eis,
2792 2834 2988 2902 accepit
3016 2822 3167 2885 Jesus
3199 2848 3415 2903 panem;
3442 2842 3491 2884 et
3520 2830 3793 2892 benedixit,

2215 2942 2276 2979 ac
2301 2913 2474 2997 fregit,
2525 2924 2761 2995 deditque
2790 2923 3054 2992 discipulis
3094 2923 3223 2984 suis,
3259 2932 3309 2975 et
3337 2923 3443 2975 ait:
3473 2920 3720 2989 Accipite,
3750 2927 3797 2971 et

2214 3015 2461 3070 comedite
2492 3030 2508 3066 :
2534 3011 2648 3066 Hoc
2670 3020 2744 3073 est
2771 3028 2953 3080 corpus
2975 3026 3161 3065 meum.
3193 3009 3262 3063 Et
3281 3012 3535 3081 accipiens
3563 3009 3796 3071 calicem,

2214 3108 2407 3178 gratias
2428 3106 2550 3177 egit,
2582 3113 2630 3159 ct
2652 3105 2790 3158 dedit
2810 3103 2928 3169 illis,
2949 3103 3157 3158 dicens:
3182 3101 3348 3158 Bibite
3375 3120 3439 3157 ea:
3466 3102 3561 3156 hoc
3586 3118 3796 3156 omnes:

2142 3208 2187 3268 (ζ
2215 3197 2271 3251 11
2276 3199 2322 3250 ic
2349 3188 2508 3270 232
2532 3198 2669 3255 enim
2690 3199 2901 3269 sanguis
2928 3214 3068 3250 meus
3088 3194 3223 3249 Novi
3246 3195 3574 3260 Testamenti,
3600 3196 3684 3265 qui
3704 3211 3798 3264 pro

2219 3290 2391 3346 multis
2414 3288 2705 3359 e/fundetur
2734 3291 2785 3343 in
2837 3289 3191 3343 remissionem
3238 3297 3560 3356 peccatorum
3586 3283 3799 3355 (Matth.

2220 3401 2363 3447 xxvi,
2396 3382 2508 3451 26).
2540 3382 2749 3436 Marcus
2778 3397 2904 3436 vero
2928 3380 3242 3451 mysterium
3274 3379 3535 3434 Dominici
3568 3379 3721 3448 panis
3750 3387 3803 3431 et

2219 3474 2401 3528 calicis
2420 3473 2801 3542 explicaturus,
2833 3472 2946 3527 lucc
2986 3472 3089 3525 ait:
3128 3470 3192 3523 Et
3218 3468 3650 3529 manducantibus
3681 3480 3703 3505 ⁸
3737 3469 3801 3521 il-

2219 3564 2303 3627 lis,
2331 3563 2525 3633 accepit
2542 3561 2693 3617 Iesus
2716 3579 2937 3632 panem;
2959 3570 3005 3614 et
3032 3561 3335 3615 benedicens
3357 3561 3540 3631 fregit,
3585 3569 3636 3612 et
3664 3559 3802 3612 dedit

2218 3655 2314 3720 eis,
2344 3662 2393 3708 et
2415 3655 2527 3708 ait:
2561 3653 2780 3717 Sumite,
2814 3652 2927 3706 Hoc
2952 3662 3028 3706 est
3054 3669 3236 3719 corpus
3268 3668 3450 3704 meum.
3498 3648 3564 3701 Et
3597 3658 3806 3719 accepto

2221 3746 2397 3809 calice,
2454 3746 2648 3816 gratias
2701 3760 2881 3813 agens,
2934 3742 3073 3795 dedit
3102 3744 3197 3807 eis,
3245 3751 3293 3794 et
3331 3740 3564 3793 biberunt
3603 3755 3671 3793 ea:
3721 3738 3809 3790 illo

2221 3854 2416 3893 omnes.
2436 3837 2501 3891 Et
2524 3838 2596 3889 ait
2610 3837 2682 3889 eis
2697 3853 2713 3889 :
2734 3834 2833 3888 llic
2847 3844 2921 3889 est
2943 3836 3153 3906 sanguis
3174 3851 3313 3888 meus
3330 3831 3460 3887 Noti
3479 3831 3807 3889 Tcstamenti.

2222 3930 2306 3998 qui
2334 3944 2429 3998 pro
2487 3927 2659 3979 multis
2716 3925 2999 3994 effunditur
3044 3925 3136 3998 (al.
3166 3922 3479 3994 e/fundetur]
3512 3921 3702 3992 (Marc.
3736 3938 3808 3980 tv,

2223 4018 2332 4086 92).
2374 4016 2526 4071 Luae
2577 4031 2728 4082 vero,
2754 4030 2911 4084 quem
2960 4014 3202 4069 secundo
3244 4022 3450 4068 certum
3477 4022 3560 4067 est
3586 4013 3808 4067 calicem

2224 4108 2548 4170 nominasse,
2582 4106 2664 4160 bis
2714 4105 2985 4159 invenitur
3030 4105 3206 4159 verbis
3237 4104 3483 4157 ordinata
3521 4111 3681 4170 atque
3710 4115 3809 4155 ex—

2224 4198 2418 4267 plicata
2451 4198 2685 4249 narratio
2722 4213 2733 4247 :
2767 4193 2833 4246 Et
2878 4204 3084 4264 accepto
3133 4194 3293 4246 calice
3339 4193 3537 4261 gratias
3586 4191 3710 4262 egit.
3764 4200 3813 4243 et

2223 4287 2359 4339 dixit
2385 4302 2402 4339 :
2432 4286 2659 4354 Accipite
2702 4293 2750 4337 et
2780 4284 2990 4337 dividite
3014 4278 3161 4336 inter
3193 4300 3297 4336 ros.
3331 4282 3461 4336 Dic'o
3508 4282 3643 4335 enim
3674 4278 3814 4333 vobis

2224 4380 2362 4450 quod
2391 4396 2492 4431 non
2516 4376 2686 4429 bibam
2717 4375 2780 4427 de
2806 4376 3134 4445 generatione
3160 4375 3273 4426 vitis
3298 4372 3457 4426 donec
3484 4386 3692 4441 regnum
3717 4367 3817 4423 Dei

2230 4472 2417 4523 veniat.
2449 4466 2516 4520 Et
2547 4475 2758 4536 accepto
2783 4474 2916 4536 pane
2938 4465 3137 4536 gratias
3165 4465 3286 4534 egit,
3319 4471 3369 4516 et
3395 4464 3566 4533 fregit,
3596 4469 3647 4515 et
3676 4459 3816 4512 dedit

544 4582 761 4636 calicem
805 4582 1085 4644 accepisse,
1125 4589 1173 4634 et
1229 4579 1492 4648 discipulis
1540 4579 1868 4633 dividendum
1914 4580 2117 4633 inter.“

2231 4563 2325 4628 eis,
2358 4560 2529 4613 dicens
2552 4574 2568 4611 :
2616 4556 2731 4611 Hoc
2759 4566 2835 4611 est
2855 4573 3037 4626 corpus
3062 4545 3249 4619 meum,
3278 4553 3414 4625 qubd
3436 4569 3529 4625 pro
3558 4552 3695 4605 vobis
3717 4551 3812 4603 da-

543 4675 790 4730 continuo
817 4672 1121 4737 tradidisse;
1149 4680 1198 4725 et
1223 4681 1328 4725 tum
1358 4668 1541 4724 deinde
1567 4679 1775 4741 accepto
1802 4687 1935 4738 pane
1966 4671 2127 4724 dixis-

539 4781 638 4829 se;
677 4784 696 4816 ι
732 4762 849 4818 Hoc
885 4772 959 4816 est
1005 4780 1186 4832 corpus
1229 4778 1427 4824 meum;
1477 4780 1494 4811 ι
1538 4770 1587 4814 et
1631 4770 1838 4828 accepto
1897 4760 2131 4836 similiter

542 4863 820 4926 postquam
836 4855 1048 4909 cantavit
1075 4855 1254 4919 calice,
1279 4864 1395 4907 tunc
1417 4853 1612 4907 dixisse
1637 4869 1654 4905 :
1694 4872 1712 4903 ι
1742 4853 1845 4905 llic
1869 4853 2008 4906 calix
2025 4841 2129 4906 no-

552 4960 669 5000 eum
708 4944 1086 4999 Testamentum
1116 4946 1263 4997 estin
1301 4945 1553 5013 sanguine
1590 4959 1719 5006 meo,
1750 4942 1835 5011 qui
1873 4957 1966 5011 pro
1993 4939 2132 4993 vobis

553 5032 787 5107 funditur
806 5031 900 5104 (al.
916 5030 1228 5102 e/fundetur]
1253 5030 1401 5099 (Luc.
1422 5047 1550 5094 χχιι,
1576 5029 1764 5100 l7sqq.
1778 5030 1814 5087 ).
1830 5047 1847 5080 ι
1881 5027 1986 5081 lsta
2002 5042 2132 5081 vero

544 5123 849 5192 -qua:stione
877 5123 1147 5192 proposita
1169 5120 1441 5189 sulijungis
1469 5128 1525 5175 et
1551 5119 1683 5174 dicis
1703 5137 1714 5171 :
1738 5116 1987 5188 Nunquid
2002 5133 2131 5170 unus

551 5213 695 5266 calia:
744 5213 967 5268 secundo
989 5222 1064 5267 est
1092 5212 1268 5280 datus,
1291 5228 1359 5264 an
1391 5211 1524 5264 alius
1561 5210 1727 5280 prius,
1756 5208 1887 5262 alius
1915 5205 2134 5277 postea?

548 5316 606 5360 et
635 5308 678 5359 si
706 5307 779 5360 ita
804 5317 900 5371 est,
932 5306 1127 5376 inquis,
1155 5306 1223 5358 ad
1249 5294 1392 5375 cujus
1419 5306 1488 5357 rei
1518 5311 1895 5357 sacramentum
1918 5301 2137 5369 pertinet

555 5395 645 5453 ille
680 5397 746 5452 de
789 5414 889 5465 quo
921 5398 1141 5450 maxime
1180 5396 1352 5449 ca’teri
1389 5395 1471 5465 qui
1502 5394 1814 5461 scripserunt
1847 5389 2137 5460 evangelica

553 5490 675 5562 (aL,
698 5498 754 5545 ut
774 5505 932 5560 supra
964 5490 1014 5542 in
1038 5489 1193 5557 epist.
1215 5484 1488 5547 Ferrandi,
1511 5482 1811 5553 Evangelia)
1834 5480 2139 5533 tacuerunt?

1187 5593 1489 5633 BESI’ONSIO.

630 5673 719 5727 ιο.
765 5672 913 5726 llnnc
944 5670 1213 5738 Evangelii
1262 5670 1433 5723 locum
1463 5666 1674 5736 quidam
1693 5665 1774 5721 sic
1792 5666 2017 5734 intelligi
2048 5680 2131 5717 vo-

636 5856 657 5884 ⁸
693 5844 840 5909 ADL,
874 5842 1299 5897 manducantibus
1328 5850 1512 5895 autem.

2239 4662 2318 4705 tur
2348 4669 2364 4704 :
2396 4651 2491 4705 Itoc
2513 4650 2669 4720 facile
2711 4650 2760 4701 in
2787 4664 2949 4701 meam
2972 4646 3528 4700 commemorationem.
3561 4641 3814 4695 Similiter

2235 4752 2281 4795 et
2309 4741 2515 4794 calicem
2535 4749 2802 4808 postquam
2828 4736 3248 4799 cmnavit,clicens
3280 4754 3296 4787 :
3329 4733 3375 4786 Η
3386 4734 3430 4786 ic
3451 4733 3590 4785 calix
3612 4729 3811 4783 Novum

2240 4833 2619 4886 Testamentum
2641 4832 2789 4885 estin
2821 4830 3073 4900 sanguine
3096 4845 3226 4891 meo,
3256 4827 3341 4896 qui
3358 4843 3455 4896 pro
3477 4823 3617 4878 vobis
3638 4822 3816 4893 fundi-

2238 4936 2318 4978 tur
2347 4924 2437 4997 [aL
2474 4919 2735 4995 {undeturj
2762 4920 2909 4991 (Luc.
2939 4936 3067 4984 λιιι,
3091 4919 3198 4973 Πι.
3225 4917 3358 4972 llinc
3383 4926 3464 4971 est
3488 4913 3635 4984 quid
3656 4914 3815 4967 etiam

2237 5018 2426 5071 beatus
2473 5014 2668 5069 Paulus
2716 5027 3146 5079 commemorans
3202 5009 3620 5064 sacratissimum
3680 5000 3816 5058 illius

2238 5124 2402 5162 coma:
2433 5105 2759 5175 mysterium,
2795 5119 2899 5156 non
2931 5101 3075 5156 aliud
3102 5101 3325 5155 calicem
3364 5112 3522 5167 quam
3550 5096 3756 5149 Novum
3787 5109 3816 5146 a

2242 5196 2466 5249 llozniuo
2514 5202 2875 5263 nuncupatum
2935 5191 3166 5246 insinuat
3210 5189 3630 5245 Testamentum.
3675 5185 3818 5239 Inter

2240 5286 2340 5339 alia
2382 5300 2612 5354 namque
2658 5283 2733 5337 sic
2778 5282 2908 5336 dicit
2940 5301 2951 5334 ε
2980 5281 3094 5353 Ego
3142 5284 3277 5336 enim
3319 5280 3491 5350 accepi
3534 5296 3565 5331 a
3595 5276 3819 5331 Domino

2240 5379 2376 5447 quod
2420 5387 2467 5431 et
2492 5376 2682 5429 tradidi
2713 5375 2869 5439 vobis,
2902 5374 3145 5445 quoniam
3179 5372 3427 5425 Dominus
3456 5369 3607 5423 Jesus
3638 5369 3689 5420 in
3720 5382 3819 5436 qua

2244 5480 2386 5524 nocte
2407 5468 2722 5530 tradebatur,
2742 5468 2934 5536 accepit
2953 5482 3156 5537 panem,
3180 5474 3228 5518 et
3249 5464 3450 5535 gratias
3467 5475 3624 5532 agens
3646 5459 3820 5529 fregit,

2244 5574 2291 5617 et
2312 5563 2440 5616 dixit
2472 5579 2487 5615 :
2518 5560 2629 5615 Hoc
2669 5570 2743 5614 est
2765 5576 2949 5630 corpus
2979 5576 3143 5613 meum
3165 5576 3256 5628 pro
3286 5559 3423 5612 vobis
3446 5559 3472 5594 δ
3502 5574 3515 5611 :
3543 5557 3636 5609 hoc
3666 5555 3822 5626 facite
3844 5602 3856 5621 ,

2238 5657 2296 5709 in
2324 5670 2489 5708 meam
2518 5654 3065 5707 counnemorationcm.
3086 5651 3337 5705 Similiter
3365 5659 3412 5703 et
3440 5648 3650 5702 calicem
3680 5654 3819 5716 post-

2176 5832 2206 5871 δ
2233 5831 2319 5888 Sic
2341 5847 2466 5887 mss.
2482 5831 2617 5886 Tbu.
2634 5840 2685 5886 et
2702 5831 2823 5886 Ant.
2847 5829 2945 5884 Alii
2962 5800 3292 5897 codd.,‘quod
3312 5842 3403 5896 pro
3422 5823 3561 5887 vobis
3580 5824 3816 5878 traditur.
