4108 6476
317 386 349 437 4
359 386 423 439 39

1702 379 2026 434 EPISTULA
2069 376 2200 434 XIV.

3482 382 3586 439 £56

308 514 464 564 quam
484 497 719 558 (tentavit,
750 494 923 548 dicens
955 512 971 546 :
1002 493 1105 547 Hic
1126 490 1481 547 caliaNorum
1512 492 1890 546 Testamentum
1926 502 1964 552 Α
1998 494 2229 547 lunnana
2261 476 2569 562 subjiceret,
2603 502 2658 547 ct
2694 510 2760 547 ex
2786 492 3105 563 inﬁrmitate
3126 496 3402 562 virtutem,
3445 512 3589 571 prte-

308 601 383 644 est
410 591 462 644 in
488 604 597 643 meo
623 589 874 660 sanguine
903 605 916 638 :
954 589 1051 641 hoc
1077 587 1232 658 facite
1250 627 1264 652 ,
1296 588 1689 659 quotiescunque
1717 585 1895 640 bibetis

310 676 702 752 θάψω,
754 679 807 732 in
874 696 1041 732 meam
1089 679 1625 732 commemora:ionem
1670 677 1724 745 (Ι
1771 675 1893 731 Cor.

309 787 384 831 ιι.
409 769 530 839 2‘5)-

383 861 470 914 ιιι.
507 860 616 915 Hac
636 860 807 928 igitur
826 860 1254 933 angelicorum
1285 868 1445 930 atque
1475 860 1897 928 apostolicoruu‘.

307 956 657 1011 attestatione
685 955 950 1010 dictorum
974 955 1222 1015 ineal'nis
1245 954 1480 1016 nomine,
1505 953 1607 1007 isto
1636 952 1898 1006 duntaxat

307 1048 453 1109 luco,
482 1062 587 1103 non
630 1047 773 1101 aliud
799 1033 957 1116 quam
990 1046 1231 1100 divinum
1270 1046 1632 1118 perndttimur
1651 1045 1896 1114 accipere

307 1140 732 1196 Testamentum.
766 1140 949 1210 Neque
986 1140 1127 1193 enim
1156 1139 1379 1192 dubium
1404 1146 1493 1194 est
1544 1136 1662 1192 aliis
1706 1137 1838 1192 locis
1867 1151 1896 1190 a

307 1231 537 1286 Domino
567 1231 782 1285 nomine
803 1231 985 1285 calicIs
1002 1230 1349 1300 signiﬁcatam
1372 1229 1601 1297 gratiam
1614 1228 1893 1298 passionis.

311 1323 465 1389 Quod
490 1323 675 1391 utique
729 1322 951 1389 intelligi
994 1322 1164 1375 voluit
1204 1321 1388 1375 dicens
1442 1320 1562 1374 ﬁliis
1608 1318 1895 1375 Zebedzei:

306 1413 535 1468 Potestis
562 1412 732 1466 bibere
759 1411 971 1465 calirem
986 1429 1130 1484 quem
1152 1429 1246 1483 ego
1268 1411 1515 1465 bibitarus
1546 1426 1657 1464 sum
1682 1408 1893 1480 (Matth.

307 1516 398 1569 xx,
428 1502 554 1574 22)?
584 1503 647 1557 Et
684 1504 736 1557 in
768 1504 879 1573 ipsa
912 1504 1039 1557 hora
1071 1519 1174 1574 qua
1199 1503 1424 1557 detineri
1455 1502 1701 1557 manibus
1730 1502 1901 1556 voluit

307 1595 620 1665 impiorum,
645 1596 747 1650 hoc
770 1610 1033 1669 sermone
1060 1595 1274 1649 beatum
1311 1593 1549 1655 Petrum,
1584 1602 1642 1647 ut
1663 1594 1896 1663 gladium

305 1687 628 1742 reconderet
658 1688 708 1741 in
740 1688 982 1757 vaginam
1030 1701 1389 1757 praemonens,
1421 1687 1641 1741 calicem
1670 1702 1729 1740 se
1758 1686 1896 1740 bibi-

308 1787 489 1833 turum
521 1779 785 1849 passionis
831 1777 1091 1841 ostendit,
1125 1779 1346 1832 dicens:
1392 1775 1543 1831 Mitte
1570 1777 1801 1849 gladium
1844 1778 1897 1830 in

1999 588 2211 643 Valente
2234 586 2490 657 spiritalis
2512 586 2697 654 gratia:
2727 600 2968 650 munere,
3004 585 3314 654 perfecisset
3345 604 3357 637 :
3397 587 3463 641 ab
3494 580 3586 640 illo

1995 674 2097 731 sibi
2114 679 2420 733 facultatem
2448 679 2684 733 retinens
2712 679 2911 744 datam,
2941 679 3092 747 cujus
3124 678 3454 734 voluntatem
3477 693 3587 734 sua:

1995 768 2259 824 voluntati
2283 785 2389 824 non
2414 770 2709 839 ambigeret
2725 769 3131 840 praeferendam,
3151 778 3311 838 atque
3329 770 3399 823 ita
3422 769 3586 825 homo

1999 859 2124 914 illud
2153 861 2299 930 quod
2345 876 2410 917 ex
2461 862 2696 916 hmnana
2752 860 3064 917 inﬁrmitate
3093 862 3277 925 vellet,
3318 862 3587 932 patienter

1995 952 2273 1028 vinceret,
2304 960 2362 1007 ut
2389 953 2455 1006 ad
2483 951 2612 1007 illud
2644 954 2709 1007 ad
2739 952 2881 1023 quod
2909 953 3085 1008 divina
3110 954 3357 1008 voluntas
3388 952 3589 1007 utiliter

1999 1051 2177 1111 vocat,
2211 1042 2436 1098 feliciter
2464 1045 2788 1114 perveniret.
2822 1075 2830 1079 -

2069 1131 2155 1184 42.
2190 1132 2304 1186 Non
2328 1147 2457 1201 ergo
2477 1134 2673 1188 Christi
2697 1135 2942 1210 voluntas
2968 1136 3071 1189 alia
3093 1135 3266 1205 potuit
3286 1150 3405 1189 esse
3424 1149 3585 1203 quam

2002 1222 2195 1289 Patris,
2227 1240 2347 1279 cum
2380 1225 2430 1283 in
2462 1223 2618 1278 Patre
2648 1240 2710 1279 ac
2742 1225 2876 1280 Filio
2904 1241 3061 1279 unam
3090 1241 3304 1295 semper
3331 1224 3584 1279 volunta-

1998 1322 2108 1367 tem
2137 1322 2315 1369 servet
2346 1314 2524 1368 unitas
2572 1316 2848 1370 naturalis.
2901 1315 3008 1371 Sed
3055 1316 3143 1370 ille
3173 1316 3262 1384 qui
3293 1315 3587 1369 humanam

2001 1415 2246 1460 naturam
2269 1407 2567 1477 suscipiens
2589 1408 2735 1461 venit
2757 1416 3000 1462 naturam
3028 1408 3238 1462 salvare
3259 1423 3417 1477 quam
3442 1406 3583 1468 fecit,

2000 1496 2241 1567 ejusdem
2270 1496 2487 1566 quoque’
2518 1501 2720 1551 natura:
2749 1498 2910 1552 \erba
2940 1513 3043 1551 non
3077 1497 3273 1563 fallaci,
3297 1496 3393 1551 scd
3432 1511 3589 1550 vera-

1997 1588 2216 1643 cissima
2257 1589 2602 1658 susceptione
2647 1588 2888 1659 protulit,
2936 1574 3088 1657 cujus
3129 1588 3289 1641 etiam
3334 1586 3587 1642 allectum

1995 1679 2424 1735 clementissima
2477 1680 2718 1735 bonitate
2763 1680 3034 1749 suscepit;
3084 1680 3330 1734 all‘ectum
3381 1678 3590 1734 scilicet

2002 1786 2159 1840 quem
2191 1770 2356 1824 habet
2381 1786 2508 1825 caro
2546 1787 2615 1824 ex
2649 1771 3009 1840 trepidatione
3059 1768 3339 1833 moriendi,
3384 1784 3493 1823 non
3520 1777 3591 1825 ex

305 1872 563 1941 vaginam.
593 1868 815 1923 Calicem
841 1886 989 1941 quem
1017 1860 1159 1922 dedit
1191 1870 1315 1922 mihi
1358 1868 1533 1935 Pater,
1575 1886 1679 1922 non
1703 1867 1898 1923 .bibam
1934 1866 1971 1922 ll
2001 1859 2296 1929 cupiditate
2325 1861 2579 1930 peccandi
2604 1880 2616 1913 :
2653 1861 2739 1916 ille
2769 1862 2911 1915 enim
2942 1862 3032 1931 qui
3074 1878 3177 1914 non
3211 1868 3438 1913 noverat
3464 1875 3593 1931 pee-

304 1963 452 2017 illum
484 1973 506 1997 "
528 1964 705 2033 (Joan.
741 1979 884 2028 xvlzt,
916 1962 1041 2032 il)?
1062 1962 1245 2031 luquo
1264 1962 1431 2017 calice
1446 1962 1751 2032 passionem
1779 1976 1898 2014 esse

308 2051 711 2119 intelligendam
742 2053 906 2106 etiam
933 2052 1039 2107 illic
1066 2051 1331 2116 ostendit,
1367 2052 1454 2105 ubi
1480 2052 1695 2105 avulsus
1725 2065 1754 2103 a
1785 2051 1896 2105 dis-

307 2141 497 2211 cipulis
540 2152 797 2211 quantum
840 2142 1015 2209 jactus
1069 2156 1150 2199 est
1179 2143 1393 2213 lapidis,
1453 2143 1747 2198 moriturus
1802 2158 1897 2213 pro

307 2235 542 2303 peccatis
572 2235 869 2298 hominum,
904 2233 1153 2289 humanm
1199 2249 1415 2304 quoque
1446 2233 1773 2287 inﬁrmitatis
1801 2248 1893 2285 ve-

309 2325 507 2380 raciter
540 2326 589 2377 in
634 2326 815 2395 seipse
855 2324 1247 2380 demonstravit
1276 2324 1556 2389 allectum;
1603 2334 1657 2378 et
1701 2333 1761 2378 ut
1801 2324 1896 2379 de-

306 2416 667 2485 sperationem
700 2416 766 2470 ab
794 2415 1172 2470 inﬁrmioribus
1204 2416 1297 2487 (al.
1330 2414 1691 2483 inferioribus)
1726 2430 1894 2469 tuem—

306 2508 416 2561 bris
445 2507 753 2577 dignaretur
782 2507 1010 2571 auferre,
1043 2508 1154 2576 ipsa
1187 2507 1355 2561 virtus
1382 2500 1502 2575 queo
1534 2515 1773 2560 nostrum
1799 2522 1893 2560 ca-

307 2606 402 2667 put
437 2612 554 2670 esse
608 2597 797 2661 voluit,
827 2596 1008 2652 dicere
1058 2596 1240 2652 divino
1281 2613 1466 2651 amore
1497 2613 1602 2679 non
1635 2606 1717 2651 est
1745 2596 1895 2651 dedi-

305 2689 648 2759 gnata,quod
670 2690 909 2742 membra
933 2688 1050 2758 ejus
1077 2696 1258 2743 essent
1286 2690 1524 2743 humano
1553 2687 1892 2757 postmodum

306 2782 500 2835 timore
528 2782 753 2836 dictura.
808 2779 934 2835 lnale
963 2790 1044 2836 est
1063 2780 1205 2849 quod
1237 2796 1357 2834 eum
1381 2780 1551 2834 Lucas
1569 2778 1891 2847 evangelista

306 2871 508 2947 dixisse
536 2879 926 2927 commemorat
958 2870 1183 2936 :Pater,
1218 2873 1261 2926 si
1288 2874 1391 2936 vis,
1426 2873 1652 2941 transfer
1680 2872 1893 2924 calicem

307 2967 461 3018 istum
485 2981 517 3016 a
546 2981 625 3017 me
656 2962 800 3031 (an.
838 2978 966 3025 χχιι,
1000 2961 1110 3031 42).
1153 2961 1435 3015 Matthmus
1467 2976 1682 3029 quoque
1732 2961 1892 3013 verba

306 3056 423 3123 ejus
449 3056 563 3109 hzcc
588 3070 706 3111 esse
747 3061 1021 3124 testatur:
1072 3052 1230 3105 Pater
1278 3052 1366 3116 mi,
1412 3053 1455 3105 si
1511 3050 1752 3119 possibile
1794 3058 1893 3114 est,

305 3155 536 3200 transeat
582 3164 614 3199 τι
655 3163 734 3198 me
783 3145 920 3198 calix
961 3146 1058 3199 iste
1086 3142 1318 3213 '(Mattli.
1352 3159 1498 3207 xxvr,
1531 3136 1651 3211 59).
1683 3140 1893 3196 Marcus

1997 1958 2201 2014 catum,
2234 1952 2349 2004 sine
2380 1961 2603 2020 peccato
2627 1967 2811 2006 verum
2844 1967 2949 2005 non
2982 1951 3297 2020 iniquitatis,
3320 1951 3415 2004 sed
3442 1949 3590 2005 inﬁr-

2001 2042 2201 2095 mitatis
2227 2051 2423 2096 nostra:
2452 2043 2691 2111 suscepit
2718 2042 2986 2097 allectum.
3037 2042 3177 2097 Vere
3220 2043 3363 2096 enim
3406 2041 3474 2097 de
3498 2043 3590 2096 illo

2000 2132 2190 2187 beatus
2214 2130 2404 2186 Petrus
2431 2133 2506 2185 ait
2538 2151 2550 2183 :
2579 2130 2678 2195 Qui
2712 2141 2977 2209 peccatum
2999 2149 3102 2186 non
3127 2133 3268 2203 fecit,
3302 2148 3393 2185 nec
3413 2130 3594 2185 incert-'-
3620 2126 3627 2133 ’

2001 2233 2078 2277 tus
2107 2234 2182 2277 est
2213 2224 2361 2277 dolus
2385 2224 2435 2277 in
2464 2240 2552 2277 ore
2579 2225 2692 2293 ejus
2716 2223 2766 2295 (Ι
2795 2222 2939 2277 Petr.
2965 2239 3020 2286 ιι,
3043 2221 3154 2293 22).
3187 2221 3440 2287 Proinde,
3463 2223 3590 2291 quia
3650 2238 3661 2255 ι

1999 2321 2277 2381 peccatum
2308 2329 2414 2366 non
2456 2313 2598 2378 fecit,
2647 2313 2914 2367 diversam
2961 2312 3297 2368 voluntatem
3344 2328 3375 2367 a
3418 2312 3591 2369 Patris

1998 2408 2277 2463 voluntate
2301 2425 2407 2463 non
2439 2410 2653 2475 habuit;
2688 2417 2743 2464 ct
2771 2411 2894 2480 quia
2927 2425 3034 2463 non
3058 2418 3139 2465 est
3165 2410 3412 2464 inventus
3433 2410 3590 2464 dolus

1995 2501 2051 2554 in
2081 2513 2176 2554 ore
2197 2501 2332 2569 ejus,
2359 2516 2423 2554 ex
2452 2500 2644 2556 affectu
2671 2517 2796 2555 vero
2818 2502 3143 2556 inﬁrmitatis
3165 2502 3435 2567 humanm,
3463 2516 3590 2556 vera

1997 2592 2159 2647 verba
2205 2609 2309 2647 non
2356 2593 2644 2662 ambigitur
2683 2593 2991 2663 protulisse.
3042 2592 3296 2659 Quamvis
3344 2592 3509 2661 igitur
3535 2593 3589 2645 in

1998 2684 2102 2739 illis
2127 2683 2424 2739 Salvatoris
2454 2686 2624 2740 nostri
2652 2670 2808 2740 dictis
2836 2686 3030 2754 quibus
3071 2685 3294 2740 calicem
3339 2686 3590 2740 nomina-

1998 2776 2094 2841 vit,
2118 2775 2298 2844 passio
2322 2774 2392 2829 sit
2421 2775 2787 2842 intelligenda,
2814 2784 2922 2829 tam
2955 2774 3070 2845 ejus
3098 2790 3258 2843 quam
3281 2765 3588 2830 sanctorum

1998 2863 2114 2933 ejus
2143 2863 2271 2932 (quo
2299 2877 2459 2916 sensu
2490 2864 2660 2916 etiam
2685 2864 2873 2917 beatus
2902 2863 3069 2923 David
3099 2863 3324 2917 calicem
3377 2877 3583 2917 nuncu-

1998 2954 2163 3023 pavit,
2199 2953 2287 3009 illo
2318 2954 2577 3009 duntaxat
2608 2955 2728 3008 loco
2757 2956 2846 3008 ubi
2876 2956 2949 3008 ait
2981 2972 2993 3006 :
3022 2952 3158 3017 Quid
3179 2953 3458 3008 retribuam
3483 2953 3591 3008 Do-

2000 3046 2140 3099 mino
2169 3062 2263 3115 pro
2294 3047 2528 3100 omnibus
2567 3063 2682 3118 quw
2729 3046 2961 3101 retribuit
2990 3046 3154 3100 mihi?
3182 3045 3406 3100 Calicem
3447 3047 3590 3100 salu-

1940 3131 1945 3136 ’
2000 3139 2131 3193 laris
2151 3138 2424 3208 accipiam,
2452 3148 2501 3192 et
2535 3155 2718 3192 nomen
2741 3137 2946 3192 Domini
2964 3137 3212 3192 inrorabo
3252 3138 3427 3209 [PsaL
3463 3154 3585 3201 cxv,

307 3254 452 3303 vero,
478 3246 537 3293 ut
566 3243 875 3293 ostenderet
904 3238 1029 3307 quid
1054 3239 1118 3291 ‘in
1162 3237 1252 3291 illo
1285 3236 1452 3291 calice
1481 3236 1777 3304 intelligere
1802 3236 1894 3291 de-
1924 3232 1969 3291 C
2001 3226 2056 3299 5]
2077 3247 2090 3282 ε
2109 3229 2200 3283 ubi
2220 3228 2513 3283 ostendens
2534 3229 2755 3283 calicem
2781 3230 2940 3283 istum
2963 3244 3071 3282 non
3093 3228 3234 3282 aliud
3260 3244 3420 3297 quam
3448 3244 3591 3284 mor-

307 3331 586 3395 heremus,
635 3331 746 3383 ait:
780 3329 850 3383 Et
893 3348 1008 3383 rum
1049 3330 1381 3400 processisset
1415 3329 1573 3398 263
1601 3328 1892 3398 paululum,

306 3423 530 3490 procidit
558 3440 711 3492 super
733 3433 942 3484 terram,
969 3432 1016 3475 et
1036 3423 1218 3483 oravit,
1237 3432 1308 3483 ut,
1335 3423 1379 3473 si
1395 3420 1510 3489 ﬁeri
1522 3429 1710 3490 posset,
1731 3430 1896 3472 trans-

307 3517 406 3568 iret
437 3514 499 3566 ub
541 3531 599 3567 eo
646 3515 774 3567 hora
826 3512 1023 3583 (Marc.
1055 3529 1171 3574 xw,
1203 3510 1334 3579 55).
1378 3511 1545 3576 Quam
1580 3510 1666 3563 hic
1705 3511 1892 3562 horam

308 3612 557 3674 putamus
580 3619 609 3657 a
638 3611 826 3658 sancto
848 3604 1172 3669 evangelisti
1215 3602 1587 3669 signiﬁcatam,
1624 3603 1724 3655 nisi
1750 3602 1892 3654 illam

308 3694 378 3749 de
405 3709 508 3763 qua
522 3694 782 3749 Dominus
802 3696 876 3747 ait
908 3712 918 3745 :
951 3693 1200 3747 Nondum
1234 3696 1371 3746 venit
1404 3694 1532 3747 liora
1561 3711 1674 3746 mea
1705 3693 1891 3764 (Joau.

308 3801 366 3855 tt,
389 3784 478 3856 4);
507 3793 565 3839 et
591 3784 658 3839 de
697 3800 800 3854 qua
824 3783 1058 3839 Joannes
1085 3784 1409 3849 evangelista
1439 3783 1568 3838 dicit
1601 3802 1612 3835 :
1640 3782 1710 3836 Et
1748 3799 1894 3838 nemo

308 3876 446 3931 misit
470 3878 522 3930 in
553 3876 666 3929 eum
716 3890 920 3939 uulnus,
945 3875 1065 3939 quia
1112 3874 1325 3927 necdum
1370 3883 1579 3926 venerat
1616 3874 1745 3926 liora
1784 3875 1896 3943 ejus

309 3961 489 4036 (Joan.
513 3983 603 4032 vn,
627 3965 758 4037 30)?
789 3964 929 4018 Hora
952 3964 1135 4033 utique
1158 3980 1263 4017 non
1286 3952 1548 4017 coactitiae
1569 3964 1783 4028 mortis,’
1801 3962 1895 4018 sed

309 4060 620 4113 voluntarias
676 4058 972 4129 passionis;
1018 4058 1147 4111 hora
1203 4055 1389 4127 procul
1434 4055 1602 4110 dubio’
1650 4055 1738 4110 illa
1789 4070 1892 4124 qua

308 4148 681 4220 triumphalem
730 4140 963 4202 mortem
989 4148 1307 4216 susciperet,
1338 4155 1410 4199 et“
1438 4146 1652 4199 solvens
1679 4144 1897 4200 dolores

309 4237 520 4306 Inferni,
535 4230 681 4293 mor's
702 4239 815 4308 ipse
842 4238 1030 4291 mortis
1056 4235 1475 4291 misericorditer
1496 4228 1559 4291 ac
1579 4236 1896 4291 mirabiliter

307 4330 634 4396 exstitisset,
678 4329 820 4384 sicut
861 4328 972 4398 jam
1006 4328 1218 4383 dixerat
1255 4343 1352 4397 per
1379 4326 1704 4397 Prophetam
1737 4345 1749 4380 :
1787 4326 1894 4382 Ero

310 4438 444 4476 mors
476 4431 581 4484 tua,
606 4438 635 4474 ο
666 4436 837 4484 mors;
859 4435 946 4474 ero
973 4436 1175 4473 morsus
1203 4427 1340 4484 tuus,
1371 4420 1577 4490 inferne
1606 4417 1751 4489 (Ose.
1778 4435 1888 4483 xm,

309 4510 419 4580 il).
448 4508 598 4565 Hanc
643 4511 834 4564 horam
864 4510 915 4571 in
943 4512 1190 4565 oratione
1218 4525 1247 4564 a
1274 4509 1501 4563 Domino
1529 4510 1709 4565 calicis
1742 4509 1766 4547 ιι
1794 4526 1893 4566 ηο-

1999 3327 2106 3372 tem
2138 3333 2258 3374 esse
2280 3327 2608 3382 sanctorum,
2639 3319 2894 3372 continuo
2923 3318 3237 3387 subjuuxit:
3275 3318 3511 3373 Pretiosa
3527 3320 3584 3372 in

1996 3422 2267 3480 rouspeetu
2299 3410 2510 3464 Domini
2536 3427 2673 3464 mors
2703 3412 3055 3477 sanctorum),
3100 3399 3371 3481 accipitur
3399 3412 3452 3465 in
3484 3427 3583 3464 uo-

1998 3501 2143 3555 mine
2172 3501 2355 3555 calicis
2379 3502 2542 3555 etiam
2573 3499 2808 3570 perfecta
2840 3482 3009 3567 gratia
3036 3501 3296 3567 caritatis,
3344 3516 3452 3570 qua
3475 3500 3588 3555 vir-

1998 3599 2082 3646 tus
2110 3592 2445 3664 pro’Christi
2478 3593 2697 3647 nomine
2736 3591 3091 3662 suscipiendae
3138 3593 3434 3648 infunditur
3460 3608 3584 3663 pas-

1996 3684 2191 3747 sionis”;
2249 3684 2320 3736 ita
2352 3692 2411 3737 ut
2452 3684 2662 3739 etiamsi
2703 3685 3081 3753 Opportunitas
3109 3685 3272 3755 264
3311 3684 3453 3739 desit
3479 3700 3585 3753 qua

1997 3775 2223 3844 quisque
2251 3790 2351 3844 pro
2381 3773 2596 3831 Christo
2622 3775 2814 3828 subeat
2849 3776 3177 3845 passionem,
3207 3775 3375 3829 virtus
3405 3782 3586 3831 tamen

1999 3872 2146 3919 tanta
2176 3864 2302 3918 insit
2322 3862 2474 3918 cordi
2501 3864 2645 3918 dono
2674 3862 2839 3916 divini
2872 3864 3128 3924 muneris,
3162 3873 3222 3916 ut
3250 3865 3381 3917 nihil
3411 3866 3459 3919 ei
3486 3865 3587 3919 de-

1996 3955 2068 4008 sit
2096 3954 2161 4007 ad
2192 3953 2527 4007 tolerandam
2557 3968 2791 4023 prunam,
2824 3952 2889 4006 ad
2910 3952 3371 4011 contemnendam
3394 3954 3583 4021 vitam,

1996 4050 2052 4095 et
2082 4041 2405 4095 adimortem
2450 4057 2549 4110 pro
2575 4042 2774 4096 Christi
2815 4042 3031 4096 nomine
3075 4041 3426 4096 subeundam.
3470 4043 3586 4099 Hoc

1999 4131 2090 4186 illo
2114 4132 2235 4186 loco
2256 4131 2396 4185 bene
2425 4131 2738 4199 intelligitur
2778 4131 2866 4186 ubi
2913 4130 3109 4185 dicitur
3150 4132 3201 4185 in
3229 4132 3436 4201 psalmo
3468 4150 3481 4185 :
3514 4132 3586 4187 Et

1997 4222 2136 4276 ralia:
2179 4230 2293 4274 tants
2321 4219 2599 4280 inebrians
2614 4237 2767 4291 quam
2805 4220 3090 4289 praeclarus
3132 4230 3209 4283 est
3239 4219 3415 4289 (Psal.
3448 4235 3580 4286 χχιι.

1994 4312 2084 4383 5)!
2113 4313 2371 4383 prmmisit
2392 4320 2571 4366 autem
2602 4330 2614 4364 :
2642 4312 2987 4383 lmpinguasti
3007 4313 3064 4365 in
3089 4316 3203 4366 oleo
3224 4319 3578 4383 caputmeum.

1996 4403 2134 4470 Quid
2154 4412 2333 4458 autem
2360 4403 2621 4458 debemus
2649 4402 2947 4469 intelligere
2971 4401 3359 4471 impiuguatum
3385 4401 3436 4455 in
3458 4401 3581 4456 oleo

1995 4504 2176 4567 caput,
2200 4496 2304 4551 nisi
2333 4505 2573 4550 mentem
2593 4494 2737 4550 dono
2763 4495 2935 4549 sancti
2961 4492 3195 4564 Spiritus
3235 4493 3582 4549 roboratam?

309 4602 450 4657 mine
504 4610 861 4672 nuncupatam
900 4603 1091 4657 beatus
1138 4602 1462 4670 evangelista
1503 4604 1892 4674 subsequenter

1995 4587 2111 4641 Olei
2138 4586 2280 4641 enim
2303 4586 2461 4653 hujus
2488 4585 2743 4655 praeclara
2766 4583 3055 4655 pinguedo,
3084 4582 3341 4655 spiritalis
3361 4591 3446 4637 est
3467 4599 3583 4652 grao'

309 4693 560 4757 ostendit,
594 4691 831 4761 ejusdem
859 4691 1071 4745 Domini
1102 4692 1348 4746 oratione
1377 4691 1640 4760 subjecta,
1671 4708 1774 4762 qua
1805 4694 1889 4747 di-

308 4783 415 4836 cit:
450 4782 612 4847 Abba,
648 4781 823 4847 Pater,
854 4783 1028 4835 omnia
1061 4782 1151 4834 tibi
1178 4780 1446 4850 possibilia
1474 4791 1594 4836 sunt
1618 4800 1636 4836 :
1664 4786 1891 4855 transfer

308 4875 518 4950 calicem
550 4873 682 4927 hunc
712 4890 743 4926 a
776 4890 856 4926 me
885 4870 1078 4943 (Marc.
1113 4887 1223 4935 xw,
1269 4870 1383 4935 56).
1424 4870 1627 4941 Nempe
1665 4873 1891 4928 manife-

308 4974 448 5021 stum
479 4950 563 5019 esi
590 4965 695 5020 hoc
723 4963 889 5019 fuisse
918 4978 1076 5017 orare
1126 4971 1185 5016 nt
1214 4963 1470 5017 transiret
1498 4963 1565 5017 ab
1614 4978 1681 5017 eo
1728 4964 1912 5030 hora;

307 5053 449 5125 quod
464 5062 583 5109 erat
610 5053 790 5109 dicere
821 5063 880 5108 ut
904 5054 1043 5110 calix
1068 5052 1447 5108 transferretur
1473 5053 1641 5108 abeo.
1673 5052 1796 5115 Ubi.
1829 5063 1889 5108 ut

307 5147 439 5215 dixi,
476 5156 637 5218 caput
661 5150 899 5203 uo‘strum
934 5148 986 5203 in
1009 5163 1068 5205 se
1089 5148 1451 5203 membrorum
1473 5161 1689 5200 suorum
1713 5161 1891 5201 susce-

308 5246 456 5309 ptam
482 5239 873 5295 demonstravit
916 5238 1303 5305 inﬁrmitatem,
1333 5237 1526 5305 quibus
1552 5252 1611 5291 se
1638 5236 1886 5291 daturam

313 5336 536 5384 noverat
580 5329 817 5399 patiendi
857 5330 1134 5393 virtutem,
1166 5334 1228 5383 ut
1268 5328 1491 5384 doceret
1537 5342 1642 5381 non
1688 5343 1755 5383 ex
1784 5328 1889 5382 hoc

309 5420 674 5477 ovacuandum
704 5421 952 5476 meritum
970 5421 1310 5499 passionis,si
1334 5419 1538 5475 homini
1566 5434 1666 5489 pro
1691 5417 1886 5473 Christi

311 5510 414 5568 ﬁde
441 5520 497 5566 et
521 5514 745 5567 caritate
773 5526 1016 5581 passuro,
1045 5519 1350 5582 promptum
1377 5510 1623 5581 spiritum
1663 5520 1885 5579 quatere

312 5603 571 5658 niteretur
595 5619 660 5658 ex
687 5603 992 5657 inﬁrmitate
1020 5602 1199 5656 carnis
1227 5589 1449 5677 veniens
1477 5598 1765 5670 trepidatio
1792 5613 1888 5653 vo-

314 5692 530 5749 luntatis
547 5736 560 5763 ,
588 5694 681 5748 sed
708 5694 885 5765 potius
909 5694 1101 5747 divituc
1125 5692 1387 5745 voluntati
1415 5707 1472 5746 se
1502 5692 1615 5761 ipsa
1641 5690 1887 5744 voluntas

390 5862 413 5889 ι
441 5849 497 5905 In
519 5853 659 5918 aliis,
686 5871 783 5907 nou
803 5855 875 5907 ris
900 5861 954 5906 ut
976 5852 1143 5905 bibant
1170 5851 1311 5904 illum
1335 5851 1358 5903 ?
1381 5844 1392 5857 ’

1996 4686 2083 4739 tia:
2111 4683 2482 4754 inseparabilis
2509 4680 2784 4745 fortitudo,
2821 4695 2926 4749 qua
2949 4688 3133 4735 sancta
3163 4679 3398 4734 ebrietas
3415 4693 3581 4747 pene-

1996 4775 2218 4830 tralibus
2245 4774 2423 4829 cordis
2465 4771 2777 4835 infunditur,
2824 4779 2887 4825 ut
2923 4770 3101 4825 omnis
3143 4768 3357 4823 aliectio
3402 4768 3583 4822 carius

1995 4867 2252 4923 oblivioni
2284 4865 2473 4919 tradita
2524 4870 2828 4932 superetur.
2880 4860 2994 4916 Hac
3039 4860 3303 4917 ebrietate
3340 4859 3582 4928 repletus

1996 4960 2206 5013 animus
2254 4956 2409 5010 discit
2453 4953 2688 5022 gaudere
2732 4966 2944 5021 semper
2974 4951 3026 5006 in
3068 4950 3316 5011 Domino,
3349 4957 3403 5003 et
3443 4964 3579 5026 con-

1995 5048 2219 5119 temptui
2240 5046 2498 5115 deputare
2519 5043 2776 5113 quidquid
2802 5041 3060 5109 diligebat
3090 5040 3142 5094 in
3167 5037 3369 5094 mundo
3393 5055 3408 5103 ;
3435 5038 3579 5094 hanc

1992 5140 2308 5194 ebrietatem
2339 5137 2584 5192 bibemus
2602 5133 2730 5190 dum
2751 5143 2975 5201 accepto
3001 5130 3203 5200 Spiritu
3225 5135 3437 5192 sancto,
3460 5140 3582 5196 per-

1991 5231 2143 5286 fectae
2163 5228 2406 5285 caritatis
2431 5242 2550 5297 quae
2581 5227 2723 5282 foras
2741 5225 2907 5281 mittit
2935 5224 3182 5277 timorem
3209 5220 3435 5288 gratiam
3458 5233 3579 5289 pos~

1989 5322 2301 5378 sidebimus.
2319 5319 2456 5375 Hinc
2474 5325 2557 5374 est
2576 5317 2720 5389 quod
2748 5317 2939 5371 beatus
2958 5312 3271 5369 Ambrosius
3295 5311 3348 5365 in
3374 5311 3575 5382 hymno

1990 5412 2274 5474 matutino,
2307 5408 2466 5478 hujus
2485 5424 2585 5463 nos
2605 5406 2874 5476 postulare
2893 5403 3118 5471 gratiam
3141 5400 3421 5456 ebrietatis
3438 5397 3577 5454 edo-

1990 5507 2121 5573 cuit,
2149 5504 2275 5561 dum
2304 5503 2532 5573 dicimus
2565 5518 2577 5553 :
2604 5498 2734 5553 Lati
2760 5496 2991 5550 bibamus
3021 5492 3247 5553 sobriam
3272 5490 3574 5549 ebrietatem

1993 5596 2221 5666 Spiritus
2244 5594 2392 5667 (Fer.
2415 5593 2451 5647 2
2478 5593 2545 5645 ad
2574 5589 2793 5657 laudes).
3220 5622 3227 5627 .

2063 5687 2153 5743 ιδ.
2185 5686 2241 5741 1η
2268 5686 2386 5741 aliis
2406 5684 2479 5738 ita
2502 5696 2590 5751 [ue
2619 5680 2751 5735 locis
2779 5679 3092 5748 potest-alio
3129 5678 3372 5748 quolibet
3411 5675 3573 5730 modo

2072 5845 2096 5883 δ
2128 5842 2440 5911 Ant.,llanc
2471 5842 2649 5897 [coram
2673 5858 2705 5894 a
2738 5838 2959 5893 Domino
2988 5838 3037 5893 in
3062 5840 3257 5893 ratione
3281 5837 3477 5915 colicis.
