4124 6486
460 428 555 482 431

1496 426 1545 477 s.
1594 419 1949 478 Fl:t.GENTtl
1988 418 2287 476 EPISCOPI
2329 382 2699 480 ntsrsasw

3636 436 3744 491 452

458 544 752 600 secundum
771 558 913 597 verae
937 541 1058 597 ﬁdei
1089 542 1325 610 regulam
1350 543 1531 596 calicis
1558 557 1753 596 nomen
1780 540 2038 609 intelligi;
2077 541 2117 597 Α
2150 536 2395 595 Christus
2439 557 2693 612 passurus
2756 545 3169 617 promittebatur
3194 586 3208 609 ,
3260 546 3363 601 hoc.
3400 547 3733 617 sacriﬁcium

459 635 511 690 in
543 636 649 691 hoc
679 644 857 690 tamen
890 634 1163 701 Evangelii
1214 634 1335 689 loco
1364 633 1432 688 de
1480 648 1587 703 quo
1619 649 1759 688 nunc
1806 632 2045 701 disputa-

458 743 599 793 mus,
627 742 734 782 non
764 726 906 781 aliud
939 726 1237 793 intelligere
1275 724 1500 779 sinimur
1548 722 1645 777 nisi
1693 723 1838 793 quod
1881 722 2048 793 ipsius

457 815 671 874 Domni
703 826 757 872 et
782 798 1019 885 magistri
1052 799 1233 870 nostri
1247 812 1585 869 sermonibus
1609 813 1922 885 eloccmur,
1956 813 2045 881 qui

458 910 566 964 ait:
593 908 642 962 11
647 910 691 961 ic
716 909 852 963 calix
878 925 1063 963 novum
1078 906 1458 961 Testamentum
1485 916 1560 960 est
1586 906 1637 959 in
1661 905 1917 977 sanguine
1937 922 2047 958 meo

458 1001 614 1071 (Luc.
645 1018 775 1060 χχιι.
808 1001 930 1071 ἓως
954 1010 1008 1055 et
1032 1016 1095 1054 ex
1126 1000 1225 1054 hac
1253 997 1433 1067 regula
1458 1013 1563 1066 qua
1586 997 1687 1053 iste
1706 994 1845 1053 calix
1861 994 2049 1051 Testa-

457 1102 699 1148 mentum
718 1093 910 1148 dicitur
934 1107 1147 1155 novum,
1173 1091 1223 1145 in
1250 1091 1341 1145 illo
1362 1090 1529 1144 calice
1550 1105 1710 1158 quem
1735 1089 1883 1159 prius
1902 1087 2048 1145 dedit

457 1202 567 1243 non
595 1185 797 1253 alisque
825 1185 1034 1238 ratione
1074 1185 1226 1237 vetus
1274 1182 1588 1250 intelligitur
1617 1178 2039 1237 Testamentum.

458 1274 578 1346 Ipse
630 1276 793 1345 igitur
838 1274 1093 1328 Dominus
1143 1282 1431 1342 utrumque
1484 1270 1704 1345 calicem
1735 1268 1910 1333 dedit,
1952 1271 2041 1339 qui

458 1377 744 1441 utrumque
784 1365 1183 1420 Testamentum
1227 1364 1339 1443 suis
1385 1361 1632 1417 ﬁdelibus
1664 1361 1879 1443 tribuit.
1910 1358 2044 1415 Pro-

456 1468 644 1525 pterea
673 1467 727 1512 et
753 1457 1027 1532 ineatlem
1058 1473 1211 1529 coma
1263 1438 1319 1512 et
1344 1454 1621 1512 Iudaicum
1644 1438 1840 1525 pascha
1865 1471 2047 1508 come-

455 1556 552 1616 dit.
585 1553 732 1622 quod
764 1554 1052 1624 oportebat
1074 1550 1276 1617 oﬁ‘erri,
1300 1559 1353 1605 et
1382 1556 1779 1605 sacramentum
1804 1549 2047 1618 corporis

455 1650 538 1703 sui
586 1656 642 1702 et
695 1646 974 1716 sanguinis
1024 1645 1191 1709 dedit,
1246 1644 1388 1714 quod
1438 1643 1505 1698 ad
1536 1643 1762 1698 salutem
1812 1638 2045 1695 ﬁdelium

456 1738 744 1809 oportebat
790 1737 995 1793 institui
1028 1755 1041 1789 :
1069 1736 1305 1791 comedit
1352 1733 1551 1804 pascha
1591 1730 1898 1786 Judzcorum
1937 1745 2046 1799 quo

456 1830 753 1898 promissus
777 1836 857 1883 est
880 1826 1142 1889 Christus,
1175 1834 1232 1880 ut
1260 1824 1468 1879 veniret
1489 1823 1554 1877 ad
1578 1822 1774 1894 pascha
1802 1830 2041 1876 nostrum

2152 634 2310 689 oliert
2351 652 2459 705 quo
2504 634 2749 692 Christus
2791 636 2903 707 jam
2951 654 3138 707 passus
3168 639 3490 712 ostenditur.
3542 639 3735 697 Dividit

2152 724 2314 780 etiam
2361 734 2571 796 tempus
2616 727 2744 783 illud
2791 728 3123 784 celebrandae
3171 731 3622 797 circumcisionis,
3669 733 3734 786 ab

2152 815 2255 871 isto
2276 825 2530 887 tempore
2572 819 2899 890 percipiendi
2929 820 3287 891 baptismatis.
3318 822 3488 892 llujus
3515 822 3736 880 divisio-

2150 908 2233 964 nis
2261 907 2669 964 saluberrimum
2702 912 2897 966 retinet
2944 911 3159 967 modum
3190 913 3352 967 etiam
3386 913 3437 967 in
3469 922 3736 984 prmceptn

2146 1000 2471 1073 "neomenim,
2494 1001 2930 1072 quandoquidem
2957 1020 3065 1058 non
3087 1004 3228 1059 tubis
3246 1003 3484 1058 Judaicis
3508 1004 3738 1060 inaniter

2153 1099 2429 1175 personat,
2454 1093 2546 1148 sed
2577 1095 2823 1150 renovari
2854 1110 3288 1166 unumquemque
3317 1096 3509 1165 spiritu
3544 1081 3736 1152 mentis

2152 1197 2280 1248 sum,
2330 1194 2384 1238 et
2427 1182 2646 1239 induere
2691 1201 2887 1241 novum
2939 1186 3211 1242 hominem
3259 1195 3445 1241 sancta
3489 1183 3731 1243 Ecclesia

2102 1320 2105 1323 ς
2151 1277 2446 1346 [medicare
2475 1294 2583 1332 non
2612 1288 2807 1333 cessat.
2854 1278 2977 1334 llmc
3007 1280 3186 1334 omnia
3216 1279 3505 1335 salubriter
3547 1279 3737 1334 dividit

2151 1383 2269 1437 qum
2301 1384 2441 1423 nunc
2483 1378 2803 1424 veneranter
2843 1369 3041 1440 accipit
3089 1371 3140 1424 in
3190 1370 3442 1434 lectione,
3491 1369 3585 1424 sed
3624 1369 3736 1439 jam

2154 1474 2260 1513 non
2291 1458 2529 1513 celebrat
2558 1459 2609 1514 in
2637 1475 2818 1530 opere,
2849 1476 3034 1516 aurem
3063 1461 3241 1516 cordis
3271 1460 3561 1515 admovens
3602 1476 3735 1537 apo-

2152 1552 2356 1607 stolicis
2399 1549 2573 1617 dictis,
2614 1553 2807 1621 quibus
2854 1552 3041 1608 beatus
3070 1552 3266 1607 Paulus
3312 1551 3499 1608 ﬁdeles
3550 1567 3737 1607 omnes

2151 1643 2383 1709 instruit,
2414 1643 2599 1700 dicens
2619 1663 2630 1697 :
2648 1642 2815 1700 Nemo
2837 1662 2921 1699 ros
2943 1644 3141 1715 judicet
3160 1647 3214 1701 in
3243 1644 3374 1710 cibo,
3397 1655 3489 1699 aut
3514 1647 3566 1699 in
3591 1654 3733 1714 potu,

2149 1734 2310 1789 autin
2341 1744 2488 1806 parte
2520 1732 2625 1790 diei
2653 1735 2790 1807 festi,
2822 1744 2912 1789 aut
2939 1737 3239 1803 neomeniar,
3272 1747 3361 1790 aut
3383 1736 3735 1798 sabbatorum.

2147 1843 2262 1898 qua:
2287 1837 2406 1881 sunt
2432 1827 2615 1882 umbra
2635 1827 2943 1899 futurorum,
2974 1844 3162 1900 corpus
3190 1839 3359 1883 autem
3391 1828 3584 1885 Christi
3617 1828 3739 1901 (σο.

456 1935 566 1988 quo
593 1919 901 1974 immolatus
930 1927 1010 1973 est
1054 1916 1319 1972 Christus.
1365 1916 1603 1984 Denique
1652 1913 1872 1968 attende
1918 1912 2043 1983 quid
2083 1925 2121 1982 Β
2149 1917 2489 1989 1083.11.16).
2524 1917 2657 1974 Nam
2686 1928 2743 1975 et
2771 1929 3163 1976 sacramentum
3186 1920 3612 1977 circumcisionis
3639 1937 3740 1976 ex-

456 2029 579 2069 eum
606 2012 883 2083 discipulis
916 2011 1116 2066 dixisse
1146 2011 1317 2066 Lucas
1346 2009 1673 2077 evangelista
1716 2024 2045 2062 commemo-

457 2115 560 2160 rat.
590 2105 680 2160 Sic
709 2104 851 2159 enim
882 2103 957 2157 ait
988 2121 999 2156 :
1032 2101 1235 2156 Etcum
1262 2104 1400 2171 facta
1427 2110 1559 2154 esset
1593 2099 1739 2161 hora,
1769 2094 2044 2163 discubuit,

421 2205 505 2248 ιρι
527 2194 795 2250 duodecim
823 2194 1046 2264 apostoli
1093 2208 1205 2246 cum
1248 2203 1343 2255 eo;
1391 2201 1441 2244 et
1483 2191 1558 2253 ait
1604 2187 2048 2244 illis:l)esideria

457 2285 743 2345 desideravi
773 2284 869 2337 hoc
895 2283 1089 2353 pascha
1132 2282 1447 2336 manducare
1485 2279 1743 2355 robiscunt
1771 2289 2047 2350 (mtequam

455 2379 630 2447 patiar
663 2374 813 2443 (Luc.
849 2392 982 2442 xxii,
1019 2373 1128 2441 H).
1175 2373 1519 2430 Manducavit
1544 2387 1673 2443 ergo
1707 2375 1907 2445 pascha
1938 2388 2047 2443 quo

456 2485 712 2539 passurus
738 2467 1156 2536 signiﬁcabatur,
1189 2474 1479 2535 antequam
1524 2481 1624 2543 pro
1654 2465 1812 2522 nohis
1851 2464 2047 2519 volun-

455 2536 595 2615 tario
617 2536 913 2630 pateretur.
966 2556 1061 2611 Est
1104 2566 1283 2613 autem
1310 2557 1493 2625 etiam
1526 2536 1736 2627 iii'ipsis
1764 2555 2049 2612 dominicis

455 2651 797 2707 sermonibus
842 2648 1044 2719 aliquid
1101 2647 1245 2718 quod
1295 2650 1555 2704 attentius
1604 2656 1687 2703 est
1734 2664 1764 2702 a
1805 2646 2071 2713 ﬁdelibus

455 2742 876 2811 agnoscendum,
923 2742 977 2797 in
1026 2757 1136 2810 quo
1186 2741 1467 2809 utriusque
1497 2739 1830 2796 Testamenti
1869 2747 2050 2811 potest

455 2828 717 2907 apparere
772 2834 1065 2914 discret'o.‘
1113 2833 1311 2888 Beatus
1353 2834 1497 2888 enim
1546 2833 1717 2889 Lucas
1763 2832 1834 2889 de
1879 2833 2048 2889 calice

453 2944 623 2998 quem.
645 2928 896 2999 primitus
927 2927 1241 2992 nominavit,
1269 2928 1338 2981 ita
1360 2926 1492 2983 dicit
1514 2945 1528 2981 :
1547 2926 1618 2981 Et
1637 2937 1846 2999 accepto
1866 2927 2045 2991 calice,

452 3023 651 3093 gratias
678 3022 858 3093 agitet
900 3021 1073 3074 dixit:
1104 3021 1333 3091 Accipite
1369 3020 1653 3075 etdiridite
1679 3021 1815 3079 initer
1839 3036 1961 3086 υσεδ
1981 3020 2050 3076 de

453 3128 746 3183 pane‘vero
793 3121 850 3168 et
877 3113 1044 3168 calice
1076 3121 1263 3182 postea
1294 3114 1522 3182 loquens
1569 3114 1645 3168 ait
1681 3132 1693 3166 :
1722 3103 1794 3167 Et
1838 3122 2048 3183 accepto

453 3222 588 3274 pane
615 3206 815 3276 gratias
836 3205 967 3274 egit,
997 3214 1047 3258 et
1077 3206 1253 3275 (regit,
1296 3214 1346 3258 et
1387 3205 1531 3258 dedit
1574 3205 1647 3259 eis
1675 3204 1852 3260 dicens
1888 3221 1905 3259 :
1934 3204 2050 3259 Hoc

2150 2025 2358 2079 ponens
2373 2010 2448 2081 ait
2466 2027 2480 2063 :
2506 2009 2686 2066 Videte
2700 2029 2764 2065 ne
2778 2011 2890 2083 quis
2912 2029 2996 2066 ros
3013 2012 3236 2083 decipiat
3256 2030 3344 2083 per
3360 2012 3740 2083 philosophiam

2149 2111 2197 2156 et
2222 2101 2430 2156 inanem
2462 2100 3056 2173 fallaciamtsecundum
3090 2102 3419 2157 traditionem
3447 2104 3738 2167 hominum,

2149 2192 2427 2247 secundum
2453 2192 2701 2246 elementa
2732 2168 2933 2261 mundi,
2957 2202 3005 2247 et
3028 2210 3129 2247 non
3153 2193 3430 2248 secundum
3446 2191 3742 2256 Christum;

2149 2283 2267 2355 quia
2296 2282 2349 2337 in
2381 2285 2490 2355 ipso
2520 2281 2719 2339 habitat
2748 2287 2914 2340 omnis
2943 2284 3210 2356 plenitudo
3240 2284 3526 2339 divinitatis
3555 2301 3741 2355 corpo-

2149 2374 2350 2443 raliter,
2384 2384 2434 2430 σε
2453 2377 2575 2431 estis
2597 2375 2650 2430 in
2680 2376 2772 2443 illo
2801 2374 2986 2446 repleti
3007 2377 3092 2447 qui
3118 2386 3193 2429 est
3213 2385 3367 2446 caput
3394 2377 3563 2430 omnis
3592 2376 3743 2445 prin-

2149 2470 2353 2539 cipatus
2378 2476 2429 2521 et
2457 2469 2746 2539 potestatis,
2773 2466 2824 2521 in
2848 2472 2953 2539 quo
2970 2477 3018 2521 et
3058 2467 3346 2521 circumcisi
3375 2468 3496 2520 estis
3524 2467 3747 2520 circum-

2150 2560 2344 2613 cisione
2365 2575 2467 2613 non
2490 2561 2792 2629 manufacta
2820 2560 2870 2613 in
2894 2558 3274 2628 erspoliatione
3295 2559 3527 2629 corporis
3546 2559 3743 2621 carnis,

2148 2651 2242 2706 sed
2269 2651 2322 2704 in
2346 2649 2738 2705 circumcisione
2765 2648 2975 2715 Christi,
3018 2649 3306 2725 consepulti
3333 2650 3466 2709 eiin
3490 2649 3744 2719 baptismo

2153 2741 2372 2809 (Coloss.
2391 2761 2448 2804 ιι.
2472 2743 2649 2812 8-l2).
2684 2743 2810 2799 time
2838 2751 2895 2799 et
2921 2743 3003 2799 his
3027 2742 3223 2800 similia
3252 2752 3307 2799 et
3334 2744 3545 2813 accepit
3566 2741 3745 2798 Eccle-

2102 2890 2105 2891 ,
2150 2840 2227 2918 sia
2250 2842 2545 2910 sapienter,
2574 2852 2630 2895 et
2658 2840 2846 2896 dividit
2878 2859 2891 2894 :
2922 2838 3259 2912 accipiendo,
3291 2838 3462 2897 credit
3491 2856 3519 2895 a
3554 2840 3663 2895 Deo
3691 2840 3744 2896 in

2151 2930 2380 2985 veritate
2404 2931 2701 2999 promissa;
2743 2930 3053 2996 dividendo,
3092 2930 3461 3005 cognoscitab
3488 2930 3746 3001 ipsoDco

2151 3020 2205 3075 in
2234 3022 2463 3077 veritate
2480 3021 2591 3090 jam
2623 3021 2865 3087 reddita;
2898 3036 2998 3078 nec
3037 3023 3089 3087 in
3134 3019 3317 3092 ﬁguris
3339 3021 3743 3093 exspectatim-

2150 3114 2370 3184 plenda,
2409 3114 2502 3169 sed
2531 3114 2585 3168 in
2615 3114 2844 3169 veritate
2891 3121 3128 3171 retentat
3174 3111 3417 3182 impleta.
3461 3110 3576 3166 Scit
3602 3111 3744 3166 enim

2140 3214 2337 3265 sancta
2358 3204 2600 3262 Ecclesia
2633 3205 2845 3261 ﬁdelem
2875 3206 3042 3261 Deum
3069 3205 3121 3261 in
3152 3204 3332 3261 verbis
3361 3205 3496 3270 suis,
3545 3213 3599 3259 ct
3622 3218 3743 3258 san-

454 3306 530 3352 est
569 3313 754 3366 corpus
777 3312 955 3350 incum
990 3295 1128 3368 quod
1153 3313 1247 3365 pro
1294 3296 1434 3350 vobis
1465 3295 1646 3362 datur;
1678 3295 1774 3350 hoc
1813 3297 2049 3367 facilein
2080 3306 2124 3368 (ζ
2155 3307 2301 3354 ctum
2332 3298 2385 3352 in
2415 3297 2667 3355 omnibus
2696 3297 2953 3368 operibus
2977 3296 3090 3353 suis
3117 3315 3130 3350 :
3158 3282 3300 3351 unde
3321 3295 3462 3351 sicut
3490 3294 3543 3349 in
3566 3292 3746 3365 Veteri

455 3402 626 3441 meam
670 3386 1230 3440 commembrationem.
1273 3384 1530 3440 Similiter
1558 3394 1606 3440 et
1646 3386 1860 3440 calicem
1904 3394 2048 3456 post-

455 3498 609 3549 quant
638 3481 873 3546 satiavit,
901 3479 1075 3533 dicens
1096 3467 1116 3533 ἓ
1139 3477 1251 3533 Ηὶε
1280 3479 1419 3533 calix
1440 3477 1646 3534 orum
1670 3477 2050 3534 Testamentum

455 3582 533 3627 est
559 3575 615 3628 in
644 3572 896 3643 sanguine
916 3587 1031 3626 meo
1054 3572 1141 3641 qui
1170 3588 1264 3639 pro
1294 3570 1432 3626 vobis
1461 3571 1698 3642 funditur
1728 3569 1880 3646 (Luc.
1915 3587 2045 3634 χχιι,

455 3663 667 3735 17-19).
713 3662 830 3718 Non
855 3663 1224 3723 mihividetur
1245 3663 1479 3719 inaniter
1502 3663 1590 3719 hic
1618 3663 1687 3719 ab
1715 3662 1830 3734 ipsa
1857 3663 1949 3718 Dei
1972 3677 2056 3717 sa-

457 3756 659 3825 pientia
687 3755 975 3813 verborum
1016 3754 1258 3823 quantam
1291 3754 1428 3810 facta
1466 3753 1758 3819 discretio;
1807 3753 2051 3823 quando-

456 3848 670 3920 quidem
706 3848 1312 3920 primnuvcalicem‘sic
1359 3846 1731 3916 accipiendum
1777 3846 1948 3911 dedit,
1993 3856 2053 3923 ut

456 3942 773 4012 przeciperet
803 3939 1180 4004 dividendum,
1206 3939 1391 3996 dicens
1425 3959 1437 3993 :
1470 3941 1718 4007 Accipite,
1764 3949 1814 3993 et
1843 3939 2053 3995 dividite

455 4035 591 4089 inter
611 4051 727 4099 vos;
777 4033 921 4102 quod
973 4034 1024 4087 in
1054 4049 1120 4087 eo
1161 4034 1330 4088 calice
1358 4046 1519 4104 quem
1548 4048 1685 4088 cum-
1709 4048 1859 4101 pane,
1880 4032 2049 4095 dedit,

457 4128 679 4181 omnino
704 4141 810 4179 non
832 4124 1000 4180 dixit:
1026 4124 1098 4178 ibi
1128 4124 1272 4178 enim
1303 4139 1500 4192 corpus
1525 4137 1681 4177 suum
1709 4123 2053 4191 sanguinem-

456 4228 563 4284 que
590 4214 1016 4279 commendat,et
1036 4212 1288 4270 eumdem
1317 4213 1543 4268 calicem
1575 4228 1772 4268 novum
1804 4214 1967 4285 265
1992 4213 2045 4267 in

456 4307 717 4375 sanguine
740 4322 839 4361 suo
868 4306 1062 4361 asserit
1091 4305 1519 4367 Testamentum,
1550 4304 1769 4360 dicens:
1789 4303 1891 4358 Hic
1912 4305 2055 4358 calix

460 4397 665 4453 Noram
698 4398 1076 4453 Testamentum
1105 4407 1180 4453 est
1201 4399 1255 4452 in
1277 4398 1531 4468 sanguine
1551 4414 1662 4463 meo
1686 4397 1772 4468 qui
1792 4414 1889 4467 pro
1914 4393 2055 4450 vobis

460 4491 725 4562 funditur;
751 4489 1045 4545 nulla‘vero
1069 4487 1126 4543 ﬁt
1152 4488 1355 4543 mentio
1383 4487 1567 4543 calicis
1591 4487 1885 4553 dividendi,
1909 4487 2053 4555 quod

460 4582 513 4639 in
542 4583 905 4655 aliis'quoque
926 4582 1137 4638 duobus
1166 4580 1545 4649 evangelistis,
1565 4580 1820 4636 Mattiaco
1848 4579 2055 4636 scilicet

460 4686 514 4731 et
544 4675 747 4742 Marco,
776 4674 1025 4730 similiter
1052 4673 1345 4739 invenitur,
1391 4673 1530 4729 sicut
1558 4688 1744 4727 eorum
1784 4672 1928 4729 dicta
1958 4687 2052 4728 su-
2085 4691 2133 4751 υ
2157 4672 2330 4728 centis
2370 4689 2388 4726 ε

461 4768 643 4837 perius
666 4781 695 4820 a
723 4756 879 4821 nobis
904 4764 1079 4836 posita
1120 4764 1398 4821 evidenter
1417 4763 1732 4820 ostendunt.
1767 4764 1921 4823 Hunc
1947 4764 2050 4818 ita-

458 4874 567 4929 que
592 4858 835 4923 calicem,
890 4858 942 4925 in
973 4873 1082 4927 quo
1111 4867 1267 4914 vetus
1313 4857 1571 4911 insinuari
1601 4857 1834 4913 diximus
1860 4855 2052 4912 Testa-

2153 3392 2504 3449 Testamento
2536 3389 2711 3447 ﬁdelia
2743 3392 2907 3447 verba
2941 3392 3034 3447 Dei
3083 3389 3450 3462 promittentis
3479 3384 3747 3454 intelligit.

2154 3483 2234 3539 sic
2262 3483 2315 3538 in
2347 3481 2701 3537 Testamento
2745 3480 2897 3536 Novo
2910 3474 3105 3537 sancta
3136 3496 3302 3552 opera
3328 3480 3420 3536 Dei
3450 3470 3595 3551 quod
3609 3471 3751 3547 ἰη-ο-

2153 3575 2375 3631 miserat
2402 3572 2674 3627 reddentis
2694 3572 2958 3641 agnoscit.
2984 3572 3239 3640 Quaedam
3264 3572 3406 3628 enim
3430 3570 3748 3641 promitten-

2154 3667 2225 3722 tis
2246 3666 2340 3720 Dei
2367 3664 2533 3721 verba
2563 3663 2777 3720 fuerunt
2799 3654 3135 3721 sacramenta
3159 3663 3371 3719 Veteris
3389 3662 3749 3724 Testamenti,

2153 3757 2350 3827 quibus
2396 3756 2556 3812 nubis
2598 3755 3024 3826 promittebatur
3072 3753 3320 3809 Christus
3364 3772 3378 3807 :
3426 3767 3547 3824 qua:
3584 3751 3751 3807 verba

2155 3851 2506 3915 transierunt,
2557 3865 2623 3906 ex
2654 3864 2763 3919 quo
2800 3849 2904 3905 illis
2932 3848 3129 3918 quibus
3158 3847 3578 3917 promittebatur
3603 3845 3754 3915 inve:

2156 3943 2303 3997 nitur
2320 3941 2610 3999 exhibitus.
2624 3939 2764 3996 'ldeo
2788 3941 2840 3995 in
2863 3941 2980 4010 ipso
3002 3938 3267 3995 sacriﬁcio
3287 3937 3534 4010 corporis
3553 3935 3751 3993 Christi

2156 4050 2184 4089 a
2206 4035 2508 4103 gratiarum
2538 4034 2751 4089 actione
2784 4032 3091 4103 ineipimus,
3118 4041 3177 4088 ut
3197 4018 3473 4087 Christum
3499 4046 3607 4086 non
3628 4028 3759 4084 dan-

2156 4124 2306 4189 duin,
2339 4123 2434 4180 sed
2461 4122 2663 4181 datum.
2676 4122 2832 4178 nobis
2858 4122 2912 4177 in
2940 4122 3171 4177 veritate
3193 4130 3590 4185 monstremus;
3619 4129 3677 4174 et
3698 4117 3780 4188 in,

2157 4233 2224 4272 eo
2264 4216 2413 4287 quod
2442 4216 2644 4285 gratias
2666 4216 2874 4285 agimus
2903 4215 3014 4270 Deo
3044 4215 3096 4269 in
3128 4213 3405 4269 oblatione
3432 4210 3678 4281 corporis
3700 4218 3757 4264 ct

2155 4308 2431 4376 sanguinis
2459 4307 2677 4373 Christi,
2704 4319 3097 4376 cognoscamus
3137 4321 3245 4361 non
3268 4304 3459 4370 adhuc
3500 4301 3758 4358 occiden-

2156 4398 2282 4453 dum
2329 4396 2601 4452 Christum
2651 4413 2751 4467 pro
2800 4396 3001 4467 nostris
3027 4398 3189 4468 263
3216 4394 3610 4465 iniquitatibus,
3658 4392 3757 4448 sed

2158 4488 2427 4554 occisum;
2475 4503 2575 4543 nec
2602 4487 2949 4543 redimendos
2980 4504 3079 4544 nos
3116 4486 3208 4542 illo
3238 4486 3517 4556 sanguine,
3550 4483 3645 4541 sed
3672 4498 3759 4538 re-

2157 4581 2425 4652 demptos.
2457 4581 2597 4636 Vera
2626 4591 2710 4637 est
2753 4583 2896 4637 enim
2942 4581 3085 4637 beati
3118 4579 3267 4637 Petri
3300 4580 3634 4651 prtedicatio,’
3675 4579 3757 4634 di—

2435 4659 2556 4726 Non
2603 4673 2742 4727 enim
2789 4671 3205 4743 corruptibililms
3252 4680 3469 4742 argento
3509 4670 3586 4726 rel
3625 4687 3757 4724 auro

2158 4763 2408 4834 redempti
2448 4764 2570 4817 estis
2601 4764 2664 4817 de
2710 4779 2845 4818 rana
2891 4772 3061 4817 vestra
3108 4764 3498 4817 conversatione
3524 4759 3759 4832 paterni:

2159 4856 2476 4919 traditionis,
2517 4857 2609 4910 sed
2636 4857 2861 4923 pretioso
2890 4856 3143 4927 sanguine
3176 4854 3324 4926 quasi
3353 4854 3489 4926 Λθηὶ
3517 4855 3756 4908 inconta—

458 4956 725 5016 mentum,
754 4947 877 5004 ideo
908 4947 1167 5003 Dominus
1202 4948 1572 5018 accipiendum
1602 4945 2055 5015 dividendumque
2137 4948 2344 5007 minati
2365 4958 2413 5003 et
2436 4949 2756 5003 imntaculati
2787 4945 2979 5002 Christi
3005 4945 3058 5016 (Ι
3086 4945 3227 5001 Petr.
3249 4963 3291 5009 ι,
3322 4944 3431 5017 18).
3491 4965 3510 4981 ~

459 5040 756 5104 mandavit,
807 5048 868 5095 ut
915 5039 1145 5110 apostoli
1194 5038 1340 5095 dono
1365 5039 1645 5108 sapientia:
1686 5037 1925 5094 cmlestis
1971 5037 2054 5092 in-

457 5134 674 5202 Structi,
696 5134 775 5190 sic
797 5133 1120 5202 scripturam
1151 5131 1365 5188 Veteris
1384 5130 1714 5186 Testamenti
1738 5138 2051 5186 reverenter

459 5226 799 5295 acciperent,
861 5231 920 5278 ut
972 5224 1023 5278 in
1080 5223 1209 5294 ipsis
1260 5222 1546 5293 pneceptis
1597 5221 1727 5290 quid
1782 5220 2049 5290 agendum

457 5315 656 5385 quidve
677 5315 1032 5373 omittendum
1058 5323 1221 5381 esset,
1251 5323 1478 5385 accepto
1497 5314 1838 5370 discretionis
1857 5314 2048 5386 spiritu

429 5407 1007 5476 ‘cognovissent.'lloc
1034 5408 1179 5464 enim
1208 5414 1293 5462 est
1320 5416 1472 5461 recte
1499 5404 1759 5469 dividere,
1792 5413 1851 5459 ut
1879 5420 2047 5459 unus-

453 5496 689 5565 quisque
714 5498 925 5553 noverit
948 5497 1428 5569 pro=eongruentia
1460 5496 1720 5569 temporis
1746 5495 1876 5565 quid
1899 5497 2054 5551 omit-

453 5598 575 5645 tere
596 5589 823 5655 debeat;
844 5590 971 5661 quid
1001 5599 1208 5648 tenere.

530 5681 621 5737 44.
649 5681 785 5737 Hinc
800 5690 895 5737 est
920 5684 1065 5754 quod
1081 5684 1405 5740 cautissimo
1429 5682 1709 5739 divisionis
1737 5681 1927 5737 ordine
1948 5681 2053 5737 Ec-

458 5774 623 5830 clesia
654 5773 750 5829 Dei
776 5773 901 5839 vivi,
925 5788 1045 5843 qua:
1074 5782 1157 5828 est
1185 5774 1432 5829 columna
1456 5764 1520 5829 et
1546 5774 1941 5828 ﬁrmamentum
1971 5788 2056 5828 ve-

460 5858 634 5921 ritatis
663 5862 727 5937 (r
750 5861 883 5918 Tim.
916 5879 994 5927 in,
1031 5861 1138 5933 l5),
1188 5872 1435 5935 tempora
1482 5864 1694 5918 venturi
1725 5863 1924 5919 Christi
1955 5878 2051 5917 ve-

463 5958 770 6027 nientisque
819 5955 1109 6023 discernit;
1180 5962 1234 6011 et
1276 5954 1489 6011 omissis
1541 5953 1816 6011 sacriﬁciis
1857 5952 2053 6023 quibus

2042 6050 2064 6077 ὶ

2230 5037 2319 5091 4‘5.
2356 5037 2554 5092 Dividit
2583 5052 2714 5108 ergo
2742 5046 2928 5092 sancta
2956 5035 3193 5093 Ecclesia
3227 5032 3425 5104 ﬁguras
3444 5050 3475 5088 a
3502 5034 3751 5105 veritate,

2158 5128 2376 5184 umbras
2407 5143 2437 5182 a
2462 5144 2693 5200 corpore
2711 5148 2735 5182 .:
2767 5124 2914 5200 quod
2942 5143 3063 5182 eam
3092 5127 3264 5184 sancti
3294 5126 3525 5198 apostoli
3555 5124 3754 5181 docue-

2106 5248 2111 5249 ί
2154 5229 2304 5289 runt,
2324 5220 2416 5290 qui
2437 5220 2782 5277 dividendum
2812 5215 2955 5275 inter
2978 5236 3037 5277 se
3058 5221 3206 5276 illum
3227 5220 3451 5277 calicem
3475 5235 3506 5274 a
3525 5218 3756 5274 Domino

2156 5312 2445 5369 salubriter
2472 5322 2821 5384 acceperunt.
2851 5312 3021 5382 Hujus
3049 5322 3229 5369 autem
3253 5311 3441 5369 calicis
3471 5310 3594 5368 ideo
3616 5311 3757 5367 divi-

2157 5406 2365 5461 sionem
2388 5404 2647 5461 Dominus
2674 5405 2950 5477 discipulis
2977 5405 3145 5471 ded'it,
3187 5407 3312 5476 quia
3342 5404 3475 5477 ipsis
3501 5403 3750 5462 docenti-

2156 5497 2258 5553 bus
2285 5506 2470 5553 sancta
2502 5496 2743 5553 Ecclesia
2781 5496 3143 5565 cognitionem
3174 5495 3332 5565 hujus
3356 5494 3635 5551 divisionis
3665 5508 3755 5550 ac-

2156 5590 2319 5660 cepit.
2352 5590 2494 5646 Dicit
2518 5596 2699 5644 antem
2738 5598 2795 5642 nt
2817 5588 2956 5643 inter
2979 5604 3039 5646 se
3067 5588 3326 5653 dividant,
3380 5586 3432 5642 id
3462 5594 3568 5653 est,
3608 5593 3669 5640 ut
3698 5585 3751 5639 ia

2158 5680 2363 5760 unitate
2407 5680 2629 5751 spiritus
2658 5688 2717 5735 et
2741 5680 2955 5736 vinculo
2983 5679 3151 5750 pacis,
3195 5687 3533 5735 sacramenta
3558 5676 3752 5734 Testa-

2153 5771 2323 5828 menti
2354 5770 2489 5827 Novi
2512 5779 2983 5827 sacramentorum
3010 5779 3253 5826 veterum
3297 5769 3601 5825 cessatione
3636 5769 3750 5824 dis-

2158 5864 2403 5933 tinguant
2436 5881 2447 5916 :
2482 5863 2626 5932 quod
2657 5864 2708 5917 in
2734 5863 2904 5919 calice
2935 5861 3264 5918 Testamenti
3296 5862 3427 5918 Novi
3462 5874 3755 5931 unum

2158 5954 2287 6021 cipit
2314 5953 2381 6009 ab
2408 5954 2669 6029 apes'olis
2695 5953 2829 6010 ﬁeri.
2854 5951 2910 6009 In
2935 5950 3086 6009 Novo
3108 5952 3619 6011 cnim‘Testarnonto
3632 5966 3748 6008 non
