4108 6484
317 374 431 433 m

1699 372 2024 427 EPISTOIA
2066 370 2224 466 XIV":

3474 330 3591 437 tat

316 504 403 550 est
423 484 881 553 sacramentorum
907 491 1118 561 divisio,
1144 489 1239 546 sed
1262 489 1546 558 donorum,
1579 504 1696 563 qua:
1718 503 1824 542 non
1846 486 1897 540 in
1929 488 1975 547 Α
2006 493 2061 539 et
2090 484 2222 554 quia
2268 501 2402 538 nunc
2450 484 2687 537 humiliat
2736 484 3025 553 superbum
3077 482 3336 547 Jud-.cuin.
3367 495 3416 540 et
3456 486 3590 569 hunc

317 585 597 645 hominum
639 583 912 649 facultate,
954 581 1140 641 sedin
1166 581 1337 636 sancti
1364 578 1596 650 Spiritus
1635 569 1906 649 potestate
2008 576 2209 628 exatta‘t
2255 573 2601 628 conﬁtentem
2656 573 2951 648 gentilem,
2977 575 3247 632 inclinarit
3291 592 3356 631 ex
3413 577 3508 630 hoc
3536 580 3593 631 in

316 674 586 729 consistit.
620 673 910 728 Divisiones
939 672 1073 726 enim
1098 673 1385 743 gratiarum
1414 680 1553 751 sunt,
1582 669 1718 723 idem
1739 678 1908 751 autem

258 764 273 775 ⁶
317 765 590 835 Spiritus;
620 772 671 818 et
691 764 966 817 divisiones
994 763 1434 816 ministrationum
1465 750 1607 828 sunt,
1636 760 1771 813 idem
1811 750 1908 812 au-

315 865 423 909 tem
453 854 743 919 Dominus;
775 855 1052 908 divisiones
1081 854 1436 925 Operationnm
1466 862 1605 917 sunt,
1637 853 1773 906 idem
1794 868 1910 906 rere

320 945 487 1011 Deus,
518 946 603 1017 qui
631 953 875 1015 operatur
912 946 1088 999 omnia
1112 944 1168 997 in
1208 942 1441 998 omnibus
1473 941 1523 1010 (Ι
1555 941 1673 997 Cor.
1708 958 1799 1005 xn,
1832 941 1907 1013 4).

321 1038 453 1093 Inde
498 1046 580 1093 est
626 1037 768 1108 quod
799 1053 920 1091 eum
962 1037 1052 1090 alii
1095 1036 1253 1092 datur
1301 1052 1398 1106 per
1425 1036 1683 1105 Spiritum
1735 1048 1913 1089 sermo

320 1129 638 1199 sapientiae,
699 1128 789 1181 alii
854 1136 1034 1182 autem
1099 1141 1278 1183 sermo
1332 1126 1569 1181 scientia:
1622 1123 1913 1207 secundum

323 1219 577 1274 eumdem
626 1219 922 1289 Spiritum,
970 1218 1124 1273 alteri
1171 1217 1303 1274 fides
1355 1219 1407 1272 in
1455 1216 1644 1271 eodem
1689 1215 1912 1285 Spiritu,

256 1330 261 1335 ·
324 1311 421 1365 alii
459 1311 629 1380 gratia
675 1310 965 1365 sanitatum
1008 1310 1062 1364 in
1095 1325 1201 1364 uno
1230 1308 1451 1380 Spiritu,
1495 1316 1549 1363 et
1576 1316 1768 1362 cetera
1796 1320 1916 1376 qua:

326 1404 658 1473 apostolicus
705 1409 883 1458 Sermo
918 1402 1213 1467 contexuit,
1268 1418 1379 1457 non
1426 1399 1732 1456 hominibus
1779 1398 1917 1453 divi-

330 1496 509 1551 denda
538 1497 760 1558 dantur;
808 1495 903 1551 sed
935 1495 1051 1550 haec
1077 1495 1254 1550 omnia
1287 1502 1542 1564 operatur
1571 1508 1706 1548 unus
1744 1491 1914 1546 idem-

328 1604 438 1659 que
480 1587 734 1658 Spiritus,
768 1587 1026 1655 [dividens
1072 1588 1288 1657 propria
1330 1587 1551 1654 singulis
1584 1593 1744 1656 prout
1782 1584 1915 1639 vult.

334 1678 487 1735 llane
528 1679 843 1735 divisionem
889 1694 1052 1747 quam
1102 1695 1207 1733 non
1249 1676 1561 1734 hominibus
1604 1677 1772 1744 dedit,
1823 1676 1919 1731 sed

329 1774 433 1830 sibi
485 1780 691 1828 tantum
736 1772 970 1827 Trinitas
1022 1773 1337 1838 reservavit,
1388 1772 1496 1826 alio
1551 1770 1670 1826 loco
1728 1770 1921 1824 beatus

2012 665 2164 730 hunc,
2196 665 2246 719 id
2276 673 2358 719 est
2382 681 2409 718 a
2436 663 2659 721 Judaieo
2681 652 2974 735 populoin
3001 668 3258 736 gentilem
3309 669 3591 738 populum.

2013 756 2149 823 Quid
2181 756 2490 815 inclinavit?
2518 757 2718 827 Legem
2746 774 2761 823 ;
2793 767 2848 812 et
2869 758 3138 827 eliquatus
3166 769 3250 815 est
3292 760 3415 814 inde
3439 761 3597 830 spiri-
3650 808 3653 811 λ

2015 849 2136 903 talis
2158 850 2461 907 intellectus
2488 869 2498 903 :
2535 860 2881 909 verumtamen
2905 852 3012 922 [aut
3039 852 3153 922 ejus
3184 869 3287 906 non
3311 862 3388 906 est
3408 838 3595 908 exina—

2014 941 2147 1007 nita,
2172 941 2296 1010 quia
2326 942 2506 999 omnia
2548 951 2886 1001 sacramenta
2934 942 3170 1000 carnalia
3212 942 3353 1013 apud
3382 942 3599 999 Judmos

1993 1038 2409 1098 remanserunt.
2433 1050 2451 1082 ι
2484 1030 2561 1085 Ex
2581 1032 2674 1090 .his
2705 1032 2862 1087 dictis
2884 1032 3029 1090 beati
3056 1030 3339 1103 Augustini
3365 1032 3599 1089 arbitror

1991 1128 2205 1190 patere
2232 1128 2287 1175 et
2309 1120 2493 1175 ealieis
2523 1121 2881 1188 intellectum,
2906 1137 3014 1190 quo
3061 1123 3234 1193 possit
3284 1123 3337 1177 in
3367 1122 3600 1178 veritate

1984 1199 2276 1283 spiritalis
2319 1213 2568 1284 mystcrii
2592 1212 2785 1281 divisio
2834 1213 2978 1273 faecis
3027 1214 3246 1284 vinique
3299 1214 3595 1284 cognosci:

2017 1304 2095 1358 sic
2124 1310 2303 1357 tamen
2352 1310 2412 1356 ut
2456 1317 2562 1357 non
2613 1302 2734 1357 ideo
2782 1304 2909 1360 velit
2955 1304 3149 1372 aliquis
3192 1303 3598 1360 Testamentum

1986 1458 1991 1461 Α
2022 1394 2185 1451 Vetus
2213 1394 2468 1464 abjicere,
2490 1395 2615 1463 quia
2646 1395 2791 1455 videt
2814 1396 2936 1464 ejus
2958 1405 3295 1453 sacramenta
3312 1412 3598 1455 cessasse.

2019 1486 2110 1540 Sic
2136 1486 2279 1539 enim
2308 1485 2618 1540 debetcum
2664 1486 3015 1545 veneratione
3061 1486 3230 1543 teneri
3276 1486 3597 1545 Testamen-

2021 1582 2132 1628 tum
2158 1573 2383 1637 Novum,
2410 1582 2469 1628 ut
2488 1589 2597 1629 non
2620 1576 2690 1630 sit
2719 1568 3121 1632 Testamentum
3150 1576 3319 1635 Vetus
3346 1577 3604 1647 aliquate-

2022 1682 2124 1720 nus
2155 1664 2561 1734 relinquendum
2594 1684 2606 1718 :
2636 1667 2793 1737 quod
2827 1667 2956 1721 mihi
3002 1668 3215 1723 videtur
3239 1658 3338 1723 sub
3384 1671 3605 1725 nomine

2022 1758 2180 1813 amici
2209 1757 2414 1828 antiqui
2444 1766 2501 1813 et
2523 1759 2646 1814 novi
2667 1760 2721 1812 in
2752 1759 2890 1816 libro
2917 1759 3294 1818 Ecclesiastico
3322 1777 3604 1817 commen-

333 1867 625 1939 Apostolus
652 1866 962 1933 ostendens,
986 1865 1239 1920 admonet
1273 1882 1379 1919 non
1408 1866 1521 1934 plus
1562 1880 1742 1933 sapere
1766 1879 1919 1934 quam
1950 1870 1999 1929 Β
2022 1849 2158 1913 dari,
2191 1849 2277 1903 “bi
2308 1848 2504 1904 diem"
2529 1867 2541 1901 τ
2575 1848 2660 1903 Ne
2686 1850 3013 1922 άενείίπφιαε
3035 1853 3259 1908 multum
3307 1855 3598 1925 antiquum.

333 1968 531 2031 oportet
578 1975 778 2029 sapere,
829 1957 919 2012 sed
969 1974 1149 2025 sapere
1195 1956 1264 2008 ad
1304 1955 1661 2031 sobrietatem;
1712 1954 1927 2027 unicui-q

334 2028 427 2123 que
452 2053 585 2107 sicut
609 2028 750 2106 Deus
791 2051 961 2105 divisit
1000 2067 1293 2104 mensuram
1330 2028 1658 2119 ﬁdei'mom.
1700 2065 1795 2116 xu,

336 2140 399 2195 Et
426 2141 549 2216 quia
575 2157 679 2196 una
712 2148 793 2197 est
820 2140 978 2195 divisi
1001 2162 1013 2192 ν
1046 2140 1218 2193 Patris
1239 2148 1293 2194 et
1318 2140 1433 2193 Filii
1464 2138 1773 2208 et_Spiritus
1795 2155 1918 2193 san-

334 2232 427 2297 cti,
460 2231 582 2287 ideo
611 2230 879 2300 Christus,
927 2232 1017 2301 qui
1049 2240 1131 2285 est
1156 2231 1246 2286 Dei
1290 2232 1574 2300 sapientia,
1607 2232 1657 2284 in
1686 2228 1916 2286 Prover-

335 2322 437 2377 biis
464 2322 592 2378 dicit
619 2340 631 2375 :
661 2321 724 2377 In
754 2323 1019 2377 itineribus
1039 2322 1260 2392 justitia:
1295 2322 1510 2387 incedo,
1552 2332 1603 2375 et
1639 2323 1772 2375 inter
1810 2339 1918 2377 nte-

334 2412 448 2468 dias
479 2414 685 2468 semitas
711 2415 965 2484 (uanitatis
1003 2430 1274 2468 conversor
1293 2455 1308 2480 ,
1351 2421 1403 2466 ut
1433 2412 1664 2466 dividam
1701 2412 1920 2484 diligen-

335 2502 469 2558 tibus
509 2520 589 2557 me
637 2503 999 2568 substantiam,
1051 2513 1102 2559 et
1150 2506 1413 2559 thesauros
1461 2521 1636 2559 eorum
1679 2504 1923 2575 impleam

336 2595 485 2650 bonis
516 2595 695 2663 (Prov.
714 2612 842 2663 -vtn,
872 2595 983 2665 20).

410 2683 499 2738 46.
535 2683 769 2754 Uterque
795 2699 925 2753 ergo
954 2685 1091 2740 calix
1139 2685 1398 2755 apostolis
1424 2703 1453 2739 a
1487 2685 1711 2741 Domino
1739 2674 1919 2752 datur,

339 2793 450 2833 non
496 2786 675 2833 tamen
722 2762 1045 2833 dividendus
1102 2787 1326 2847 uterque
1372 2780 1678 2849 puceipitur
1724 2797 1736 2832 :
1784 2780 1924 2837 illius

264 2906 267 2909 -
341 2869 486 2923 enim
514 2869 819 2924 necessaria
846 2867 945 2923 fuit
971 2869 1181 2934 divisio,
1228 2870 1280 2923 in
1325 2885 1433 2938 quo
1473 2879 1591 2924 erat
1620 2878 1923 2935 temporum

340 2960 728 3016 consideranda
758 2959 1029 3015 discretio.
1061 2959 1187 3014 lude
1217 2970 1298 3015 est
1323 2962 1464 3030 quod
1497 2963 1549 3016 in
1579 2960 1925 3017 Testamento

341 3054 524 3112 Veteri
550 3063 889 3114 sacramenta
937 3044 1179 3125 quaedam
1222 3055 1314 3109 illo
1355 3064 1599 3126 tempore
1638 3056 1693 3110 in
1745 3054 1926 3123 ﬁguris

341 3148 445 3202 rite
472 3146 741 3202 celebrata
768 3146 1158 3215 cognoscimus,
1183 3154 1238 3199 et
1259 3153 1580 3199 veneranter
1601 3144 1923 3213 accipimus;

340 3253 460 3307 qute
491 3247 668 3293 tamen
700 3253 809 3292 non
837 3237 1026 3293 eodem
1038 3252 1146 3306 quo
1161 3236 1776 3311 celebrabanturordine
1787 3236 1924 3292 cele-
1950 3252 1994 3313 ς

308 3376 313 3381 ,
340 3328 561 3389 bramus
578 3345 603 3403 f
635 3328 759 3398 quia
790 3327 1088 3382 dividentes
1111 3335 1323 3398 tempus
1345 3328 1712 3398 promissionis
1734 3345 1763 3382 a
1787 3335 1923 3386 ten:-

343 3433 475 3486 pore
505 3418 722 3472 reddita:
763 3418 1020 3482 veritatis,
1062 3433 1127 3472 ea
1174 3426 1507 3474 sacramenta
1537 3434 1681 3474 nunc
1708 3418 1920 3480 nobisa

340 3506 553 3562 Christo
583 3507 774 3561 tradita
806 3507 1116 3570 retinemus,
1141 3507 1334 3575 quibus
1363 3506 1632 3562 Christum
1657 3523 1766 3563 non
1800 3524 1924 3577 pas-

340 3613 544 3663 surum,
567 3599 658 3653 sed
685 3614 898 3668 passum
915 3614 1014 3668 pro
1039 3600 1196 3653 nobis
1223 3601 1558 3668 agnoscimus
1578 3608 1916 3667 etdenemus.

345 3687 571 3742 Nomine
597 3703 726 3743 vero
746 3680 939 3742 colicis
979 3688 1339 3745 etiam.\’etus
1378 3689 1599 3745 debere»
1617 3690 1788 3760 accipi
1817 3690 1922 3749 Te-

342 3786 690 3840 stamentuzn,
742 3794 848 3831 non
876 3768 1541 3847 uostraprmsumptione,
1571 3777 1672 3835 sed
1685 3789 1923 3849 .paterua

342 3867 630 3925 traditione
674 3877 1055 3925 monstramus.
1085 3869 1314 3925 Sanetus
1347 3871 1548 3941 quippe
1574 3871 1924 3939 Augustinus,

346 3960 401 4015 in
427 3958 805 4031 explanatione
834 3958 1021 4030 psalmi
1051 3960 1427 4031 septuagesimi
1473 3962 1827 4031 quarti,_eum
1856 3967 1923 4019 ad

306 4098 311 4101 Α
349 4051 500 4105 illum
546 4051 723 4107 locum
770 4050 1007 4108 venisset
1035 4051 1123 4105 ubi
1162 4050 1363 4105 dictum
1391 4058 1505 4107 est:
1540 4049 1676 4116 Quia
1704 4054 1844 4109 calix
1872 4057 1927 4109 in

347 4158 502 4195 ntanu
520 4141 728 4200 Domini
751 4143 853 4199 uini
864 4143 996 4196 meri
1007 4143 1187 4207 plenus
1206 4159 1260 4196 es
1269 4152 1281 4188 ι’
1298 4143 1492 4209 mixto;
1513 4153 1563 4198 et
1582 4144 1848 4199 inclinavit
1862 4162 1928 4200 ea:

346 4234 438 4289 ‘ioc
450 4237 500 4289 in
513 4236 660 4301 illud;
675 4245 1018 4290 uerumtamen
1032 4237 1136 4307 {rex
1146 4237 1261 4307 ejus
1272 4252 1376 4291 non
1385 4238 1737 4293 estexinanita
1751 4240 1770 4308 (
1781 4237 1926 4293 Ps‘al.

348 4341 527 4388 uxiv,
559 4325 643 4396 9),
669 4326 809 4380 inter
834 4325 937 4379 alia
969 4326 1045 4380 sic
1070 4326 1181 4395 ait:
1212 4343 1231 4376 ι
1257 4323 1411 4381 Calix
1439 4327 1548 4382 vini
1579 4326 1710 4383 meri
1739 4328 1930 4399 plenus

348 4415 520 4470 mixto
549 4416 755 4471 videtur
784 4417 912 4471 mihi
936 4433 1055 4472 esse
1083 4417 1167 4473 lex
1196 4435 1316 4490 qua
1342 4419 1467 4476 data
1497 4428 1587 4476 est
1617 4418 1832 4487 Judzeis,
1875 4428 1933 4476 et

346 4505 505 4576 26⁸1
538 4507 712 4560 omnis
742 4506 1125 4583 illalscriptura
1167 4508 1377 4565 Veteris
1417 4510 1560 4579 quod
1597 4510 1793 4566 dicitur
1822 4510 1929 4566 Te-

1996 2020 1999 2027 r
2024 1954 2182 1993 novus
2203 1938 2339 1991 enim
2369 1955 2471 1992 non
2498 1941 2595 1992 erit
2621 1939 2805 2012 similis
2856 1940 2935 1994 illi
2960 1939 3149 2011 (Eccli.
3184 1959 3259 2005 ix.
3292 1942 3401 2011 Ην).
3454 1926 3633 1999 Hanc.

2020 2028 2506 2084 dissimilitudinem
2558 2045 2677 2098 quae
2706 2039 2789 2085 est
2830 2031 2882 2083 in
2928 2034 3283 2093 sacramentis
3324 2034 3605 2103 utriusque

2022 2117 2373 2183 Testamenti,
2404 2133 2500 2189 per
2517 2128 2762 2174 sanetum
2792 2120 3116 2178 Hieremiam
3163 2116 3376 2180 divinus
3418 2141 3599 2181 sermo

2020 2210 2388 2280 puenuntians
2414 2212 2490 2266 ait
2522 2231 2534 2265 :
2562 2210 2696 2266 Ecce
2743 2214 2852 2269 dies
2905 2216 3141 2282 veniunt,
3174 2218 3301 2271 dicit
3330 2217 3602 2280 Dominus.

2021 2310 2069 2355 et
2093 2300 2456 2357 consummabo
2483 2320 2642 2376 super
2680 2305 2886 2360 domum
2916 2305 3085 2362 Israel
3129 2317 3179 2362 et
3201 2325 3355 2380 super
3399 2311 3605 2365 domum

2019 2389 2161 2445 Iuda
2186 2380 2568 2448 Testamentum
2599 2392 2821 2461 Novum,
2860 2413 2964 2451 non
2992 2398 3272 2453 secundum
3306 2398 3603 2455 Testamen-

2024 2494 2129 2539 tum
2155 2486 2293 2556 quod
2313 2487 2413 2558 feci
2440 2504 2555 2542 cum
2574 2488 2808 2559 patribus
2837 2506 3035 2545 eorum
3066 2474 3199 2559 (Jer.
3226 2494 3518 2564 xxxi,.,51).
3547 2494 3605 2555 In
3644 2504 3649 2510 ‘

2023 2590 2090 2631 eo
2111 2585 2292 2631 autem
2345 2577 2618 2633 invenitur
2647 2578 3050 2637 Testamentum
3106 2582 3336 2653 Novum,
3360 2600 3480 2652 non
3520 2600 3606 2641 se-

2023 2672 2256 2730 cundum
2287 2674 2691 2733 Testamentum
2720 2677 2889 2733 Vetus
2932 2695 2961 2732 a
2988 2678 3219 2737 Domino
3252 2696 3606 2738 consumma-

2026 2774 2159 2834 tunr,
2187 2765 2240 2819 in
2264 2780 2373 2835 quo
2399 2774 2455 2821 et
2490 2775 2880 2837 pmeeptorum
2922 2768 3313 2838 perfectionem
3342 2771 3601 2841 Dominus

2024 2856 2204 2920 dedit,
2235 2865 2292 2912 ct
2337 2859 2569 2915 remotis
2606 2860 2879 2916 veteribus
2917 2862 3292 2926 sacramentis,
3326 2862 3626 2918 dissimilis:

2024 2957 2362 3003 sacramenta
2395 2947 2923 3007 revelatauveritatis'
2945 2952 3175 3007 instituit
3206 2972 3216 3006 :
3247 2969 3311 3009 ac
3329 2954 3437 3009 sic.
3462 2954 3607 3023 quod

2026 3040 2079 3094 in
2109 3039 2600 3111 Veterespromisit,
2633 3041 2697 3097 in
2717 3040 2870 3099 Novo
2898 3041 3145 3114 perfecit.
3207 3043 3442 3101 Proinde
3467 3061 3607 3117 quo-

2027 3130 2169 3186 niam
2194 3140 2655 3192 sacraiaentorum
2677 3132 2821 3189 Novi
2841 3134 3183 3190 Testamenti.
3201 3144 3328 3191 tunc
3358 3151 3486 3191 vere
3515 3151 3608 3191 suo

2025 3220 2192 3276 labris
2212 3222 2479 3278 ac-suavis
2503 3230 2696 3295 potest
2710 3240 2830 3280 esse
2853 3226 3089 3295 cognitio
3111 3269 3126 3295 ,
3156 3228 3202 3283 si
3223 3229 3277 3283 io
3300 3244 3609 3285 sacramen-

2029 3314 2095 3368 tis
2123 3312 2332 3371 Yeteris
2360 3313 2691 3374 Testamenti
2721 3329 3083 3388 cognoscatur
3107 3336 3238 3378 vera
3267 3324 3610 3392 praecessisse

1986 3408 2344 3477 promissio,
2386 3418 2672 3480 propterea
2719 3425 2843 3466 cum
2897 3411 3173 3483 Scriptura
3219 3414 3443 3470 dixisset
3467 3419 3488 3468 ':
3523 3415 3609 3471 Ne

2024 3497 2350 3570 derelinquas
2378 3503 2600 3555 amicum
2620 3504 2908 3573 antiquum,
2933 3521 3093 3559 novus
3108 3506 3262 3560 .enim
3283 3509 3621 3561 non-eritsi;

1988 3630 1991 3637 .
2025 3589 2162 3643 milis
2207 3590 2286 3644 illi
2308 3633 2322 3658 ,
2352 3592 2610 3647 continuo
2660 3593 2887 3662 subjecit
2918 3613 2932 3649 :
2965 3594 3154 3650 Vinum
3199 3599 3610 3655 nouummmicus

2026 3696 2186 3736 novus
2202 3682 2527 3750 :ueterescat,
2546 3693 2728 3739 etcum
2748 3688 3000 3741 suavitate
3012 3687 3156 3743 bibes
3178 3690 3309 3744 illud
3318 3689 3509 3759 (Εεσιὲκ
3530 3705 3609 3761 rx,

2030 3767 2149 3839 15).
2167 3769 2305 3837 Quid
2326 3781 2426 3837 est,
2451 3781 2748 3842 veterescat,
2770 3775 2871 3830 nisi
2893 3784 2952 3830 ut
2976 3776 3027 3831 in
3046 3776 3247 3834 .Vetere
3266 3779 3610 3836 Testamento

2029 3858 2161 3916 Novi
2211 3861 2559 3919 Testamenti.
2587 3872 2751 3935 typus
2782 3858 3084 3937 appareat?
3127 3867 3280 3925 Tunc
3314 3883 3446 3937 ergo
3486 3887 3610 3926 eum

2028 3954 2291 4008 suavitate
2305 3954 2409 4010 hoc
2426 3970 2622 4009 novum
2647 3957 2824 4011 vinum
2846 3959 3274 4029 hibiturrsiteius
3292 3962 3612 4029 signiﬁcatio

2029 4045 2195 4113 atque
2219 4046 2505 4115 promissio
2535 4047 2587 4101 in
2617 4046 2965 4105 Testamento
2994 4051 3191 4107 Vetere
3236 4063 3609 4122 cognoscatur.

2099 4132 2193 4189 47.
2220 4134 2332 4192 Hoc
2359 4137 2541 4192 vinum
2572 4154 2771 4195 novum
2802 4140 2855 4196 in
2886 4128 3052 4197 corde
3080 4143 3472 4216 discipulorum
3515 4164 3610 4203 ve-

1982 4272 1997 4277 ..
2031 4233 2299 4284 terescere
2354 4229 2612 4286 Dominus
2662 4233 2817 4299 fecit,
2862 4236 3077 4306 quando
3142 4238 3257 4293 illis
3291 4239 3501 4296 duobus
3558 4241 3614 4297 in

2029 4320 2306 4378 castellum
2337 4320 2591 4379 Emmaus
2640 4326 2983 4394 pergentibus
3023 4330 3465 4400 appropinquans
3495 4332 3608 4387 ibat

2032 4426 2152 4468 cum
2181 4412 2314 4478 illis;
2342 4422 2424 4468 et
2449 4430 2571 4470 eum
2602 4416 2651 4470 ei
2680 4425 2954 4488 tanquam
3012 4420 3200 4487 ignaro
3252 4436 3373 4491 qua:
3403 4422 3471 4479 de
3483 4423 3615 4492 ejus

2033 4505 2196 4575 268
2218 4505 2469 4575 passione
2498 4504 2637 4561 facta
2687 4507 2897 4563 fuerant
2927 4510 3285 4576 iudicassent,
3329 4522 3455 4570 tunc
3503 4517 3615 4586 ip..e

346 4597 629 4661 stamenti,
661 4597 751 4652 ubi
779 4606 904 4652 sunt
950 4598 1191 4667 pondera
1221 4601 1461 4656 omnium
1488 4601 1879 4657 sententiarum
1911 4618 1923 4654 :
1957 4619 2008 4678 ι)
2033 4594 2169 4650 dixit
2195 4596 2262 4651 ad
2292 4612 2387 4652 eos
2435 4615 2446 4651 :
2482 4597 2527 4650 0
2556 4600 2700 4653 stulti
2736 4610 2805 4654 et.
2829 4603 2977 4656 tardi
2993 4605 3149 4658 corde
3192 4604 3262 4658 ad
3305 4607 3615 4663 credendum

348 4702 471 4740 nam
526 4687 597 4741 ibi
648 4685 853 4741 Novum
902 4686 1306 4744 Testamentum
1357 4691 1728 4748 absconditum
1771 4691 1923 4754 latet,

349 4786 601 4848 tanquam
634 4779 687 4832 in
717 4778 847 4833 faece
877 4779 1244 4848 corporalium
1274 4789 1760 4837 sacramentorum.
1792 4802 1811 4834 ι
1859 4781 1929 4837 Ει

307 4926 311 4931 ,
346 4885 467 4924 cum
498 4870 637 4925 idem
666 4869 854 4925 beatus
880 4870 1207 4940 Augustinus
1227 4860 1583 4940 aprzeceptis
1618 4872 1740 4926 vita:
1765 4888 1927 4942 pera-

346 4961 534 5027 gendm
563 4960 650 5015 illa
705 4962 962 5031 praeteriti
1003 4961 1276 5031 temporis
1290 4946 1628 5017 sacramenta
1655 4962 1929 5019 discerne-

246 5110 251 5117 ,
347 5059 450 5111 ret,
481 5059 731 5119 tanquam
753 5051 973 5107 calicem
998 5051 1263 5118 dividens,
1288 5061 1573 5122 postquam
1595 5068 1924 5109 commemo-

350 5142 488 5195 ravit
515 5141 656 5212 quod
688 5141 888 5196 dictum
939 5150 1059 5197 est:
1090 5140 1213 5197 Non
1242 5132 1466 5206 occides,
1490 5154 1592 5196 non
1642 5143 1930 5199 maechnbe-

328 5229 630 5301 ‘ri1(Deut.
663 5247 718 5297 v,
748 5230 832 5297 l7,
867 5230 977 5304 18),
1010 5240 1066 5287 et
1093 5233 1366 5301 aliquanta
1395 5247 1516 5301 quas
1572 5241 1720 5288 textu
1769 5235 1931 5291 deca-

350 5321 460 5391 logi
480 5323 842 5387 continentur,
874 5323 990 5378 luce
1024 5323 1139 5393 ipse
1167 5331 1387 5379 sanctus
1433 5322 1765 5392 Augustinus
1802 5326 1932 5382 sub-

347 5412 496 5481 iecit,
530 5411 717 5468 dicens
751 5429 763 5465 :
805 5432 822 5463 ι
856 5410 1045 5468 Omnia
1072 5414 1171 5468 ista
1200 5413 1267 5467 ad
1290 5414 1470 5467 vinum
1494 5414 1805 5483 pertinent;
1839 5418 1930 5474 illa

312 5558 315 5561 .
351 5520 482 5560 vero
509 5505 745 5560 carnalia
769 5504 921 5574 quasi
947 5504 1282 5569 resederunt,
1309 5512 1367 5559 ut
1394 5515 1739 5565 remanerent
1785 5509 1925 5579 apud

351 5597 492 5665 illos,
521 5606 579 5652 et
602 5596 963 5653 elfunderetur
985 5597 1106 5652 ideo
1128 5596 1303 5653 omnis
1323 5597 1580 5666 spiritalis
1602 5597 1926 5656 intellectura.

312 5740 318 5745 .
348 5689 502 5747 Catia:
531 5694 666 5746 enim
696 5692 749 5745 in
778 5704 949 5744 manu
967 5687 1201 5753 Domini,
1231 5686 1392 5740 idest
1419 5687 1471 5740 in
1521 5695 1797 5755 potestate
1819 5690 1926 5744 Do-

350 5786 511 5850 mini;
568 5786 671 5841 vini
719 5783 872 5847 meri,
931 5782 982 5836 id
1038 5786 1119 5834 est
1171 5778 1393 5835 sincerae
1425 5777 1585 5847 legis;
1619 5778 1807 5846 plenus
1854 5793 1929 5836 est

349 5860 528 5944 mixto,
552 5880 712 5935 idest
740 5891 860 5934 cum
892 5873 1019 5931 faece
1050 5871 1410 5943 corporalium
1434 5880 1925 5930 δειςικιηιυηιοιηιηιε

2031 4687 2089 4739 in
2110 4687 2491 4760 amnibusque:
2512 4691 2667 4744 laurui
2681 4700 2810 4746 sunt
2832 4695 3101 4765 prophetae
3130 4694 3280 4767 (Luc.
3315 4714 3461 4767 xxrv,
3481 4697 3572 4770 25)
3598 4699 3615 4753 l

2034 4776 2191 4845 Vide,
2207 4792 2411 4847 quaeso,
2424 4780 2876 4848 quemadmOdum
2886 4785 3070 4840 vinum
3092 4800 3288 4842 novum
3308 4792 3614 4857 veterescit,

2035 4876 2100 4921 ut
2116 4884 2238 4924 eum
2274 4870 2542 4927 suavitate
2591 4872 2825 4930 bibatur.
2873 4876 3086 4945 Adjecit
3130 4894 3261 4948 ergo
3308 4880 3567 4937 Dominus
3603 4905 3611 4914 -

2036 4958 2228 5014 Nonne
2272 4960 2368 5014 hoc
2411 4964 2637 5031 oportuit
2680 4967 2790 5034 pati
2828 4965 3107 5037 Christum,
3138 4978 3187 5024 et
3215 4972 3290 5024 ita
3316 4974 3515 5027 intrare
3560 4976 3616 5027 in

2030 5051 2250 5121 gloriam
2305 5068 2451 5105 suam
2482 5055 2499 5123 (
2520 5051 2680 5117 lbid.,
2713 5055 2847 5127 ξων
2878 5055 2976 5113 Ubi
3023 5068 3241 5115 sanctus
3287 5062 3617 5130 evangelista

2031 5143 2479 5212 quemadmodum
2500 5147 2685 5203 vinum
2718 5166 2913 5205 novum
2958 5150 3079 5207 eum
3104 5155 3375 5210 suavitate
3422 5157 3615 5212 hiben-

2014 5228 2157 5289 ‘dum
2185 5235 2288 5290 illis
2340 5246 2702 5295 veteresceret
2745 5242 2820 5295 ait
2844 5260 2857 5296 :
2885 5242 2955 5296 Et
2999 5246 3250 5315 incipiens
3278 5265 3311 5299 a
3337 5247 3519 5322 Moyse
3566 5258 3620 5307 et

2034 5327 2269 5382 omnibus
2316 5330 2599 5399 prophetis,
2631 5333 3071 5403 interpretabatur
3123 5336 3228 5391 illis
3278 5340 3333 5392 in
3381 5342 3619 5401 omnibus

2031 5416 2303 5488 scripturis
2325 5434 2439 5489 qua
2460 5418 2538 5473 de.
2557 5420 2673 5490 ipso
2691 5430 2841 5474 erant
2868 5422 3057 5492 (Ihid.,
3082 5423 3196 5496 27).
3230 5426 3431 5485 Deinde
3453 5460 3459 5467 ι
3478 5448 3614 5486 con-

2032 5515 2244 5577 ceptum
2274 5510 2891 5571 exvinevetereseente
2925 5514 3199 5571 novitatis
3225 5533 3290 5574 ac
3335 5524 3616 5579 suavitatis

2032 5601 2306 5668 ardorem,
2362 5603 2460 5672 ipsi
2498 5604 2837 5673 postmodum
2893 5608 3279 5675 ostenderunt,
3322 5614 3562 5671 dicentes
3596 5636 3608 5672 :

2038 5691 2223 5748 Nonne
2254 5712 2340 5747 cor
2387 5705 2639 5748 nostrum»
2661 5694 2851 5749 ardens
2878 5698 2990 5751 erat
3035 5701 3088 5754 in
3116 5702 3267 5757 nobis
3291 5706 3411 5759 dum
3440 5709 3614 5780 loqur.

2032 5794 2172 5838 retur
2196 5786 2248 5837 in
2280 5786 2359 5837 ria
2405 5795 2454 5837 et
2495 5784 2717 5853 aperiret
2745 5784 2893 5841 nobis
2931 5789 3229 5858 Scripturas
3260 5793 3447 5862 (1054.,
3478 5799 3612 5858 52)?

2035 5878 2145 5936 lloc
2180 5878 2356 5933 denuo
2381 5876 2500 5934 fecit
2523 5876 2705 5937 dicens
2741 5895 2751 5927 :
2787 5876 2913 5933 "(re
2941 5892 3060 5936 sunt
3087 5884 3236 5938 verba
3265 5901 3378 5959 qua!
3413 5888 3610 5946 locutas
