4124 6486
531 379 638 434 ιδς

1539 385 1594 437 s.
1639 366 2071 446 FULGENJ‘IUS
2108 369 2475 442 EPISCOPUS
2511 385 2895 442 nusrcssrs.

3684 366 3784 450 tu

526 513 637 553 sum
669 496 739 550 ad
765 512 850 550 vos
879 512 991 549 cum
1020 496 1186 553 aahuc
1215 512 1375 549 essem
1424 497 1711 561 vobiscum;
1743 490 2107 568 qttoniam-ne-
2140 500 2652 572 LQuandoquidcm
2680 502 2990 571 ipsa~gratia
3024 502 3325 559 nullatenus
3356 506 3785 573 agnoscituruisi

527 606 667 643 resse
693 598 769 642 est
794 588 995 660 impleri
1021 590 1196 643 omnia
1217 605 1331 661 qua:
1358 591 1548 660 scripta
1576 599 1691 643 sunt
1708 593 1760 644 in
1777 593 1885 663 lege
1908 591 2101 663 Moysi,

506 666 575 734 ’τι
589 682 873 751 prophetis,
892 690 939 734 et
962 680 1187 735 Psalmis
1201 682 1377 735 deme.
1396 680 1535 734 Tunc
1556 684 1759 750 aperuit
1776 682 1881 736 illis
1894 700 2100 737 sensum

524 782 579 825 ut
608 774 948 843 intelligerent
986 771 1288 843 Scripturas
1318 770 1476 841 (Luc.
1510 788 1630 826 xxrv
1653 814 1666 837 ,
1699 770 1820 842 44).
1862 772 1936 827 [ta
1977 773 2102 829 fecit

523 865 706 919 vinum
730 881 928 918 novum
960 880 1077 918 cum
1101 864 1362 918 suavitate
1392 872 1747 929 veteresr-cre,
1797 864 1922 919 dum
1973 883 2100 936 pro-

527 955 808 1009 missioncs
829 953 960 1008 Νοὶί
1010 954 1337 1009 Testamcnli
1389 954 1750 1008 indubitanter
1790 954 2022 1009 ostendit
2049 956 2107 1008 in

526 1042 756 1098 lectione
783 1042 1115 1098 Testamenti
1140 1044 1352 1099 Veteris
1378 1059 1639 1113 apparere
1665 1062 1678 1096 :
1711 1059 1779 1098 ne
1815 1044 1892 1098 sic
1921 1052 2104 1099 tenea-

526 1142 614 1188 tur
640 1136 844 1189 amicus
872 1151 1061 1197 novus,
1096 1144 1151 1188 ut
1178 1135 1428 1202 antiquus
1456 1135 1825 1202 relinquatur;
1853 1135 1979 1204 quia
2006 1150 2103 1189 no-

528 1241 624 1280 vus
652 1234 930 1296 permanet
961 1224 1062 1279 ﬁJe
1115 1226 1323 1291 similis,
1351 1226 1594 1294 quamvis
1639 1226 1884 1280 videatur
1932 1241 2108 1280 saera-

525 1328 828 1375 mentorum
853 1319 1211 1374 celebratione
1240 1318 1531 1373 dissimilis.
1559 1318 1768 1389 Quippe
1804 1334 1908 1371 una
1936 1326 2014 1372 est
2036 1309 2102 1387 ﬁ-

524 1412 614 1465 des
641 1408 779 1463 Novi
809 1417 863 1462 et
893 1409 1105 1463 Veteris
1131 1408 1483 1463 Testamenti.
1514 1407 1637 1462 Hice
1663 1407 1716 1461 in
1756 1408 1987 1478 antiquis
2017 1424 2110 1477 pa‘

524 1502 692 1556 tribus
713 1501 966 1556 credebat
1021 1503 1300 1571 promissa,
1341 1517 1464 1570 quae
1491 1501 1543 1555 in
1600 1501 1757 1555 nobis
1793 1499 1904 1569 jam
1934 1500 2102 1554 credit

522 1593 761 1663 impleta.
807 1591 938 1659 Quae
990 1600 1169 1646 autem
1200 1591 1299 1645 fuit
1347 1593 1399 1646 in
1446 1593 1688 1662 patribus
1731 1592 1926 1646 nostris
1971 1588 2100 1645 ﬁdes

522 1681 801 1751 promissa,
822 1680 937 1751 ipsa
964 1680 1018 1734 in
1048 1680 1202 1735 nobis
1223 1687 1305 1734 est
1326 1677 1453 1734 ﬁdes
1472 1679 1723 1751 exhibita;
1743 1679 2098 1754 veritatisimg

521 1774 663 1843 pleta
693 1791 706 1826 :
739 1771 881 1826 unde
929 1772 1052 1843 quia
1096 1771 1535 1826 indissolubiliter
1577 1772 1782 1826 amicus
1827 1771 1928 1826 iste
1954 1771 2095 1824 anti-

2208 592 2365 648 detur
2398 612 2410 645 :
2443 608 2563 663 qua:
2591 591 2826 662 quandiu
2857 608 2964 645 non
2995 601 3075 646 est
3105 593 3157 646 in
3206 593 3445 660 homine,
3473 596 3662 652 tanditi
3688 616 3781 655 ne-

2208 702 2359 741 cesse
2380 694 2545 740 estut
2585 686 2633 739 ei
2688 694 2779 737 aut
2826 700 3076 738 sermone
3131 695 3426 754 repugnet,
3457 695 3551 741 aut
3601 703 3780 758 opere.

2207 775 2337 828 Nam
2368 788 2617 828 sermone
2646 781 2910 842 repugnat
2938 774 3120 840 gratiae
3144 773 3258 840 Dei,
3290 777 3381 844 qui
3406 792 3623 832 sensum
3652 782 3785 849 gerit

2183 865 2329 926 .ﬁdci
2353 864 2667 919 Christiana:
2696 865 3059 929 contrarium;
3093 876 3355 935 repugnat
3379 877 3562 923 autem
3597 885 3791 939 opere.-

2206 959 2371 1028 quiin
2404 957 2641 1012 moribus
2666 957 2775 1011 suis
2804 954 3123 1010 Christiana:
3152 958 3272 1011 vita:
3302 975 3406 1013 non
3453 961 3651 1015 retinet
3700 966 3783 1014 in.

2209 1047 2472 1100 stitutum.
2504 1044 2619 1100 Hoc
2647 1044 2846 1114 quippe
2870 1045 2921 1098 in
2953 1044 3171 1099 homine
3197 1046 3305 1115 agit
3331 1049 3500 1115 gratia
3522 1049 3777 1104 divinitus

2207 1137 2355 1203 data,
2375 1146 2431 1191 ut
2451 1137 2678 1197 animus,
2717 1136 2861 1189 dono
2880 1133 3000 1191 ﬁdei
3027 1137 3373 1207 caritatisque
3396 1132 3652 1209 percepto
3680 1142 3775 1209 (al.

2208 1225 2522 1295 przccepto),
2556 1233 2613 1280 et
2638 1239 2942 1279 sermonem
2992 1225 3191 1279 bonum
3235 1227 3489 1295 proferat,
3523 1237 3575 1280 et
3605 1227 3784 1282 studio

2208 1316 2363 1368 bona:
2392 1314 2721 1384 operationis
2751 1315 2981 1369 insistat.
3041 1314 3196 1381 Quod
3240 1313 3483 1371 ﬁdelibus
3529 1318 3786 1374 divinitus

2204 1404 2344 1469 dari,
2367 1407 2555 1461 beatus
2611 1414 2665 1459 et
2693 1406 2927 1460 ostendit
2977 1416 3031 1461 et
3088 1410 3335 1477 poposcit
3381 1408 3674 1479 Apostolus
3700 1411 3787 1466 di-

2206 1511 2334 1550 cens
2359 1514 2373 1548 :
2404 1496 2526 1567 Ipse
2555 1506 2724 1549 autent
2766 1496 3019 1551 Dominus
3066 1508 3240 1552 noster
3276 1499 3428 1553 Jcsus
3456 1500 3710 1566 Christus,
3735 1512 3786 1556 et

2207 1585 2345 1640 Deus
2365 1596 2413 1641 et
2436 1587 2598 1663 Pater
2625 1597 2819 1653 noster,
2850 1590 2935 1660 qui
2955 1590 3134 1643 dilexit
3166 1607 3277 1655 nos,
3308 1600 3357 1644 et
3385 1591 3525 1645 dedit
3544 1594 3785 1647 consola-

2205 1678 2395 1732 tionem
2439 1689 2712 1742 teternam,
2742 1687 2791 1731 et
2841 1695 2983 1748 spem
3028 1678 3215 1733 bonam
3256 1681 3309 1733 in
3356 1682 3560 1752 gratia,
3591 1683 3786 1739 exhor-

2205 1776 2338 1821 tetur
2367 1768 2526 1823 corda
2546 1778 2733 1834 vestra,
2766 1779 2814 1823 et
2838 1771 3107 1839 conﬁrmet
3128 1772 3181 1824 in
3213 1775 3351 1826 omni
3380 1791 3531 1843 opere
3569 1774 3702 1829 bono
3736 1785 3786 1830 et

520 1880 657 1934 quos
678 1878 954 1932 novusque
984 1863 1349 1933 coniungitur,
1377 1872 1431 1917 et
1454 1856 1730 1917 unus'sine
1750 1862 1922 1916 altero
1951 1862 2095 1916 salu-
2132 1882 2174 1939 Β
2206 1877 2440 1914 sermone
2471 1858 2523 1927 (Ι
2532 1858 2558 1912 1
2592 1860 2766 1913 Thess.
2797 1878 2851 1923 ιι,
2886 1860 2969 1924 lli,
3006 1861 3112 1931 1'7).

518 1956 690 2017 briter
718 1972 824 2011 non
857 1964 1070 2011 tenetur
1086 1994 1107 2021 ,
1126 1963 1463 2012 veterescere
1483 1954 1645 2009 debet
1672 1955 1853 2008 vinum
1876 1969 2095 2015 novum,

521 2058 579 2103 nt
606 2049 676 2104 sit
697 2047 940 2105 ﬁdelibus
960 2063 1082 2103 cum
1111 2048 1377 2103 suavitate
1401 2046 1711 2102 bibendum.

978 2147 1491 2229 mnptsmta
1530 2148 1644 2229 xv.

523 2226 1077 2302 EpiscopiAfricaniin
1091 2229 1340 2302 Sgrdinia
1353 2229 1572 2289 exsules,
1586 2227 1780 2302 J_oan_ni
1796 2237 1845 2279 et
1864 2226 2101 2287 Venerio,

836 2301 899 2354 de
920 2303 1091 2372 gratia
1113 2298 1208 2352 Dei
1232 2307 1280 2351 et
1302 2298 1526 2351 humano
1546 2299 1782 2351 arbitrio.
2022 2339 2026 2343 .
2054 2329 2059 2334 ’

622 2394 688 2448 lci
716 2393 885 2461 gratia
906 2391 1194 2462 plurimum
1213 2389 1600 2459 amplectendis
1623 2387 1826 2444 sanctis
1854 2388 2104 2441 fratribus

521 2484 708 2541 lous:
738 2485 1050 2554 presbytero
1080 2489 1135 2537 et
1162 2479 1615 2545 archimandritze,
1641 2488 1697 2535 et
1723 2479 1962 2534 VENERIO
1990 2478 2103 2533 dia-

524 2592 685 2640 cono,
716 2586 769 2631 et
814 2574 1057 2629 ﬁdelibus
1085 2574 1235 2637 viris,
1277 2587 1505 2642 quorum
1550 2572 1605 2625 in
1647 2578 1828 2625 vestra
1876 2568 2102 2639 epistola

524 2665 845 2733 subscriptio
873 2665 1198 2729 continetur,
1235 2664 1517 2728 DATIANUS,
1556 2661 1931 2727 Fonrusuus,
1961 2660 2101 2714 Bos:-

526 2773 684 2825 τηυξ,
716 2756 938 2822 Vicron,
972 2755 1386 2819 SCHOLASTICUS,
1417 2752 1712 2819 ORONTIUS,
1740 2752 2107 2817 Vinnicusus,

461 2880 471 2888 -
526 2848 751 2913 Vic'ron,
784 2846 1089 2910 ΙΑΝυΑκιυε,
1128 2847 1508 2910 νιετοιιιιυιυε,
1555 2845 1821 2899 Pnortaus
1845 2852 1889 2907 ³,
1920 2842 2102 2911 Quon—

527 2953 820 3004 vounnus,
848 2937 1029 2991 famuli
1058 2927 1276 3003 Chr'isti,
1311 2937 1369 2991 in
1396 2937 1623 2991 Domino
1649 2936 1898 2991 salutem.

599 3027 652 3080 ί.
711 3026 979 3095 Quantum
1027 3026 1267 3080 membra
1323 3025 1670 3081 ecclesiastici
1715 3024 1959 3094 corporis
2006 3039 2102 3094 per

482 3154 487 3165 ι
524 3119 728 3175 Christi
753 3120 978 3189 gratiam
1010 3119 1063 3173 in
1093 3119 1297 3172 unitate
1326 3116 1445 3170 tidei
1478 3130 1766 3185 compages
1791 3114 1986 3168 retinet
2013 3130 2104 3170 et»

527 3211 722 3275 ritatis,
756 3217 965 3264 tantum
1012 3223 1233 3263 necesse
1271 3214 1355 3262 est
1383 3214 1442 3259 ut
1476 3221 1575 3274 pro
1605 3204 1832 3259 invicem
1871 3203 2101 3257 sollicita

524 3303 634 3355 sint
673 3299 933 3364 membra,
965 3306 1024 3352 ut
1063 3297 1278 3366 repulso
1314 3295 1599 3364 cujuslibet
1642 3294 1792 3362 pravi
1836 3293 2103 3361 dogmatis

522 3390 716 3445 morbo
736 3390 784 3455 δ,
813 3405 922 3443 non
963 3387 1138 3443 solum
1177 3385 1481 3451 servandae,
1514 3399 1694 3439 verum
1735 3384 1899 3439 etiam
1947 3399 2121 3453 repa-'

523 3479 704 3534 randte
745 3479 985 3543 sanitati,
1008 3477 1149 3546 jugis
1176 3485 1340 3546 atque
1385 3474 1648 3528 indefessa
1694 3482 1801 3528 tam
1838 3473 2102 3528 sermonis

522 3583 685 3639 quam
714 3569 973 3624 orationis
996 3567 1334 3637 impendatur
1357 3566 1627 3620 instantia.
1655 3565 1744 3621 Sic
1770 3565 1911 3620 enim
1941 3563 1998 3617 ﬁt
2022 3572 2106 3629 ut,

522 3663 648 3717 dum
678 3660 983 3718 sollicitudo
1014 3659 1260 3715 fraterna:
1289 3659 1536 3729 puritatis
1559 3658 1815 3726 invigilat,
1841 3658 1954 3727 ipse
1975 3656 2098 3727 Spi-

520 3758 659 3812 ritus
685 3762 924 3819 sanctus,
957 3769 1054 3823 per
1095 3767 1255 3821 quem
1302 3752 1500 3806 caritas
1551 3751 1642 3805 Dei
1685 3749 1874 3807 diffusa
1915 3760 1995 3806 est
2045 3752 2097 3806 in

519 3849 772 3907 cordibus
798 3847 1016 3910 nostris,
1045 3846 1389 3913 diligentibus
1413 3844 1579 3899 Deum
1629 3852 1684 3899 et
1706 3845 1759 3898 in
1782 3844 1892 3899 Deo
1918 3845 2098 3914 proxi-

518 3957 687 4009 mum,
718 3940 897 3996 omnia
928 3947 1250 4010 cooperetur
1277 3939 1329 3993 in
1358 3938 1574 3993 bonum.
1601 3937 1735 4003 Quia
1763 3938 1901 3993 sicut
1928 3937 2096 4008 ipsam

517 4034 858 4090 dilectionem
888 4031 1030 4085 dono
1056 4030 1241 4098 gratim
1267 4028 1522 4098 spiritalis
1543 4028 1853 4098 accipimus,
1877 4027 1950 4082 ita
1969 4027 2095 4083 dum

518 4139 619 4193 pro
666 4122 919 4176 fratribus
963 4110 1179 4173 solliciti
1224 4135 1439 4183 sumus,
1487 4134 1594 4172 non
1639 4118 1813 4174 solum
1861 4118 2094 4172 divinam

517 4216 693 4270 inesse
722 4213 876 4269 nabis
903 4213 1130 4280 gratiam
1156 4223 1176 4249 ε
1203 4211 1658 4274 demonstramus,
1685 4225 1872 4263 verum
1907 4211 2095 4277 etiam,

514 4312 719 4373 quanto
759 4303 925 4369 magis
955 4318 984 4354 a
1028 4302 1180 4355 nobis
1217 4301 1420 4370 puritas
1466 4300 1704 4354 caritatis
1748 4299 2096 4369 impenditur,

518 4402 668 4448 tanto
691 4392 860 4460 magis
879 4392 1049 4459 gratia
1072 4390 1226 4444 nobis
1249 4388 1441 4443 divina:
1464 4388 1830 4442 retributionis
1848 4398 2090 4456 augetur.

566 4484 618 4538 2.
646 4483 965 4554 Accepimus
987 4484 1167 4550 itaque
1191 4490 1379 4535 vestra:
1398 4480 1638 4535 caritatis
1655 4481 2094 4551 epistolam,qu.'c

515 4584 756 4632 nostrum
781 4590 845 4629 ex
874 4583 1027 4645 parte
1056 4574 1333 4637 relevavit,
1357 4587 1423 4627 ex
1447 4580 1601 4643 parte
1628 4588 1756 4628 vero
1777 4574 2086 4630 maestiﬁca-

513 4666 589 4725 νει
616 4665 882 4720 exsilium.
913 4662 1218 4719 Gaudemus
1239 4664 1401 4727 enim,
1429 4664 1553 4732 quia
1578 4672 1777 4719 rectam
1809 4665 2004 4721 tenetis
2024 4666 2089 4721 de
2119 4647 2171 4704 Ῑ)

408 4804 413 4813 .
511 4761 683 4829 gratia
729 4760 823 4815 Dei
865 4760 1208 4823 sententiam,
1259 4759 1411 4829 cujus
1455 4775 1677 4815 munere
1722 4760 1816 4833 (αι.
1870 4762 2097 4830 lumine)

511 4854 858 4917 illmniualur,
884 4861 935 4907 et
953 4848 1227 4921 juvamine
1247 4852 1576 4919 gubernatur
1595 4852 1819 4906 liberum
1848 4853 2096 4906 humana:

510 4942 706 4999 mentis
734 4941 1013 5015 arbitrium
1041 4958 1053 4993 :
1082 4940 1172 4995 sed
1200 4939 1430 5009 quadam
1460 4955 1644 4994 sumus
1673 4941 1865 4995 nebula
1893 4940 2090 5015 mimo-

507 5036 581 5090 ris
609 5033 808 5101 affecti,
838 5034 962 5105 quia
991 5014 1327 5101 signiﬁcastis
1361 5031 1620 5101 quosdam
1644 5032 1835 5088 fratres
1863 5032 1919 5087 in
1944 5014 2089 5102 qure-

508 5126 679 5183 stione
707 5125 775 5181 de
805 5125 979 5194 gratia
1008 5124 1105 5180 Dei
1147 5133 1200 5179 et
1230 5125 1462 5179 humano
1491 5124 1714 5179 arbitrio
1743 5140 1849 5179 non
1878 5133 2084 5179 rectum

509 5227 693 5273 tenere
745 5217 865 5272 ﬁdei
906 5218 1185 5273 catholica:
1226 5218 1516 5281 tramitem,
1548 5215 1643 5270 sed
1686 5216 1944 5272 adversus
1989 5217 2085 5273 Dei

507 5310 730 5381 gratiam
761 5308 975 5363 elevare
1003 5307 1140 5361 velle
1168 5306 1390 5360 humani
1419 5305 1625 5359 arbitrii
1653 5304 1974 5361 libertatem.

572 5400 626 5454 5.
672 5396 772 5454 Ubi
801 5399 1058 5468 primum,
1082 5395 1420 5453 dilectissimi
1452 5394 1662 5457 fratres,
1687 5394 1895 5448 debetis
1921 5410 2086 5464 agno-

498 5507 670 5557 scere,
714 5491 825 5547 imo
865 5506 962 5547 vos
990 5490 1154 5561 27o
1180 5504 1288 5544 non
1318 5486 1634 5553 ambigimus
1673 5487 1973 5556 agnovisse,
2011 5489 2075 5543 ad

499 5585 602 5639 boc
629 5582 881 5638 divinitus
909 5582 1008 5639 ista
1038 5580 1295 5652 permitti,
1325 5587 1383 5636 ut
1407 5579 1532 5634 hinc
1552 5578 1744 5633 divinae
1769 5581 1954 5648 gratia:
1975 5583 2077 5636 vir-

498 5684 583 5729 tus
636 5672 959 5727 documento
1003 5670 1173 5740 possit
1193 5668 1381 5737 jndicii
1412 5667 1791 5723 manifestioris
1831 5670 2069 5739 intelligi.

570 5799 593 5825 ’³
627 5785 750 5840 Mss.
781 5783 838 5838 S.
869 5780 1076 5845 Crucis,
1101 5778 1339 5836 Fontius.

571 5855 596 5896 ιθ
626 5856 705 5911 Ισα
734 5867 889 5918 mss.;
910 5859 966 5908 at
991 5851 1142 5917 editi,
1174 5852 1315 5907 omni
1345 5852 1596 5923 dogmatis
1628 5850 1792 5908 t'erba.

2280 1968 2331 2023 4.
2364 1971 2410 2022 Α
2435 1968 2545 2022 Deo
2578 1969 2757 2037 itaque
2782 1970 2936 2024 nobis
2958 1979 3039 2024 est
3069 1972 3244 2026 omnis
3282 1973 3450 2039 gratia
3496 1974 3623 2028 boni
3661 1992 3788 2029 ser-

2208 2062 2381 2115 monis
2410 2069 2464 2114 et
2490 2062 2687 2133 operis,
2722 2076 2751 2114 a
2781 2077 2888 2129 quo
2920 2062 3075 2117 nobis
3115 2063 3274 2117 etiam
3306 2064 3471 2135 ipsius
3498 2066 3788 2135 cogitatio-

2207 2154 2288 2207 nis
2336 2153 2491 2207 bona:
2539 2151 2879 2207 manifestum
2937 2162 3019 2207 est
3065 2153 3436 2209 sufﬁcientiam
3483 2157 3688 2211 tribui:
3727 2167 3787 2212 ut

2206 2244 2377 2300 discat
2405 2246 2566 2299 homo
2591 2261 2697 2299 non
2729 2246 2780 2298 in
2812 2260 2889 2309 se,
2915 2245 3010 2299 sed
3062 2249 3111 2299 in
3146 2246 3370 2301 Domino
3416 2248 3649 2316 gloriari.
3682 2248 3789 2303 Di-

2206 2336 2341 2389 vina:
2396 2336 2594 2404 quippe
2643 2336 2828 2405 grati-.1:
2881 2335 3074 2389 bonam
3125 2338 3500 2405 cogitationem
3550 2339 3793 2395 hominis

2206 2429 2394 2482 beatus
2423 2427 2730 2496 assignabat
2760 2427 3047 2496 Apostolus
3069 2427 3286 2496 quando
3321 2428 3532 2484 dicebat
3560 2448 3573 2484 :
3607 2430 3790 2484 Fidu-

2203 2521 2336 2572 ciam
2358 2530 2527 2572 autem
2550 2518 2702 2573 talem
2724 2518 2963 2573 habemus
2983 2537 3073 2589 per
3092 2519 3348 2575 Christum
3362 2521 3439 2577 ad
3461 2521 3650 2589 Deum;
3674 2541 3789 2580 non

2204 2609 2340 2679 quod
2367 2611 2667 2679 sufﬁcientes
2695 2611 2853 2663 simus
2881 2611 3111 2682 cogitare
3154 2612 3351 2683 aliquid
3375 2631 3406 2666 α
3434 2614 3599 2680 nobis,
3632 2619 3790 2685 quasi

2203 2715 2266 2751 ea:
2295 2698 2457 2763 nobis,
2491 2699 2580 2752 Sed
2605 2701 2918 2770 sufﬁcientia
2952 2711 3127 2755 nostra
3154 2718 3220 2755 ex
3269 2702 3378 2757 Deo
3419 2715 3495 2758 est
3542 2705 3632 2770 (ΙΙ
3655 2706 3789 2764 Cor.

2205 2807 2277 2854 ιιι,
2310 2789 2362 2856 4,
2390 2790 2463 2860 ὅ).
2499 2790 2724 2845 Proinde
2743 2833 2755 2854 ,
2788 2792 2888 2847 etsi
2926 2792 3140 2861 quidam
3170 2794 3394 2860 gratiam
3423 2796 3647 2850 necdum
3677 2797 3807 2859 ha:

2203 2880 2411 2946 bentes,
2442 2897 2546 2935 non
2576 2897 2634 2937 se
2665 2883 2964 2952 intelligunt
2992 2869 3098 2938 non
3124 2884 3351 2952 habere,
3379 2886 3450 2940 illi
3482 2895 3658 2942 tamen
3683 2892 3793 2956 qui

2201 2971 2426 3039 gratiam
2468 2971 2717 3026 divinitus
2768 2981 3107 3043 acceperunt,
3140 2989 3204 3028 eo
3251 2976 3419 3044 magis
3474 2975 3669 3032 debent
3732 2980 3801 3039 in

2203 3059 2369 3129 ipsius
2398 3061 2581 3128 gratim
2608 3063 2906 3116 assertione
2935 3060 3155 3129 ﬁrmari,
3179 3079 3286 3132 quo
3314 3080 3434 3119 eam
3465 3066 3643 3121 vident
3670 3083 3794 3126 non

2203 3148 2449 3203 omnibus
2478 3149 2660 3204 tribui.
2697 3148 2921 3205 Necesse
2940 3161 3020 3205 est
3039 3161 3208 3206 autem
3230 3163 3286 3208 ut
3340 3155 3407 3209 ab
3464 3157 3543 3211 eis
3587 3158 3797 3227 quibus

2127 3254 2172 3312 ρ
2204 3256 2310 3296 non
2344 3242 2590 3296 tribuitur
2628 3243 2919 3310 ignoretur,
2952 3252 3006 3299 et
3034 3245 3101 3298 ab
3130 3245 3207 3299 eis
3235 3256 3557 3314 agnoscatur
3584 3249 3792 3318 quibus

2200 3330 2378 3385 divina
2422 3331 2666 3398 largitate
2716 3334 2964 3388 donatur.
3007 3334 3257 3390 Testatur
3302 3337 3443 3391 enim
3492 3338 3793 3408 Apostolus

2200 3418 2337 3474 dona
2387 3419 2615 3489 Spiritus
2668 3423 2837 3476 sa'ncti
2880 3423 3118 3491 ejusdem
3149 3425 3379 3496 Spiritus
3423 3429 3588 3483 sancti
3619 3444 3793 3485 accc-

2200 3508 2383 3577 ptione
2411 3511 2679 3577 cognosci.
2724 3510 2847 3565 Ideo
2886 3513 2958 3565 ait
2989 3532 2999 3566 :
3036 3512 3149 3568 Nos
3196 3526 3365 3569 autem
3405 3534 3505 3570 non
3533 3519 3790 3586 spiritum

2200 3599 2351 3668 hujus
2379 3598 2553 3653 numdi
2578 3602 2884 3671 accepimus,
2917 3602 3007 3655 sed
3036 3602 3287 3673 Spiritum
3318 3606 3402 3676 qui
3443 3623 3507 3659 ex
3536 3606 3641 3661 Deo
3677 3618 3790 3675 est,

2198 3697 2252 3741 ut
2280 3690 2500 3743 sciamus
2523 3706 2637 3761 qua:
2668 3707 2699 3743 a
2754 3689 2860 3744 Deo
2887 3691 3081 3744 donata
3120 3704 3238 3745 sunt
3268 3693 3450 3758 nobis;
3480 3712 3592 3765 qum
3610 3706 3660 3748 et
3699 3695 3793 3751 lo-

2199 3781 2421 3849 quimur,
2452 3796 2553 3832 non
2603 3781 2656 3832 in
2686 3778 2849 3833 doctis
2899 3779 3137 3834 Innnana:
3158 3783 3426 3845 sapientia:
3474 3782 3655 3851 verbis,
3685 3788 3793 3839 sed

2198 3868 2251 3919 in
2273 3867 2508 3921 doctrina
2536 3868 2765 3937 Spiritus
2792 3911 2805 3934 ,
2836 3868 3151 3937 spiritalibus
3173 3872 3426 3934 spiritalia
3469 3889 3794 3940 comparau-

2199 3964 2293 4018 tes.
2322 3956 2573 4009 Animalia
2602 3966 2772 4009 autem
2800 3958 2950 4012 homo
2992 3975 3094 4012 non
3146 3961 3361 4031 percipit
3412 3980 3471 4015 ea
3509 3980 3620 4034 qua:
3659 3978 3794 4020 sunt

2199 4044 2426 4115 Spiritus
2460 4045 2553 4099 Dei
2582 4063 2598 4099 :
2628 4047 2847 4100 stultitia
2894 4058 2969 4101 est
3006 4050 3142 4102 enim
3180 4050 3288 4115 illi;
3309 4062 3356 4104 et
3380 4069 3483 4106 non
3513 4062 3677 4122 potest
3694 4055 3793 4108 in-

2198 4132 2444 4203 telligere,
2476 4135 2597 4204 quia
2626 4135 2930 4204 spiritaliter
2957 4137 3329 4206 dijudicantur.
3388 4140 3652 4211 Spiritalis
3680 4158 3792 4196 au-

2198 4232 2295 4277 tem
2317 4226 2521 4293 judicat
2548 4226 2742 4291 omnia,
2765 4235 2815 4279 et
2841 4228 2950 4295 ipse
2979 4243 3011 4279 a
3030 4230 3245 4282 nomine
3265 4229 3534 4300 judicalur
3564 4229 3617 4301 (1
3649 4231 3790 4291 Cor.

2196 4329 2251 4377 ιι,
2286 4313 2487 4380 12,25,
2525 4314 2626 4384 ιι).

2265 4425 2316 4478 ’5.
2353 4423 2454 4478 Per
2480 4432 2719 4479 sanctum
2749 4439 2877 4493 ergo
2918 4424 3174 4495 Spiritum
3206 4427 3428 4496 gratiam
3460 4412 3791 4500 accipimus,

2193 4527 2301 4582 quo
2329 4511 2531 4582 Spiritu
2562 4520 2785 4582 accepto
2811 4513 2880 4567 sit
2903 4514 2953 4568 in
2982 4514 3157 4579 nobis,
3188 4524 3248 4570 ut
3285 4516 3428 4585 quod
3470 4519 3793 4588 accepimus

2193 4601 2518 4655 noverimus.
2542 4598 2773 4655 Proinde
2784 4602 2997 4657 scienda
3015 4611 3115 4669 est,
3131 4605 3460 4661 dilectissimi
3486 4606 3694 4673 fratres,
3718 4620 3793 4666 et

2197 4696 2349 4742 recto
2372 4696 2557 4742 tenore
2579 4704 2718 4743 verte
2739 4689 2856 4744 ﬁdei
2870 4690 3191 4761 proﬁtenda,
3210 4704 3313 4777 tam
3333 4696 3546 4751 humani
3566 4698 3791 4756 arbitrii

2179 4793 2361 4846 egena
2382 4789 2686 4848 paupertas,
2704 4798 2861 4850 quam
2879 4783 3071 4839 divinae
3091 4790 3276 4854 gratiae
3293 4789 3598 4847 indeﬁciens
3621 4793 3791 4863 largi-

2196 4876 2295 4920 tas.
2329 4867 2466 4931 Qsid
2513 4871 2649 4923 enim
2681 4871 2858 4940 habes,
2887 4874 2961 4927 ait
3005 4875 3311 4945 Apostolus,
3342 4881 3477 4952 quod
3502 4899 3603 4937 non
3625 4900 3794 4940 acce-

2190 4961 2311 5029 pisti
2328 4960 2361 5014 ἴ).
2381 4960 2441 5014 Si
2461 4971 2629 5015 autent
2653 4967 2911 5034 «recepisti.
2937 4965 3060 5034 quid
3076 4967 3338 5037 gloriaris,
3362 4972 3509 5041 quasi
3553 4989 3655 5026 non
3683 4991 3791 5027 ac-

2192 5057 2386 5121 ceperis
2416 5052 2472 5123 (Ι
2508 5053 2631 5108 Cor.
2663 5072 2732 5116 iv.
2765 5057 2848 5125 ‘7)?
2875 5058 3011 5112 Ante
3039 5057 3339 5126 largitatem
3366 5063 3561 5133 quippe
3589 5065 3790 5131 gratia:

2187 5138 2349 5193 estin
2371 5140 2586 5197 homine
2607 5145 2822 5211 quidem
2854 5146 3076 5200 liberum
3106 5149 3512 5217 arbitrium,scd
3540 5170 3643 5207 non
3676 5155 3790 5207 Im-

2189 5243 2339 5293 num,
2365 5231 2489 5298 quia
2523 5248 2628 5287 non
2660 5234 3028 5289 illuminatmn.
3078 5235 3332 5305 Proinde,
3356 5241 3453 5295 nisi
3480 5244 3647 5309 gratia
3673 5244 3780 5298 de-

2188 5325 2298 5384 tur,
2318 5320 2514 5374 bonum
2557 5322 2727 5391 ipsum
2772 5324 3054 5379 arbitrium
3083 5342 3188 5380 non
3222 5327 3466 5384 habetur.
3500 5330 3590 5386 Sic
3620 5348 3785 5385 nam-

2186 5420 2291 5475 que
2312 5416 2393 5463 est
2416 5408 2584 5478 ipsum
2610 5409 2833 5465 liberum
2857 5412 3087 5469 hominis
3107 5416 3384 5471 arbitrium
3406 5418 3607 5489 absque
3626 5420 3779 5478 dono

2187 5496 2392 5564 gratité,
2441 5498 2578 5555 sicut
2630 5507 2713 5552 est
2766 5500 2954 5557 oculus
2978 5503 3095 5559 sine
3125 5503 3246 5560 luce
3267 5504 3314 5558 ά.
3347 5506 3477 5563 Nam
3507 5518 3562 5563 et
3583 5510 3778 5567 oculus

2185 5583 2250 5638 ad
2293 5584 2576 5641 videndum
2616 5584 2787 5642 factus
2813 5598 2936 5656 est;
2979 5591 3071 5646 sed
3122 5592 3221 5647 nisi
3252 5594 3430 5650 lumen
3478 5598 3769 5667 acceperit,

2183 5686 2290 5727 non
2312 5672 2529 5728 videbit.
2546 5673 2637 5729 llla
2654 5683 2835 5731 autem
2857 5686 2942 5734 est
2957 5681 3175 5734 (uxrem
3196 5683 3353 5755 271
3374 5703 3489 5757 qua:
3507 5688 3778 5743 illuminas

2264 5800 2285 5874 ξ
2317 5787 2468 5874 Mss”
2489 5790 2676 5874 divino:
2702 5791 2950 5874 lectionis
2969 5796 3135 5874 inesse
3164 5798 3306 5855 nobis
3327 5807 3566 5874 gratiam.

2249 5856 2273 5896 δ
2315 5857 2461 5925 Mss,
2490 5862 2597 5915 sine
2620 5862 2840 5927 lumine;
2869 5865 2997 5927 cliti
3026 5882 3173 5934 vero,
3204 5856 3466 5929 sineluce‘.
