4124 6464
352 364 456 423 ιω
801 318 929 406 ~\

1304 324 1600 421 Bmscor.
1629 358 2119 418 srmcsuoauu
2156 359 2506 429 EPISTOLA,
2549 361 2653 419 xv.

3511 364 3615 439 458

352 493 555 533 omnem
574 476 830 533 hominem
857 478 1138 532 venientem
1185 479 1239 531 in
1279 479 1413 531 [tunc
1467 476 1717 530 mundum
1753 472 1933 547 (Joan.
1966 481 2012 536 Α
2042 473 2281 543 operibus
2307 476 2473 544 bonis,
2502 491 2621 546 quae
2644 493 2751 534 non
2780 453 2952 537 solum
2970 499 3000 537 a
3027 483 3137 542 Deo
3176 487 3399 563 donata,
3427 497 3518 551 sed
3545 501 3614 554 ab

353 585 392 637 ι,
420 570 499 638 9):
533 568 798 623 illuminat
836 577 1017 623 autem
1054 568 1345 632 hominem,
1372 568 1601 636 seipsam
1629 565 1809 621 dando
1838 579 1934 636 per

352 667 598 731 gratiam.
624 656 925 726 Sicut-ergo
954 658 1199 727 corporis
1245 657 1433 712 oculus
1476 669 1690 725 semper
1733 652 1935 721 indiget

351 745 531 807 lumen
584 744 847 814 accipere,
883 753 940 798 ut
987 745 1159 814 ipsum
1216 744 1398 799 lumen
1437 742 1605 813 possit
1633 741 1930 810 adspicere,

354 837 432 890 sic
460 845 511 890 et
538 835 709 891 libero
732 835 954 890 arbitrio
977 835 1209 891 hominis
1239 835 1381 890 nulla
1412 827 1590 903 potest
1611 833 1799 901 gratia:
1825 829 1935 885 suf—

354 926 548 994 fragori
592 926 848 997 cognitio,
873 927 975 982 nisi
1023 927 1179 982 detur
1234 925 1400 996 ipsius
1453 924 1637 994 gratia:
1681 922 1934 994 spiritalis

352 1015 568 1073 inlusio.

425 1107 477 1163 6.
515 1108 751 1164 Proinde
780 1119 838 1164 ut
859 1111 926 1166 de
955 1111 1020 1166 iis
1046 1126 1165 1182 qucc
1195 1112 1388 1167 vestris
1419 1111 1610 1164 litteris
1631 1110 1895 1165 indidistis
1915 1150 1929 1173 .

352 1198 481 1266 quid
523 1199 719 1254 habeat
760 1201 1013 1255 catholici
1060 1201 1322 1269 dogmatis
1360 1202 1562 1255 veritas
1605 1201 1929 1266 intimenaus,

352 1288 557 1357 singula
588 1291 821 1346 breviter
841 1290 1063 1358 deﬁnire
1083 1293 1405 1359 curavimus,
1425 1301 1711 1361 sequentes
1730 1292 1932 1348 donum

352 1380 596 1449 ejusdem
620 1383 826 1452 gratim,
858 1383 1002 1452 quod
1029 1391 1337 1439 sanctorum
1364 1383 1583 1439 Patrum
1608 1384 1859 1445 cordibus
1878 1393 1933 1440 et

353 1472 547 1541 linguis
574 1472 688 1542 ipsa
717 1472 935 1541 dignata
979 1483 1061 1528 est
1092 1475 1371 1529 infundere
1401 1486 1458 1529 ⁸.
1491 1474 1710 1529 Dixistis
1731 1475 1928 1544 itaque,

352 1562 497 1632 quod
526 1563 678 1617 vobis
706 1563 1029 1631 dicentibus,
1056 1564 1201 1633 quod
1230 1562 1370 1619 Esau
1400 1573 1455 1619 et
1503 1563 1670 1619 Jacob
1704 1563 1929 1620 necdum

352 1653 512 1719 natis,
552 1650 721 1708 Jacob
763 1668 861 1723 per
888 1655 1308 1712 misericordiam
1358 1655 1644 1723 gratuitam
1694 1657 1927 1724 eligitur,

351 1740 492 1798 Esau
537 1751 727 1799 autem
748 1746 994 1814 originali
1025 1754 1251 1816 peccato
1281 1745 1533 1802 detentus
1555 1746 1703 1817 justo
1727 1747 1930 1816 judicio

2039 563 2157 633 ipso
2179 565 2342 620 etiam
2359 576 2654 635 prteparata
2682 575 2926 635 testatur.
2943 571 3125 630 dicens
3142 593 3156 630 :
3173 594 3286 649 qua:
3300 588 3617 654 praeparavit

2038 653 2198 747 Deus,
2212 657 2330 739 utin
2346 656 2448 713 illis
2464 656 2778 716 ambulemus
2792 661 3008 734 (Ep/res.
3025 681 3080 730 ιι,
3101 668 3210 736 l0).
3230 653 3417 728 Gratia
3432 676 3614 747 itaque

2035 743 2203 804 Jacob
2230 749 2409 804 salvus
2439 749 2610 806 factus
2633 761 2717 809 est
2736 768 2844 824 per.
2862 757 3019 828 272
3051 756 3206 814 ﬁdem
3226 802 3240 827 ,
3283 766 3453 832 gratia
3479 743 3613 825 con-

2037 848 2253 903 secutus
2278 849 2358 895 est
2387 841 2651 899 bonorum
2680 861 2901 916 operum
2931 846 3258 910 facultatem.

2098 929 2160 996 ,9.
2193 928 2473 999 Quocirca,
2500 935 2623 1004 quia
2646 944 2851 991 certum
2885 947 2970 994 est
3014 939 3151 997 Esau
3181 945 3345 1001 fuisse
3379 965 3469 1004 vas
3499 952 3609 1020 ine,

2033 1020 2201 1078 Jaeob
2228 1032 2408 1078 autem
2429 1042 2522 1081 vas
2560 1028 2957 1097 misericordiae,
2990 1049 3301 1092 csartssme
3327 1054 3615 1101 rauenna:

2037 1128 2134 1169 esr
2162 1115 2306 1183 quod
2327 1122 2383 1172 et
2421 1117 2508 1171 ille
2551 1127 2608 1172 ut
2646 1120 3016 1190 damnaretur,
3051 1126 3182 1182 iram
3211 1129 3355 1197 juste
3376 1137 3573 1191 meruit
3594 1155 3627 1192 ι’

2034 1219 2143 1273 non
2168 1204 2310 1258 enim
2338 1205 2567 1275 injustus
2589 1208 2747 1275 Deus,
2770 1212 2861 1280 qui
2878 1212 3039 1269 infert
3067 1216 3199 1270 iram
3229 1218 3406 1291 (Rom.
3426 1238 3500 1289 ιιι,
3522 1222 3613 1293 5):

2035 1302 2090 1347 et
2117 1294 2218 1350 iste
2243 1304 2301 1350 ut
2326 1298 2643 1366 salvaretur,
2663 1303 2829 1369 gratis
2849 1304 3046 1360 donum
3077 1310 3453 1369 misericordia:
3470 1333 3609 1384 prae-
3677 1357 3719 1367 ..

2037 1387 2299 1442 venientis
2327 1391 2554 1460 accepit.
2585 1391 2750 1448 Jaeob
2774 1395 2954 1465 itaque
2979 1396 3301 1465 justiﬁcatus
3329 1405 3495 1473 gratis
3514 1423 3611 1477 per

2034 1478 2258 1547 gratiam
2291 1479 2405 1545 Dei,
2435 1480 2604 1537 factus
2624 1492 2709 1538 est
2738 1500 2829 1540 vas
2867 1487 3252 1547 misericordia:
3280 1510 3379 1563 per
3405 1495 3613 1554 indebi-

2036 1576 2144 1621 lam
2173 1571 2418 1637 gratiam,
2449 1580 2504 1627 et
2525 1588 2621 1642 per
2649 1574 2819 1644 ipsam
2860 1579 3278 1639 misericorditer
3300 1595 3383 1641 est
3408 1603 3613 1660 praepa-

2032 1671 2181 1714 ratus
2209 1660 2276 1715 ad
2303 1662 2557 1732 gloriam;
2595 1663 2739 1721 Esau
2765 1682 2896 1724 vero
2923 1686 3021 1740 per
3047 1673 3180 1728 iram
3219 1674 3419 1745 justam
3466 1680 3616 1749 ju5te
3666 1702 3671 1705 λ

2034 1758 2116 1805 est
2135 1761 2464 1821 praeparatus
2485 1754 2551 1808 ad
2572 1771 2782 1824 poenam
2811 1777 2823 1811 :
2851 1758 3107 1833 Iniquitas
3128 1765 3269 1821 enim
3295 1768 3389 1839 (αι.
3407 1776 3622 1843 autem)

353 1822 447 1890 Dei
473 1844 558 1892 est
584 1835 709 1892 odio
732 1836 943 1892 habitus
964 1880 979 1904 ,
1015 1838 1091 1891 illi
1112 1852 1143 1892 e
1166 1837 1438 1893 contrario
1459 1837 1675 1901 dicunt,
1710 1839 1760 1892 in
1792 1836 1933 1892 Esau
1969 1849 2009 1907 Β
2038 1849 2216 1894 nostra
2230 1842 2490 1912 justitiam
2518 1822 2618 1899 Dei
2645 1822 2967 1906 commendat
2997 1854 3204 1931 (υἱώ).
3236 1822 3376 1915 Deus

354 1929 576 1999 ﬁguram
607 1946 727 1985 esse
755 1931 937 2002 populi
965 1929 1296 1996 Judmorum,
1324 1947 1390 1985 ex
1413 1929 1604 1985 futuris
1635 1930 1788 1983 malis
1809 1944 1931 1999 ope-

2036 1929 2201 1988 Jaeob
2227 1936 2649 1993 misericordiam
2675 1943 2919 2008 gratuita:
2942 1946 3214 2014 bonitatis,
3241 1950 3292 2004 in
3315 1950 3453 2007 Esau
3468 1929 3614 2009 vvero

353 2023 498 2078 ribus
526 2021 948 2101 condemnandi;
980 2023 1033 2077 in
1062 2021 1229 2078 Jacob
1259 2038 1385 2077 vero
1432 2021 1655 2092 ﬁguram
1685 2037 1806 2077 esse
1830 2037 1930 2091 po-
2029 2022 2293 2092 judicium
2337 2025 2497 2095 justm
2525 2031 2827 2087 severitatis
2855 2036 3125 2102 ostendit;
3157 2041 3246 2108 qui
3276 2056 3615 2103 sacramento

354 2115 464 2184 p'uli
487 2114 742 2184 gentium,
773 2131 839 2169 ex
870 2114 1061 2170 futuris
1088 2114 1342 2184 Operibus
1360 2114 1517 2169 bonis
1536 2114 1798 2169 salvandi.

422 2206 475 2260 7.
506 2204 632 2261 Hcce
656 2205 782 2271 duo,
814 2220 932 2275 quae
959 2205 1166 2274 singula
1199 2203 1499 2275 proponitis
1531 2202 1556 2241 ι»
1577 2243 1591 2268 ,
1626 2204 1828 2259 bonum
1849 2210 1934 2258 est

352 2305 414 2350 ut
433 2296 693 2352 catholica
723 2297 1078 2353 consensione
1102 2296 1354 2365 jungatis.
1382 2295 1472 2351 Sic
1496 2296 1641 2350 enim
1664 2305 1717 2349 et
1745 2295 1934 2351 abillis

353 2386 449 2440 Dei
480 2387 653 2455 gratia
680 2394 1052 2456 competenter
1095 2387 1424 2454 agnoscitur,
1470 2395 1524 2440 et
1552 2401 1582 2439 a
1632 2385 1783 2440 vobis
1805 2402 1933 2456 pto-

354 2475 625 2546 pheticum
657 2475 969 2548 mysterium
1021 2490 1129 2530 non
1176 2485 1418 2544 negatur.
1454 2474 1510 2528 ln
1567 2476 1673 2530 illis
1702 2491 1934 2545 namque

335 2566 566 2625 .duohus
596 2565 850 2621 fratribus
878 2566 1036 2634 digne
1065 2566 1325 2637 accipitur
1363 2567 1590 2622 duorum
1619 2567 1936 2637 signilicatio

353 2656 676 2726 populorum
709 2675 721 2709 :
757 2658 1052 2725 praesertim
1078 2673 1200 2712 cum
1239 2658 1339 2727 ipsi
1369 2656 1626 2713 Rebeccae
1654 2658 1934 2712 Dominum

352 2744 682 2812 consulenti,
707 2744 813 2798 duo
846 2745 1266 2813 przcnuntientur
1296 2747 1478 2816 populi
1527 2747 1594 2801 ab
1625 2748 1742 2817 ejus
1783 2756 1934 2803 utero

352 2835 664 2905 separandi.
701 2835 1079 2891 Verumtamen
1132 2837 1466 2905 agnoscenda
1497 2848 1577 2892 est
1606 2839 1657 2892 in
1712 2840 1801 2893 illa
1829 2840 1937 2894 dis—

355 2924 603 2981 cretione
629 2934 684 2979 et
711 2927 942 2994 gratuita
982 2926 1214 2991 bonitas,
1247 2937 1300 2980 et
1324 2926 1468 2996 justa
1494 2928 1769 2983 severitas.
1801 2927 1936 2982 Nam

354 3016 477 3086 quia
504 3033 653 3070 omne
666 3016 843 3070 datum
860 3018 1128 3087 optimum,
1145 3027 1191 3072 et
1214 3035 1363 3072 omne
1385 3019 1574 3072 donum
1599 3019 1691 3089 (al.
1723 3018 1931 3091 bonum)

357 3111 640 3179 perfectum
682 3110 948 3163 desursum
976 3119 1071 3175 est,
1100 3110 1411 3165 descendens
1439 3129 1471 3165 a
1501 3110 1660 3166 Patre
1687 3112 1939 3166 taurinum

2034 2115 2246 2183 quidem
2278 2118 2699 2178 circumcisionis
2726 2134 2918 2182 octavo
2945 2127 3031 2183 die
3054 2132 3344 2188 secundum
3368 2146 3613 2194 tenorem

2036 2207 2228 2264 divina:
2257 2212 2660 2271 constitutionis
2689 2225 2942 2287 accepto.
2967 2229 3121 2276 reatu
3151 2227 3355 2299 peccati
3374 2228 3612 2299 origina-

2038 2302 2105 2357 lis
2130 2302 2322 2365 caruit,
2356 2304 2450 2359 sed
2471 2320 2567 2375 per
2611 2308 2904 2376 nequitiam
2946 2310 3128 2367 cordis
3159 2315 3210 2369 in
3240 2315 3474 2374 hominis
3502 2329 3615 2376 ter-

2036 2395 2152 2449 reni
2176 2402 2445 2452 vetustate
2465 2386 2784 2468 permansit;
2813 2400 2953 2457 illius
2980 2403 3053 2459 ibi
3077 2404 3278 2473 judicio
3307 2409 3615 2478 derelictus.

2035 2486 2126 2553 qui
2167 2488 2331 2554 gratis
2357 2489 2563 2555 salvat,
2589 2490 2841 2562 justeque
2869 2492 3104 2550 damnat
3122 2508 3145 2536 ο
3171 2537 3185 2551 .
3216 2498 3273 2554 In
3314 2502 3468 2571 cujus
3495 2518 3618 2574 per-

2037 2592 2171 2631 sona
2225 2578 2507 2648 signitleati
2537 2589 2663 2637 sunt
2689 2600 2798 2640 non
2828 2586 2903 2641 illi
2935 2595 3143 2644 tantum
3170 2592 3262 2660 qui
3313 2593 3472 2649 ﬁdem
3522 2613 3618 2652 ne-

2037 2674 2187 2734 gant,
2217 2668 2312 2722 sed
2341 2678 2397 2724 et
2432 2671 2525 2724 illi
2549 2673 2643 2743 qui
2672 2689 2840 2743 usque
2870 2676 2924 2731 in
2973 2676 3132 2734 ﬁnem
3161 2681 3283 2738 vita:
3326 2699 3437 2740 suae
3477 2688 3616 2742 intra

2036 2752 2334 2812 Ecclesiam
2363 2759 2555 2828 positi,
2584 2762 2635 2816 in
2663 2764 2819 2819 malis
2844 2767 3103 2835 operibus
3145 2785 3509 2840 perseverant.
3542 2777 3619 2833 De

2038 2846 2231 2914 quibus
2249 2847 2538 2936 Apostolus
2553 2852 2631 2907 ait
2646 2851 2933 2917 :Quoniam
2954 2859 3190 2929 qui‘talia
3209 2874 3388 2933 agunt,
3409 2884 3620 2938 regnum

2038 2934 2139 2990 Dei
2169 2954 2272 2992 non
2303 2934 2676 3011 consequentur
2723 2943 2921 3014 (Galat.
2952 2965 3010 3013 v,
3046 2947 3158 3019 21).
3202 2950 3335 3007 Nam
3361 2934 3501 3011 sicut
3528 2958 3619 3015 ille

2041 3026 2390 3084 circumcisus
2418 3032 2599 3100 periit,
2628 3034 2751 3103 quia
2773 3035 2958 3092 dilexit
2985 3042 3233 3097 tenebras
3263 3045 3433 3114 magis
3455 3047 3637 3116 quam'

2041 3116 2239 3185 lucem,
2285 3121 2363 3177 sic
2392 3123 2569 3178 omnis
2595 3125 2688 3193 qui
2710 3142 2817 3183 non
2845 3127 3157 3199 deposuerit
3187 3141 3422 3190 veterem
3452 3137 3629 3193 homi—
3718 3178 3723 3185 -

358 3198 501 3269 (Jac.
527 3216 562 3265 ι,
588 3200 698 3270 17),
731 3208 785 3255 et
805 3202 973 3270 gratia
1003 3202 1379 3258 discernuntur
1398 3204 1705 3274 quicunque
1726 3205 1938 3259 salvan-
1966 3220 2012 3281 ρ
2042 3223 2189 3276 nem,
2219 3212 2311 3281 qui
2360 3214 2724 3284 corrumpitur
2768 3198 3063 3275 secundum
3107 3223 3369 3280 desideria
3398 3230 3618 3295 erroris,

360 3299 488 3345 tur:
518 3290 759 3361 profecto
790 3308 894 3345 non
926 3301 1049 3347 sunt
1073 3294 1241 3348 electa
1266 3309 1438 3362 neque
1467 3293 1659 3349 dilecta
1688 3296 1741 3350 in
1771 3294 1936 3351 Jacob

359 3385 593 3438 humana
623 3399 805 3454 opera,
839 3384 932 3439 sed
972 3384 1111 3440 dona
1137 3386 1334 3440 divina.
1361 3385 1564 3441 Rursus
1593 3388 1717 3457 quia
1741 3389 1937 3456 iniqui-

359 3485 446 3531 tas
469 3485 648 3532 nostra
674 3478 938 3546 justitiam
968 3478 1061 3532 Dei
1091 3480 1449 3541 commendat,
1482 3480 1669 3548 procul
1697 3480 1859 3535 dubio
1884 3482 1936 3536 in

359 3565 504 3621 Esau
531 3567 777 3622 humanm
804 3568 1100 3636 iniquitatis
1125 3579 1209 3623 est
1229 3569 1476 3623 damnata
1507 3572 1766 3639 nequitia.
1794 3572 1850 3626 ln
1872 3589 1938 3628 eo

358 3656 558 3727 quippe
586 3658 875 3725 gratuitum
918 3659 970 3712 in
999 3656 1165 3713 Jacob
1187 3659 1327 3713 Deus
1352 3659 1590 3714 ostendit
1619 3660 1938 3717 beneﬁcium

360 3749 751 3804 misericordia:
779 3766 908 3817 sum,
943 3751 992 3804 in
1025 3765 1132 3819 quo
1161 3764 1282 3804 eum
1309 3751 1476 3818 gratia
1504 3754 1668 3820 gratis
1694 3753 1939 3821 dignatus

358 3848 446 3896 est
464 3840 757 3912 adoptare;
777 3858 876 3898 nec
890 3858 1011 3898 eum
1034 3858 1132 3912 pro
1148 3843 1354 3897 meritis
1375 3853 1395 3880 ε
1419 3843 1607 3897 futura:
1624 3844 1937 3914 cujusquam

363 3932 522 3987 bona:
570 3933 900 4004 operationis
947 3933 1128 4003 elegit,
1158 3933 1244 3988 cui
1293 3932 1549 4004 seipsum,
1583 3943 1639 3989 et
1678 3935 1855 4001 ﬁdem,
1884 3946 1938 3993 et

360 4024 503 4080 bona
533 4040 696 4096 opera
727 4026 1050 4081 donaturum
1068 4037 1192 4080 esse
1212 4025 1499 4095 praescivit.
1927 4080 1933 4085 ,

428 4114 484 4171 8.
514 4116 641 4171 [nde
666 4123 749 4172 est
767 4116 910 4186 quod
938 4116 1126 4173 semini
1155 4114 1399 4181 Abrahae,
1425 4115 1577 4184 cujus
1606 4115 1658 4170 in
1686 4116 1851 4172 Jacob
1875 4117 1937 4170 ti-

356 4220 488 4276 gura
519 4208 807 4277 prmcessit,
839 4207 1032 4261 beatus
1045 4206 1346 4298 .Apostolus
1374 4207 1542 4261 dicit:
1576 4206 1761 4261 Gratia
1809 4209 1939 4263 salvi

258 4348 273 4357 _
358 4298 486 4368 [acti
510 4298 634 4351 estis
661 4313 754 4365 per
780 4296 937 4367 ﬁdem
969 4294 1182 4367 (Ephes.
1216 4313 1285 4361 ιι,
1313 4294 1390 4364 8).
1425 4296 1497 4352 Ut
1524 4298 1833 4354 ostenderet
1876 4301 1937 4352 li-

359 4386 485 4442 dem
515 4403 623 4442 non
652 4387 918 4456 aliquibus
939 4388 1095 4442 bonis
1120 4388 1328 4444 meritis
1345 4388 1492 4453 dari,
1512 4388 1606 4444 sed
1630 4388 1796 4459 ipsius
1819 4388 1940 4444 ﬁdei

358 4476 504 4546 dono
530 4490 691 4532 omne
732 4478 928 4533 bonum
960 4479 1208 4533 meritum
1246 4480 1505 4545 inchoari,
1535 4481 1809 4551 ipsamque
1838 4482 1940 4538 do-

2042 3300 2489 3360 condemnabitur
2509 3307 2563 3362 in
2580 3307 2945 3380 judicio,quia
2974 3330 3080 3371 non
3104 3317 3368 3386 condigne
3393 3337 3520 3377 usus
3539 3333 3622 3379 est
3712 3376 3719 3383 .

2039 3389 2379 3461 baptismatis
2407 3408 2768 3457 sacramento.
2794 3402 2873 3458 Ad
2891 3405 3138 3461 eumdem
3167 3410 3364 3481 quippe
3386 3421 3637 3471 veterem:

2042 3482 2313 3541 hominem
2372 3489 2641 3557 pertinent
2694 3509 2801 3549 non
2856 3496 3030 3551 solum
3087 3496 3164 3554 illi
3219 3503 3310 3572 qui
3371 3504 3630 3573 ignorant

2042 3574 2229 3664 Deum,
2272 3579 2365 3633 sed
2417 3582 2578 3637 etiam
2626 3584 2702 3639 illi
2750 3586 2817 3641 de
2865 3588 3058 3657 quibus
3103 3591 3235 3647 dicit
3287 3594 3619 3664 Apostolus:

2042 3661 2367 3757 Conﬁtentur
2430 3686 2486 3724 se
2539 3689 2689 3726 nosse
2736 3673 2904 3731 Deum
2936 3717 2953 3745 ,
3002 3680 3154 3750 factis
3210 3661 3379 3738 autem
3434 3696 3622 3757 negant

2044 3751 2181 3825 (Tit.
2215 3773 2267 3825 ι,
2294 3759 2414 3831 l6).

2115 3856 2199 3911 lO.
2232 3857 2312 3913 De
2336 3862 2565 3929 parvulis
2598 3879 2725 3919 vero
2764 3866 3127 3925 indubitanter
3156 3874 3386 3941 tenenda
3417 3884 3499 3930 est
3526 3893 3620 3934 ca-

2044 3947 2252 4004 tholica:
2270 3951 2452 4018 regula
2474 3953 2744 4019 veritatis;
2763 3956 2886 4024 quia
2909 3960 3162 4031 parvulus
3181 3962 3271 4028 qui
3295 3962 3633 4034 baptizatur,-

2043 4040 2275 4108 gratuita
2304 4040 2399 4096 Dei
2439 4042 2681 4100 bonitate
2709 4046 2946 4102 salvator
2979 4046 2997 4086 ί
3022 4092 3037 4117 ,
3067 4052 3159 4119 qui
3201 4067 3331 4109 vero
3360 4054 3477 4112 sine
3521 4056 3621 4113 ba-

2044 4128 2293 4199 ptismate
2313 4132 2556 4198 moritur,
2576 4143 2797 4205 propter
2824 4147 3101 4207 peccatum
3121 4142 3377 4210 originale
3402 4148 3623 4203 datnna-

2045 4227 2149 4273 tur.
2181 4219 2290 4275 Nec
2318 4222 2498 4293 aliquo
2528 4223 2785 4283 dicendus
2830 4236 2914 4283 est
2968 4230 3060 4285 Dei
3111 4231 3375 4291 henelicio
3429 4237 3623 4295 futuras

2045 4312 2304 4383 impietati
2328 4325 2644 4387 pnnreptus,
2674 4321 2768 4389 qui
2797 4322 2998 4392 absque
3023 4322 3424 4393 justiﬁcationis
3447 4333 3622 4399 gratia

2044 4406 2626 4478 rnortuus,*impiorum
2657 4419 2739 4466 est
2766 4408 3044 4470 consortio
3094 4415 3381 4487 deputatus
3410 4438 3423 4474 :
3455 4436 3486 4475 a
3515 4436 3624 4493 qua

2046 4493 2321 4564 impietate
2365 4497 2478 4552 sive
2526 4499 2813 4569 parvulus,
2840 4502 2954 4558 sive
2998 4504 3220 4574 majoris
3265 4510 3473 4572 uitatis,
3505 4513 3624 4567 solo

358 4584 485 4623 ιιιηη
507 4567 602 4624 Dei
633 4584 751 4624 esse
780 4566 805 4605 δ
826 4611 840 4633 ,
873 4578 1086 4624 56011103
1107 4570 1367 4638 adiunxit
1391 4583 1441 4624 ει
1462 4572 1673 4627 ¹ιοε²ιοη
1690 4591 1755 4628 ex
1776 4574 1932 4639 vobis.
1969 4591 2013 4649 ι)
2040 4586 2265 4655 quisque
2286 4587 2527 4643 remedio
2552 4591 2801 4659 eripitur,
2828 4594 2871 4648 si
2893 4594 3091 4650 Christi
3116 4599 3373 4666 sanguine
3398 4602 3622 4659 redima-

354 4660 447 4713 sed
490 4660 682 4714 donum
711 4659 808 4714 Dei
854 4670 931 4714 est
972 4660 1168 4731 (Ibid.,
1215 4662 1289 4731 9).
1323 4663 1400 4717 Ac
1430 4679 1496 4718 ne
1524 4665 1807 4736 quisquam
1836 4667 1939 4722 sibi

356 4752 721 4820 quorumlibet
757 4753 1020 4807 bonorum
1047 4768 1269 4821 operum
1301 4755 1495 4827 audeat
1540 4757 1791 4812 meritum
1820 4759 1937 4813 vino

353 4841 560 4909 dicare,
586 4849 644 4897 et
668 4858 768 4913 pro
795 4843 1200 4912 quibuscunquc
1231 4845 1482 4914 operibus
1505 4845 1659 4901 ﬁdem
1682 4863 1740 4902 se
1760 4850 1939 4905 existi-

353 4939 470 4985 met
523 4933 828 5002 accepisse,
858 4932 1086 5001 subjecit
1115 4951 1128 4987 :
1161 4949 1262 4988 non
1317 4950 1383 4988 ea:
1439 4937 1690 5006 operibus,
1724 4955 1789 4992 ne
1824 4943 1937 5011 quis

355 5024 626 5093 glorietur.
657 5023 725 5080 Ut
748 5033 925 5079 autem
955 5023 1263 5080 ostenderet
1292 5041 1397 5079 non
1439 5026 1610 5083 solum
1638 5028 1814 5095 ﬁdem,
1840 5032 1931 5086 sed

352 5115 517 5170 etiam
544 5116 683 5170 bona
706 5131 870 5186 opera
893 5115 1146 5171 divinitus
1170 5117 1355 5184 tribui,
1375 5119 1633 5173 continuo
1659 5120 1892 5177 subdidit
1918 5141 1930 5177 :

353 5203 531 5275 Ipsius
556 5208 693 5261 enim
720 5209 925 5281 {actura
957 5224 1130 5263 sumus
1149 5250 1162 5272 ,
1195 5210 1354 5263 creati
1380 5211 1433 5263 in
1463 5208 1664 5267 Clu-isto
1691 5213 1842 5278 Jesu,
1881 5215 1934 5273 in

425 5418 450 5482 9
474 5410 624 5482 Dies"
651 5412 768 5476 ipsa
795 5409 859 5482 de
884 5407 1244 5482 sedicendum
1279 5410 1502 5482 dignata
1528 5421 1605 5465 est
1630 5411 1925 5482 infundere.

425 5479 450 5517 δ
483 5479 635 5550 Μδεη
665 5496 781 5550 qum
807 5478 997 5548 singuli
1027 5478 1358 5547 proponitisﬁ
1687 5478 1697 5482 ⁷
1782 5498 1785 5501 '
1870 5526 1879 5537 κ

427 5560 449 5587 ε
480 5548 600 5614 Ms,
629 5548 789 5620 gratis
831 5549 1073 5620 dignatus
1123 5557 1199 5601 est
1241 5550 1507 5616 adaptare,
1543 5567 1645 5604 non
1688 5568 1781 5619 pro
1826 5569 1930 5611 me,-

353 5621 487 5692 rt'tis,
522 5618 642 5674 etc.‘
677 5618 801 5674 Mss.
849 5619 937 5673 alii
976 5620 1313 5692 duo,_qratia
1360 5621 1522 5692 gratis
1563 5618 1807 5692 dignatus
1854 5632 1930 5675 est

352 5688 634 5758 adoptare;
666 5705 757 5742 nec
797 5695 1079 5752 eum,-etc.
1130 5685 1252 5758 l'ltec
1291 5685 1467 5742 auiem
1502 5685 1661 5744 verba
1709 5690 1929 5745 aberant

347 5759 422 5831 Ib
442 5756 618 5813 editis.
652 5758 754 5814 Sed
788 5759 984 5814 rectior
1014 5756 1307 5828 et-plenior
1334 5757 1541 5822 videtur
1567 5760 1724 5814 lectio
1746 5772 1928 5831 poste-

352 5844 554 5888 τιοτωιι
586 5844 714 5885 11155.

2045 4680 2149 4730 tur.
2179 4674 2258 4729 Dr.
2298 4692 2491 4734 GBATIA
2520 4695 2660 4737 veno
2690 4696 2788 4736 nos
2815 4699 2970 4743 DlGNB
3000 4702 3187 4742 smnr
3214 4690 3455 4760 quisquis
3500 4708 3621 4750 eam

2043 4772 2195 4833 putat
2224 4766 2472 4821 omnibus
2500 4768 2804 4836 hominibus
2829 4772 2965 4838 dari,
2992 4791 3115 4832 cum
3156 4794 3266 4833 non
3304 4780 3477 4836 solum
3508 4798 3621 4840 non

2042 4859 2279 4912 omnium
2308 4859 2379 4913 sit
2407 4858 2556 4924 ﬁdes,
2589 4862 2682 4917 sed
2734 4858 2908 4923 adhuc
2950 4872 3221 4926 nonnulla:
3248 4883 3434 4940 gentes
3461 4876 3616 4934 inre-

2042 4946 2256 5001 niuntur
2275 4948 2339 5002 ad
2364 4965 2496 5018 quas
2524 4949 2642 5004 ﬁdei
2664 4954 2971 5021 prmdicatio
2993 4973 3099 5014 non
3129 4964 3391 5030 pervenit.
3421 4964 3618 5021 Beatus

2042 5045 2220 5091 autem
2243 5037 2532 5108 Apostolus
2556 5040 2685 5097 dicit
2712 5060 2725 5096 :
2761 5042 3028 5108 Quomodo
3056 5050 3363 5105 inrocabunt
3389 5055 3443 5107 in
3467 5070 3616 5126 quem

2042 5143 2145 5181 non
2193 5130 2555 5186 crediderunt?
2581 5142 2670 5187 aut
2716 5137 2971 5207 quomodo
3011 5139 3218 5194 credent
3240 5143 3287 5195 ei
3315 5159 3462 5213 quem
3509 5162 3615 5202 non

2042 5216 2631 5292 audierunt?quomodo
2680 5235 2849 5280 autem
2887 5228 3096 5282 audient
3146 5231 3258 5284 sine
3300 5235 3616 5299 prwdicante

2112 5416 2133 5453 ἀ
2161 5418 2300 5497 Μειῖιζ
2410 5421 2521 5485 Cr.,
2557 5422 2833 5497 Ipsumque
2861 5426 3015 5495 [idem
3071 5435 3124 5477 ut
3177 5428 3467 5485 ostenderet
3519 5433 3617 5485 hoc

2036 5491 2228 5543 donum
2257 5489 2356 5545 Dei
2384 5509 2520 5554 esse,
2547 5489 2651 5548 etc.

2112 5570 2135 5633 ξ
2305 5601 2317 5625 ,
2344 5564 2584 5633 justeque
2609 5564 2939 5620 condemnat.

2115 5627 2453 5710 ‘blsskduo,
2500 5627 2608 5710 qua
2659 5635 2918 5710 parvulus
2954 5636 3038 5710 qui
3068 5633 3360 5707 baptizatur
3386 5639 3613 5710 gratuito

2027 5699 2261 5780 creditur
2282 5699 2377 5755 Dei
2396 5699 2624 5756 bonitate
2638 5704 2849 5757 salvari.
2873 5699 2978 5759 Ms:
2991 5699 3144 5768 alter,
3163 5724 3262 5779 qua
3276 5699 3609 5780 paruulum...

2034 5771 2283 5825 solvatur.
