4108 6514
523 389 626 446 439

1467 389 1521 442 S.
1563 386 1990 444 FULGENTIUS
2029 382 2398 438 El-lSCOPliS
2435 378 2820 436 RUSPENSIS.

3655 371 3834 428 .bm

524 504 702 574 (Rom.
740 519 792 569 ι,
824 499 946 573 14)¹1
997 499 1107 558 Non
1162 518 1356 565 traque
1401 518 1596 556 unum
1627 500 1874 556 otitnibus
1918 498 2108 559 datur,

2238 494 2361 547 )cus
2385 492 2584 561 quippe
2603 490 2756 543 'dnno
2785 485 3039 541 bonitatis
3067 485 3260 551 salvat,
3291 493 3349 540 et
3367 482 3572 554 judicio
3598 483 3835 538 severi-

523 593 962 663 quandoquidem
986 594 1153 664 ipsius
1181 595 1364 665 gratia:
1385 593 1671 664 participes
1698 608 1818 648 esse
1849 607 1956 646 non
1978 606 2106 660 pos-

527 694 668 748 sunt,
693 686 784 755 qui
817 683 1002 740 lideles
1032 701 1139 740 non
1170 691 1314 752 sunt,
1347 700 1448 740 nec
1494 693 1720 754 possunt
1768 682 2012 749 credere,
2045 680 2109 735 ad
2186 681 2190 685 ’

525 793 664 848 quos
693 778 963 831 invenitur
987 778 1101 846 ipse
1138 776 1507 848 iidei.auditus
1536 777 1752 830 minime
1781 776 2107 845 pervenisse.

528 867 646 937 ipsa
675 882 804 921 vero
857 868 1027 934 gratia
1057 867 1464 937 quibuscunque
1489 866 1667 930 datur,
1700 881 1806 919 non
1836 864 2115 934 aequaliter

528 961 720 1025 datur,
747 960 840 1014 sed
890 959 1170 1014 secundum
1225 974 1523 1012 mensuram
1576 956 1875 1010 donationis
1923 954 2116 1010 Christi

529 1051 748 1122 (Ephes.
775 1066 846 1113 tv,
875 1051 951 1120 7),
977 1059 1034 1104 et
1064 1051 1348 1118 unicuique
1379 1049 1521 1103 sicut
1541 1047 1680 1102 Deus
1701 1047 1883 1100 divisit
1908 1060 2119 1100 mensu-

532 1160 646 1198 ram
680 1141 800 1198 lidei
830 1162 842 1196 :
871 1144 962 1212 qui
1008 1158 1113 1198 non
1170 1143 1444 1197 hominum
1476 1155 1737 1211 personas
1765 1138 1989 1208 accipit,
2022 1135 2120 1190 sed

533 1236 710 1288 omnia
740 1243 985 1306 operatur
1005 1251 1137 1287 unus
1159 1245 1309 1304 atque
1328 1234 1465 1288 idem
1492 1233 1740 1303 Spiritus,
1759 1230 1986 1284 dividens
2008 1245 2122 1296 pro-

519 1315 649 1395 Ipria
677 1325 918 1396 singulis,
941 1335 1094 1394 prout
1123 1324 1227 1377 ruit
1251 1323 1304 1394 (ι
1336 1322 1457 1378 Cor.
1484 1339 1578 1387 xu;
1611 1322 1723 1391 11).

604 1434 764 1505 273
779 1433 800 1484 1
816 1432 837 1485 1
851 1472 864 1486 .
883 1430 1034 1498 Quod
1052 1441 1231 1486 autem
1249 1447 1345 1486 vos
1360 1432 1558 1496 dicitis,
1571 1430 1684 1484 sola
1706 1430 1797 1484 Dei
1812 1429 2126 1484 misericor-

537 1524 622 1579 dia
652 1524 844 1579 salvari
867 1523 1162 1584 hominem,
1196 1522 1269 1574 illi
1299 1529 1477 1576 autem
1502 1521 1704 1584 dicunt,
1733 1520 1830 1574 nisi
1853 1519 1974 1598 quis
1998 1533 2126 1588 pro-

536 1616 649 1684 pria
671 1614 950 1668 voluntate
972 1613 1271 1668 cucurrerit
1299 1621 1353 1666 et
1376 1613 1755 1673 elaboraverit,
1801 1611 1980 1665 salvus
2008 1625 2126 1675 esse

537 1724 643 1763 non
674 1707 910 1777 poterit,
955 1705 1108 1775 digne
1136 1714 1406 1776 utrumque
1435 1715 1659 1766 tenetur,
1699 1703 1745 1756 si
1775 1702 1910 1757 ordo
1951 1711 2127 1757 rectus

536 1807 783 1855 servetur
809 1798 1000 1853 divina:
1030 1794 1414 1853 misericordi-.0
1461 1802 1516 1847 et
1544 1792 1834 1847 voluntatis
1860 1791 2123 1857 humanm,

2216 581 2340 642 tatis
2367 581 2614 636 obdurat.

2288 693 2372 747 l5.
2406 692 2538 747 illud
2569 693 2730 747 etiam
2760 689 2903 760 quod
2927 705 3025 744 vos
3052 690 3248 754 dicitis,
3283 689 3424 743 Deus
3455 698 3532 744 est
3554 691 3693 743 enim
3726 690 3838 759 qui

2215 795 2458 856 operatur
2497 786 2549 838 in
2580 784 2717 839 vobis
2745 794 2794 838 et
2833 785 2959 837 relle
2994 793 3044 837 et
3081 783 3313 855 operari,
3345 801 3438 853 pro
3461 784 3596 836 bona
3631 784 3817 836 volun-

2219 886 2322 930 tate
2354 875 2571 948 (Philip.
2607 891 2672 942 ιι,
2705 875 2825 946 15);
2857 875 2931 929 illi
2962 885 3139 930 autem
3161 875 3378 930 dicunt:
3407 875 3466 929 Si
3481 875 3755 928 volueritis
3775 892 3830 927 es

2218 967 2484 1021 audieritis
2517 983 2614 1031 me,
2668 966 2801 1020 bona
2842 977 2994 1021 terra!
3016 967 3290 1020 comedetis
3341 965 3477 1035 (Isa.
3528 983 3566 1033 ι,
3603 965 3692 1035 19)
3731 984 3745 1016 :
3783 982 3840 1019 ss

2219 1055 2506 1124 utrumque
2546 1055 2683 1110 sicut
2714 1065 2924 1126 oportet
2977 1057 3186 1110 animus
3236 1060 3287 1110 in
3342 1056 3444 1110 lide
3487 1057 3845 1127 tranquillus

2223 1146 2514 1215 acceperit,
2547 1146 2691 1200 nulla
2713 1145 2781 1199 de
2807 1146 2976 1214 gratia
3009 1156 3063 1200 et
3086 1147 3253 1200 libero
3277 1148 3500 1201 arbitrio
3535 1158 3557 1186 τ
3587 1150 3848 1216 qumstio

2222 1235 2545 1290 remanebit.
2597 1234 2758 1291 Jubet
2803 1237 2944 1291 enim
2989 1237 3130 1291 Deus
3175 1238 3379 1292 homini
3425 1249 3483 1292 ut
3525 1239 3680 1305 velit,
3723 1240 3846 1293 sed

2225 1325 2368 1380 Deus
2397 1325 2451 1378 in
2499 1325 2717 1379 homine
2745 1335 3003 1395 operatur
3039 1335 3096 1381 et
3128 1328 3296 1393 velle;
3341 1327 3496 1396 jubet
3526 1338 3585 1382 ut
3632 1329 3838 1388 faciat.

2227 1418 2323 1472 sed
2355 1417 2498 1472 Deus
2529 1417 2581 1471 in
2610 1433 2676 1472 eo
2705 1414 2730 1454 ἀ
2764 1428 3020 1488 operatur
3054 1429 3111 1475 et
3138 1421 3335 1475 facere.
3379 1421 3501 1477 Ideo
3526 1433 3844 1494 utrumque

2226 1507 2419 1564 beatus
2458 1508 2637 1580 jungit
2668 1518 2692 1546 ο
2740 1509 3027 1579 Apostolus
3065 1511 3248 1567 dicens
3293 1529 3306 1564 :
3357 1510 3483 1565 Cum
3531 1516 3717 1568 timore
3778 1524 3840 1567 el

2231 1608 2454 1654 tremore
2487 1602 2704 1654 salutem
2754 1609 2972 1655 restrain
3015 1605 3301 1672 operamini
3331 1621 3349 1658 :
3388 1603 3526 1659 Deus
3563 1615 3643 1660 est
3681 1608 3836 1660 enim

2229 1693 2313 1773 qui
2343 1703 2589 1764 operatur
2626 1694 2677 1745 in
2708 1694 2847 1747 vobis
2879 1703 2927 1746 et
2967 1693 3096 1747 velle
3134 1705 3182 1747 et
3231 1697 3508 1766 perﬁcere,
3539 1717 3636 1770 pro
3684 1700 3833 1754 bona

2230 1782 2508 1836 voluntate.
2539 1781 2608 1836 Ut
2633 1798 2763 1852 ergo
2788 1800 2908 1839 cum
2935 1785 3127 1840 timore
3155 1796 3208 1840 et
3239 1796 3474 1843 tremore
3498 1807 3651 1845 suam
3674 1795 3832 1870 quis:

540 1902 599 1945 ut
630 1891 717 1946 illa
746 1889 1061 1961 prteveniat,
1093 1888 1207 1942 hzcc
1228 1895 1483 1955 sequatur
1513 1904 1526 1936 :
1558 1885 1671 1939 sola
1705 1885 1796 1938 Dei
1824 1883 2128 1937 misericor-
2161 1891 2206 1948 Β
2234 1891 2340 1954 que
2364 1885 2618 1945 operetur
2644 1877 2890 1940 salutem,
2924 1893 3060 1947 opus
3080 1885 3162 1932 est
3185 1879 3412 1934 volentis
3440 1881 3694 1947 hominis,
3726 1888 3829 1939 sed

539 1987 628 2038 dia
660 1983 868 2037 initium
898 1981 1085 2035 salutis
1122 1979 1399 2043 conferat;
1426 1979 1510 2032 cui
1540 1976 1732 2030 deinde
1761 1975 2010 2029 voluntas
2031 1976 2128 2029 ho-

539 2075 700 2129 minis
721 2072 1060 2141 cooperatrix
1089 2086 1199 2124 sum
1223 2069 1413 2124 salut-is
1434 2068 1651 2129 existat,
1678 2076 1736 2120 ut
1762 2065 2127 2120 misericordia

542 2166 637 2220 Dei
668 2163 1001 2234 praeveniens
1039 2162 1334 2216 voluntatis
1371 2161 1618 2214 humana:
1647 2159 1841 2229 dirigat
1887 2173 2124 2221 cursura,

541 2263 597 2309 et
641 2254 874 2307 humana
916 2251 1172 2305 voluntas
1199 2249 1456 2304 obediens
1481 2290 1496 2315 ,
1546 2248 1731 2302 eadem
1761 2247 2130 2302 misericordia

542 2346 924 2413 subsequente,
974 2341 1267 2397 secundum
1299 2341 1654 2414 intentionem
1701 2347 1882 2393 currat
1911 2339 1977 2393 ad
2005 2339 2130 2393 bra-

542 2436 715 2500 vium;
745 2451 807 2488 ac
836 2449 937 2504 per.
959 2434 1062 2496 hoc
1090 2432 1324 2486 humana
1350 2432 1596 2485 voluntas
1622 2433 1672 2485 in
1699 2447 1766 2486 eo
1795 2431 1936 2499 quod
1965 2432 2132 2486 currit

543 2527 749 2582 utiliter
778 2534 831 2580 et
862 2526 1093 2600 laborat,
1127 2538 1195 2576 ex
1223 2522 1317 2576 Dei
1347 2522 1714 2576 misericordia
1753 2522 1858 2575 sibi
1885 2536 2003 2576 esse
2028 2521 2128 2575 do-

543 2634 674 2675 num
702 2633 890 2672 cursus
921 2631 984 2670 ac
1011 2614 1211 2670 laboris
1245 2620 1528 2681 agnoscat;
1561 2629 1660 2667 nec
1687 2613 1757 2667 sit
1788 2613 1993 2680 ingrata
2024 2611 2127 2665 mi-

543 2709 850 2767 sericordiae
878 2723 974 2778 per
1018 2722 1177 2775 quam
1207 2706 1394 2760 salutis
1422 2705 1617 2774 accipit
1645 2703 1854 2758 initium
1874 2746 1888 2771 ,
1937 2712 1995 2758 ut
2034 2719 2133 2773 per

545 2801 718 2870 ipsam
748 2799 1024 2871 perveniat
1051 2798 1118 2852 ad
1153 2797 1368 2867 plenum
1405 2796 1745 2866 sempiternae
1771 2796 1964 2853 salutis,
1997 2795 2129 2849 elic-

546 2901 694 2950 ctum
722 2911 736 2947 :
767 2893 890 2961 quia
922 2900 1048 2946 tunc
1072 2889 1174 2947 erit
1197 2889 1359 2951 bona,
1391 2889 1434 2943 si
1457 2886 1550 2942 Dei
1581 2887 1938 2957 praeveniatur
1965 2886 2131 2952 dono,

495 3047 498 3050 ,
547 2995 606 3040 et
634 2994 760 3039 tunc
812 2981 1152 3054 permanebit
1197 2972 1376 3044 bene,
1420 2979 1463 3032 si
1513 2977 1627 3046 eius
1667 2993 1773 3032 non
1813 2977 2133 3032 destituatur

548 3077 767 3131 auxilio.

619 3188 705 3240 η.
741 3185 896 3240 Errat
925 3192 1106 3238 autem
1137 3181 1378 3252 quisquis
1419 3188 1572 3250 putat
1612 3180 1691 3234 sic
1734 3179 1923 3232 a-Deo
1974 3178 2132 3232 tribui

549 3279 793 3348 gratiam,
827 3278 974 3331 velut
1021 3278 1064 3330 si
1097 3276 1220 3347 quis
1268 3281 1490 3342 accepto
1537 3273 1733 3327 idoneo
1779 3272 2003 3341 pignore
2042 3271 2133 3324 det

550 3368 864 3436 pecuniam,
916 3383 1038 3421 cum
1068 3364 1326 3418 Dominus
1371 3363 1554 3430 utique
1594 3371 1648 3416 et
1677 3362 1868 3432 pignus
1904 3360 2133 3430 Spiritus

551 3459 724 3515 sancti
754 3459 868 3529 ipse
909 3457 1104 3528 quibus
1132 3456 1244 3510 vult
1271 3454 1546 3519 conferat,
1590 3462 1644 3509 et
1671 3454 1954 3524 pecuniam
1983 3469 2133 3506 suam

554 3549 928 3605 nummulariis
979 3547 1375 3617 expetendam,
1429 3548 1569 3602 sicut
1627 3547 2029 3618 ipseloqnitur
2083 3546 2134 3604 in

553 3642 843 3710 Evangelia
874 3640 1088 3711 (Matth.
1123 3657 1244 3703 xxv,
1280 3640 1399 3714 9.7),
1419 3656 1695 3694 servorum
1725 3656 1942 3695 suorum
1997 3655 2138 3700 cura:

554 3733 844 3802 ol‘licioque
871 3732 1173 3788 distribuat.
1197 3732 1289 3785 illa
1311 3747 1440 3785 vero
1470 3731 1714 3800 Apostoli
1744 3731 2008 3789 sententia
2033 3747 2138 3801 qua

557 3827 754 3882 dicitur
785 3843 799 3881 :
827 3825 968 3897 Ergo
1005 3827 1152 3896 cujus
1185 3824 1288 3901 ruit
1317 3825 1618 3892 miseretur,
1651 3835 1700 3879 et
1727 3841 1876 3896 quem
1903 3823 2007 3885 ruit
2046 3823 2140 3878 ob-

557 3919 712 3973 durat
741 3917 915 3987 (Rom.
950 3934 1021 3979 ιχ,
1052 3915 1162 3986 18),
1193 3915 1384 3970 melius
1412 3915 1627 3985 quidem
1655 3932 1720 3971 ex
1751 3932 1980 3986 persona
2009 3932 2140 3970 con-

555 4009 816 4069 ﬁrmantis
837 4009 1115 4077 accipitur.
1141 4006 1311 4073 Quam
1340 4007 1385 4061 si
1410 4007 1530 4079 quis
1554 4022 1659 4061 non
1685 4007 1796 4060 vult
1820 4021 1884 4060 ex
1913 4021 2142 4076 persona

557 4101 925 4156 mnilrmantis
954 4100 1200 4170 accipere
1224 4142 1238 4165 ,
1282 4099 1409 4154 illud
1438 4101 1553 4154 sine
1594 4099 1939 4154 contentione
1969 4107 2145 4153 atten-

559 4189 656 4245 dat
680 4190 823 4260 quod
852 4190 1246 4262 subscqnenter
1275 4191 1473 4245 dicitur
1503 4202 1528 4226 ι
1563 4207 1576 4242 :
1613 4191 1691 4242 An
1723 4207 1823 4244 non
1862 4190 2011 4243 habet
2049 4208 2142 4258 ρον

560 4288 794 4335 testatem
835 4269 1025 4352 ﬁgulus
1073 4281 1205 4347 luti,
1248 4299 1313 4335 ex
1351 4281 1530 4334 eadem
1579 4297 1751 4334 massa
1793 4282 1964 4351 facere
2006 4279 2148 4332 aliud

561 4372 767 4444 quidem
807 4375 977 4426 vasin
1020 4373 1297 4440 honorem,
1347 4373 1491 4426 aliud
1534 4389 1650 4425 vero
1691 4375 1742 4425 in
1785 4373 2147 4428 contumeliam

563 4462 756 4535 (lbid.,
783 4463 919 4532 2L?-
948 4462 1015 4516 Et
1055 4478 1176 4517 cum
1209 4464 1259 4516 in
1291 4470 1520 4546 utroque
1559 4478 1685 4516 vase
1735 4445 1976 4518 faciendo
2006 4464 2146 4533 iignli

542 4553 880 4621 cognoverit
926 4560 1278 4622 potestatem,
1327 4553 1380 4606 in
1423 4569 1548 4608 vase
1596 4551 2145 4610 honoris'indebitam

544 4643 791 4711 gratiam
820 4642 921 4697 Dei
958 4642 1260 4697 miserantis
1290 4643 1580 4712 intelligat,
1625 4655 1679 4699 et
1708 4645 1760 4699 in
1803 4660 1929 4698 vase
1959 4655 2149 4706 contu-

564 4733 742 4787 melias
769 4733 1006 4787 debitum
1027 4733 1286 4802 judicium
1313 4734 1408 4788 Dei
1436 4718 1765 4800 obdurantis,
1799 4736 1848 4790 id
1880 4745 1962 4790 est
1989 4735 2146 4802 dese-

566 4825 756 4889 rentis,
781 4833 1054 4894 agnoscat.
1097 4824 1238 4880 Deus
1274 4835 1451 4881 autem
1493 4818 1999 4892 obduraredicitnr,
2042 4842 2146 4892 non

565 4916 693 4988 quia
724 4914 790 4969 ad
821 4915 1154 4985 iniquitatem
1185 4917 1477 4986 compellit,
1504 4917 1595 4971 sed
1621 4932 1740 4971 cum
1771 4917 1838 4970 ab
1869 4916 2150 4993 iniquitate

567 5023 676 5062 non
706 5008 866 5076 eripit
911 5025 922 5060 :
961 5007 1104 5076 quod
1149 5008 1271 5088 quia
1295 5007 1472 5075 justus
1501 5016 1583 5062 est
1607 5047 1620 5070 ,
1666 5008 1811 5076 juste
1860 4993 2004 5061 facit.
2036 5005 2149 5061 Deo

567 5113 698 5168 ergo
729 5101 1036 5162 miserante,
1068 5099 1183 5152 sine
1211 5099 1319 5153 suis
1349 5100 1554 5154 meritis
1583 5100 1744 5153 homo
1768 5099 2149 5162 salvatnr,.ob-

567 5191 795 5248 durante
839 5199 1018 5246 autem
1061 5191 1193 5254 Deo,
1242 5190 1387 5261 jnste
1432 5191 1622 5262 recipit
1662 5191 1805 5262 quod
1836 5201 2074 5246 meretur
2100 5189 2148 5244 ι’.

644 5450 667 5510 ἐ
694 5439 792 5510 Ms.
824 5443 977 5502 unus,
1007 5445 1142 5510 quod
1172 5438 1369 5510 Paulus
1399 5437 1660 5509 apostolus
1683 5438 1824 5510 dicit.

643 5509 669 5548 δ
698 5509 824 5563 Mss.
855 5510 911 5564 S.
943 5509 1056 5574 Cr.,
1081 5511 1220 5580 juste
1254 5509 1432 5580 recipit
1457 5509 1809 5580 impiusquod
1834 5516 2073 5561 uteretur.

648 5592 669 5617 α
702 5580 828 5651 Mss.
859 5580 937 5651 De
965 5578 1134 5651 gratia
1171 5579 1266 5651 Dei
1294 5578 1596 5651 ethumono
1625 5578 1864 5651 arbitrio.

642 5651 666 5688 δ
702 5650 841 5712 Marc,
877 5645 1017 5704 Deus
1057 5652 1111 5703 in
1141 5666 1218 5714 eo,
1254 5649 1504 5717 leguntur
1532 5650 1582 5701 in
1624 5665 1756 5706 mss.
1795 5646 1851 5700 S.
1888 5645 2010 5711 Cr.;
2042 5661 2149 5700 non

572 5721 821 5790 leguntur
852 5723 903 5776 in
937 5721 1058 5780 edd.

652 5805 672 5828 υ
722 5790 845 5845 Mss.
895 5792 955 5845 S.
1003 5791 1128 5855 Cr.,
1181 5798 1448 5858 utrumque
1504 5787 1764 5850 ostendit;
1818 5788 1916 5842 alii.
1953 5787 2148 5850 coch,

574 5862 760 5931 iungit.

2233 1967 2339 2021 hoc
2371 1967 2543 2036 ipsum
2589 1969 2727 2022 velle
2779 1966 2795 2004 τ
2828 1967 2969 2022 Deus
2997 1979 3254 2038 operatur
3294 1971 3345 2024 in
3372 1971 3513 2038 suis,
3557 1973 3719 2044 275
3765 1991 3831 2028 ac

2232 2073 2331 2127 per
2357 2058 2460 2114 hoc
2485 2059 2740 2127 quoniam
2772 2059 2932 2114 habet
2961 2060 3123 2116 homo
3147 2061 3372 2116 liberum
3401 2063 3704 2131 arbitrium,
3734 2082 3832 2120 au-

2232 2149 2311 2203 dit
2339 2160 2606 2220 prmcepta
2647 2166 2767 2220 quae
2816 2151 3002 2218 faciat;
3045 2152 3139 2207 sed
3168 2153 3233 2206 ad
3265 2153 3530 2223 implenda
3555 2167 3830 2225 prmeepta

2232 2237 2458 2304 liberum
2507 2240 2788 2295 arbitrium
2838 2241 3092 2296 idoneum
3137 2244 3444 2301 nullatenus
3489 2247 3723 2302 eﬂicitur
3759 2259 3828 2311 ε.

2233 2331 2335 2386 nisi
2365 2331 2622 2390 divinitus
2651 2332 2955 2401 adjuvetur.
2985 2333 3060 2388 ita
3094 2335 3179 2398 lit,
3215 2344 3272 2389 ut
3301 2351 3359 2391 se
3381 2339 3593 2408 aperari
3622 2339 3832 2394 debere

2234 2424 2398 2480 homo
2428 2434 2741 2494 cognoscat,
2780 2426 2906 2481 dum
2939 2437 3263 2498 pncceptum
3293 2431 3510 2499 accipit,
3539 2441 3593 2486 et
3623 2432 3734 2487 Deo
3767 2449 3831 2488 se

2234 2517 2369 2571 sciat
2397 2532 2612 2587 semper
2641 2534 2800 2580 omne
2829 2519 3028 2574 bonum
3056 2520 3282 2586 debere,
3325 2523 3470 2594 quod
3495 2523 3606 2576 vult
3634 2539 3699 2578 ac
3739 2527 3830 2578 t’a-

2235 2608 2309 2663 cit
2339 2626 2352 2660 :
2385 2623 2544 2678 quem
2575 2617 2712 2664 teste
2753 2609 3014 2680 Apostolo
3059 2613 3336 2680 cognoscit
3377 2614 3589 2684 operari
3620 2615 3679 2668 in
3719 2616 3826 2670 ho-

2235 2703 2396 2766 mine,
2429 2711 2478 2756 et
2521 2704 2677 2768 velle,
2720 2714 2769 2758 et
2808 2706 3052 2775 perﬁcere
3091 2725 3186 2777 pro
3219 2707 3352 2760 bona
3397 2709 3674 2761 voluntate.
3720 2707 3832 2774 Qui

2235 2795 2346 2849 suis
2385 2795 2628 2852 lidelibus
2673 2798 2813 2853 hanc
2842 2799 3093 2868 dignatus
3123 2810 3206 2854 est
3247 2801 3473 2868 gratiam
3503 2802 3831 2870 promittere

2235 2901 2333 2956 per
2365 2884 2685 2956 Prophetam
2723 2888 2909 2944 dicens
2942 2908 2954 2941 :
2990 2889 3246 2960 Spiritum
3275 2907 3442 2944 meum
3471 2892 3603 2946 dabo
3643 2893 3698 2946 in
3727 2910 3826 2946 ro-

2235 2977 2334 3042 bis,
2363 2986 2412 3029 et
2441 2972 2633 3048 faciam
2660 2990 2716 3032 ut
2735 2981 2785 3033 in
2805 2980 3267 3050 justi/icationibus
3304 2979 3428 3036 meis
3455 2970 3743 3046 ambuletis,
3776 2995 3832 3040 et
3891 3049 3896 3052 _

2229 3067 2432 3150 judicia
2463 3086 2575 3123 mea
2605 3071 2879 3125 observetis
2907 3082 2958 3125 et
2987 3074 3196 3143 faciatis
3228 3072 3440 3143 (Ezech.
3481 3091 3637 3129 xxxvi
3656 3118 3668 3138 ,
3703 3076 3824 3146 ‘27).

2312 3181 2397 3235 Η.
2448 3181 2582 3236 Cum
2613 3197 2743 3252 ergo
2790 3183 2930 3241 Deus
2978 3185 3028 3238 in
3077 3185 3296 3240 homine
3339 3188 3554 3256 operari
3598 3190 3828 3260 carpet-it

2241 3270 2398 3336 velle,
2430 3279 2558 3326 tunc
2585 3273 2747 3327 homo
2775 3274 2840 3326 ad
2881 3273 3048 3328 Deum
3079 3277 3432 3342 convertitur,
3466 3286 3521 3332 et
3542 3277 3733 3332 eodem
3764 3281 3822 3333 in

2238 3378 2296 3428 se
2326 3373 2606 3444 operante,
2638 3366 2776 3420 unde
2806 3366 2904 3435 ipsi
2936 3366 3046 3421 Deo
3075 3368 3286 3436 placeat
3307 3379 3578 3438 operatur.
3611 3369 3688 3424 De
3709 3371 3826 3426 Deo

2241 3455 2382 3507 enim
2411 3454 2539 3509 dicit
2560 3455 2850 3524 Apostolus
2874 3474 2886 3509 :
2912 3457 3062 3526 Aptet
3083 3475 3168 3511 cos
3196 3460 3410 3512 inomni
3437 3477 3589 3529 opere
3617 3459 3748 3514 bono
3771 3461 3831 3528 ιι,
3883 3465 3893 3470 ’

2241 3555 2296 3608 ut
2326 3547 2532 3614 faciatis
2563 3548 2870 3601 voluntatem
2899 3549 3029 3618 ejus,
3060 3551 3256 3620 faciens
3293 3551 3344 3604 in
3373 3550 3512 3605 vobis
3541 3552 3681 3622 quod
3707 3552 3829 3623 pla-

2243 3647 2357 3701 ceat
2383 3655 2556 3704 coram
2586 3656 2640 3693 se
2672 3639 2858 3709 (Hebr.
2889 3656 3001 3705 xui,
3033 3639 3145 3711 2i).
3193 3640 3274 3694 Ad
3319 3643 3482 3697 vitam
3512 3657 3729 3712 quoque
3771 3644 3828 3698 in

2248 3741 2450 3785 tantum
2482 3740 2663 3802 potest
2691 3733 2853 3787 homo
2896 3748 3111 3790 manum
3142 3735 3434 3804 porrigere,
3480 3736 3531 3789 in
3563 3745 3824 3806 quantum

2246 3821 2490 3884 habuerit
2514 3822 2798 3880 Dominum
2830 3825 3218 3893 protectionem
3247 3842 3397 3880 suam
3421 3842 3582 3896 super
3610 3843 3828 3881 manum

2246 3912 2702 3977 dexteram'suam
2735 3911 2908 3983 (Psal.
2958 3928 3082 3974 cxx,
3123 3912 3202 3982 5).
3235 3914 3402 3968 Nimis
3431 3924 3610 3969 autem
3641 3917 3824 3970 absur-

2247 4001 2374 4055 dum
2400 4010 2483 4056 est
2513 4001 2633 4056 illos
2659 4011 2850 4072 putare
2878 4017 3008 4058 vasa
3040 4003 3420 4059 misericordia?
3439 4005 3529 4074 qui
3557 4006 3642 4060 vel
3670 4022 3832 4062 saxu-

2250 4093 2416 4155 larem
2461 4082 2662 4155 habent
2703 4093 2788 4147 vel
2841 4093 3260 4151 ecclesiasticam
3306 4095 3833 4165 dignitatemyvasa

2251 4199 2380 4261 vero
2401 4183 2756 4248 contumelim,
2783 4183 3026 4248 clericos,
3059 4192 3114 4239 et
3144 4185 3438 4261 monachos
3459 4201 3522 4240 ac
3541 4186 3710 4239 laieos
3735 4200 3833 4238 tes—

2252 4258 2474 4341 limare;
2503 4291 2623 4330 cum
2655 4277 2838 4346 utique
2869 4276 3160 4346 Apostolus
3184 4259 3310 4331 vasa
3337 4277 3717 4331 misericordia:
3745 4277 3832 4331 illa

2251 4368 2394 4423 dicat
2421 4384 2539 4436 qua:
2571 4368 2712 4424 Deus
2741 4370 3059 4439 praeparavit
3089 4369 3140 4424 in
3173 4369 3416 4439 gloriam,
3450 4385 3559 4423 non
3599 4385 3835 4439 pensen-

2255 4464 2362 4511 tem
2395 4458 2600 4526 utique,
2625 4458 2719 4512 sed
2744 4458 3001 4526 futuram,
3030 4461 3226 4528 quibus
3253 4461 3384 4516 dicit
3408 4479 3421 4513 :
3455 4459 3581 4515 Cum
3603 4459 3837 4516 Christus

2256 4549 2583 4618 apparuerit,
2624 4548 2726 4601 vita
2771 4558 2965 4614 vestra,
3009 4558 3129 4601 tunc
3168 4560 3216 4602 et
3245 4566 3330 4624 vos
3371 4543 3695 4620 apparebitis
3727 4567 3838 4604 cum

2181 4683 2224 4740 υ
2255 4641 2368 4709 ipso
2399 4641 2452 4694 in
2482 4640 2649 4712 gloria
2681 4638 2902 4711 (Coloss.
2928 4657 3007 4706 ιιι,
3038 4640 3113 4710 4).
3142 4641 3266 4696 Ideo
3297 4643 3459 4711 paulo
3486 4643 3736 4712 superius
3763 4643 3840 4695 ais

2259 4731 2353 4792 ait,
2404 4729 2532 4795 Quw
2560 4747 2764 4785 sursum
2789 4741 2908 4785 sunt
2937 4734 3102 4802 sapite
3124 4774 3136 4797 ,
3187 4750 3288 4786 non
3320 4749 3434 4802 quia
3471 4749 3625 4804 super
3651 4742 3840 4786 terram

2261 4821 2421 4892 (Ibid.
2446 4863 2460 4887 ,
2506 4823 2579 4894 l).
2614 4823 2750 4880 Vasa
2777 4826 2977 4896 quippe
3016 4825 3026 4862 ί
3065 4825 3452 4881 misericordia:
3480 4835 3608 4880 sunt
3651 4827 3842 4899 quibus

2259 4913 2495 4980 dicitur:
2538 4914 2719 4978 Venite
2743 4959 2757 4983 ,
2806 4915 3058 4971 benedicti
3089 4915 3266 4971 Patris
3311 4919 3437 4983 mei,
3482 4920 3732 4989 percipite
3760 4935 3842 4971 rc-

2256 5022 2444 5080 gnum;
2487 5023 2611 5062 vasa
2662 5024 2788 5062 vero
2829 5008 3166 5070 contumelize
3194 5016 3318 5062 sunt
3365 5009 3561 5080 quibus
3597 5010 3794 5066 dicitur
3824 5026 3844 5064 :

2263 5095 2288 5147 Ι
2298 5105 2360 5159 te,
2392 5097 2673 5162 maledicti,
2707 5098 2760 5160 in
2790 5099 2958 5168 ignem
2990 5107 3256 5162 internum,
3289 5099 3376 5170 qui
3415 5108 3742 5169 arwparatus
3767 5109 3844 5156 est

2261 5189 2466 5249 diabolo
2495 5199 2542 5245 et
2569 5191 2770 5268 angelis
2794 5175 2932 5262 ejus.
2953 5189 3302 5260 Vasa-itaque
3332 5191 3712 5247 misericordia:
3739 5210 3846 5248 non

2339 5437 2358 5478 ί
2390 5440 2514 5512 Mss.
2540 5438 2605 5512 _S.
2634 5439 2746 5512 Cr.,
2777 5441 2872 5494 hoc
2892 5443 3059 5512 ipsmn
3089 5443 3214 5496 velle
3236 5451 3286 5495 et
3309 5443 3535 5511 aperari.

2335 5520 2359 5557 8
2400 5510 2498 5582 Ms.
2533 5510 2589 5564 S.
2622 5510 2734 5574 Cr.,
2768 5510 2978 5582 liberum
3011 5513 3285 5566 arbitrium
3319 5510 3528 5582 operari
3561 5511 3718 5582 (alter
3748 5513 3823 5567 Itu-

2258 5580 2434 5653 miuis)
2464 5581 2702 5653 idoneum
2733 5581 3025 5653 nullatenus
3047 5583 3293 5653 efﬁcitur.

2334 5648 2358 5720 ιξ
2404 5651 2479 5710 lta
2510 5666 2636 5704 mss.
2670 5651 2725 5703 S.
2759 5650 2871 5712 Cr.,
2912 5647 3342 5720 juxta'Cra‘cum
3389 5660 3624 5715 textum;
3669 5647 3840 5706 θεειρή

2260 5719 2420 5775 codd.
2435 5761 2448 5783 ,
2471 5722 2524 5773 in
2549 5721 2688 5774 omni
2711 5721 2862 5775 bono.

2343 5802 2352 5827 '
2384 5791 2507 5846 Mss.
2541 5792 2597 5845 S.
2631 5792 2742 5857 Cr.,
2791 5791 2926 5845 Vasa
2951 5809 3088 5864 ergo.
