4108 6466
232 352 360 436 ἰιι

1159 423 1170 432 .
1258 380 1461 435 PETRI
1503 382 1781 467 DIACONI
1819 384 1945 442 SEU
1981 387 2329 454 EPISTOLA.
2373 390 2505 449 XVI.

3349 466 3359 475 ,
3432 399 3538 454 us

247 488 625 545 ecclesiastica
660 487 742 544 vel
777 488 1048 545 sascularis
1076 490 1326 558 dignitas,
1362 492 1455 545 sed
1502 493 1554 545 in
1603 492 1840 548 Ecclesia
1876 512 1914 558 Α
1949 510 2112 555 tatem
2145 503 2196 556 in
2221 505 2400 575 aliqw
2432 523 2538 559 non
2563 508 2833 572 eagt'noscit,
2868 517 3048 576 potest
3076 527 3193 564 cras
3213 511 3333 567 Deo
3375 529 3531 568 reve-

247 579 516 650 spiritalis
573 580 768 634 caritas
819 579 968 635 facit.
1023 580 1366 651 Quapropter
1417 582 1470 635 in
1530 598 1850 653 quacunque

248 669 596 743 professione
624 673 858 726 tenuerit
887 672 1050 726 homo
1094 672 1252 726 fidem
1282 687 1402 741 qua:
1432 688 1529 742 per
1566 675 1847 731 caritatem

247 771 539 833 operatur,
569 763 674 817 erit
700 778 795 816 vas
821 763 874 816 in
903 763 1163 830 liquorem
1193 761 1590 816 sanctificatum
1628 773 1684 818 et
1718 766 1849 820 utile

252 852 513 916 Domino,
546 851 610 906 ad
639 866 801 905 omne
829 866 968 921 opus
995 852 1192 906 bonum
1225 861 1490 921 paratum.

233 969 238 972 -
334 941 422 996 l5.
455 941 654 996 Contra
683 941 1208 1012 praadestinationem
1237 960 1364 998 vero
1393 953 1704 1000 sanctorum
1735 962 1848 1000 ma-

245 1050 377 1104 gna:
408 1034 726 1104 pervicacia:
767 1042 851 1089 est
879 1036 1226 1105 aliquem'vel
1266 1052 1478 1105 parare,
1520 1038 1607 1092 vel
1651 1038 1850 1092 habere

246 1125 591 1190 conflictum,
633 1141 754 1180 cum
783 1127 1097 1194 apostolica:
1140 1128 1505 1197 prmdicationi
1535 1130 1710 1184 nullus
1753 1146 1843 1184 au-

247 1219 386 1274 deat
413 1218 694 1286 refragari,
721 1234 826 1287 qua
857 1235 964 1273 non
993 1219 1166 1274 solum
1197 1221 1392 1275 dicitur
1413 1221 1480 1276 de
1509 1223 1633 1277 .Deo
1667 1241 1679 1276 :
1709 1220 1847 1286 Quos

249 1315 433 1361 autem
460 1307 716 1377 prtescivit
745 1317 794 1360 et
826 1309 1214 1376 prwdestinavit
1243 1312 1539 1382 conformes
1573 1311 1693 1381 fieri
1725 1313 1851 1365 ima-

249 1400 396 1469 ginis
424 1397 552 1451 Filii
581 1399 696 1468 ejus
723 1399 902 1464 (Rom.
945 1416 1055 1462 Vlll,
1087 1400 1218 1468 29);
1249 1407 1318 1456 et‘
1333 1403 1439 1457 alio
1493 1403 1616 1458 loco
1647 1423 1659 1456 :
1696 1404 1847 1460 Prw-

249 1493 538 1547 destinauit
592 1510 686 1548 nos
739 1495 794 1546 in
843 1494 1172 1564 adaptionem
1217 1495 1484 1564 filiorum,
1524 1515 1619 1567 per.
1671 1497 1848 1552 .lesum

249 1585 523 1640 Christum
551 1587 605 1639 in
633 1587 803 1655 ipsum
829 1585 1046 1656 (Ep/tes.
1079 1604 1115 1652 ι,
1145 1586 1198 1658 5)
1236 1607 1248 1640 :
1275 1604 1465 1643 verum.
1481 1591 1644 1643 etiam
1675 1591 1848 1660 ipsum

252 1685 425 1748 caput
467 1686 730 1742 nostrum,
763 1678 938 1746 ipsum
983 1680 1398 1747 primogenitum
1432 1682 1485 1735 in
1515 1683 1698 1737 multis
1737 1683 1846 1737 fra-
1875 1693 1883 1703 '

252 1770 434 1824 tribus
453 1770 644 1824 beatus
667 1767 865 1822 Paulus
893 1769 1328 1839 pnedestin‘atum
1353 1773 1687 1829 confidenter
1709 1791 1846 1844 pra:-

1955 591 2098 648 Iante
2126 610 2475 663 cognoscere.
2507 597 2619 652 Deo
2648 599 2790 652 enim
2817 588 3020 665 subest,
3054 619 3173 657 cum
3197 603 3534 676 volet,posse

1955 682 2110 754 (Sap.
2147 702 2238 749 xu,
2272 685 2633 760 18).,0remus
2662 704 2791 758 ergo
2822 707 2920 761 pro
2949 693 3048 760 eis,
3081 702 3138 748 ut
3167 695 3307 751 Deus
3343 713 3535 766 opere-

1954 784 2040 827 tur
2069 775 2120 827 in
2159 777 2255 830 eis.
2308 776 2670 836 Exliibcamus
2717 781 2795 835 eis
2841 782 3038 836 bonam
3068 784 3419 851 voluntatem,
3466 787 3533 840 de
3595 837 3602 842 .

1951 880 2056 932 qua
2103 883 2201 921 nos
2226 883 2512 936 possumus
2540 873 2742 927 habere
2784 859 3106 942 mercedem,
3139 878 3536 949 scientes-quo-

1952 955 2095 1008 niam
2128 957 2178 1010 in
2211 969 2505 1028 conspectu
2551 961 2645 1015 Dei
2676 964 2918 1032 quisquis
2947 963 3015 1020 de
3057 983 3286 1021 numero
3326 968 3533 1037 pncde.

1951 1047 2272 1102 stinatorum
2303 1049 2480 1121 fuerit,
2515 1068 2620 1107 non
2651 1056 2866 1122 peribit,
2894 1066 2950 1111 et
2979 1058 3031 1110 in
3073 1059 3318 1114 omnibus
3343 1061 3534 1115 volun-

1952 1148 2034 1193 tas
2077 1139 2470 1210 Omnipotentis
2516 1145 2844 1214 implebitur,
2893 1157 2950 1201 ut
2993 1165 3090 1219 per
3121 1153 3346 1218 gratiam
3399 1153 3531 1208 salvi

1954 1234 2101 1297 tiant,
2157 1243 2214 1288 et
2255 1237 2584 1304 agnitionem
2613 1240 2870 1305 veritatis,
2925 1242 3150 1299 Domino
3175 1245 3531 1312 illuminante,

1952 1327 2266 1395 percipiant.

2024 1413 2112 1468 l8.
2154 1414 2270 1470 Pnn
2322 1421 2572 1472 omnibus
2627 1421 2859 1476 studium
2912 1425 3082 1491 gerite
3137 1427 3304 1484 libros
3356 1433 3528 1485 saucii

1954 1507 2228 1574 Augustini
2253 1523 2392 1577 quos
2423 1511 2488 1564 ad
2531 1511 2854 1582 Prosperum
2904 1525 2958 1569 et
3004 1517 3263 1574 Hilarium
3295 1524 3530 1592 scripsit,

1953 1597 2263 1652 memoratis
2283 1597 2535 1654 fratribus
2557 1601 2808 1668 legendos
2840 1605 3099 1671 ingerere.
3125 1607 3362 1674 Quorum
3383 1628 3535 1667 men-

1953 1686 2153 1739 tionem
2185 1687 2354 1741 beata'
2385 1691 2658 1745 memoriae
2704 1692 3012 1759 Hormisda,
3037 1698 3180 1752 sedis
3222 1700 3543 1774 apostolum

1916 1770 2216 1844 gloriosus
2264 1781 2506 1848 antistes,
2543 1782 2595 1837 in
2652 1786 2878 1853 epistola
2926 1785 3086 1856 quam
3135 1792 3433 1846 consulenti
3473 1771 3543 1847 se
3617 1834 3619 1836 -

253 1863 406 1919 dicat
432 1861 616 1917 diéens
660 1880 672 1916 :
706 1860 807 1926 Qui
836 1864 1005 1933 {actus
1034 1873 1111 1916 est
1149 1865 1195 1916 ei
1226 1881 1293 1918 ex
1333 1867 1526 1919 semine
1567 1865 1734 1920 David
1761 1885 1845 1921 sc-
1882 1881 1924 1941 Β
1950 1876 2138 1924 sancto
2182 1869 2328 1924 fratri
2358 1875 2839 1945 consacerdotique
2882 1888 3070 1934 nostra
3115 1879 3418 1937 Possessori
3447 1899 3536 1938 rc-

254 1956 484 2009 cundum
513 1956 721 2022 carnem
746 1992 761 2017 ,
812 1956 897 2023 qui
925 1954 1328 2025 prwdestinatus
1359 1965 1436 2009 est
1467 1956 1636 2010 Filius
1665 1957 1763 2011 Dei
1793 1959 1845 2011 in

255 2049 464 2113 virtute,
496 2025 776 2101 secundum
815 2046 1070 2116 Spiritum
1116 2047 1552 2117 sanctificationis
1595 2049 1771 2122 (Rom.
1806 2066 1841 2112 ι,

259 2138 335 2202 3,
383 2135 460 2207 4).
512 2135 765 2206 Quisquis
810 2150 940 2205 ergo
989 2136 1430 2206 prscdestinatum
1474 2136 1745 2194 Christum
1793 2149 1848 2194 et

257 2235 481 2281 sanctos
503 2226 621 2295 ejus
647 2233 830 2294 negat,
861 2226 1214 2295 apostolicam
1243 2225 1400 2282 fidem
1426 2243 1713 2297 perversus
1743 2245 1844 2299 op-

258 2321 485 2390 pugnat.
515 2317 713 2373 Omnes
751 2327 932 2373 autem
975 2308 1339 2389 prmdestinati
1370 2321 1470 2390 ipsi
1510 2330 1673 2386 sunt,
1709 2337 1847 2391 quos

259 2410 378 2463 vult
408 2411 549 2465 Deus
575 2410 753 2464 salvos
783 2409 920 2477 fieri,
951 2418 1006 2465 et
1027 2409 1094 2464 ad
1125 2411 1455 2480 agnitionem
1485 2413 1728 2466 veritatis
1751 2429 1842 2468 ve-

259 2504 400 2558 nire.
429 2502 530 2570 Qui
561 2511 848 2574 propterea
876 2518 1064 2558 omnes
1088 2503 1355 2562 dicuntur.
1385 2505 1510 2574 quia
1542 2504 1594 2558 in
1619 2512 1846 2572 utroque

258 2614 415 2663 sexu,
459 2613 524 2652 ex
555 2597 704 2652 omni
744 2597 1020 2652 hominum
1068 2611 1303 2665 genere,
1353 2596 1543 2664 gradu,
1584 2605 1744 2651 tctate
1793 2605 1844 2652 et

258 2689 574 2745 conditione
601 2687 893 2741 salvantur.
928 2687 1154 2756 Scmtier
1179 2687 1379 2757 quippe
1410 2689 1570 2760 275
1598 2688 1848 2743 voluntas

261 2780 360 2835 Dei
386 2779 772 2849 omnipotentis
805 2777 1075 2846 impletur,
1107 2777 1232 2845 quia
1260 2786 1500 2847 potestas
1525 2778 1642 2847 ejus
1668 2779 1844 2833 nulla-

258 2881 421 2926 tenus
445 2870 679 2924 vincitur
709 2886 724 2922 :
759 2869 874 2938 ipse
921 2877 1003 2922 est
1027 2868 1169 2922 enim
1193 2869 1290 2936 ‘qui
1329 2869 1505 2922 omnia
1533 2886 1847 2942 quacunque

257 2961 413 3016 voluit
438 2962 558 3032 fecit
582 2962 635 3013 in
665 2960 790 3014 creto
817 2969 866 3013 et
891 2961 1134 3024 interra,
1167 2961 1219 3014 in
1248 2962 1383 3014 mari
1421 2969 1471 3014 et
1508 2963 1561 3014 in
1611 2963 1846 3016 omnibus
1919 2973 1924 2978 '

259 3051 462 3124 abyssis
515 3051 688 3125 (Psal.
721 3057 937 3120 cxxxw,
976 3041 1054 3121 6),
1098 3060 1152 3105 et
1180 3051 1333 3121 cujus
1375 3054 1640 3107 voluntati
1683 3069 1846 3109 nemo

239 3143 479 3197 resistit.
513 3141 711 3196 Verum
758 3157 990 3211 namque
1021 3150 1105 3196 est
1131 3141 1277 3212 quod
1308 3143 1374 3198 de
1414 3159 1473 3198 se
1504 3152 1732 3200 testatus
1764 3154 1847 3200 est

1950 1961 2180 2028 scripsit,
2215 1977 2338 2016 cum
2364 1977 2558 2032 magno
2580 1968 2848 2034 prmconio
2877 1971 3153 2025 catholica:
3196 1973 3367 2029 laudis
3392 1974 3536 2029 inse-

1951 2053 2075 2105 ruit.
2107 2053 2271 2122 Cujus
2299 2056 2413 2110 hzce
2442 2058 2605 2111 verba
2628 2067 2752 2112 sunt
2783 2078 2806 2112 ε»
2826 2059 3141 2116 De-arbitrio
3174 2075 3350 2118 tamen
3373 2064 3532 2119 libero

1949 2153 1998 2194 et
2023 2145 2193 2213 gratia
2218 2143 2314 2197 Dei
2323 2147 2478 2216 ,quid
2511 2147 2767 2212 Rontana,
2795 2152 2888 2203 hoc
2909 2160 2991 2204 est
3013 2154 3267 2208 catholica
3293 2151 3534 2225 seqttatur

1949 2245 1996 2287 et
2019 2245 2179 2290 servet
2210 2237 2468 2300 Ecclesia,
2501 2241 2617 2294 licet
2637 2243 2696 2318 in
2719 2245 2876 2297 variis
2899 2243 3042 2298 libris
3072 2247 3206 2300 beati
3234 2244 3531 2320 Augustini,

1949 2339 1997 2381 et
2026 2331 2248 2384 maxime
2289 2331 2357 2384 ad
2388 2333 2706 2401 Prosperum
2743 2346 2792 2388 et
2811 2334 3090 2391 .flilarium
3141 2339 3346 2410 abunde
3372 2346 3534 2409 possit

1950 2423 2190 2490 agnosci,
2243 2430 2415 2476 tamen
2463 2433 2509 2478 et
2546 2426 2600 2478 in
2639 2427 2846 2480 scriniis
2879 2429 3240 2484 ecclesiasticis
3286 2438 3533 2503 expresso

1949 2513 2176 2580 capitula
2197 2516 2542 2570 continentur.
2729 2573 2734 2575 _

2024 2603 2108 2656 l9.
2152 2604 2276 2660 Haec
2313 2607 2514 2675 itaque,
2565 2609 2896 2665 dilectissimi
2927 2611 3138 2678 fratres,
3191 2615 3555 2685 interrogas-3

1952 2694 2091 2749 tibus
2119 2696 2272 2750 vobis
2311 2698 2548 2753 breviter
2592 2702 2862 2755 communi
2894 2704 3160 2778 voluimus
3202 2707 3533 2776 respondere

1952 2788 2231 2858 rescripto.
2259 2788 2523 2845 Cicterum
2567 2807 2704 2847 unus
2731 2808 2796 2848 ex
2827 2795 3000 2860 nobis,
3047 2796 3099 2848 in
3130 2805 3392 2866 quantum
3423 2797 3532 2853 Do-

1953 2881 2124 2956 minus
2152 2881 2320 2936 servis
2349 2882 2460 2937 suis
2489 2884 2621 2938 recti
2649 2885 2874 2952 gratiam
2905 2885 3153 2954 dignatur
3182 2887 3386 2943 donare
3414 2904 3531 2942 scr—

1952 2972 2142 3037 monis,
2175 2971 2278 3026 illis
2308 2974 2575 3038 omnibus,
2600 2989 2722 3043 quae
2759 2985 3090 3031 memoratos
3121 2977 3311 3033 fratres
3341 2979 3532 3033 adver-

1949 3079 2039 3117 sus
2085 3065 2310 3131 gratiam
2352 3073 2408 3119 et
2455 3065 2979 3134 prmdestinationetn
3036 3069 3197 3138 276
3235 3069 3574 3142 ,intimastis_

1950 3156 2032 3209 vel
2071 3156 2291 3220 sentire,
2323 3156 2406 3208 vel
2444 3156 2644 3220 dicere,
2697 3155 2866 3210 tribus
2913 3156 3061 3212 libris
3085 3169 3267 3212 vestro
3312 3160 3532 3214 nomine

256 3233 441 3316 Filius,
474 3232 600 3301 quia
627 3247 765 3301 quos
788 3233 904 3287 vult
923 3233 1157 3289 viviticat
1187 3243 1245 3300 tl;
1277 3235 1401 3304 quia
1433 3237 1484 3290 in
1511 3235 1843 3293 vivificandis

1949 3247 2209 3306 dedicatis
2237 3246 2263 3284 ιδ
2286 3246 2569 3302 sufficienti
2601 3247 2965 3318 disputatione
2994 3250 3298 3320 respondit;
3335 3252 3535 3320 quiqu.)

151 3395 164 3407 .
258 3309 460 3378 nullum
489 3324 698 3380 initium
749 3324 999 3378 humanas
1043 3325 1336 3378 voluntatis
1384 3336 1697 3396 exspectat,
1748 3328 1842 3382 sed

257 3416 426 3486 ipsam
457 3415 786 3470 voluntatem
814 3415 1010 3468 bonam
1039 3415 1286 3470 faciendo
1314 3416 1568 3471 vivillcat.

331 3504 419 3559 16.
460 3503 576 3570 Hoc
605 3506 657 3558 in
687 3503 999 3572 majoribus.
1032 3503 1288 3574 Parvulos
1329 3515 1528 3571 autem,
1566 3508 1618 3561 in
1649 3507 1845 3576 quibus
1923 3525 1926 3527 λ

257 3599 488 3654 necdum
512 3605 693 3666 potest
716 3598 856 3651 bona
880 3597 1131 3652 voluntas
1159 3589 1295 3662 fieri,
1321 3599 1488 3653 solius
1511 3599 1696 3668 gratiae
1717 3599 1843 3655 facit

259 3688 577 3758 operatione
615 3686 843 3743 salvari.
884 3685 1133 3740 Liberum
1175 3703 1305 3741 vero
1352 3690 1652 3753 arbitrium,
1698 3691 1842 3759 quod

229 3777 357 3834 ‘f‘uit
383 3778 439 3832 in
467 3778 642 3849 primo
670 3777 889 3831 homine
915 3793 1104 3831 sanum
1132 3788 1257 3832 ante
1286 3788 1586 3848 peccatum,
1621 3796 1763 3835 nunc
1791 3782 1843 3835 in

230 3875 234 3879 “
260 3871 383 3926 filiis
411 3870 503 3926 Dei
533 3861 750 3940 propria
780 3870 995 3939 quidem
1025 3870 1337 3924 infirmitate
1381 3873 1706 3938 concutitur,
1749 3875 1842 3927 sed

257 3945 463 4031 majore
489 3961 654 4016 divini
677 3961 916 4016 muneris
939 3961 1110 4028 gratia
1125 3961 1455 4016 sublevatur.
1481 3961 1840 4028 Quaestione!"

257 4069 386 4111 vero
415 4054 841 4118 animarum,aut
870 4054 1086 4127 tacitam
1110 4047 1368 4108 debemus
1396 4053 1723 4123 relinquere,
1749 4065 1844 4108 aut

259 4148 371 4202 sine
399 4147 768 4224 contentione
795 4154 1030 4200 tractare
1057 4163 1082 4224 g:
1109 4146 1232 4216 quia
1281 4145 1394 4201 sive
1439 4161 1506 4200 ex
1549 4146 1843 4215 propagine

259 4239 493 4303 veniant,
535 4238 649 4292 sive
696 4221 848 4291 ndvae
891 4221 1114 4304 singulis
1152 4238 1470 4307 corporibus
1517 4237 1678 4302 flant,
1697 4237 1842 4307 quod

259 4338 562 4385 sanctarum
609 4328 1008 4399 Scripturarum
1057 4330 1352 4384 auctoritas
1402 4345 1509 4384 non
1560 4329 1843 4384 manifeste

260 4419 607 4490 pronuntiat,
657 4434 780 4473 cum
828 4419 1039 4475 cautela
1099 4419 1262 4474 debet
1314 4420 1554 4490 inquir'r',
1607 4421 1844 4475 maxime

261 4511 398 4579 quod
427 4511 543 4565 sine
570 4510 692 4565 ﬁdei
738 4504 1065 4566 detrimento
1108 4521 1288 4582 potest
1336 4529 1372 4566 a~
1413 4514 1660 4568 fidelibus
1689 4516 1842 4583 igso-

1949 3340 2205 3394 adversus
2249 3339 2382 3394 duos
2431 3340 2596 3396 libros
2635 3341 2816 3396 Fausti
2864 3341 3004 3397 Galli
3039 3353 3061 3381 ο
3110 3350 3317 3413 septem
3369 3343 3536 3398 libros

1949 3432 2111 3487 edidit
2146 3447 2321 3500 :quos
2361 3448 2484 3487 eum
2514 3433 2918 3499 recensueritis,
2959 3435 3262 3502 agnoscatis
3291 3436 3536 3504 protinus

1948 3525 2396 3593 quemadmodum
2449 3527 2732 3580 memorati
2776 3525 2957 3581 Fausti
2988 3536 3291 3582 commenta
3320 3528 3535 3582 veritati

1949 3615 2239 3678 contraria,
2266 3607 2544 3673 catholicae
2592 3614 2712 3670 fidei
2744 3617 2959 3685 penitus
3002 3618 3238 3683 inimica,
3274 3607 3536 3674 discussit»

1949 3708 2201 3776 prodidit,
2244 3708 2384 3760 rati‘o
2433 3707 2715 3761 manifesta
2746 3709 3327 3773 convicit,.auctoritas
3355 3708 3532 3763 divina

1947 3801 2283 3869 compressit,
2314 3808 2370 3853 ct
2399 3800 2815 3868 praecedentium
2863 3799 3082 3857 Patrum
3106 3817 3344 3857 consona
3375 3819 3533 3873 pror-

1948 3908 2039 3947 sus
2067 3891 2343 3946 attestatio
2373 3889 2689 3946 confutavit.
3066 3945 3070 3950 ,

2017 3983 2102 4036 20.
2147 3983 2438 4054 Speramus
2467 3991 2645 4035 autem
2678 3983 2730 4036 in
2779 3983 3025 4047 Domino,
3065 3982 3318 4050 quoniam
3347 3983 3534 4050 gratia:

1947 4089 2055 4128 suae
2079 4074 2150 4127 ita
2180 4072 2473 4128 subsidium
2519 4073 2794 4143 largietur,
2840 4081 2896 4126 ut
2934 4081 2990 4127 et
3015 4074 3151 4127 bene
3180 4073 3531 4127 sentientibus

1946 4163 2145 4221 sancta:
2165 4165 2401 4220 scientia:
2431 4163 2455 4200 ⁴
2482 4165 2681 4220 tribuat
2709 4173 3071 4236 augmentum,
3106 4172 3165 4222 et
3189 4164 3344 4218 aliter
3369 4179 3530 4239 quam

1946 4267 2161 4330 oportet
2181 4258 2524 4314 credentibus
2549 4259 2714 4314 donet
2747 4259 2985 4316 veritatis
3027 4257 3380 4327 agnoscenda:
3401 4256 3534 4314 sub-

1947 4351 2156 4405 sidium.
2189 4350 2308 4420 Ipse
2331 4351 2481 4422 enim
2520 4349 2644 4408 facit
2687 4350 2871 4422 gratia:
2917 4366 3026 4404 sua:
3067 4335 3354 4419 participes
3394 4364 3534 4421 quos

1879 4460 1916 4516 χ
1945 4441 2345 4512 prmdestinavit
2392 4441 2458 4494 ad
2485 4441 2672 4504 vitam,
2731 4449 2790 4494 ut
2837 4441 2889 4493 in
2927 4441 3175 4494 omnibus
3221 4440 3377 4494 bonis
3421 4440 3533 4494 suis

1947 4537 2191 4592 humana:
2220 4533 2496 4590 arbitrium
2526 4534 2817 4587 voluntatis
2844 4534 3026 4600 gratia:
3065 4533 3159 4588 Dei
3202 4533 3486 4602 subjiciunt
3511 4550 3539 4596 ;;

239 4601 382 4654 τετί-
411 4599 546 4655 “Iud
577 4601 840 4670 praecipue
866 4601 1269 4662 Observandum
1295 4612 1380 4657 es"
1419 4613 1474 4658 εί
1517 4607 1849 4672 ῑθηθ¹¹ί¹¹¹¹ηέ
1877 4628 1915 4683 Ι)
1947 4634 2000 4680 et
2029 4627 2098 4679 ab
2129 4624 2373 4695 ipsosibi
2421 4633 2746 4692 cognoscant
2784 4599 3111 4679 descendere
3140 4599 3314 4678 omne
3347 4625 3544 4682 datum:

262 4695 590 4750 nascentium
631 4695 980 4764 parvulorum
1022 4696 1228 4749 animas
1259 4712 1402 4750 nexu
1430 4699 1641 4766 peccati
1673 4699 1839 4774 origi—

262 4785 391 4841 nalis
416 4776 670 4841 obstricta
682 4803 726 4854 ξ,
752 4787 1107 4855 omnibusque
1129 4789 1490 4842 necessarium
1523 4805 1641 4845 esse
1668 4793 1839 4846 sancti

261 4875 597 4948 baptismatis
635 4885 1063 4942 sacramentum,
1095 4893 1202 4946 quo
1244 4877 1566 4947 dirumpitur
1596 4881 1707 4950 (al;
1755 4883 1839 4936 di—

261 4969 525 5039 mittitur)
553 4969 761 5038 peccati
789 4968 1062 5036 originalis
1090 4968 1386 5028 vinculum,
1440 4977 1496 5023 et
1540 4973 1734 5026 amissa
1784 4973 1836 5027 in

261 5064 430 5134 primo
483 5063 701 5126 homine
762 5078 858 5133 per
912 5063 1205 5118 secundum
1259 5063 1532 5118 hominem
1583 5067 1839 5136 recipitur

263 5155 475 5225 adoptio
505 5154 752 5209 filiorum.
836 5214 844 5217 _
1147 5171 1150 5173 λ
1187 5167 1192 5170 ’

331 5245 413 5297 l7.
456 5245 566 5300 Vos
593 5245 809 5321 itaque,»
841 5244 1172 5301 dilectissimi
1218 5245 1433 5310 fratres,
1485 5261 1580 5316 per
1608 5249 1836 5316 gratiam

263 5336 353 5393 Dei
377 5344 552 5392 estote
579 5337 797 5390 stabiles
828 5344 885 5390 et
926 5337 1256 5402 immobiles;
1284 5353 1347 5392 ac
1375 5344 1626 5393 tenentes
1654 5355 1834 5398 veram

263 5422 439 5494 fidem,
487 5425 752 5480 exhibete
782 5423 1216 5482 fratribusaliter
1252 5425 1608 5484 sentientibus
1637 5429 1836 5482 carita-

264 5524 398 5580 tem;
430 5532 530 5571 nec
558 5516 625 5570 de
655 5515 835 5584 aliquo
863 5515 1163 5584 desperctis
1184 5555 1199 5580 ,
1229 5517 1352 5585 quia
1381 5517 1471 5586 qui
1502 5517 1662 5573 hodie
1694 5521 1836 5574 veri-

329 5679 350 5708 ⁸
384 5671 589 5743 Absunt
615 5671 731 5724 hate
757 5669 1025 5743 abcditis,
1059 5671 1177 5743 quia
1197 5669 1440 5741 quosvult
1466 5671 1706 5743 uiuiﬁcat.
1732 5670 1836 5743 ben

265 5750 452 5880 gugtur
478 5742 528 5794 in
573 5757 699 5796 mss.
755 5741 940 5804 tritus,
973 5741 1025 5794 in
1072 5741 1297 5810 quorum
1341 5756 1446 5794 uno
1476 5742 1700 5795 habetur
1740 5742 1832 5810 ju-

266 5814 323 5865 sti
364 5822 464 5864 (at.

364 5828 464 5864 (αι.

227 5947 253 5979 .
331 5882 354 5920 ⁵
387 5881 695 5950 Fulgentius
742 5882 890 5936 libris
939 5881 1005 5936 de
1034 5881 1272 5937 Veritate
1315 5883 1476 5948 prrcd.
1533 5892 1582 5938 et
1621 5883 1826 5948 gratia:~

1948 4721 2314 4788 optimum,.et
2357 4732 2516 4770 omne
2561 4717 2758 4770 donum
2807 4716 3134 4786 perfectum;
3168 4718 3339 4772 sciant
3368 4717 3530 4771 etiam

1946 4814 2012 4871 ab
2041 4812 2157 4884 ipso
2185 4810 2604 4878 exspectandum
2645 4809 2859 4880 semper
2887 4811 3173 4874 auxilium,
3207 4811 3296 4881 qui
3328 4809 3546 4879 prtech

1944 4904 2157 4960 stinatis
2187 4898 2296 4956 suis
2325 4911 2378 4955 et
2406 4901 2630 4968 gratiam
2675 4908 2729 4955 ct
2770 4903 3222 4971 perseverantiam
3253 4901 3453 4966 donat,,
3473 4909 3541 4954 ut-

1950 4997 2173 5065 gratiam
2205 5012 2303 5066 pro
2330 4996 2527 5063 gratia,
2559 4995 2758 5049 donum
2790 4995 2914 5049 vita:
2959 4995 3210 5065 perennis
3242 4995 3527 5067 accipiant.

2386 5111 2541 5180 277
2574 5107 2915 5168 EPISTOLA.
2942 5107 3097 5174 xw,

1942 5218 2038 5256 εευ
2067 5218 2217 5259 LIBER
2245 5217 2402 5260 PETRI
2431 5218 2727 5262 DlACONIJZT
2752 5217 2981 5261 ALIDRUI
2997 5216 3081 5263 ρυι
3113 5217 3162 5253 lii
3185 5216 3349 5254 CAUSA
3388 5215 3530 5257 FIDE]

2086 5290 2117 5326 Α
2147 5288 2346 5327 ΟΒᾸ-Ζϐιδ
2374 5289 2440 5326 EX
2471 5289 2700 5328 Ollll-ZNTE
2732 5288 2908 5326 ROIAM
2940 5287 3069 5325 HISSI
3099 5286 3364 5324 FUERUNT.

1946 5362 2022 5420 De
2053 5361 2423 5422 [incarnatione
2446 5361 2706 5416 etxﬁratia
2742 5362 2952 5416 Domini
2988 5363 3150 5415 nostri
3175 5359 3303 5415 Iesu.
3335 5360 3544 5418 Christi

2135 5433 2212 5492 adi
2230 5432 2559 5505 Fulgentium
2598 5445 2646 5487 et
2674 5434 2806 5486 alios
2835 5433 3338 5504 episcoposAfricw.

2018 5523 2254 5579 Dominis
2283 5524 2634 5579 sanctissimis
2655 5533 2851 5577 etcum
2873 5523 3018 5577 omni
3053 5524 3402 5579 veneratione
3422 5539 3530 5580 no-

2020 5687 2041 5711 ε
2074 5675 2216 5731 ldcm
2247 5677 2394 5732 libris
2423 5683 2607 5732 contra
2641 5667 2914 5726 Faustum.

2015 5745 2038 5781 ἀ
2073 5747 2245 5802 Verba
2293 5749 2419 5814 hmo,
2473 5741 3252 5810 sancta"sciettlitt',,atltltH|lttr
3292 5745 3342 5800 in
3394 5760 3522 5804 mss.

1944 5815 2120 5871 δεῖ.
2911 5837 2920 5846 -
3003 5855 3008 5858 .
