4108 6462
599 369 705 425 μδ

1562 361 1621 425 εξ
1662 366 2091 425 ΡυιοΕΝΤιυδ
2129 362 2496 420 EPISCOPUS
2526 361 2914 421 RUSPENSIS.
2950 405 2965 420 .

3782 369 3897 421 ιιι

602 477 1152 542 ηιίιιπιιὰὶς,,υλτιλιω
1190 491 1228 544 ',
1261 482 1616 542 Formano,
1650 482 1896 544 Annulo,
1926 480 2187 541 Onoarto,
2223 483 2270 540 Α
2300 491 2451 541 nem,
2496 487 2613 531 erat
2641 477 2744 531 illis
2781 477 3003 532 forsitan
3033 493 3141 532 non
3173 479 3543 548 improbabilis
3569 495 3777 544 sermo,
3818 497 3894 535 si-

605 551 805 625 ljosro,
824 549 1146 625 Pacemne,
1182 548 1443 625 «μεωειιο
1469 559 1521 604 et
1547 552 1755 625 caeteris
1775 551 2042 625 episcopis
2060 549 2184 602 etin

602 619 798 675 Christi
812 615 1151 674 confessione
1172 622 1459 681 decoratis,
1475 620 1651 685 exigui
1678 615 1891 675 Penios
1907 615 2188 685 diaconus,
2252 658 2259 663 .

603 688 856 752 Joannes,
881 688 1164 753 Lsonrtus,
1191 692 1326 744 alios
1350 689 1596 753 Joannes,
1627 698 1681 744 et
1710 691 1889 744 caueri
1923 688 2114 742 fratres
2140 689 2188 741 in

603 776 769 815 causa
797 760 917 814 ﬁdei
947 759 1174 813 Romam
1197 761 1407 815 directi.

675 849 856 905 Cum
892 866 928 904 t.
973 848 1261 904 Contentus
1289 849 1642 904 Ecclesiarum
1669 851 1725 903 in
1754 849 1876 918 ﬁde,
1908 849 2190 918 con/irrua-

607 941 683 999 n‘o
699 940 952 1010 ﬁdelium.
976 971 1046 983 --
1065 939 1110 991 l.
1139 938 1281 996 Utile
1305 949 1360 995 et
1381 941 1863 1010 pernecessarium,
1885 940 2193 1008 sanctisque

609 1031 707 1089 Dei
754 1029 1009 1089 Eeclesiis
1060 1030 1365 1101 specialiter
1411 1031 1678 1086 credimus
1724 1028 2080 1099 profuturum,
2128 1044 2192 1083 ea

608 1137 730 1191 quae
755 1121 825 1177 de
843 1120 1218 1177 incarnatione
1231 1130 1285 1176 et
1306 1122 1706 1190 dispensatione
1725 1121 1902 1176 divina
1915 1121 2193 1175 nobiscum

610 1213 872 1274 universas
898 1218 1096 1267 sanctae
1132 1210 1480 1271 Orientalium
1515 1211 1770 1268 Ecclesia:
1804 1221 1989 1267 contra
2019 1211 2192 1266 lucre-

611 1307 749 1362 ticos
775 1306 1066 1361 defendunt
1095 1306 1207 1375 (qui
1238 1306 1416 1375 pravis
1445 1314 1501 1361 et
1526 1307 1724 1376 iniquis
1745 1307 2073 1373 argumentis
2092 1321 2193 1359 an-

612 1397 812 1464 tiquam
842 1394 1094 1451 Ecclesia:
1131 1393 1289 1450 ﬁdem
1314 1396 1613 1466 inquietare
1644 1412 1751 1472 non
1771 1396 2047 1463 cessant),
2077 1410 2196 1449 san-

610 1486 780 1541 ctitati
825 1494 1016 1540 vestra:
1043 1499 1333 1553 suggerere
1360 1495 1523 1556 atque
1545 1486 1613 1541 de
1643 1486 1727 1540 his
1751 1501 2070 1541 consensum
2100 1499 2194 1540 ve-

610 1581 734 1627 stra:
760 1572 1108 1628 beatitudinis
1132 1573 1447 1643 suppliciter
1468 1575 1786 1643 promereri.
1807 1573 1942 1640 Quia
1964 1574 2017 1627 in
2047 1573 2194 1629 nullo

609 1673 852 1721 sanctam
891 1663 1291 1732 gloriasamque
1333 1663 1727 1720 confessionem
1761 1675 1991 1721 vestram
2021 1665 2193 1719 credi—

611 1769 733 1808 mus
759 1752 1046 1807 dissentire
1087 1760 1144 1817 b,
1174 1755 1469 1822 pncsertim
1502 1772 1621 1810 eum
1653 1771 1761 1811 uno
1785 1757 1979 1825 ubique
2002 1757 2192 1826 spiritu

2298 568 2625 621 mulantihus
2656 568 3010 636 interrogare,
3037 568 3126 623 ubi
3164 578 3248 624 est
3275 569 3328 623 in
3367 570 3705 624 humanitate
3761 587 3895 639 pcr-

2296 654 2634 711 feetioi‘aut
2685 656 2958 725 quomodo
3012 658 3309 712 substantia
3363 668 3548 713 nostra
3600 660 3897 716 subsistit?

2295 744 2561 810 Quoniam
2582 761 2713 801 vero
2741 755 2796 801 et
2818 746 3078 816 perfectio
3106 763 3225 816 qua:
3252 749 3306 802 in
3336 749 3672 805 humanitate
3696 762 3813 819 est,
3836 763 3897 806 et

2295 836 2543 889 essentia:
2572 845 2772 891 nostra:
2802 837 3164 893 manifestatio
3193 839 3338 893 illata
3376 847 3460 893 est
3481 878 3496 900 ,
3528 856 3627 909 per
3656 840 3711 894 id
3730 845 3897 910 quod

2294 923 2495 979 dictum
2542 935 2626 979 est
2681 927 2954 981 incarnala
2978 966 2995 991 ,
3025 927 3137 995 jam
3186 929 3433 983 desinant
3464 929 3561 1001 (al.
3600 931 3896 1000 deserant)

2295 1020 2650 1076 arundineam
2676 1024 2879 1090 virgam
2902 1020 3116 1077 sibimet
3142 1031 3526 1092 supponentcs.
3564 1044 3597 1077 ι

2365 1113 2495 1167 Car.
2518 1130 2591 1167 ιιι.
2627 1113 2787 1168 Beata
2823 1113 2982 1186 Virgo
3010 1114 3216 1185 proprie
3245 1112 3341 1169 Dei
3364 1114 3646 1169 Μαίη-,σ-
3671 1115 3726 1169 4.
3749 1116 3897 1171 Bea-

2297 1212 2406 1255 tam
2435 1218 2564 1256 vero
2594 1202 2868 1270 Virginem
2896 1202 3119 1258 Mariam
3156 1218 3263 1258 non
3306 1213 3532 1274 propter
3565 1205 3899 1272 dignitatem

2295 1292 2529 1347 hominis
2578 1293 2719 1347 illius
2745 1294 2837 1364 qui
2864 1308 2932 1349 ex
2962 1294 3077 1364 ipsa
3107 1302 3265 1348 natus
3303 1302 3388 1348 est
3418 1295 3603 1364 (quem
3631 1298 3823 1365 gratia
3843 1306 3899 1350 et

2295 1397 2403 1436 non
2434 1391 2624 1437 natura
2666 1383 2833 1437 Deum
2859 1384 3077 1454 quidam
3118 1385 3279 1454 impie
3323 1386 3615 1454 prmdicare
3638 1403 3755 1442 non
3789 1403 3899 1442 me-

2297 1474 2475 1544 tuunt)
2494 1515 2508 1539 ,
2531 1474 2625 1530 sed
2656 1476 2875 1544 proprie
2896 1484 2951 1530 et
2978 1474 3273 1539 secundum
3300 1479 3580 1531 veritatem
3608 1477 3897 1532 dedimus

2293 1567 2531 1622 θεοτόκον
2556 1606 2573 1631 ,
2606 1566 2659 1620 id
2687 1574 2772 1621 est
2813 1565 2906 1621 Dei
2935 1565 3260 1628 Genitricem
3287 1609 3303 1634 ,
3333 1582 3400 1622 eo
3423 1566 3569 1635 quod
3605 1570 3895 1637 peperisti

2294 1671 2420 1712 vere
2448 1665 2505 1710 et
2550 1656 2767 1725 proprie
2796 1656 2964 1710 Deum
2995 1656 3235 1712 Verbum
3261 1657 3595 1713 incarnatum
3636 1665 3694 1712 et
3714 1658 3894 1713 homi-

2293 1764 2414 1804 nem
2445 1747 2841 1817 factum,atque
2861 1750 3223 1804 essentialiter
3248 1750 3361 1804 sive
3391 1750 3715 1805 naturaliter
3735 1754 3893 1806 carni

610 1851 857 1898 sanctam
893 1840 989 1896 Dei
1019 1840 1312 1898 Ecclesiam
1343 1845 1579 1912 vegetari
1612 1845 1833 1900 minime
1866 1845 2189 1900 dubitemus.
2224 1866 2270 1923 Β
2298 1841 2524 1895 unitum.

611 1932 727 1989 Non
756 1932 898 1987 enim
931 1947 1095 2002 parva
1119 1970 1134 1997 ,
1166 1934 1275 1987 imo
1314 1934 1494 2002 potius
1533 1949 1724 2004 magna
1752 1935 1937 1990 hetitia
1964 1937 2196 1991 universi

614 2022 967 2093 replebontur
994 2022 1291 2077 Orientales
1309 2067 1322 2090 ,
1353 2025 1398 2078 si
1425 2026 1765 2080 sanctitatem
1793 2034 2023 2081 vestram
2052 2016 2195 2092 suis,

615 2115 724 2167 imo
752 2113 922 2181 magis
943 2113 1223 2169 catholicis
1251 2115 1503 2170 noverint
1533 2115 1585 2169 in
1619 2115 1867 2173 omnibus
1895 2119 2200 2173 consentire

615 2204 980 2275 dogmatibus.

684 2291 740 2348 2.
771 2289 923 2346 Unde
960 2292 1275 2362 suppliciter
1302 2291 1536 2362 petimus
1572 2303 1628 2349 et
1656 2295 2000 2351 obsecramus
2026 2296 2197 2352 beati-

618 2382 862 2443 tudinem
884 2390 1139 2449 vestram,
1171 2391 1436 2450 quatenus
1457 2383 1695 2453 diligenti
1718 2385 2115 2440 examinatione
2136 2401 2199 2440 ea

618 2487 737 2541 qua:
761 2470 982 2525 inferius
1007 2472 1352 2525 continentur
1372 2472 1717 2528 discutientes
1748 2476 1830 2544 (ut
1855 2475 2009 2530 decet
2031 2476 2198 2531 veris-

564 2598 569 2607 ι
620 2563 784 2618 simos
837 2568 892 2614 et
939 2561 1236 2630 intrepidos
1263 2561 1464 2617 Christi
1511 2564 1912 2633 prrdicatorcs)
1939 2608 1957 2633 ,
1989 2568 2202 2636 scriptis

620 2651 943 2718 sententiam
986 2660 1222 2706 vestram
1249 2652 1404 2707 nobis
1445 2654 1750 2724 patefacere
1773 2655 2006 2725 iubeatis
2048 2669 2068 2695 ε
2099 2677 2112 2710 :
2146 2667 2203 2713 ut

623 2746 691 2813 si,
746 2745 856 2799 Deo
897 2751 1209 2814 prmstante,‘
1254 2744 1537 2800 catholicae
1589 2745 2103 2813 lidei_conveniens,
2149 2757 2204 2803 et

623 2834 933 2904 apostolicis
980 2832 1354 2889 traditionibus
1390 2843 1577 2890 nostra
1616 2836 1760 2906 apud
1784 2853 1880 2892 vos
1906 2839 2066 2908 (sicut
2096 2854 2201 2893 non

623 2925 931 2996 difﬁdimus)
976 2925 1138 2981 fuerit
1178 2927 1444 2997 expositio
1485 2930 1870 2998 comprobata,
1896 2930 2147 2999 perfacile
2177 2931 2200 2967 δ

625 3028 896 3075 tantorum
921 3021 1087 3092 278
1113 3019 1371 3085 virorum,
1405 3020 2008 3090 probatissimorumque
2036 3037 2207 3076 sacer-

624 3111 811 3168 dotum
856 3112 1180 3184 auctoritate
1227 3112 1417 3166 muniti
1445 3155 1461 3180 ,
1511 3112 1692 3184 iniqua
1732 3114 2065 3183 loquentium
2108 3130 2204 3171 ora

626 3202 909 3259 obstruere
950 3203 1242 3269 valeamus,
1289 3211 1348 3258 et
1393 3205 1447 3258 in
1486 3203 1591 3260 ﬁde
1632 3214 1939 3261 sanctorum
1985 3203 2204 3259 Patrum
2233 3234 2278 3295 Ο

629 3306 1054 3368 perseverantes,
1081 3295 1209 3357 Deo,
1239 3295 1333 3363 qui
1360 3310 1457 3350 vos
1484 3294 1859 3350 tesanctimonii
1881 3295 1963 3348 sui
1991 3293 2205 3348 confes-

629 3384 780 3440 sione
808 3383 1147 3452 gloriﬁeavit,
1191 3384 1391 3452 gratias
1416 3382 1731 3452 referamus,
1760 3383 1962 3438 domini
1991 3384 2212 3437 sanctis-

629 3474 750 3530 simi
778 3483 842 3529 etv
861 3473 970 3529 Deo
999 3473 1309 3542 dignissimi.
1348 3473 1499 3527 Nunc
1525 3488 1587 3527 ea
1616 3487 1735 3543 qua:
1763 3482 2057 3542 sequuntur
2084 3473 2201 3527 dili-

628 3566 839 3634 gentius
869 3565 1099 3634 petimus
1120 3564 1432 3633 cxploretis.

698 3656 827 3713 Car.
854 3672 910 3712 u.
954 3655 1017 3710 In
1049 3654 1256 3710 Christo
1279 3655 1397 3709 dua:
1418 3665 1638 3720 naturae,
1670 3657 1782 3709 sine
1808 3657 2126 3727 confusione,
2153 3657 2204 3711 in

629 3762 782 3799 suam
810 3761 1081 3815 personam
1111 3746 1289 3799 unita}.
1319 3771 1388 3783 ——
1430 3744 1484 3798 ὅ.
1517 3743 1682 3813 Igitur
1711 3745 1862 3813 juxta
1893 3754 2200 3800 sanctorum

630 3826 866 3890 Patruin'
922 3836 1307 3900 traditionem,
1381 3835 1664 3889 Dominum
1726 3843 1969 3890 nostrum
2026 3833 2206 3889 Jesum

629 3929 895 3987 Christum
924 3928 975 3984 in
1023 3928 1229 3983 duabus
1259 3928 1464 3985 naturis
1513 3927 1673 3982 unitis
1709 3937 1762 3983 et
1810 3927 2118 3993 inconfusis,
2155 3926 2206 3981 id

548 4018 553 4019 ί
629 4028 715 4078 est
763 4019 1058 4075 divinitatis
1104 4028 1159 4074 et
1197 4019 1541 4074 humanitatis
1564 4058 1578 4083 ,
1624 4019 1678 4073 in
1704 4035 1808 4073 una
1840 4035 2067 4089 persona
2097 4021 2207 4074 sive

620 4100 972 4167 subsistentia
1034 4110 1051 4148 ι
1106 4109 1445 4165 conﬁtemur.
1499 4109 1609 4165 Nec
1658 4109 1762 4164 illis
1809 4110 2207 4178 tit-quiescentes

629 4200 719 4269 qui
760 4214 918 4252 unam
948 4197 1041 4252 Dei
1069 4198 1229 4252 Verbi
1261 4206 1508 4253 naturam
1545 4199 1875 4252 incarnatam
1913 4197 2207 4267 pr.edican-

630 4300 729 4357 tes,
768 4289 1090 4346 venerabilis
1127 4289 1583 4345 Chalcedonensis
1618 4288 1832 4344 concilii
1877 4288 2033 4343 ﬁ.lem
2064 4286 2208 4342 refu-

630 4384 780 4453 giunt
801 4424 815 4447 ,
850 4398 950 4438 nec
978 4382 1100 4439 illos
1126 4382 1472 4437 admittentes
1496 4385 1583 4449 qui
1611 4381 1744 4436 duas
1774 4391 1990 4435 naturas
2020 4379 2229 4449 dolose~

630 4473 1072 4545 pronuntiantes,
1103 4488 1261 4526 unam
1287 4472 1380 4527 Dei
1410 4472 1571 4527 Verbi
1602 4481 1844 4526 naturam
1874 4472 2204 4529 incarnatam

630 4564 848 4627 minime
870 4563 1226 4631 conﬁtentur,
1251 4564 1576 4619 :rstimantes
1604 4565 1704 4618 hoc
1730 4564 1951 4619 duarum
1984 4574 2203 4619 natura-

630 4670 745 4710 rum
767 4653 1085 4724 professioni
1107 4656 1434 4711 contrarium
1453 4674 1465 4709 :
1496 4656 1644 4725 quasi
1669 4656 1865 4726 aliquid
1882 4657 2023 4712 aliud
2046 4674 2207 4727 quam

629 4746 762 4802 duas
806 4756 1021 4801 naturas
1068 4746 1407 4802 incﬁ'abililer
1436 4748 1639 4811 unitas,
1672 4765 1775 4801 una
1801 4748 1891 4813 Dci
1928 4752 2074 4804 verbi
2108 4766 2202 4803 na-

630 4846 749 4894 tura
781 4836 1053 4892 incarnata
1080 4834 1342 4905 signiﬁcet
1366 4879 1381 4905 ,
1413 4838 1570 4891 beato
1607 4836 1803 4907 Cyrillo
1834 4838 2204 4893 Alexandrinae

632 4927 862 4982 civitatis
889 4926 1126 4981 antistite
1155 4927 1206 4980 in
1238 4926 1465 4981 secunda
1483 4927 1707 4996 cpistola
1737 4938 1759 4974 ε
1792 4928 1857 4981 ad
1889 4929 2205 4984 Successum

633 5018 944 5088 episcopum
970 5017 1286 5071 Diocesaria:
1314 5017 1382 5069 ita
1407 5018 1678 5072 scribente
1710 5038 1721 5071 :
1746 5038 1762 5069 ι
1797 5016 1851 5071 Si
1882 5019 2022 5073 enim
2049 5037 2206 5074 unam

631 5116 877 5163 naturam
906 5106 1147 5161 dicentes
1184 5106 1279 5160 Dei
1308 5107 1465 5161 Verbi
1494 5148 1508 5171 ,
1541 5109 1890 5163 tacuisscmus
1938 5096 2043 5163 non
2077 5108 2210 5164 infe-

632 5209 814 5255 rentes
838 5190 1192 5263 incarnatam,
1224 5199 1317 5253 sed
1346 5199 1484 5253 velut
1508 5199 1819 5269 abjicieutes
1847 5200 2209 5271 dispensatio-

704 5354 731 5397 ⁸η
761 5355 907 5420 AnL,
939 5357 1189 5411 Diacono.

710 5435 734 5461 °
765 5425 886 5487 31s.,
918 5427 1290 5498 gloriosamque
1321 5428 1693 5498 confessionem
1733 5428 1984 5480 credimus
2015 5431 2213 5482 dissen-

635 5496 750 5547 tire.
924 5496 927 5497 ⁷
1210 5496 1217 5498 ⁷
1422 5496 1429 5498 ⁷
1638 5506 1641 5507 ⁷

764 5563 883 5648 his"
918 5567 1147 5648 pateﬁeri
1161 5567 1407 5648 jubealis.

714 5629 738 5667 "
769 5632 861 5687 Sic
880 5629 1002 5698 nis.,
1034 5629 1338 5693 'editi‘vero
1358 5677 1372 5702 ,
1394 5650 1446 5694 et
1475 5638 1647 5763 facile.
2072 5682 2083 5687 μ

714 5712 735 5735 ·
763 5701 921 5763 Ε-Ιίιί.
970 5706 1055 5763 qui
1095 5722 1207 5760 nos.
1251 5707 1356 5762 Sed
1384 5725 1470 5763 me
1494 5709 1575 5763 ius
1603 5706 1813 5762 videtur
1861 5707 2004 5763 quod
2057 5707 2083 5761 ιι

656 5760 659 5763 _
711 5712 735 5735 ο
763 5701 921 5776 Ε-Ιίιῇ,
970 5706 1055 5774 qui
1095 5722 1207 5760 nos.
1251 5701 1365 5762 Sed
1384 5701 1575 5771 melius
1603 5706 1813 5762 videtur
1861 5707 2004 5776 quod
2057 5707 2217 5762 habet

642 5787 742 5827 ius.
761 5813 777 5838 ,
806 5774 893 5840 qui
925 5791 1040 5837 vos;
1075 5776 1197 5843 quia
1226 5779 1507 5847 episcopos
1536 5776 1856 5847 compellant
1881 5774 2087 5832 exsilio
2114 5794 2216 5850 pro

2236 4608 2290 4667 D

2370 1933 2420 1986 5.
2480 1931 2773 2004 Propterea
2821 1936 2981 1990 etiam
3030 1935 3370 1990 essentialem
3415 1937 3531 2004 sire
3578 1937 3889 1993 naturalem

2298 2024 2491 2080 factam
2514 2033 2822 2081 naturarum
2845 2025 3138 2079 unitiouem
3166 1998 3491 2082 omnimodis
3518 2027 3887 2095 conﬁtemur,

2300 2129 2406 2171 non
2436 2116 2577 2169 sicut
2599 2114 2674 2169 illi
2700 2116 2791 2183 qui
2813 2123 3063 2183 tanquam
3085 2116 3138 2169 in
3167 2118 3448 2187 propheta,
3480 2118 3552 2172 ita
3582 2119 3640 2173 in
3668 2119 3890 2175 Christo

2301 2202 2468 2259 Deum
2503 2204 2739 2259 Verbum
2763 2202 2790 2241 ¹λ
2821 2205 3128 2274 inoperasse
3147 2205 3498 2261 contendunt.
3530 2206 3683 2273 Quos
3708 2208 3891 2263 redar-

2299 2297 2412 2364 guit
2438 2297 2626 2352 beatus
2653 2296 2945 2366 Gregorius
2971 2298 3335 2355 Nazianzenus
3354 2300 3420 2354 ad
3447 2299 3785 2368 Clidonium,
3814 2304 3889 2357 di-

2301 2403 2429 2442 cens
2466 2406 2475 2438 :
2507 2406 2527 2438 ι
2563 2387 2620 2442 Si
2648 2388 2767 2456 quis
2795 2389 2933 2442 sicut
2961 2389 3014 2442 in
3046 2389 3308 2458 propheta
3335 2391 3631 2445 secundum
3658 2393 3889 2459 gratiam

2302 2477 2432 2532 dicit
2463 2477 2776 2547 inoperasse
2823 2478 2988 2533 Deum
3019 2478 3279 2546 Verbum,
3309 2488 3364 2534 et
3394 2497 3499 2536 non
3525 2481 3887 2535 essentialitrr

2303 2564 2496 2621 iactant
2518 2564 2808 2623 conﬁtetur
2836 2568 3151 2632 unitiouem,
3184 2569 3254 2623 sit
3279 2554 3476 2624 vacuus
3504 2570 3749 2625 melioris
3775 2571 3890 2624 ino-

2304 2658 2602 2727 peratioris
2620 2696 2634 2721 ,
2670 2658 2837 2725 magis
2864 2667 3042 2715 autem
3069 2659 3263 2729 plenus
3290 2661 3359 2715 sit
3387 2661 3693 2716 deterioris.
3734 2681 3757 2713 ι
3786 2661 3887 2716 Nec

2305 2748 2444 2802 sicut
2473 2748 2548 2802 illi
2598 2749 2690 2817 qui
2720 2748 3012 2804 secundum
3056 2750 3503 2821 ‘illustrationem,
3531 2763 3625 2807 aut
3652 2753 3888 2809 dilectio-

2306 2853 2447 2903 nem,
2490 2847 2581 2892 aut
2610 2837 2971 2908 aifectionem,
3000 2842 3336 2909 personalem
3355 2883 3369 2908 ,
3396 2842 3479 2896 vel
3507 2842 3885 2898 subsistentia-

2305 2930 2434 2998 lem,
2456 2932 2568 2985 sive
2595 2932 2887 2987 secundum
2913 2933 3313 3000 auctoritatem,
3330 2943 3423 2989 aut
3452 2937 3773 3005 potentiam,
3798 2946 3886 2991 aut

2305 3021 2661 3089 aequalitatem
2687 3022 2932 3087 honoris,
2959 3023 3251 3080 unitiouem
3288 3034 3499 3080 tentant
3519 3035 3766 3082 astruere
3796 3044 3885 3083 na—

2308 3122 2568 3169 turarum.
2594 3113 2741 3179 Quos
2770 3113 2929 3184 paulo
2958 3116 3200 3184 superius
3220 3127 3551 3172 memoratus
3577 3117 3773 3175 beatus
3796 3119 3884 3190 Cy-

2308 3203 2457 3259 rillus
2503 3206 2923 3260 anathematizat
2959 3205 3143 3261 dicens
3179 3205 3579 3279 (Anni/tentatis.
3612 3209 3671 3275 '5)
3696 3218 3884 3265 contra

2310 3294 2612 3350 Nestorium
2649 3313 2662 3348 :
2699 3314 2716 3347 ι
2740 3295 2796 3350 Si
2822 3297 2942 3364 quis
2968 3297 3021 3351 in
3051 3313 3159 3353 uno
3185 3298 3402 3353 Christo
3423 3299 3612 3353 dividit
3639 3293 3887 3377 substahg

2312 3387 2412 3441 tias
2454 3397 2575 3456 post
2607 3388 2902 3444 unitiouem
2936 3388 2981 3455 ί,
3009 3388 3124 3444 sola
3148 3405 3244 3445 eas
3270 3392 3533 3446 societate
3562 3403 3888 3449 connectens
3940 3382 3945 3389 ’

2308 3476 2599 3532 secundum
2629 3478 2968 3546 dignitatem,
2999 3480 3161 3551 279
3196 3482 3605 3558 auctoritatem,
3657 3491 3751 3537 aut
3803 3500 3876 3553 po

2312 3566 2555 3631 tentiam,
2575 3576 2632 3622 et
2652 3584 2759 3624 non
2789 3570 2961 3637 magis
2986 3570 3420 3639 eonjunctionem
3450 3587 3571 3640 quas
3597 3581 3682 3626 est
3699 3588 3884 3628 secum

2309 3658 2434 3713 dum
2467 3658 2723 3716 unitatem
2742 3662 3063 3725 naturalem,
3087 3662 3370 3716 anathema
3401 3663 3490 3717 sit.
3529 3683 3547 3714 ι
3576 3663 3716 3720 Deus
3742 3665 3882 3719 enim

2312 3745 2545 3801 Verbum
2573 3790 2588 3813 ,
2619 3764 2727 3804 non
2757 3749 2976 3803 nomine
3004 3764 3206 3813 vacuo,
3239 3765 3346 3803 non
3375 3750 3641 3819 particula
3663 3753 3769 3815 sui,
3799 3752 3885 3806 sed

2309 3844 2503 3890 natura
2530 3835 2669 3892 Deus
2689 3845 2867 3891 tantus
2888 3846 3120 3906 quantus
3148 3844 3203 3890 et
3232 3834 3391 3891 Pater
3411 3847 3514 3902 est,
3545 3841 3884 3909 mqualispcr

2309 3928 2490 3982 omnia
2518 3926 2680 3992 Patri,
2706 3938 2902 3999 prmter
2929 3929 3030 3984 hoc
3059 3929 3427 3984 tantummodo
3452 3930 3596 4000 quod
3616 3930 3886 3985 ille'Pater

2309 4026 2410 4083 est,
2437 4019 2537 4073 iste
2560 4018 2752 4084 Filius,
2785 4027 2988 4073 natura:
3016 4034 3075 4074 se
3104 4020 3350 4074 humanm
3373 4021 3582 4086 aniens,
3615 4023 3789 4077 factus
3805 4030 3886 4075 est

2309 4111 2492 4166 homo.
3844 4178 3849 4181 Ἴ

2380 4202 2432 4259 ﬁ.
2466 4202 2598 4257 i‘linc
2624 4203 2788 4256 etiam
2814 4218 2845 4256 a
2868 4202 3065 4257 sanctis
3094 4202 3341 4256 l’atribus
3363 4203 3691 4259 adunatione
3711 4219 3781 4257 ex
3806 4203 3880 4256 di-

2312 4295 2534 4349 vinitate
2561 4304 2616 4349 et
2644 4293 3229 4351 liumanitateChristus
3258 4292 3514 4348 Dominus
3542 4303 3728 4349 noster
3748 4310 3882 4349 cont.

2309 4386 2514 4456 positus
2536 4386 2874 4455 pricdicatur.
2906 4385 3056 4453 Quod
3086 4385 3275 4440 nolens
3298 4385 3491 4439 Paulus
3506 4384 3880 4440 Samosatenus

2309 4474 2601 4543 conﬁteri,
2654 4477 2936 4531 damnatus
2990 4485 3072 4530 est
3126 4477 3194 4531 ab
3243 4477 3582 4530 Antiocheno
3631 4475 3878 4538 concilio,

2312 4566 2610 4621 Malchione
2632 4566 2942 4637 presbytero
2968 4566 3206 4634 ejusdem
3236 4566 3583 4621 Antiochente
3610 4563 3876 4626 Ecclesia.

2315 4657 2429 4710 viro
2460 4671 2555 4725 per
2578 4657 2757 4709 omnia
2807 4655 3198 4719 eruditissimo,
3231 4665 3284 4709 et
3312 4656 3379 4708 ab
3410 4654 3674 4709 universis
3701 4670 3871 4709 sacer-

2312 4745 2525 4800 dotibus
2573 4746 2663 4814 qui
2714 4754 2904 4800 contra
2952 4744 3199 4801 eumdem
3257 4733 3480 4799 Paulum
3526 4750 3880 4800 convenerant

2312 4843 2438 4891 tunc
2463 4835 2669 4900 electo;
2696 4836 2785 4906 qui
2824 4850 3090 4889 summum
3138 4835 3515 4905 disputationis
3542 4844 3813 4889 certamen
3850 4849 3878 4887 a

2312 4928 2539 4983 concilio
2568 4936 2865 4981 memorato
2911 4928 3237 4996 suscipiens,
3293 4929 3365 4981 ita
3403 4927 3649 4982 eumdem
3679 4924 3881 4982 lucreti-

2311 5035 2428 5072 cuin
2454 5019 2593 5072 inter
2620 5028 2809 5073 caetera
2844 5018 3134 5085 redarguit,
3156 5019 3340 5074 dicens
3369 5039 3380 5072 :
3414 5040 3430 5070 ι
3462 5019 3540 5073 Ex
3562 5019 3881 5089 simplicibus

2313 5109 2369 5163 ﬁt
2397 5120 2541 5165 certe
2571 5112 2927 5179 compositum
2954 5151 2967 5175 ,
3000 5112 3139 5165 sicut
3168 5112 3219 5165 in
3269 5110 3478 5165 Christo
3501 5109 3632 5165 lcsu
3657 5152 3672 5177 ,
3704 5110 3793 5181 qui
3819 5122 3880 5163 ex

2314 5204 2423 5258 Deo
2469 5203 2644 5258 Verbo
2674 5212 2729 5256 et
2769 5203 3004 5258 hutnano
3035 5219 3282 5273 corpore,
3309 5203 3452 5271 quod
3482 5211 3565 5257 est
3590 5215 3656 5257 ex
3685 5201 3880 5257 semine

2318 5358 2511 5431 Christi
2535 5360 2810 5431 divinitate
2839 5359 3119 5431 gloriosos.
3231 5428 3257 5431 ,ί
3336 5429 3361 5431 ,_
3416 5428 3423 5431 Α
3487 5429 3497 5431 _
3672 5430 3679 5431 ί
3814 5396 3819 5397 ν

2396 5428 2413 5466 ί
2445 5430 2601 5496 Editi,
2622 5429 2823 5485 Lovan.
2844 5427 2934 5485 an.
2968 5429 3123 5494 1556,
3155 5439 3205 5482 et
3230 5428 3384 5482 Basil.
3415 5428 3621 5484 habent
3637 5430 3742 5483 sire
3769 5427 3879 5481 sub-

2318 5503 2529 5555 stantia.

2394 5580 2417 5617 !
2450 5568 2571 5625 Haec
2595 5571 2757 5625 verba
2779 5573 2832 5625 in
2853 5570 3077 5625 secunda
3113 5569 3358 5638 epistola,
3390 5569 3582 5624 absunt
3604 5570 3671 5624 ab
3702 5570 3877 5631 editis,

2319 5640 2566 5707 leguntur
2588 5641 2641 5695 in
2670 5656 2769 5696 ms.
3464 5686 3469 5690 .

2391 5709 2414 5746 ⁵³
2445 5709 2522 5764 Ita
2550 5725 2683 5776 tns.;
2707 5719 2763 5764 at
2781 5710 2928 5774 edd.,
2958 5711 3167 5777 Domini
3205 5708 3441 5764 Verbum.

2401 5780 2413 5816 ί
2448 5779 2612 5847 Εᾱίιί,
2632 5790 2749 5848 post
2779 5783 3059 5845 unitatem;
3086 5797 3209 5846 ηις,
3232 5790 3344 5847 rost
3373 5783 3671 5835 unitiouem.
