4108 6464
166 369 316 427 ω

1130 368 1332 423 PETRI
1372 366 1640 456 DIACONI
1684 364 1882 420 ιιΒειι
1920 362 2052 420 εει)
2096 363 2447 434 EPISTULA,
2488 366 2622 423 XVI.
2688 364 2703 370 ’

3362 367 3482 426 48

193 489 406 556 David,
438 489 892 553 unusm

1905 482 2329 539 I—l“
2354 500 2586 554 p—
2608 501 2833 550 α,
2858 488 3398 554 Μσωε,
3427 500 3480 544 et

194 586 394 655 aliqua
421 626 434 649 ,
466 581 561 639 sed
594 581 799 635 unitate
828 579 1146 634 subsistens.
1180 577 1257 631 Tu
1286 593 1418 632 vero
1444 576 1641 632 videris
1666 576 1797 629 mihi

195 674 507 731 secundum
553 672 657 727 hoc
703 670 847 726 nolle
895 668 1341 738 compositionem
1394 667 1569 732 fateri,
1603 674 1659 720 ut
1689 680 1797 720 non

194 766 512 822 substantia
538 764 607 818 sit
636 763 688 815 in
720 777 787 816 eo
817 760 985 815 Filius
1015 760 1140 824 Dei,
1181 760 1278 813 sed
1307 758 1568 827 sapientia
1607 772 1799 811 secuti-7

198 859 346 912 dum
375 854 865 925 participationem.
899 851 1013 906 lloc
1039 852 1182 905 enim
1210 849 1412 917 dixisti,
1432 849 1556 918 quia
1586 848 1798 918 sapien-

197 950 282 1003 tia
307 946 645 1017 dispendium
673 945 935 1014 patiatur,
968 952 1025 997 et
1053 942 1172 996 ideo
1201 940 1501 1011 composita
1536 954 1659 995 esse
1689 954 1795 993 non

197 1039 407 1110 possit,
437 1052 538 1092 nec
558 1037 769 1104 cogitas
802 1036 945 1104 quod
971 1034 1149 1089 divina
1180 1033 1445 1103 sapientia
1473 1034 1615 1088 sicut
1643 1040 1799 1085 antc~

196 1145 374 1200 quam
414 1143 474 1184 se
510 1128 882 1191 exinanisset,
924 1126 1238 1181 indiminuta
1270 1125 1591 1195 permansit;
1644 1125 1714 1177 ita
1744 1129 1801 1177 et

173 1222 265 1274 ‘in
312 1220 417 1273 hac
445 1218 815 1273 esinanitione
841 1232 1002 1286 quam
1036 1216 1202 1284 gessit
1228 1214 1646 1269 misericorditer
1667 1254 1680 1276 ,
1714 1213 1796 1266 in-

196 1310 475 1365 diminuta
505 1319 667 1376 atque
697 1306 1093 1362 indemulahilis
1136 1305 1363 1359 exstitit.
1414 1304 1478 1357 Et
1507 1304 1610 1358 hoc
1637 1304 1800 1357 etiam

195 1401 367 1463 dicis,
393 1400 537 1469 quod
563 1400 823 1469 sapientia
862 1399 1130 1453 habLtaret
1156 1398 1211 1451 in
1240 1412 1317 1451 eo
1332 1396 1473 1451 sicut
1494 1396 1803 1450 habitamus

199 1504 262 1548 et
316 1508 417 1548 nos
445 1493 499 1546 in
541 1490 790 1546 domibus
812 1532 828 1557 ,
855 1499 917 1544 ut
944 1491 1082 1544 alter
1134 1490 1189 1545 in
1227 1490 1401 1545 altero
1423 1499 1469 1556 ⁸,
1501 1491 1595 1546 sed
1626 1504 1801 1561 neque

204 1598 343 1654 pars
369 1583 565 1637 domus
586 1598 685 1639 nos
708 1597 919 1646 sumus,
952 1596 1051 1635 nec
1081 1581 1247 1636 nostri
1271 1595 1396 1651 pars
1424 1581 1617 1636 domus
1644 1590 1746 1637 est.
1776 1600 1795 1633 ι

202 1676 474 1733 Similiter
501 1674 663 1730 etiam
693 1674 884 1729 beatus
912 1673 1239 1727 Athanasius
1268 1672 1526 1727 in.libello
1549 1671 1702 1740 cujus
1721 1682 1803 1727 est

214 1767 431 1829 titulus,
455 1764 605 1830 Quod
648 1781 781 1819 unus
809 1766 876 1818 sit
905 1762 1165 1832 Christus,
1191 1764 1567 1819 haereticorum
1594 1764 1803 1820 vanita-

1901 583 2129 629 mortem
2156 588 2319 630 carne
2348 585 2616 644 gustasse,
2650 575 2954 646 tactumque
2981 578 3392 647 primogenitum
3416 597 3481 635 ex

1902 669 2156 733 mortuis,
2199 668 2489 723 secundum
2518 668 2662 738 quod
2700 677 2790 724 est
2819 671 2925 724 vita
2954 677 3009 725 et
3036 670 3331 726 viviticator
3361 681 3482 725 tan-

1900 776 2059 830 quam
2088 761 2249 828 Deus,
2282 761 2566 816 anathema
2606 763 2695 818 sit.
3022 772 3027 777 ‘

1970 854 2022 909 9.
2051 854 2312 909 Similiter
2338 857 2500 909 etiam
2529 856 2797 911 hominem
2828 856 3100 923 Christum
3121 857 3347 914 dicimus
3360 858 3486 913 Ver-

1856 996 1869 1007 ,
1902 951 2052 1014 hum,
2082 946 2375 1002 secundum
2425 947 2553 1001 illud
2598 946 2741 1001 beati
2788 946 3008 1002 Joannis
3042 966 3053 1000 :
3089 947 3238 1014 Quod
3287 948 3385 1019 fuit
3419 947 3484 1003 ab

1898 1040 2064 1104 initio,
2115 1038 2249 1109 quod
2278 1038 2567 1092 audii-imus
2591 1079 2605 1103 ,
2635 1038 2771 1110 quod
2812 1038 3030 1092 vidimus
3067 1039 3230 1093 oculis
3260 1040 3479 1102 nostris,

1899 1131 2034 1202 quod
2062 1130 2430 1200 perspeximus,
2463 1138 2511 1183 et
2558 1146 2744 1183 manus
2790 1140 2984 1185 nostra
3024 1139 3375 1184 tractaverunt
3412 1131 3477 1185 de

1910 1220 2075 1275 Verbo
2108 1223 2222 1275 rita:
2251 1219 2304 1289 (1
2326 1219 2482 1275 Joan.
2515 1238 2550 1283 ι,
2588 1221 2607 1272 l
2623 1228 2658 1289 ).
2677 1221 2860 1291 Neque
2882 1223 3026 1276 enim
3050 1221 3285 1279 Verbum
3300 1238 3492 1279 secun—

1903 1310 2030 1365 dum
2077 1306 2292 1366 deitatis
2316 1326 2424 1365 sum
2465 1319 2708 1364 naturam
2758 1313 2975 1366 tractari
3018 1313 3190 1381 potuit
3240 1314 3486 1382 manibus

1902 1401 2181 1467 humanis,
2213 1398 2315 1453 nisi
2358 1397 2511 1453 fieret
2538 1398 2719 1452 homo.
2762 1398 2857 1453 Est
2909 1400 3068 1453 etiam
3099 1401 3285 1469 procul
3320 1400 3485 1457 dubio

1904 1509 2039 1564 puer
2067 1493 2158 1547 ille
2181 1506 2342 1560 quem
2370 1492 2531 1546 beata
2552 1490 2715 1559 Virgo
2744 1493 2949 1558 genuit,
2989 1506 3149 1559 quem
3175 1492 3366 1562 pannis
3399 1493 3487 1547 in-

1903 1584 2091 1649 volvit,
2118 1596 2278 1651 quem
2300 1581 2353 1635 in
2377 1580 2642 1650 pnesepio
2670 1580 2979 1647 collocavit,
3004 1584 3162 1649 quem
3184 1590 3374 1636 octavo
3400 1580 3488 1637 die

1902 1672 2259 1738 circumcidit,
2300 1687 2461 1741 quem
2506 1671 2727 1727 Simeon
2757 1672 2839 1726 vir
2880 1670 3058 1740 justus
3098 1673 3329 1742 propriis
3374 1688 3488 1727 am-

1905 1764 2153 1835 plexatus
2207 1771 2293 1819 est
2331 1763 2570 1832 gremiis,
2621 1776 2781 1831 quem
2830 1761 3131 1830 subjectum
3182 1764 3491 1832 parentibus

204 1870 324 1915 tem
352 1858 612 1924 refutans,
636 1867 921 1928 postquam
951 1857 1019 1911 de
1047 1857 1165 1910 Filii
1195 1857 1290 1911 Dei
1317 1857 1598 1912 divinitate
1628 1856 1804 1925 inqui-
1836 1860 1881 1919 Β
1907 1854 2250 1922 evangelista:
2296 1852 2556 1917 referunt,
2589 1868 2751 1923 quem
2792 1852 3087 1923 profecisse
3114 1862 3275 1908 :etate
3302 1862 3358 1908 et
3398 1844 3488 1909 sa-

202 1951 439 2005 sitiones
467 1966 654 2005 eorum
696 1947 998 2018 superﬂuas
1019 1950 1394 2018 approbasset,
1423 1949 1495 2002 ita
1519 1948 1800 2018 prosequi-

203 2048 338 2093 tur:
379 2059 395 2090 ι
420 2038 541 2107 Sic,
572 2040 763 2109 inquit,
796 2039 959 2093 etiam
980 2038 1048 2092 de
1076 2038 1452 2093 lncarnatione
1481 2039 1801 2108 inquirunt:

206 2127 531 2195 Quomodo,
579 2129 855 2198 inquiunt,
887 2129 1195 2183 incarnatur
1219 2128 1392 2181 Deus?
1420 2129 1692 2197 quomodo
1718 2130 1801 2183 in-

204 2224 568 2291 co’rporatur?
585 2222 857 2292 quomodo
886 2222 1227 2289 componitur
1254 2220 1323 2274 ad
1341 2235 1561 2289 parvum
1588 2237 1804 2292 corpus-

204 2310 393 2369 culum
424 2310 741 2379 incapabilis
754 2298 1071 2378 iquomodo
1102 2309 1566 2363 uniturinereatus
1593 2319 1802 2376 creato,

206 2400 711 2469 incircumscriptus
778 2399 1219 2468 circumscripto?
1271 2408 1366 2453 aut
1427 2400 1700 2468 quomodo
1748 2400 1801 2454 in

206 2501 396 2559 partes
435 2505 664 2559 magnus
693 2490 783 2544 ille
808 2532 821 2552 ,
868 2497 924 2544 et
950 2491 1270 2555 immensus,
1301 2499 1356 2545 et
1388 2491 1723 2546 individuus?
1744 2491 1800 2546 Si

204 2588 392 2633 autem
415 2580 725 2647 magnitudo
755 2580 843 2633 illa
866 2582 919 2634 in
941 2594 1106 2650 parvo
1131 2582 1248 2635 loco
1276 2590 1552 2637 contracta
1582 2593 1682 2646 est,
1710 2592 1803 2637 aut

206 2685 436 2740 parvum
478 2669 606 2723 illud
643 2669 841 2724 factum
872 2678 956 2724 est
984 2684 1232 2738 magnum
1255 2662 1281 2735 ,'
1305 2680 1397 2725 aut
1419 2687 1540 2741 pars
1563 2712 1578 2738 ,
1608 2684 1664 2726 et
1692 2688 1802 2726 non

206 2762 391 2815 omnis
409 2760 660 2816 divinitas
679 2761 827 2815 carni
859 2761 1006 2815 unita
1033 2769 1137 2824 est,
1165 2761 1311 2830 quod
1334 2770 1419 2815 est
1448 2761 1672 2830 impium
1693 2778 1807 2816 cre-

206 2853 362 2907 dere.
396 2851 462 2906 Et
492 2853 725 2922 prolapsi
774 2862 903 2907 sunt
932 2869 998 2908 ex
1046 2854 1150 2908 hoc
1197 2854 1342 2922 quol
1388 2853 1576 2909 dicunt
1608 2873 1620 2907 :
1654 2854 1800 2921 Quo-

211 2944 400 3007 modo,
431 2952 488 2998 et
509 2937 657 3015 quali
706 2944 980 3000 modo?et
1017 2960 1125 3014 qua
1175 2946 1444 2999 sententia
1485 2953 1540 2999 et
1581 2946 1801 3015 perlidia

210 3038 380 3092 etiam
408 3038 497 3093 isti
523 3046 579 3093 et
607 3038 1052 3093 inhabitatiouem
1080 3053 1180 3108 pro
1201 3038 1572 3093 incarnatione
1599 3038 1801 3107 opinati

211 3130 472 3201 (operati)
493 3138 637 3194 sunt,
659 3139 711 3185 et
735 3146 833 3200 pro
865 3131 1093 3197 unitate,
1121 3137 1178 3183 et
1204 3130 1596 3199 Compositione
1625 3130 1807 3199 inope-

1903 1946 2103 2015 pientia
2138 1944 2286 2016 (Luc.
2320 1959 2358 1999 ιι
2379 1986 2394 2011 ,
2425 1942 2516 2013 5‘2)
2547 1951 2918 2013 protestantur
2942 1985 2958 2011 ,
2987 1952 3177 1998 natura
3207 1944 3368 2007 Deus,
3394 1959 3493 2014 per

1903 2051 2063 2105 quem
2094 2033 2233 2090 facta
2261 2042 2387 2089 sunt
2414 2034 2594 2089 omnia
2625 2034 2850 2088 visibilia
2881 2042 2936 2088 et
2961 2034 3273 2100 invisibilia,
3299 2036 3490 2105 unige-

1904 2128 2049 2182 nitus
2075 2134 2131 2181 et
2158 2124 2564 2196 primogenitus,
2586 2125 2637 2178 in
2658 2139 2765 2193 quo
2790 2126 2969 2180 omnia
2992 2133 3238 2181 constant
3264 2124 3488 2193 (Coloss.

1905 2235 1943 2284 ι,
1974 2213 2061 2287 l6,
2096 2219 2209 2290 l7),
2239 2216 2535 2273 secundum
2574 2217 2877 2289 apostolum
2916 2216 3163 2284 Paulum,
3191 2217 3257 2272 Et
3279 2218 3382 2275 hoc
3409 2219 3491 2289 ip‘o

1902 2326 2021 2364 sum
2051 2309 2211 2364 claris
2248 2310 2473 2365 vocibus
2501 2309 2664 2363 etiam
2704 2308 2869 2363 Isaias
2916 2309 3181 2379 propheta
3220 2318 3489 2383 protesta-

1906 2410 1991 2456 tur
2016 2401 2198 2456 dicens
2229 2419 2241 2454 :
2278 2399 2414 2453 Puer
2441 2410 2592 2454 natus
2635 2410 2710 2454 est
2754 2400 2930 2466 nobis,
2985 2411 3034 2454 et
3061 2402 3202 2471 ﬁlius
3232 2402 3383 2457 datus
3410 2411 3491 2457 est

1903 2492 2083 2559 nobis,
2129 2492 2276 2563 cujus
2323 2501 2550 2563 potestas
2583 2493 2637 2545 in
2692 2490 2902 2546 humero
2944 2491 3089 2561 ejus,
3140 2500 3188 2545 et
3228 2492 3491 2547 vocabitur

1904 2568 2080 2659 magni
2124 2587 2328 2641 consilii
2380 2586 2629 2657 Angelus,
2680 2583 3018 2639 Admirabilis
3043 2624 3059 2648 ,
3114 2576 3489 2652 Consiliarius,

1905 2678 2044 2732 Deus
2073 2680 2243 2750 fortis,
2277 2677 2604 2747 Dominator,
2639 2678 2798 2731 Pater
2820 2677 2983 2749 futuri
3007 2679 3204 2742 sreculi,
3240 2678 3487 2749 Princeps

1904 2771 2047 2840 paris
2074 2769 2211 2839 (Isa.
2240 2785 2313 2834 ix,
2344 2769 2420 2837 6).

1978 2859 2065 2913 10.
2096 2858 2161 2913 Et
2190 2858 2389 2914 idcirco
2419 2858 2870 2927 acquiescendum
2902 2859 3005 2913 illis
3033 2859 3337 2913 nullatenus
3365 2872 3487 2913 cre-

1903 2950 2098 3014 dimus,
2140 2950 2232 3018 qui
2262 2964 2431 3019 puero
2454 2949 2527 3002 illi
2557 2948 2724 3002 Deum
2757 2947 2947 3003 fortem
2971 2950 3175 3005 unitum
3206 2957 3482 3013 asserunt,

1905 3056 2003 3097 nec
2029 3040 2198 3096 Deum
2227 3038 2419 3095 fortem
2452 3040 2625 3109 ipsum
2654 3053 2774 3094 esse
2802 3054 3025 3109 puerum
3053 3039 3312 3104 credunt,
3349 3055 3487 3110 prte-

1903 3137 2088 3191 sertim
2118 3148 2239 3190 cum
2267 3147 2375 3188 non
2406 3132 2625 3187 alterius
2646 3131 2965 3199 cujuslibet,
2999 3132 3095 3187 sed
3123 3132 3240 3201 ejus
3267 3132 3497 3188 omnino

214 3224 487 3279 rationem
534 3222 848 3288 humanam,
895 3228 952 3276 et
994 3237 1092 3291 pro
1123 3235 1229 3276 una
1271 3221 1566 3274 substantia
1591 3220 1800 3275 Domini
1830 3230 1873 3290 ι]
1910 3228 2189 3291 thronum,
2218 3224 2312 3293 qui
2340 3224 2406 3279 de
2436 3222 2637 3293 Spiritu
2660 3232 2849 3277 saitcto
2878 3231 2934 3277 et
2955 3222 3119 3277 Maria
3150 3223 3368 3292 Virgine
3392 3238 3488 3278 na-

212 3313 385 3369 nostri
405 3311 532 3369 Jesu
564 3311 760 3368 Christi
787 3353 801 3373 ,
833 3312 964 3367 duas
993 3311 1364 3366 subsistentias
1408 3321 1464 3366 et
1515 3311 1649 3367 duas
1674 3327 1798 3382 per-

213 3420 400 3472 sonas,
432 3411 487 3459 et
514 3419 611 3473 pro
651 3412 837 3458 sancta
877 3413 937 3459 et
983 3402 1239 3459 ineﬂ‘abili
1267 3402 1550 3467 Trinitate,
1583 3413 1802 3473 quater-

218 3496 442 3551 nitat'cm
468 3496 781 3551 indecenter
807 3496 1264 3563 dogmatizantes,
1292 3505 1349 3550 et
1378 3496 1561 3565 impie.
1601 3516 1618 3547 ι

294 3589 349 3644 7.
382 3589 588 3642 Rursus
628 3588 816 3641 beatus
843 3585 1135 3654 Gregorius
1158 3588 1209 3640 in
1235 3601 1487 3641 sermone
1525 3587 1591 3641 de
1620 3587 1755 3643 Filio
1785 3606 1797 3641 :

223 3699 243 3730 ι
275 3678 395 3733 Uno
424 3686 622 3739 autem,
647 3677 1085 3756 inquit,capitulo
1118 3692 1259 3741 meo,
1291 3686 1351 3732 ut
1378 3677 1567 3731 altiora
1588 3678 1803 3747 quidem

216 3769 461 3826 ascribas
483 3767 745 3822 divinitati
771 3806 785 3830 ,
819 3776 875 3821 et
917 3767 990 3820 illi
1019 3775 1221 3820 natura:
1247 3782 1367 3835 qua:
1393 3768 1730 3836 passionibus
1748 3775 1804 3823 et

216 3873 449 3929 corpore
500 3857 761 3928 probatur
813 3872 934 3911 esse
980 3857 1229 3941 superior
1280 3874 1293 3908 :
1343 3857 1628 3910 humiliora
1677 3874 1802 3912 vero

217 3953 518 4023 composito
547 3950 769 4012 tribuas.
798 3950 887 4018 qui
912 3958 1133 4018 propter
1161 3957 1213 4003 te
1241 3948 1588 4017 semetipsum
1619 3949 1806 4002 exina-

218 4045 352 4098 nivit
375 4084 390 4108 ,
420 4050 474 4097 et
503 4042 810 4096 incarnatus
840 4051 939 4094 est.
981 4059 998 4090 ι
1048 4037 1181 4093 Hinc
1211 4053 1341 4107 ergo
1372 4038 1667 4093 rectissime
1696 4054 1808 4093 cre-

219 4135 410 4197 dimus,
443 4132 587 4204 quod
617 4132 807 4202 plenus
826 4140 882 4186 et
913 4131 1182 4201 perfectus
1211 4131 1352 4185 Deus
1368 4129 1621 4198 Verbum,
1644 4132 1804 4185 etiam

222 4233 344 4294 post
370 4230 695 4295 assumptam
736 4238 954 4279 carnem
1005 4223 1210 4278 nullum
1241 4231 1588 4291 augmentum
1641 4223 1802 4278 detri~

224 4324 569 4385 mentumque
587 4316 748 4386 230
769 4315 1065 4391 pertulerit,
1099 4315 1209 4370 imo
1232 4315 1475 4370 unitione
1499 4330 1594 4369 sua
1618 4314 1823 4387 ineli'ai

224 4407 383 4462 bllcm
409 4406 635 4473 gloriam
666 4406 955 4461 contulerit
980 4414 1268 4476 assumpta:
1292 4412 1520 4459 naturas.

293 4497 419 4553 Car.
451 4513 521 4551 tv.
547 4495 669 4550 Non
690 4505 765 4551 est
794 4498 933 4567 facta
956 4498 1275 4568 quaternitas
1303 4498 1357 4551 in
1384 4496 1577 4549 deitate
1601 4512 1690 4565 per
1713 4495 1806 4550 In-

1903 3328 1990 3374 tus
2010 3326 2111 3385 est,
2142 3328 2305 3387 atque
2334 3316 2388 3371 in
2416 3312 2650 3370 Jordane
2671 3329 2699 3368 a
2723 3313 2952 3380 Joanne,
2983 3323 3041 3369 ut
3072 3330 3240 3384 aquas
3259 3316 3490 3372 sanctiﬁ-

1903 3418 2053 3464 earet
2078 3452 2095 3477 ,
2122 3408 2425 3479 baptizatus
2453 3415 2535 3461 est
2576 3407 2629 3460 in
2658 3407 2912 3461 saeculum
2940 3406 3119 3461 seculi
3151 3405 3177 3444 δ
3212 3404 3492 3462 Psalmista

1904 3508 2150 3565 testetur;
2200 3498 2423 3554 dicens:
2478 3496 2713 3552 Tlirouus
2768 3507 2902 3561 tuus,
2949 3496 3108 3561 Deus,
3160 3498 3216 3550 in
3246 3496 3489 3553 sarculum

1902 3591 2109 3657 seaculi,
2135 3592 2278 3661 uirga
2307 3590 2585 3669 tenuitatis,
2618 3590 2763 3660 virga
2783 3589 2929 3659 regni
2953 3589 3060 3653 tui;
3089 3588 3319 3642 dilexisti
3327 3588 3493 3660 justi-

1906 3684 2050 3747 tiam,
2099 3692 2149 3735 et
2179 3682 2333 3735 odisti
2362 3683 2724 3752 iniquitatem;
2774 3669 3047 3751 prbpterea
3091 3682 3241 3733 unxit
3274 3691 3320 3733 te
3348 3678 3490 3735 Deus

1907 3782 2021 3826 tuus
2066 3773 2178 3826 oleo
2225 3772 2591 3827 exsultationis
2636 3787 2747 3844 pra:
2789 3770 3128 3842 participibus
3178 3773 3277 3825 tuis
3309 3770 3482 3844 (Psal.

1905 3879 2051 3930 xuv,
2085 3861 2134 3926 7,
2164 3861 2241 3932 8).
2289 3861 2574 3927 Quomodo
2601 3872 2781 3915 autem
2810 3863 2935 3930 ungi
2961 3869 3175 3931 poterat
3203 3862 3362 3924 Deus,
3395 3878 3491 3917 cn-

1901 3952 1990 4022 jus
2021 3953 2242 4006 thronos
2271 3961 2352 4005 est
2377 3952 2427 4005 in
2452 3950 2702 4005 smeulum
2731 3951 2942 4013 szeculi,
2984 3951 3084 4004 nisi
3119 3951 3272 4005 fieret
3292 3951 3497 4005 homo?

1977 4043 2107 4097 CAP.
2133 4058 2185 4094 ν.
2240 4042 2378 4094 Deus
2404 4044 2571 4112 [actus
2599 4050 2676 4095 est
2704 4041 2857 4095 homo
2879 4079 2894 4104 ,
2918 4056 3021 4093 non
3043 4040 3193 4094 homo
3222 4041 3389 4112 factus
3416 4048 3496 4093 est

1911 4132 2069 4187 Deus.
2091 4165 2161 4176 —-
2194 4132 2278 4186 ll.
2312 4131 2618 4186 Secundum
2648 4132 2785 4195 hanc
2812 4132 2942 4214 ergo
2983 4130 3257 4201 propheta:
3278 4138 3492 4185 senten-

1911 4226 2039 4280 tiam
2064 4266 2078 4290 ,
2115 4225 2256 4279 Deus
2279 4224 2449 4279 factus
2476 4231 2556 4278 est
2586 4223 2833 4278 Christus
2858 4262 2872 4286 ,
2902 4238 3013 4277 non
3044 4231 3221 4277 autem
3248 4220 3496 4278 Christus

1911 4315 2083 4389 factus
2112 4322 2194 4369 est
2226 4314 2386 4381 Deus,
2417 4314 2556 4368 sicut
2600 4313 2783 4368 dicunt
2812 4312 3050 4367 hicretici
3072 4352 3094 4377 ,
3131 4311 3222 4381 qui
3252 4327 3348 4381 per
3368 4326 3503 4381 pro-

1909 4416 2146 4471 vectum,
2180 4423 2289 4462 non
2313 4422 2409 4477 per
2430 4415 2674 4461 naturam
2694 4403 2965 4460 Christum
2997 4405 3162 4459 Deum
3188 4404 3387 4459 audent
3407 4420 3502 4457 as-

1911 4516 2094 4557 serere
2126 4517 2138 4553 :
2168 4500 2310 4554 Deus
2338 4500 2481 4553 enim
2511 4506 2703 4553 unctus
2744 4506 2826 4552 est
2849 4539 2863 4562 ,
2895 4498 3018 4568 quia
3052 4498 3164 4565 ipse
3193 4495 3365 4551 factus
3411 4506 3503 4552 est

225 4589 542 4644 earnationis
588 4590 903 4657 mysterium.
942 4617 1008 4629 —
1034 4587 1088 4642 8.
1121 4587 1234 4644 llac
1268 4588 1336 4642 de
1374 4603 1536 4643 causa
1576 4587 1809 4642 Trinitas
1839 4595 1888 4655 ι)
1912 4595 2103 4659 homo;
2130 4606 2238 4647 non
2283 4593 2426 4646 enim
2466 4592 2604 4645 alter
2628 4592 2785 4661 28]
2827 4599 2909 4644 est
2942 4589 3111 4651 Deus,
3142 4590 3280 4643 alter
3307 4578 3500 4653 homo,

226 4680 386 4733 etiam
415 4687 534 4747 post
563 4675 954 4732 lncarnationis
979 4679 1294 4748 mysterium
1325 4678 1561 4734 Trinitas
1589 4680 1809 4742 mansit,

225 4771 348 4839 quia
375 4768 512 4822 idem
552 4768 695 4823 Deus
724 4758 958 4823 verbum
982 4808 997 4833 ,
1030 4770 1193 4824 etiam
1235 4786 1360 4825 cum
1391 4773 1608 4842 propria
1646 4787 1808 4833 carne

230 4877 364 4916 unus
388 4868 474 4916 est
499 4876 565 4915 ex
590 4859 852 4916 Trinitate
877 4879 890 4914 :
911 4877 1018 4916 non
1047 4860 1194 4930 quod
1224 4877 1351 4917 caro
1374 4862 1490 4930 ejus
1508 4863 1577 4916 sit
1603 4862 1671 4917 de
1692 4863 1815 4917 sub-

228 4957 423 5012 :tautia
454 4954 763 5019 Trinitatis,
796 4957 889 5012 se.l
916 4957 1043 5025 quia
1093 4972 1223 5012 caro
1254 4956 1348 5011 Dei
1380 4957 1538 5011 Verbi
1578 4966 1689 5021 est,
1717 4960 1806 5026 qui

229 5058 308 5103 est
337 5063 473 5101 unus
496 5062 562 5101 ex
588 5046 870 5102 Trinitate.
896 5047 1017 5118 Ipse
1031 5049 1172 5103 enim
1187 5049 1431 5115 omnino,
1458 5056 1513 5102 et
1541 5064 1650 5103 non
1673 5048 1807 5103 alius

232 5139 459 5192 ascendit
480 5140 533 5192 in
561 5138 760 5206 caelum,
783 5142 868 5211 qui
885 5140 1148 5195 descendit
1177 5147 1240 5195 de
1264 5141 1408 5204 caelo,
1442 5138 1610 5193 Filius
1639 5140 1805 5194 homi-

234 5249 312 5286 nis
331 5234 415 5302 qui
446 5227 520 5285 est
547 5234 601 5286 in
617 5232 741 5287 caelo
764 5232 943 5303 (.loau.
969 5250 1042 5295 ιιι,
1072 5232 1181 5301 15).
1207 5232 1550 5302 Quapropter
1567 5241 1622 5286 et
1642 5233 1807 5287 Deum

237 5326 461 5380 \‘rrhum
489 5341 700 5395 passum
730 5340 911 5387 carne,
935 5335 992 5378 et
1019 5324 1331 5379 cruciﬁxum
1357 5339 1538 5387 carne,
1565 5333 1621 5377 et
1639 5325 1812 5392 sepul-

240 5402 343 5471 tum
393 5432 556 5472 carne
605 5415 898 5473 secundum
949 5416 1164 5469 beatum
1203 5414 1459 5485 Cyrillum
1490 5412 1809 5483 profitemur

240 5503 493 5561 dicentem
545 5505 759 5578 (Anath.
813 5505 927 5575 xui)
964 5522 975 5556 :
1015 5523 1032 5555 ι
1096 5504 1152 5558 Si
1208 5504 1326 5573 quis
1376 5521 1481 5557 non
1528 5501 1812 5557 confitetur

307 5716 327 5742 κ
360 5704 494 5761 Ειιίιί
525 5704 656 5759 Lov.
685 5713 739 5759 et
760 5702 943 5770 Dasi|.,
974 5712 1030 5755 ut
1054 5701 1186 5754 alter
1224 5702 1278 5753 in
1307 5699 1491 5753 altera.

310 5776 333 5813 ιο
363 5775 561 5831 Locum
593 5776 733 5829 hunc
762 5776 809 5827 in
843 5769 1052 5828 eansis
1081 5771 1321 5824 mutilum
1354 5769 1681 5825 restitnimns
1708 5780 1811 5834 opc

251 5863 336 5900 ms.
370 5847 646 5901 Portarum
673 5844 739 5898 ab
761 5844 841 5897 his
866 5842 1058 5908 verbis,
1094 5841 1143 5894 in
1162 5840 1400 5895 sa'ruium
1424 5839 1617 5905 sirculi,
1640 5848 1809 5905 usque

1911 4684 2005 4739 sed
2036 4683 2176 4737 idem
2207 4682 2347 4736 Deus
2373 4723 2388 4745 ,
2418 4680 2558 4735 idem
2586 4681 2769 4733 homo.
2802 4679 2900 4746 Qui
2931 4679 3074 4733 enim
3115 4678 3374 4733 naturalis
3412 4686 3502 4755 est

1913 4773 2049 4830 illius
2087 4774 2356 4843 Virginis,
2397 4773 2534 4827 idem
2581 4773 2839 4827 naturalis
2885 4781 2969 4827 est
3008 4771 3173 4827 Filius
3211 4772 3325 4826 Dei.
3367 4768 3509 4827 Ρι-οοι

1911 4877 2095 4937 pterca
2124 4875 2180 4927 et
2199 4866 2333 4920 duas
2356 4866 2662 4920 nativitates
2691 4866 2785 4919 Dei
2813 4865 2969 4919 Verbi
2996 4864 3266 4919 credimus
3285 4871 3339 4920 et
3358 4879 3503 4920 (ξοη-

1914 4959 2146 5025 tltemur,
2180 4957 2238 5011 id‘
2278 4966 2383 5023 cst,
2436 4972 2596 5010 unam
2640 4965 2764 5010 ante
2792 4956 2984 5012 sarcula
3017 4971 3051 5010 a
3098 4955 3258 5010 Patre
3307 4955 3401 5025 (at.
3440 4955 3508 5009 in.

1917 5046 2118 5115 Patre),
2143 5046 2431 5100 secundum
2461 5045 2792 5099 divinitatem
2813 5063 2834 5107 ς·
2859 5045 3089 5101 alteram-
3115 5046 3166 5098 in
3193 5043 3508 5099 novissimis.

1913 5136 2123 5200 diebus,
2150 5152 2179 5191 a
2213 5137 2430 5204 Virgine
2468 5145 2684 5200 sancta,
2716 5136 3008 5191 secundum
3039 5150 3255 5189 carnem
3290 5151 3301 5186 :
3336 5148 3503 5187 esst».

1914 5240 2129 5283 crantes
2155 5229 2373 5297 eosqui
2404 5235 2600 5295 negant
2628 5228 2919 5283 secundum
2951 5240 3167 5279 carnem
3203 5222 3363 5277 Verbi
3399 5222 3499 5279 Ι)τί

1914 5319 2248 5373 nativitatem
2275 5360 2288 5384 ,
2322 5320 2412 5389 qui
2463 5321 2624 5374 ctiam
2656 5318 2923 5387 refugiunt
2953 5316 3108 5370 unius
3145 5312 3492 5382 ejusdemqu:

1914 5412 2031 5467 Filii
2070 5412 2164 5466 Dei
2211 5411 2366 5466 fateri
2413 5412 2675 5466 mirabilia
2705 5423 2760 5464 et
2791 5409 3068 5478 passiones
3101 5449 3115 5472 ,
3146 5403 3288 5477 quod
3318 5406 3495 5462 munis

1914 5502 2008 5557 Dei
2042 5501 2277 5558 Ecclesia
2308 5502 2615 5558 conﬁtetur.

1918 5697 1982 5750 ad
2014 5698 2153 5760 haec,
2184 5695 2321 5750 Deus
2350 5697 2403 5749 in
2429 5694 2689 5749 swciilum.
2722 5692 2777 5746 In
2807 5692 2966 5748 Basil.
3001 5708 3128 5748 vero
3155 5693 3368 5761 legitur,
3402 5691 3500 5746 sed

1917 5766 2027 5836 ejus
2071 5767 2277 5820 omnino
2317 5765 2591 5832 thronus...
2642 5764 2706 5815 sit
2739 5764 2787 5818 in
2831 5766 3070 5819 arculum
3116 5762 3318 5829 swculi,
3346 5763 3493 5836 vich

1918 5836 2189 5903 atquimtis,
2214 5844 2320 5890 etc.
3302 5839 3307 5843 ’
