4108 6468
650 366 753 427 ιιι

1675 360 1735 414 s.
1772 354 2130 447 remearn
2167 350 2467 409 EPISCOPI
2510 348 2882 409 nusssxsxs

3856 342 3966 399 με

729 480 806 538 ιε.
831 477 1135 550 Accipimus
1154 468 1335 532 autem
1355 483 1411 531 et
1434 484 1665 545 quatuor
1688 440 1915 531 concilia
1937 470 2235 529 secundum

2355 468 2546 537 flbid.,
2592 468 2715 539 ιε).
2766 456 3044 523 Fallunt'ur
3088 481 3216 537 ergo
3263 464 3576 521 omnimodo
3617 463 3709 532 cui
3741 426 3965 519 [dicunt

650 574 795 630 tunc
820 570 1176 642 expositionis
1203 576 1401 624 nostra:
1428 583 1679 624 sensum:
1714 566 1996 631 Nicenum,
2027 574 2239 618 trecen-

652 676 832 723 torum
851 664 1040 719 decem
1071 670 1126 716 et
1147 669 1274 716 octo
1303 660 1712 730 episcoporum;
1734 654 2237 727 Constantinopoli-

654 766 871 817 tanum,
928 762 1143 808 centum
1173 760 1229 816 et
1269 749 1688 820 quinquaginta,
1729 749 1818 816 qui
1850 747 2240 802 damnaverunt

653 844 848 915 impios
886 841 1427 906 Pneumatomachos,
1456 855 1557 895 nec
1585 856 1692 894 non
1721 840 1884 893 etiam
1913 837 2237 907 Ephesimnu
2324 876 2325 879 η

651 936 883 1006 primum
903 974 918 999 ,
966 934 1051 988 cui
1108 932 1434 1003 prazl'uernnt
1462 931 1752 986 beatissimi
1782 922 2103 985 leestinus
2131 927 2256 1005 Ro:

653 1040 871 1099 manus,
903 1033 959 1079 et
990 1023 1219 1096 Cyrillus
1252 1022 1651 1077 Alexandrinus
1683 1020 1981 1084 antistites;
2015 1027 2070 1072 et
2115 1034 2241 1072 san-

650 1128 799 1171 ctum
854 1132 918 1172 ac
958 1116 1263 1171 venerabile
1303 1114 1449 1185 quod
1490 1114 1632 1185 apud
1672 1111 2068 1167 Cbalcedonem
2098 1111 2241 1167 cele-

628 1262 629 1267 η
653 1211 868 1273 bratnm
899 1216 1003 1263 est.

730 1298 815 1353 15.
854 1295 1122 1366 Epistolas
1161 1310 1377 1365 quoque
1415 1294 1560 1361 beati
1608 1292 1806 1348 Leonis
1846 1291 2238 1361 amplectimur,

654 1378 1175 1445 anathematizantes
1243 1387 1524 1442 universos
1579 1384 1852 1440 contraria
1905 1383 2244 1451 dogmatibus

655 1480 905 1537 Ecclesiae
933 1480 1247 1542 sentientes,
1271 1476 1431 1533 simul
1457 1484 1514 1531 et
1542 1475 1723 1530 omnia
1746 1474 1946 1544 scripta
1971 1473 2242 1528 Theodori

655 1572 1028 1643 Mopsuesﬁni,
1050 1579 1105 1627 et
1136 1571 1365 1626 Nestorii
1392 1570 1638 1640 discipuli
1670 1569 1809 1638 ejus,
1833 1583 2130 1636 omnesque
2150 1568 2240 1637 qui

656 1664 763 1719 illis
791 1664 986 1720 similia
1034 1663 1252 1732 sapiunt
1278 1678 1415 1716 cum
1449 1660 1640 1716 eodem
1672 1659 1941 1723 Nestorio,
1977 1674 2091 1714 uec
2135 1673 2241 1712 non

658 1758 822 1814 etiam
851 1764 1044 1812 cuncta
1074 1755 1283 1824 scripta
1304 1752 1589 1807 duodecim
1618 1750 1959 1806 adversantia
1997 1748 2243 1819 capitulis

2341 569 2571 616 mortem
2598 561 2794 627 solam,
2817 576 2923 614 non
2953 558 3115 614 etiam
3138 566 3416 628 peceatum
3449 556 3729 611 transiisse
3764 555 3830 610 in
3860 569 3962 623 ge-

2339 668 2441 706 nus
2467 651 2779 716 humanum,
2810 666 2933 705 cum
2957 648 3267 719 Aposmlus,
3291 656 3347 704 et
3368 657 3673 719 peccatum,
3703 657 3768 703 et
3800 661 3963 702 mor-

2341 752 2449 798 tem
2474 743 2675 798 mundo
2700 758 2797 813 per
2826 757 2950 798 eum
2982 749 3210 797 testatur
3238 740 3464 795 illatam.

2412 832 2499 888 l7.
2524 833 2605 889 Ab
2634 834 2735 888 hac
2764 834 2925 902 igitur
2949 832 3296 905 damnatione
3319 840 3376 886 et
3400 839 3577 887 morte
3602 830 3804 885 nullus
3836 844 3962 884 om-

2341 925 2469 980 nino
2509 925 2787 988 liberatur,
2827 926 2928 981 nisi
2960 927 3148 994 .gratia
3202 924 3623 994 Redemptoris:
3676 923 3781 993 qui
3824 939 3956 979 eum

2339 1024 2482 1074 esset
2509 1016 2788 1081 Dominus,
2824 1026 3012 1089 utpote
3039 1018 3213 1084 Deus,
3245 1027 3306 1072 ut
3332 1034 3431 1073 nos
3455 1032 3487 1072 a
3513 1017 3796 1073 servitute
3823 1031 3959 1086 per-

2343 1118 2501 1178 petua
2529 1119 2587 1165 et
2614 1119 2883 1181 potestate
2909 1111 3109 1167 diaboli
3139 1112 3423 1176 liberaret,
3443 1120 3606 1181 atque
3650 1111 3722 1167 ad
3755 1126 3957 1167 veram

2344 1201 2644 1257 libertatem
2696 1203 3015 1267 reduceret,
3064 1203 3235 1259 factus
3263 1212 3349 1258 est
3392 1218 3613 1272 servus,
3665 1203 3959 1274 accipiens

2344 1292 2572 1349 formam
2617 1297 2759 1350 servi
2792 1295 3015 1367 (Philip.
3050 1313 3105 1361 ιι,
3140 1296 3215 1364 7).
3249 1294 3387 1351 llinc
3412 1304 3497 1351 est
3530 1294 3683 1365 quod
3709 1295 3867 1351 dicit
3894 1298 3958 1349 ad

2343 1385 2589 1441 «Iudaeos:
2619 1387 2761 1441 Tunc
2794 1405 2908 1442 rere
2945 1388 3091 1442 liberi
3112 1389 3278 1451 eritis,
3296 1388 3344 1442 si
3371 1404 3460 1442 eos
3481 1386 3653 1442 Filius
3680 1386 3958 1453 liberare-

2346 1478 2413 1530 rit
2429 1475 2611 1548 (Joan.
2635 1494 2747 1539 Vlll,
2772 1478 2882 1546 56).
2906 1476 3170 1533 Putabant
3190 1478 3333 1533 enim
3360 1494 3420 1533 se
3447 1494 3577 1534 vere
3603 1478 3851 1542 liberos,
3868 1480 3957 1547 qui

2346 1569 2595 1624 humanis
2622 1569 3064 1639 occupationibus
3091 1563 3388 1624 intentione
3419 1569 3707 1624 vanissima
3738 1570 3957 1625 servie-

2347 1661 2497 1714 bant.
2531 1658 2601 1715 Ut
2635 1660 2928 1735 ergoJalsa
2960 1659 3178 1716 libertas
3203 1659 3356 1715 tieret
3389 1676 3515 1715 vera
3545 1660 3784 1716 libertas
3817 1673 3864 1725 ‘,
3910 1659 3957 1713 id

2347 1760 2449 1816 est,
2491 1760 2551 1806 ut
2595 1751 2831 1806 humana
2878 1751 3097 1811 libertas
3141 1749 3292 1806 ﬁeret
3335 1751 3642 1806 Christiana
3696 1751 3954 1813 libertas,

660 1848 807 1904 beati
832 1847 1038 1920 Cyrilli,
1069 1860 1189 1915 qua:
1217 1852 1406 1900 contra
1433 1844 1680 1899 eumdem
1712 1840 2016 1897 Nestorium
2043 1840 2240 1905 edidit;
2276 1842 2330 1901 Β
2349 1841 2534 1897 eadem
2589 1842 2811 1897 libertas
2849 1842 3141 1898 liberatore
3182 1842 3443 1912 iudiguit,
3472 1859 3581 1913 quo
3608 1851 3833 1913 posset,
3866 1858 3953 1911 per

659 1941 741 1993 his
776 1938 1091 2008 adjicientes
1136 1935 1411 2007 Eutychen
1446 1943 1502 1990 et
1548 1933 1860 1991 Dioscorum
1913 1949 2035 1988 cum
2088 1932 2249 1987 sociis

660 2043 867 2091 eorum,
892 2040 1189 2096 omnesque
1202 2040 1340 2093 quos
1354 2023 1499 2093 juste
1520 2040 1583 2078 ac
1606 2022 1925 2091 regulariter
1951 2022 2107 2078 sedes
2128 2037 2252 2091 apo.

662 2116 853 2171 stolica
878 2115 1280 2171 condemnavit.
1422 2168 1427 2176 ,

652 2234 657 2242 ·
733 2207 861 2262 Car.
892 2222 962 2261 vr.
998 2205 1182 2271 Qualis
1204 2206 1355 2262 homo
1382 2215 1616 2271 creatus;
1641 2214 1689 2260 et
1717 2208 1886 2275 qualis
1910 2222 2022 2259 cum
2051 2209 2145 2260 sub
2167 2223 2253 2276 po-

665 2300 896 2353 steritate
940 2316 1032 2369 per
1054 2310 1342 2370 peccatum
1383 2299 1616 2368 effectus.
1664 2297 1767 2354 Per
1811 2308 2075 2371 peccatum
2118 2308 2253 2355 totus

664 2392 816 2445 homo
841 2384 1011 2462 factus
1037 2400 1114 2444 est
1144 2390 1386 2446 deterior.
1422 2390 1551 2446 Sine
1579 2392 1750 2462 gratia
1775 2408 1876 2446 non
1907 2392 2006 2445 nisi
2027 2391 2254 2445 humana

664 2483 983 2553 cogitantur.
1018 2479 1157 2545 Quid
1199 2483 1268 2535 sit
1297 2480 1519 2535 credere.
1546 2512 1615 2522 —
1638 2479 1726 2536 M.
1759 2479 1887 2536 Post
1921 2481 2033 2535 hanc
2059 2495 2253 2536 conse-

666 2585 838 2639 quens
857 2578 944 2625 est
971 2570 1133 2625 etiam
1173 2570 1403 2640 qualiter
1429 2570 1497 2625 de
1523 2570 1720 2626 Christi
1740 2570 1912 2639 gratia
1939 2565 2250 2633 sentiamus,

602 2716 607 2721 ,
667 2676 775 2729 qua
822 2676 923 2715 nos
950 2662 1091 2716 eruit
1118 2661 1186 2716 de
1214 2670 1485 2731 potestate
1512 2661 1748 2726 Satanm,
1794 2662 2083 2717 secundum
2111 2662 2255 2731 quod

668 2751 828 2807 nobis
868 2760 952 2808 est
1000 2752 1281 2817 traditum,
1330 2737 1523 2817 vestra:
1569 2732 1887 2808 beatitudini
1930 2751 2250 2808 declarare:

670 2843 801 2912 quia
829 2845 989 2899 etiam
1013 2844 1067 2899 in
1096 2844 1196 2899 hac
1217 2852 1373 2914 parte
1394 2843 1688 2899 auctoritas
1717 2851 1890 2899 vestra
1920 2842 2075 2899 nobis
2100 2843 2256 2899 valde

668 2944 757 2992 est
779 2935 1102 2991 necessaria.

742 3026 828 3095 15.
851 3028 1132 3084 Credimus
1161 3028 1342 3098 itaque
1369 3028 1570 3085 bonum
1593 3036 1649 3082 et
1675 3028 1791 3083 sine
1820 3028 1927 3083 ulla
1955 3029 2133 3085 carnis
2156 3029 2256 3084 im-

670 3119 1020 3199 pugnatione,
1050 3134 1084 3174 a
1112 3118 1223 3174 Deo
1247 3127 1495 3175 creatore
1523 3119 1764 3175 omnium
1781 3161 1796 3185 ,
1836 3119 2036 3175 factum
2062 3120 2256 3189 Adam,

2350 1934 2468 2002 ejus
2504 1934 2731 2002 gratiam
2779 1934 2847 1988 ab
2887 1934 3329 2004 occupationibus
3357 1935 3605 1990 humanis
3633 1950 3866 1999 aversa,
3896 1951 3953 1988 es

2352 2028 2592 2103 cogitare
2644 2034 2699 2081 et
2761 2025 3069 2081 desiderare
3128 2041 3249 2096 qua:
3301 2026 3577 2096 pertinent
3636 2025 3707 2080 ad
3787 2026 3951 2080 vitam

2351 2124 2627 2172 :cternam.
3592 2160 3599 2167 .

2426 2207 2513 2262 l8.
2545 2208 2676 2263 Sine
2705 2208 2806 2262 hac
2853 2207 3013 2277 igitur
3039 2207 3208 2276 gratia
3236 2216 3413 2278 potest
3452 2206 3672 2277 quidem
3704 2209 3949 2279 cogitare

2355 2306 2411 2353 et
2437 2297 2745 2352 desiderare
2790 2298 3025 2353 humana
3049 2338 3064 2364 ,
3114 2313 3224 2353 non
3254 2306 3433 2353 autem
3472 2306 3654 2369 potest
3683 2301 3948 2368 cogitare,

2322 2438 2327 2446 .
2359 2397 2451 2443 aut
2481 2388 2637 2449 velle,
2663 2404 2757 2443 seu
2786 2388 3093 2444 desiderare
3119 2388 3320 2454 divina,
3351 2404 3581 2459 quorum
3603 2391 3853 2461 primum
3878 2399 3949 2446 est

2355 2492 2414 2538 et
2466 2482 2791 2551 praecipuum
2840 2481 3281 2550 fundamentum,
3313 2491 3369 2538 et
3414 2482 3634 2553 crepido
3680 2482 3947 2554 quodam.

2361 2571 2543 2637 modo,
2586 2573 2701 2627 sive
2744 2573 2985 2628 omnium
3015 2573 3281 2629 bonorum
3309 2575 3482 2645 origo,
3512 2574 3741 2630 credere
3772 2576 3835 2630 in
3855 2575 3954 2630 Dn»

2359 2667 2559 2721 miuum
2587 2667 2770 2735 gloria:
2798 2667 3111 2722 crucitlxum
3142 2666 3197 2734 (l
3225 2666 3346 2722 Cor.
3378 2684 3435 2733 u,
3466 2666 3546 2739 8),
3588 2668 3738 2737 quod
3771 2669 3950 2738 utique

2358 2772 2469 2811 nou
2493 2766 2669 2812 estex
2706 2758 2962 2812 naturalis
3001 2758 3209 2813 arbitrii
3240 2758 3507 2823 libertate,
3548 2760 3677 2828 quia
3708 2775 3825 2814 non
3858 2760 3951 2814 hoc

2358 2864 2486 2904 caro
2516 2858 2569 2904 et
2597 2849 2834 2918 sanguis,
2866 2849 2961 2905 sed
2992 2848 3155 2905 Pater
3201 2839 3437 2906 omlestis
3477 2850 3686 2906 revelat
3737 2853 3832 2907 cui
3865 2868 3950 2905 vo-

2361 2942 2520 2997 luerit
2560 2941 2776 3014 (Hattlt.
2811 2958 2919 3008 xvr,
2955 2943 3069 3015 Π),
3100 2942 3168 2999 ad
3195 2959 3376 2999 veram
3415 2959 3538 3000 eum
3567 2945 3862 3000 attrah’ens
3887 2944 3950 2998 ιι-

2360 3032 2645 3097 bertatem,
2674 3048 2776 3089 nos
2798 3049 3060 3089 VIOLENTA
3093 3049 3473 3099 necessus-rs,
3497 3033 3593 3088 sed
3621 3032 3948 3089 infundendo

2360 3124 2678 3179 suavitatem
2707 3140 2806 3195 per
2828 3124 3087 3194 Spiritum
3115 3134 3381 3191 sanctum,
3409 3133 3468 3180 ut
3494 3140 3620 3180 mox
3664 3124 3950 3180 credentes

673 3227 973 3282 ntagnaque
996 3211 1277 3282 praeditum
1298 3211 1569 3279 libertate,
1595 3211 1665 3265 ita
1694 3218 1826 3265 utet
1855 3212 2055 3266 bonum
2082 3209 2258 3267 facere
2286 3215 2335 3280 C
2364 3213 2604 3269 dicamus
2636 3231 2649 3267 :
2677 3214 2802 3282 quia
2834 3214 3093 3269 Dominus
3139 3223 3222 3270 est
3265 3213 3441 3281 Jestts,
3468 3214 3615 3284 quod
3663 3230 3833 3298 nemo
3862 3231 3947 3286 per

639 3304 730 3360 ,ιιι
774 3303 991 3373 propria
1037 3302 1291 3369 facultate
1337 3302 1582 3368 haberet,
1619 3311 1674 3357 et
1712 3303 1933 3366 malum,
1982 3304 2027 3357 si
2073 3304 2255 3371 vellet,

674 3403 854 3465 posset
901 3395 1208 3450 admittere.
1252 3392 1488 3462 Eratque
1530 3409 1676 3449 mors
1704 3402 1761 3448 et
1801 3394 2175 3449 immortalitas
2205 3395 2256 3449 in

674 3487 791 3556 t-jus
837 3486 1011 3557 posita
1058 3483 1454 3555 quodammodo
1501 3484 1704 3538 arbitrii
1762 3485 2028 3541 libertate.
2075 3482 2257 3555 Capax

675 3578 822 3633 enim
850 3585 970 3632 erat
1014 3576 1292 3644 utriusque
1332 3575 1431 3637 rei,
1464 3583 1523 3629 ut
1560 3575 1606 3632 si
1643 3585 1884 3641 servaret
1913 3586 2257 3646 praeceptum.

672 3669 793 3727 sine
813 3667 1144 3739 experientia
1169 3668 1357 3723 mortis
1379 3665 1533 3722 lieret
1554 3666 1898 3735 immortalis;
1921 3670 1965 3723 si
1987 3684 2117 3729 vero
2136 3684 2264 3727 con-

679 3768 964 3824 temneret,
1006 3774 1153 3814 mors
1176 3759 1436 3814 continuo
1463 3758 1902 3828 subsequeretur.
1933 3759 2117 3829 Itaque
2143 3776 2256 3817 scr-

679 3849 854 3920 pentis
898 3851 1094 3911 astutia
1145 3849 1489 3920 depravatus,
1520 3859 1715 3921 sponte
1742 3851 1945 3908 divina:
1962 3852 2095 3921 legis
2123 3868 2261 3923 pra:-

680 3943 949 3998 varicator
1002 3941 1227 3999 ell‘ectus
1254 3951 1371 4008 est,
1409 3955 1464 3998 et
1511 3943 1636 4000 ideo
1683 3944 1980 4001 secundum
2029 3947 2172 4016 quod
2211 3947 2262 4003 ei

638 4064 643 4071 ~
680 4033 990 4104 praedictum
1019 4032 1212 4098 fuerat,
1226 4034 1375 4105 justo
1390 4035 1484 4091 Dei
1502 4035 1705 4105 judicio
1729 4037 1917 4092 mortis
1936 4053 2093 4107 pusna
2114 4038 2265 4094 dam-

577 4164 581 4168 ι
680 4132 855 4190 natur,
878 4132 1148 4192 totusque,
1171 4124 1331 4222 id.est
1357 4126 1651 4182 secundum
1673 4144 1870 4199 corpus
1889 4138 1945 4182 et
1971 4131 2262 4184 Secundum

642 4268 647 4275 ,
681 4212 932 4276 animam,
948 4211 1853 4281 indeteriuscommutatus,amissa
1875 4217 2124 4275 libertate
2148 4237 2265 4289 pro-

569 4320 579 4327 υ
680 4302 815 4372 pria,
843 4304 943 4357 sub
970 4303 1176 4373 peccati
1201 4303 1423 4358 servitio
1452 4305 1839 4373 mancipatur.“

752 4394 840 4452 16.
890 4394 971 4452 Ex
1007 4395 1112 4451 hoc
1146 4412 1351 4452 nouus
1393 4414 1490 4451 ssr
1539 4414 1773 4453 nostrum
1822 4402 1911 4469 qui
1962 4373 2076 4457 non.
2108 4404 2266 4473 hujus

679 4485 889 4554 peccati
926 4484 1142 4541 vinculo
1188 4493 1441 4541 nascatur
1468 4488 1742 4553 astrictus,
1796 4500 2140 4560 prmtercum
2169 4498 2261 4564 qui

2362 3305 2658 3360 naturalem
2697 3306 2902 3360 arbitrii
2951 3306 3249 3362 libertatem
3291 3315 3472 3377 potest
3519 3307 3720 3370 dicere,
3767 3309 3873 3363 nisi
3902 3310 3947 3362 in

2361 3396 2564 3465 Spiritu
2591 3404 2779 3451 sancto
2808 3394 2863 3466 (ι
2892 3395 3011 3452 Cor.
3044 3412 3141 3462 xu,
3165 3396 3241 3465 3).

2433 3485 2521 3539 l9.
2569 3485 2791 3541 Frustra
2819 3499 2950 3554 ergo
2991 3487 3236 3557 garriunt
3277 3487 3369 3556 qui
3396 3486 3619 3543 dicunt:
3663 3487 3845 3543 Meum
3871 3498 3945 3542 est

2364 3578 2502 3634 velle
2543 3578 2796 3643 credere,
2827 3577 2923 3633 Dei
2953 3586 3133 3633 autem
3161 3580 3349 3647 gratia:
3391 3589 3474 3635 est
3514 3580 3803 3649 adjuvare;
3832 3596 3946 3636 cum

2364 3672 2527 3727 etiam
2558 3671 2729 3742 ipsum
2758 3686 3029 3737 casusne,
3062 3669 3205 3740 quod
3247 3678 3331 3725 est
3348 3685 3670 3725 consensum
3713 3674 3943 3741 pncbem

2312 3781 2322 3796 ·
2365 3766 2597 3830 veritati,
2630 3765 2787 3821 nobis
2810 3780 2841 3817 a
2871 3764 2982 3818 Deo
3011 3763 3123 3818 dari
3165 3771 3392 3818 testetur
3413 3764 3705 3834 Apostolus
3731 3765 3942 3819 dicens:

2379 3856 2531 3911 Vobis
2555 3858 2691 3911 enim
2716 3856 2892 3909 datum
2914 3864 2990 3935 est
3025 3853 3305 3934 a‘CIrristo,
3330 3872 3431 3909 non
3460 3856 3625 3909 solum
3653 3864 3713 3909 ut
3750 3858 3808 3909 in
3839 3873 3944 3910 eum

2365 3950 2616 4011 credatis,
2655 3964 2825 4003 verum
2858 3948 3015 4001 etiam
3053 3955 3109 3999 ut
3145 3946 3251 4017 pro
3283 3945 3372 4001 illo
3416 3948 3692 4017 patiamini
3724 3946 3943 4018 (Philip.

2369 4059 2406 4106 ι,
2431 4042 2543 4114 29).

2437 4132 2567 4188 CAP.
2596 4150 2687 4188 vu.
2719 4132 2861 4187 Deus
2890 4133 3025 4187 alios
3053 4134 3177 4204 facit
3205 4133 3410 4186 credere
3429 4148 3524 4186 sua
3546 4132 3795 4193 bonitate,
3821 4132 3947 4185 alios

2367 4227 2554 4280 deserit
2586 4227 2727 4297 justo
2748 4226 2968 4295 judicio,
2993 4225 3085 4279 sed
3111 4224 3513 4300 accitum—20.
3534 4223 3641 4279 Sed
3666 4223 3877 4288 dicunt,
3902 4222 3945 4278 si

2367 4318 2612 4371 nolentes
2643 4317 2783 4371 Dens
2813 4315 2937 4372 facit
2967 4325 3025 4370 ut
3070 4316 3234 4385 velint
3260 4315 3514 4378 credere,
3559 4316 3739 4370 nullus
3765 4324 3943 4372 autem

2366 4415 2452 4461 est
2471 4407 2559 4477 qui
2583 4407 2896 4462 naturaliter
2931 4409 2948 4473 (
2956 4416 3012 4462 ut
3030 4407 3226 4476 dicitis)
3249 4407 3419 4477 posSit
3437 4407 3659 4462 credere
3682 4407 3710 4446 δ
3735 4416 3832 4462 aut
3852 4406 3946 4462 ali-

2366 4496 2492 4565 quid
2521 4497 2648 4552 boui
2670 4498 2806 4552 velle
2833 4497 2979 4567 quod
3000 4498 3234 4567 pertinet
3259 4496 3326 4552 ad
3354 4498 3521 4552 vitam
3548 4506 3830 4562 mternam,
3857 4514 3945 4553 cur

681 4574 746 4629 ad
785 4575 890 4630 hoc
928 4575 1200 4631 vinculum
1241 4577 1446 4646 peccati
1476 4577 1812 4645 solvendum,
1846 4597 1986 4636 novo
2031 4598 2261 4651 genera-
2294 4594 2340 4653 ί)
2365 4603 2495 4658 ergo
2524 4605 2630 4643 non
2663 4589 2787 4644 Facit
2815 4602 3006 4645 omnes
3035 4590 3199 4654 velle,
3228 4605 3350 4644 cum
3381 4606 3488 4644 non
3510 4590 3941 4659 sitpersonarnm

682 4665 842 4721 tionis
880 4666 1043 4722 modo
1088 4674 1246 4722 natus
1297 4676 1408 4731 est,
1461 4668 1726 4725 mediator
1755 4670 1847 4725 Dei
1884 4680 1938 4727 et
1980 4673 2261 4729 hominum

680 4746 843 4816 homo
881 4758 1128 4814 Christus
1180 4758 1357 4815 Jcsus.
1388 4761 1526 4828 Quid
1573 4761 1718 4816 enim
1758 4762 1902 4817 aliud
1950 4764 2126 4833 potuit
2171 4755 2266 4821 :iut

586 4923 599 4932 ἢ
680 4856 859 4918 potest
886 4849 1032 4904 nasci
1059 4865 1124 4904 ex
1157 4865 1332 4915 servo,
1366 4850 1466 4906 nisi
1492 4855 1725 4907 servus?
1754 4852 1939 4922 Neque
1956 4855 2111 4927 enim
2139 4872 2262 4910 cum

680 4946 825 4997 esset
863 4939 1000 4995 liber
1044 4939 1244 5009 Adam,
1289 4941 1427 4998 ﬁlios
1466 4945 1799 5012 procreavit,
1844 4945 1939 5000 sed
1981 4956 2262 5016 postquam

679 5047 869 5088 servus
897 5033 1103 5103 peccati
1141 5032 1312 5089 factus
1338 5042 1439 5089 est.
1477 5035 1602 5091 ltleo
1629 5038 1771 5091 sicut
1800 5037 1976 5094 omnis
2001 5038 2166 5093 homo
2196 5041 2264 5095 ab

681 5122 775 5180 illo
799 5131 902 5186 est.
936 5123 1007 5180 ita
1034 5132 1091 5179 et
1119 5125 1293 5180 omnis
1320 5125 1481 5181 homo
1512 5142 1700 5183 servus
1728 5130 1937 5197 peccati
1964 5145 2060 5200 per
2088 5132 2262 5201 ipsum

679 5222 784 5272 est.
831 5212 971 5271 Hinc
1013 5222 1068 5269 et
1110 5213 1445 5284 Apostolus:
1478 5215 1565 5270 Ειι·
1592 5234 1715 5282 uno,
1750 5217 1941 5288 inquit,
1989 5220 2044 5273 in
2086 5238 2260 5276 omnes

679 5305 915 5362 [omines
936 5306 992 5362 in
1020 5306 1498 5363 condemnationem
1532 5307 1707 5377 (Rom.
1736 5323 1789 5373 v,
1822 5309 1932 5381 18).
1958 5310 2024 5364 Ει
2054 5328 2277 5375 rursus,‘

682 5397 845 5466 28³
878 5397 979 5451 Per
1005 5414 1162 5453 unum
1201 5397 1455 5453 hominem
1492 5406 1753 5468 peccatum
1792 5399 2001 5453 intravit
2029 5403 2082 5455 in
2128 5403 2264 5456 hunc

680 5486 946 5551 mundum,
971 5499 1019 5541 et
1048 5507 1139 5559 per
1182 5499 1447 5559 peccatum
1488 5506 1649 5555 mors,
1675 5499 1727 5543 et
1765 5491 1838 5543 ita
1867 5493 1920 5546 in
1949 5510 2127 5549 omnes
2165 5496 2263 5551 ho-

681 5579 843 5633 mines
885 5594 1023 5631 mors
1073 5580 1409 5648 pertransiit,
1457 5581 1509 5635 in
1557 5598 1654 5651 quo
1706 5598 1882 5635 omnes
1929 5596 2266 5653 peccaverunt

755 5742 777 5769 ⁸
810 5730 1041 5809 Alteram
1072 5734 1140 5788 ab
1168 5736 1324 5809 cdilis
1349 5754 1466 5792 vera
1495 5712 1735 5805 libertas;
1767 5744 1821 5796 id
1844 5750 1939 5799 est.
1959 5712 2023 5793 ut.
2042 5742 2269 5809 Immvnn

678 5805 889 5860 ἄρωνται
926 5803 1104 5873 ﬁeret;
1146 5814 1199 5878 at
1227 5807 1511 5865 substituta
1540 5814 1659 5868 sunt
1694 5803 1802 5868 lucc
1824 5830 1901 5890 cx
1931 5828 2034 5868 ms.
2102 5806 2123 5887 λ’

2367 4680 2615 4749 acceptio
2633 4680 2772 4750 apud
2799 4679 2987 4745 Deum,
3003 4681 3295 4750 przcsertim
3309 4694 3429 4761 cum
3453 4679 3521 4734 de
3550 4680 3668 4750 ipso
3692 4680 3944 4750 scriptum

2367 4769 2474 4824 sit:
2502 4768 2602 4834 Qui
2629 4772 2733 4825 vult
2753 4786 2930 4824 omnes
2945 4770 3185 4824 ‘Itomiues
3221 4770 3391 4823 salvos
3420 4770 3534 4840 ﬁeri
3568 4778 3619 4823 et
3637 4770 3709 4824 ad
3728 4772 3946 4841 agnitio-

2327 4894 2333 4898 »
2366 4875 2484 4913 nem
2505 4861 2733 4916 veritatis
2762 4862 2935 4915 venire
2955 4859 3011 4930 (ι
3036 4858 3170 4915 Tim.
3203 4875 3259 4921 n.‘
3291 4857 3376 4928 ιν
3405 4860 3509 4914 Aut
3547 4860 3690 4914 enim
3723 4860 3858 4928 vult,
3898 4867 3947 4911 et

2367 4963 2475 5005 non
2504 4958 2722 5019 potest;
2762 4958 2855 5004 aut
2885 4949 3441 5019 meutiturScriptura
3487 4948 3688 5003 divina.
3723 4948 3881 5016 Quod
3905 4947 3945 5001 si

2372 5038 2563 5095 horum
2606 5040 2885 5108 quodlibet
2923 5039 3127 5095 sentire
3154 5048 3239 5095 est
3275 5040 3518 5110 impium,
3546 5049 3717 5095 restat
3760 5049 3822 5094 ut
3847 5055 3944 5096 non

2376 5134 2465 5189 ille
2489 5135 2687 5190 excitet
2717 5135 3047 5191 voluntatem
3086 5134 3502 5200 humauarn,sed
3531 5150 3653 5188 eam
3675 5140 3945 5204 exspectet

2366 5226 2434 5279 ah
2462 5225 2700 5289 homine,
2732 5234 2789 5279 ut
2809 5241 3020 5294 aequum
3050 5225 3121 5279 sit
3160 5225 3212 5279 in
3242 5224 3552 5280 volentibus
3569 5226 3869 5294 praemium,
3896 5220 3947 5278 in

2371 5314 2675 5369 nolentibus
2702 5323 2883 5370 autem
2901 5314 3044 5383 justa
3070 5315 3364 5370 damnatio.

2441 5405 2528 5460 2|.
2562 5406 2686 5461 Haec
2712 5408 2756 5461 si
2789 5407 2858 5460 ita
2887 5415 3039 5472 sunt,
3069 5415 3127 5460 nt
3156 5407 3392 5462 haeretici
3417 5406 3689 5474 jactitaut,
3711 5422 3943 5463 conras-

2330 5522 2337 5531 ~
2372 5514 2539 5553 nassa
2569 5514 2700 5552 sum
2744 5497 2811 5551 ab
2839 5497 2966 5565 ipsis
3003 5499 3363 5553 inscrutabilia
3414 5507 3467 5553 et
3494 5499 3945 5569 incomprehensi-

2366 5590 2491 5644 bilia
2524 5590 2614 5643 Dei
2640 5589 2860 5658 judicia.
2895 5589 2950 5643 Si
3000 5590 3164 5655 enim,
3206 5600 3264 5644 ut
3312 5591 3409 5660 ipsi
3456 5592 3663 5655 volunt,
3705 5592 3945 5647 uolentes

2446 5744 2661 5827 bnEditi.
2690 5756 2856 5827 potest
2894 5748 3099 5827 credere
3140 5747 3488 5827 iu‘FilioIhfi
3510 5761 3770 5827 ;_at,ms.,
3802 5756 3943 5827 possit

2374 5815 2598 5882 ardere,
2621 5827 2705 5870 aut
2736 5818 2879 5884 velle,
2906 5817 3242 5889 abcstqucin
3278 5815 3413 5874 Filio
3449 5821 3559 5876 Dei.
3616 5887 3621 5891 ⁴
