4108 6476
170 424 308 481 ιίθ

1138 402 1342 474 rami
1377 415 1644 474 uncos:
1680 414 1881 471 unm
1921 413 2046 471 ειεξιε
2092 400 2449 479 ειιιδτυιιις
2491 405 2622 469 xvi.

3387 408 3494 469 450

170 540 442 599 damnat,
467 535 634 602 salvat
661 541 838 588 autem
861 531 1121 597 volentes,
1143 534 1269 586 nihil
1294 545 1376 588 est
1405 533 1623 608 olunino
1645 528 1865 600 quodvA
1893 531 2139 593 antistes,
2171 530 2222 583 in
2247 529 2473 598 epistola
2499 527 2593 598 (ν.
2620 529 2673 580 in
2696 527 2852 595 capit.
2878 519 3160 590 Cretestini,
3191 543 3312 596 cap,
3332 525 3387 594 8)
3420 525 3492 580 ad

173 631 367 702 283
397 635 669 698 quzeratur
693 625 934 679 ulterius.
963 623 1046 688 lit,
1075 635 1332 694 quantum
1356 624 1421 678 ad
1467 624 1630 693 ipsos,
1664 622 1798 692 fallit

175 716 704 789 Scripturadivina,
737 730 853 782 qua)
882 710 1418 785 incomprehensibilia
1444 709 1537 767 Dei
1569 721 1799 767 testatur

175 810 398 883 judicia
422 805 610 884 illam.
646 823 720 874 xx,
750 805 865 882 ¹55).
899 805 1008 860 Nos
1030 815 1211 860 autem
1235 803 1798 874 incomprehensibilia

180 901 490 957 credentes
519 907 572 953 et
595 898 1026 952 demonstrantes
1043 894 1239 963 judicia
1262 893 1376 958 Dei,
1398 910 1462 947 ex
1496 905 1598 946 una
1623 906 1796 945 massa

182 989 524 1063 perditionis
567 987 699 1042 alios
744 986 939 1040 salvari
982 985 1206 1040 dicinms
1246 983 1488 1038 bonitate
1523 990 1577 1037 et
1627 981 1798 1051 gratia

186 1085 318 1148 Dei,
347 1084 483 1138 alios
506 1080 653 1151 justo
678 1089 733 1135 ct
759 1079 974 1133 occulto
996 1075 1198 1146 judicio
1214 1073 1544 1151 _t‘.erelinqui.

270 1175 365 1233 2‘2.
408 1175 658 1244 Alioquin
686 1172 884 1236 dicant,
918 1171 960 1225 si
992 1175 1224 1240 possunt‘
1254 1169 1308 1222 hi
1334 1169 1423 1238 qui
1456 1169 1557 1222 hoc
1607 1164 1800 1222 divinae

185 1269 421 1339 justiti-.0
450 1271 506 1320 et
547 1263 775 1318 bonitati
818 1261 1145 1316 contrarium
1193 1259 1481 1323 :cstimant,
1514 1274 1610 1312 cur
1640 1258 1684 1313 is
1709 1256 1801 1326 qui

189 1372 396 1416 omnes
432 1356 682 1412 homines
720 1353 834 1408 vult
873 1352 1053 1406 salvos
1085 1349 1208 1405 'licri
1256 1359 1309 1404 et
1357 1338 1422 1402 ad
1473 1349 1801 1417 agnitionem

188 1451 453 1508 veritatis
482 1449 686 1510 venire,
722 1455 827 1499 tant
871 1444 1070 1498 multas
1099 1443 1326 1496 virtutes
1377 1441 1501 1495 fecit
1549 1440 1599 1493 in
1632 1436 1802 1493 Coro-

191 1545 344 1600 zaitn
372 1551 426 1596 et
457 1536 741 1594 Bethsaida
773 1544 825 1590 et
847 1535 1044 1588 nullam
1066 1534 1254 1588 harum
1282 1533 1332 1586 in
1363 1531 1506 1603 Tyro
1524 1538 1580 1585 et
1602 1527 1804 1584 Sidone

195 1635 387 1691 facere
415 1631 604 1695 voluit,
635 1629 727 1682 ubi
753 1627 796 1682 si
829 1626 980 1681 fact-.e
1013 1625 1235 1679 fuissent
1268 1625 1430 1694 (sicut
1479 1623 1592 1692 ipse
1639 1628 1803 1675 testa-

197 1728 330 1797 tur)‘
351 1725 571 1797 forsitan
606 1722 659 1773 in
689 1721 859 1773 cinere
894 1726 940 1771 et
983 1717 1152 1770 cilicio
1181 1715 1535 1786 pmnitentiam
1578 1714 1800 1784 egissent

200 1816 426 1889 (Matth.
459 1829 535 1880 XI,
565 1810 682 1883 2|)?
712 1810 818 1864 Aut
843 1825 940 1864 cur
963 1809 1013 1861 in
1046 1807 1168 1861 Asia
1201 1815 1254 1861 et
1294 1805 1539 1877 Bithynia
1571 1803 1802 1874 Aposto-

1903 621 2204 675 Goncilium
2235 620 2602 693 Milevitauum
2629 637 2640 670 :
2682 638 2697 670 ι
2728 615 2938 683 Omnia,
2980 618 3175 686 inquit,
3206 617 3382 672 studia
3438 630 3494 672 et.

1901 713 2081 766 omnia
2128 729 2290 782 opera
2336 727 2398 767 ac.
2445 711 2635 765 merita
2689 719 2999 783 sanctorum
3042 709 3108 763 ad
3139 708 3236 765 Dei
3266 709 3493 778 gloriam

1901 804 2221 873 laudemque
2246 803 2525 858 referenda
2557 811 2679 857 sunt
2706 820 2718 854 :
2745 802 2869 870 quia
2892 817 3034 856 anno
3056 801 3106 858 ei
3129 799 3346 856 aliunde
3373 777 3497 870 pla-I

1902 904 2006 960 cet,
2043 896 2141 949 nisi
2165 911 2227 949 ex
2259 911 2324 948 eo
2354 895 2498 964 quod
2529 895 2643 964 ipse
2665 892 2969 947 donaverit.
2994 911 3010 943 ι
3039 891 3193 957 Quod
3223 889 3388 962 284
3407 890 3494 944 di-

1903 983 2152 1054 ligentius
2187 985 2634 1054 manifestiusque
2682 985 2733 1038 in
2773 984 3000 1054 epistola
3041 1000 3144 1038 sua
3191 985 3259 1037 ad
3299 1000 3493 1054 papam

1905 1079 2179 1132 Zozimum
2212 1088 2258 1144 τ,
2291 1076 2625 1147 replicando,
2669 1076 2836 1144 ipsius
2866 1082 3014 1145 papa:
3059 1075 3379 1130 sententiam
3408 1090 3497 1129 ex-

1903 1169 2106 1238 plicant
2149 1169 2396 1222 Alrieana
2445 1167 2673 1221 concilia
2733 1165 3002 1221 dicendo:
3061 1185 3077 1216 ι
3123 1165 3255 1218 lllud
3313 1173 3497 1220 autem

1904 1261 2050 1330 quod
2081 1262 2132 1314 in
2159 1259 2351 1314 litteris
2375 1274 2510 1328 quas
2535 1257 2603 1311 ad
2635 1259 2912 1313 universas
2949 1257 3255 1326 provincias
3295 1257 3498 1311 curasti

1905 1369 2026 1408 esse
2049 1352 2357 1415 mittendas,
2389 1350 2636 1421 posuisti,
2679 1350 2903 1405 dicens:
2942 1348 3054 1404 Nos
3094 1360 3263 1405 tamen
3308 1335 3501 1421 instiné

1904 1457 1986 1498 ctu
2011 1445 2107 1498 Dei
2141 1439 2336 1516 (omnia
2360 1444 2496 1498 enim
2522 1441 2654 1496 bona
2679 1442 2749 1494 ad
2768 1452 3027 1496 auctorem
3054 1458 3201 1494 suum
3224 1419 3500 1512 referenda

1904 1545 2045 1603 sunt,
2085 1537 2220 1589 unde
2271 1535 2574 1602 nascuntur)
2623 1533 2693 1586 ad
2725 1535 2942 1605 fratrum
2985 1543 3035 1584 et
3078 1533 3496 1601 coepiscoporum

1907 1637 2197 1681 nostrorum
2228 1625 2593 1680 conscienIiam
2625 1625 2861 1677 universa
2914 1621 3219 1676 retulimus:
3252 1623 3324 1673 sic
3353 1619 3494 1672 acci-

1904 1720 2072 1788 pimus
2101 1718 2310 1780 dictum,
2335 1727 2389 1770 ut
2412 1717 2527 1770 illos
2547 1715 2633 1788 qui
2659 1723 2839 1768 contra
2867 1711 2962 1766 Dei
2987 1711 3301 1781 adjutorium
3331 1709 3498 1763 extol-

1905 1811 2016 1864 lunt
2047 1809 2249 1864 arbitrii
2289 1809 2594 1887 libertatem,
2632 1799 2867 1860 districto
2898 1805 3074 1876 gladio
3103 1805 3334 1858 veritatis
3363 1802 3499 1856 velut

203 1913 321 1964 lum
351 1906 521 1962 vetuit
541 1904 760 1959 verbum
785 1900 972 1955 salutis
994 1899 1310 1952 annuntiare
1334 1897 1468 1968 (Act.
1505 1911 1608 1960 va,
1632 1893 1687 1962 li,
1719 1890 1801 1961 7)?
1840 1921 1882 1980 Β
1907 1901 2097 1953 cursim
2119 1899 2375 1952 transiens
2407 1906 2726 1966 amputares.
2760 1893 2897 1958 Quid
2937 1895 3074 1946 enim
3109 1903 3211 1946 tam
3241 1891 3405 1945 libero
3429 1894 3500 1961 {e-

280 2003 374 2057 23.
408 2000 559 2069 Quod
589 1995 634 2053 si
676 1999 776 2051 ista
807 2001 1079 2072 nequeunt
1124 1988 1532 2069 comprehendi,
1585 1988 1806 2042 redeant

207 2097 274 2154 ad
307 2111 390 2160 se,
419 2102 475 2148 et
501 2089 834 2147 invenientes
861 2101 920 2142 se
950 2082 1218 2147 homines,
1270 2081 1520 2136 desinant
1565 2093 1807 2149 quzercrc

202 2205 307 2245 cur
336 2187 469 2241 alios
496 2183 666 2239 salvet
691 2179 924 2248 gratuito
950 2176 1116 2241 dono,
1147 2170 1282 2229 alios
1302 2173 1639 2240 derelinquat
1659 2167 1807 2239 justo

204 2291 263 2336 et
290 2278 506 2335 occulto
530 2270 753 2343 judicio,
799 2270 889 2340 qui
939 2269 1261 2339 potestatem
1291 2261 1454 2319 habet
1501 2279 1566 2318 ex
1616 2261 1806 2316 eadem

204 2359 386 2427 massa
415 2366 556 2422 aliud
589 2381 680 2419 vas
709 2362 884 2417 lacere
937 2361 987 2414 in
1020 2360 1305 2423 honorem,
1341 2354 1484 2410 aliud
1515 2354 1568 2408 in
1611 2364 1802 2409 contu-

206 2461 459 2523 meliam;
485 2465 539 2511 et
567 2455 801 2511 clament
843 2467 945 2506 una
974 2450 1275 2511 nobiscum,
1323 2447 1431 2501 imo
1464 2447 1616 2516 juxta
1660 2445 1797 2515 Apo-

207 2553 452 2610 stolum:
505 2534 800 2601 Uialtitudo
844 2543 1139 2597 divitiarum
1178 2539 1450 2611 sapientia'
1491 2547 1541 2590 ct
1581 2535 1810 2590 scientia:

209 2644 346 2700 Dei!
370 2640 538 2706 Quum
569 2634 928 2693 iuscrutubiliu
953 2643 1072 2687 sunt
1087 2631 1290 2702 judicia
1312 2629 1444 2698 ejus,
1463 2635 1509 2680 :t
1535 2626 1834 2696 inrestigu-'

208 2736 337 2790 biles
367 2735 462 2788 uia:
492 2730 636 2802 ejus!
661 2727 788 2792 Quis
810 2726 943 2780 enim
967 2723 1200 2794 cognorit
1222 2735 1426 2774 sensum
1457 2716 1702 2771 Domini?
1722 2726 1812 2768 aut

211 2828 326 2898 quis
356 2822 687 2878 consiliarius
731 2819 848 2888 ejus
875 2816 1012 2887 fuit?
1040 2824 1128 2867 aut
1154 2815 1264 2884 quis
1293 2812 1437 2881 prior
1465 2809 1605 2862 dedit
1634 2807 1732 2870 illi,
1763 2816 1812 2859 et

211 2921 520 2975 retribuetur
546 2917 592 2970 ei
607 2915 629 2967 ε)
655 2913 903 2986 quoniam
933 2925 996 2964 ea:
1038 2908 1171 2977 ipso,
1217 2916 1266 2960 et
1303 2921 1395 2975 per
1431 2904 1618 2972 ipsum,
1667 2910 1714 2952 et
1759 2901 1810 2951 in

212 3014 325 3082 ipso
365 3017 482 3064 sunt
537 3006 731 3062 omnia.
778 3000 887 3071 Ipsi
932 2999 1099 3072 glcriu
1143 2999 1195 3052 in
1243 2996 1435 3050 stcculu
1481 2993 1808 3047 steculorum.

214 3110 377 3155 Amen
405 3099 581 3169 (liam.
618 3113 652 3161 I,
694 3094 784 3157 55,
808 3091 876 3146 51
907 3101 956 3145 et
993 3090 1148 3161 seq.).
1198 3087 1479 3142 Manil'eslc
1525 3098 1654 3151 ergo
1706 3097 1803 3136 sos

216 3208 383 3256 sonis,
429 3206 526 3244 suo
565 3189 847 3243 Arosrom
874 3183 1098 3238 omnino
1128 3173 1327 3236 resistit
1356 3179 1445 3248 qui
1483 3177 1612 3232 dicit
1646 3194 1658 3228 :
1702 3173 1812 3229 Nisi

1906 1992 2022 2044 cisti
2053 1989 2290 2053 arbitrio,
2314 2005 2466 2057 qunm
2484 1987 2621 2059 quod
2643 1987 2881 2040 universa
2908 1987 2961 2038 in
2983 1985 3288 2038 humilitatis
3309 1992 3501 2036 nostra:

1907 2083 2278 2136 conscientiam
2307 2079 2562 2136 retulisti?
2589 2087 2639 2131 et
2667 2088 2836 2130 tamen
2880 2077 3128 2128 instinctu
3169 2073 3265 2127 Dei
3307 2076 3500 2145 factum

1907 2175 2131 2244 ﬁdeliter
2181 2174 2536 2243 sapienterque
2613 2169 2783 2222 ridisli
2804 2209 2820 2234 ,
2877 2167 3124 2220 veraciter
3185 2164 3502 2240 ﬁdeliterque

1909 2268 2112 2335 dixisti,
2142 2267 2256 2320 ideo
2296 2265 2467 2334 utique
2495 2264 2614 2335 quia
2666 2268 3000 2332 praeparatur
3026 2258 3274 2312 voluntas
3323 2272 3352 2308 a
3396 2256 3503 2309 Do-

1910 2361 2056 2416 mino
2087 2361 2268 2430 (l’ror.
2313 2373 2424 2434 vin,
2469 2353 2562 2421 ⁸55,
2601 2369 2704 2407 sec.
2745 2349 2940 2420 LXX),
2965 2358 3013 2403 et
3052 2359 3105 2401 ut
3145 2347 3265 2401 boni
3307 2345 3504 2417 aliquid

1910 2460 2072 2522 agant
2100 2448 2330 2519 paternis
2355 2440 2776 2516 inspirationibus
2797 2457 3006 2494 suorum
3033 2440 3140 2508 ipse
3161 2438 3324 2508 tangit
3345 2439 3502 2491 corda

1910 2540 2138 2608 ﬁliorum
2163 2554 2179 2591 :
2205 2536 2481 2606 Quotquot
2507 2533 2649 2588 enim
2677 2530 2880 2602 Spiritu
2911 2529 3006 2582 Dei
3037 2535 3284 2596 aguntur,
3319 2527 3370 2580 hi
3411 2525 3503 2580 lilii

1911 2637 2036 2687 sunt
2067 2631 2159 2685 Dei
2186 2629 2363 2699 (Rom.
2396 2643 2508 2690 vtu,
2537 2622 2648 2693 5i),
2679 2632 2733 2676 ut
2773 2638 2864 2675 nec
2901 2630 3134 2675 nostrum
3181 2620 3355 2674 deesse
3384 2635 3504 2672 seno

1913 2725 2102 2776 tiumus
2130 2718 2423 2783 arbitrium,
2451 2727 2501 2769 et
2527 2716 2577 2768 in
2607 2713 2752 2767 bonis
2781 2711 3061 2782 quibusque
3102 2709 3378 2764 roluntutis
3409 2708 3505 2761 hn-
3566 2722 3573 2727 '

1913 2830 2086 2869 manu:
2135 2811 2351 2882 singulis
2401 2807 2618 2862 motibus
2684 2807 2849 2877 magis
2893 2805 3032 2858 illius
3077 2805 3357 2873 pr.~:renire
3402 2820 3506 2856 non

1915 2906 2202 2959 dubitemus
2229 2902 2486 2973 gratiam;
2518 2900 2653 2969 quod
2688 2900 2760 2950 ita
2805 2897 2941 2950 Deus
2964 2898 3016 2949 in
3069 2893 3305 2948 cordibus
3350 2894 3510 2947 homi-

1916 3015 2036 3053 num
2069 3008 2218 3061 atque
2268 2997 2318 3048 in
2349 2997 2460 3064 ipso
2491 2993 2650 3046 libero
2678 2999 2916 3060 operetur
2956 2988 3196 3054 arbitrio,
3235 2997 3289 3040 ut
3326 2994 3509 3040 saneta

1915 3093 2184 3166 cogitatio,
2227 3091 2369 3160 pium
2417 3086 2708 3148 consilium,
2743 3083 3008 3153 omnisque
3038 3090 3205 3133 motus
3236 3079 3382 3132 bona:
3423 3094 3508 3130 ro-

1915 3184 2132 3237 luntatis
2158 3196 2224 3234 ex
2256 3179 2364 3233 Deo
2392 3179 2478 3242 sit,
2509 3177 2628 3249 quia
2651 3193 2743 3245 per
2771 3176 2918 3230 illum
2947 3172 3142 3252 aliquid
3179 3171 3297 3226 boni
3327 3185 3510 3239 possu-

217 3297 318 3351 ego
346 3283 497 3352 prius
517 3279 763 3344 voluero,
795 3275 964 3344 gratia
990 3273 1056 3327 ad
1079 3290 1163 3327 tne
1196 3289 1298 3326 non
1326 3269 1490 3324 venit.
1519 3265 1672 3334 Quod
1697 3282 1810 3321 om-

1920 3291 2052 3338 mus,
2084 3276 2195 3326 sine
2223 3289 2320 3342 quo
2351 3270 2480 3324 nihil
2508 3283 2802 3340 possumus.
2842 3284 2859 3316 ι

217 3377 347 3430 ιιίιιο
379 3374 507 3428 nihil
538 3369 680 3426 aliud
715 3377 798 3424 est
845 3357 1048 3431 dicere,
1096 3365 1193 3419 nisi
1227 3362 1373 3434 prius
1402 3360 1532 3415 dare
1577 3358 1705 3424 Deo,
1755 3366 1812 3411 ut

219 3467 548 3521 retribuatur
576 3462 670 3516 illi.

306 3560 434 3613 Car.
467 3571 576 3609 \'lll.
612 3552 795 3607 Omnis
824 3561 991 3604 motus
1021 3551 1168 3603 bona:
1198 3546 1471 3600 roluntutis
1501 3560 1564 3596 ea:
1596 3541 1718 3598 Deo.
1745 3575 1814 3584 —-

220 3651 309 3707 2i.
360 3648 468 3702 Sed
511 3663 624 3701 nos
650 3652 937 3715 sequentes
977 3640 1222 3695 euntdem
1263 3637 1567 3708 apostolum
1599 3651 1812 3690 omnem

221 3745 483 3797 bonarum
531 3735 917 3806 cogitationum
957 3731 1240 3800 originem,
1289 3727 1814 3792 consensionemque

224 3848 408 3890 earum
442 3840 498 3896 λ,
530 3837 585 3884 et
632 3827 965 3882 voluntatem
995 3839 1059 3878 ex
1100 3822 1212 3876 Deo
1242 3833 1296 3874 et
1326 3836 1422 3890 per
1464 3819 1649 3880 Deum,
1680 3828 1734 3872 et.
1763 3819 1815 3872 in

227 3926 335 3988 Deo
360 3922 609 3986 dicimus,
631 3919 722 3988 qui
753 3931 946 3987 pravas
971 3914 1247 3968 hominum
1274 3911 1598 3973 voluntates,
1625 3919 1680 3963 et
1707 3918 1816 3963 ler-

227 4015 370 4070 rcnis
397 4013 602 4068 actibus
631 4008 952 4086 implicatas,
989 4020 1084 4074 per
1111 4002 1431 4056 inlusionem
1472 4009 1528 4053 ct
1570 3999 1818 4069 inopera.

230 4107 426 4161 tionem
457 4103 484 4142 δ
517 4103 838 4156 intrinsecus
866 4096 1036 4152 sancti
1063 4094 1295 4165 Spiritus
1314 4091 1552 4145 .ahsolvit
1603 4100 1658 4144 et
1697 4105 1818 4145 cor-

231 4199 368 4268 rigit,
420 4197 556 4251 sicut
603 4193 862 4263 scriptum
919 4198 1048 4244 est:
1110 4179 1447 4254 l’ra'paratur
1500 4183 1737 4236 roluntus
1787 4197 1819 4233 a

235 4291 384 4346 Domi
391 4306 475 4343 no.

299 4382 391 4437 9.5.
423 4378 556 4434 lline
579 4377 740 4432 etiam
772 4376 961 4429 beatus
984 4371 1209 4425 Basilius
1231 4367 1576 4423 Caesariensis
1605 4367 1818 4436 episco-

234 4491 349 4545 pns,
381 4474 430 4527 in
462 4470 705 4525 oratione
733 4466 872 4521 sacri
898 4464 1126 4545 _a|taris,
1159 4477 1320 4531 quam
1351 4475 1490 4531 pene
1537 4460 1820 4526 nnivctsus

235 4571 537 4636 frequentat
591 4561 800 4623 Oriens,
852 4559 989 4611 inter
1017 4565 1258 4613 caitera:
1312 4572 1329 4604 ι
1387 4553 1534 4606 l‘ona
1579 4552 1812 4621 (inquit),

1982 3364 2070 3418 27.
2106 3362 2198 3417 llis
2227 3375 2464 3431 congrue
2494 3357 2834 3414 beatissimus
2855 3354 3177 3411 C(Blestinus
3205 3353 3256 3408 in
3284 3352 3512 3424 epistola

1918 3463 2056 3530 (mp.
2087 3457 2172 3525 ll)
2205 3457 2271 3511 ad
2300 3455 2484 3510 Gallos
2517 3453 2639 3507 data
2667 3469 2678 3504 :
2721 3471 2736 3502 ι
2774 3448 2910 3504 Cum
2938 3448 3103 3510 enim,
3147 3446 3337 3516 inquit,
3383 3461 3510 3500 san-

1915 3564 2122 3607 ctarum
2149 3549 2381 3620 plebium
2414 3546 2668 3618 praesules
2696 3543 2947 3604 niandata
2971 3542 3072 3596 sibi
3101 3529 3370 3611 legatiOne
3393 3539 3514 3594 fun-
3539 3537 3573 3610 λ

1917 3652 2117 3711 gnntur
2146 3639 2170 3676 ¹¹
2204 3640 2346 3711 apud
2376 3637 2611 3692 divinam
2642 3633 3004 3697 clementiam,
3047 3631 3265 3711 humani
3301 3628 3513 3699 generis

1918 3743 2082 3803 agunt
2110 3747 2349 3795 causam,
2383 3738 2438 3784 et
2468 3738 2578 3784 tota
2600 3740 2783 3781 secum
2817 3720 3055 3778 Ecclesia
3084 3701 3514 3788 congemiscente

1922 3801 2196 3897 postulant
2225 3832 2277 3877 et
2300 3829 2587 3893 precantur
2611 3827 2669 3872 ιιι
2691 3813 2996 3870 inﬁdelibus
3027 3813 3256 3867 donetur
3273 3801 3434 3875 Itides,
3457 3819 3513 3863 ut

1923 3917 2220 3974 idololatrzc
2251 3917 2317 3970 ab
2347 3913 2794 3969 infidelitatissum
2817 3907 3110 3962 liberentur
3136 3902 3425 3966 erroribus,
3455 3910 3512 3956 ut

1920 4009 2134 4067 Judmis,
2169 4007 2348 4062 ablato
2388 4002 2569 4058 cordis
2600 4001 2885 4066 velamine,
2931 4000 3019 4053 lux
3061 3987 3300 4052 veritatis
3347 4010 3513 4065 appa-

1920 4109 2058 4166 reat,
2106 4107 2164 4153 ut
2211 4097 2442 4152 han-elici
2480 4093 2760 4148 catholica:
2802 4088 2923 4146 fidei
2980 4089 3325 4160 perceptione
3375 4087 3510 4141 resi«

1922 4195 2150 4264 piscant,
2177 4199 2233 4244 ut
2255 4187 2582 4245 schismatici
2605 4185 2852 4254 spiritum
2883 4181 3133 4236 rediviva:
3158 4179 3396 4236 caritatis
3421 4191 3513 4233 ac-

1923 4285 2145 4353 cipiant,
2189 4291 2247 4336 ut
2296 4280 2459 4350 lapsis
2495 4276 2827 4348 pmnitentia:
2855 4273 3092 4329 remedia
3142 4270 3509 4334 conferantur,

1925 4353 2255 4445 ardentique
2295 4367 2697 4428 catcchumenis
2745 4365 2812 4420 ad
2861 4363 3285 4433 regenerationis
3331 4352 3513 4416 sacra-

1925 4476 2104 4522 menta
2131 4462 2418 4534 perductis,
2469 4457 2702 4516 carlcstis
2737 4454 3118 4512 misericordia:
3157 4453 3274 4507 aula
3308 4467 3514 4507 resere-

1927 4568 2029 4614 tnr.
2063 4557 2187 4611 llaec
2226 4565 2404 4609 autem
2438 4549 2951 4626 nonlperlunctorie
3000 4561 3172 4616 neque
3215 4545 3442 4599 inaniter
3483 4557 3512 4596 a

238 4657 479 4721 Domine,
508 4657 756 4709 virtutem
782 4665 844 4704 ac
881 4657 1236 4703 tutamentum
1270 4665 1281 4697 :
1316 4638 1488 4699 malos
1513 4659 1822 4712 qnzrsnnms
1851 4663 1898 4722 υ
1927 4649 2154 4705 Domino
2210 4647 2319 4716 peti
2365 4655 2388 4680 ο
2439 4657 2616 4697 rerum
2665 4639 2899 4709 ipsarum
2950 4644 3214 4692 monstrat
3269 4633 3512 4697 enectus,

237 4749 406 4804 bonos
459 4745 640 4805 facito,
691 4743 861 4796 bonos
915 4741 965 4794 in
1014 4738 1256 4791 bonitate
1300 4751 1583 4798 conserva,
1641 4734 1820 4788 otiinia

238 4841 375 4895 enim
408 4848 582 4910 potes,
634 4845 688 4889 et
738 4850 845 4887 non
893 4841 977 4886 est
1025 4831 1112 4900 qui
1156 4827 1493 4884 contradicat
1546 4827 1668 4886 tibi:
1701 4842 1822 4904 eum

239 4931 376 4987 enim
424 4929 659 4984 volucris
707 4927 905 4990 salvas,
959 4933 1013 4978 et
1081 4921 1256 4975 nullus
1304 4918 1505 4972 resistit
1558 4916 1824 4972 voluntati

241 5033 358 5078 ture.
387 5042 404 5074 ι
437 5019 572 5076 Ecce
594 5035 754 5090 quam
778 5017 1033 5077 breviter,
1055 5026 1326 5082 quamque
1364 5008 1605 5063 districto
1635 5008 1826 5062 doctor

241 5113 481 5184 egregit'ts
509 5111 648 5166 olim
667 5096 789 5163 huic
819 5105 1198 5162 controver.-i:c
1223 5091 1378 5155 linem
1401 5099 1597 5169 posuit,
1623 5098 1826 5153 docens

241 5219 335 5275 per
357 5203 496 5259 hanc
536 5215 779 5273 precem,
831 5214 936 5251 non
980 5211 1009 5249 a
1065 5193 1277 5274 seipsis,
1311 5189 1404 5246 sed
1449 5209 1478 5244 ει
1512 5188 1622 5243 Deo
1655 5188 1827 5243 malos

242 5296 481 5351 homines
505 5294 679 5348 honos
701 5291 849 5354 lieri;
881 5304 979 5343 nec
1007 5303 1102 5342 sua
1125 5293 1343 5348 virtute,
1369 5280 1462 5339 sed
1489 5279 1681 5335 divina:
1704 5294 1826 5349 gra-

245 5389 326 5443 tia‘
355 5383 625 5455 adjutorio
655 5382 706 5437 in
743 5381 855 5451 ipsa
879 5378 1124 5433 bonitate
1158 5387 1526 5446 perseverare.

309 5476 392 5530 9.6.
427 5473 686 5529 Similiter
722 5471 910 5524 beatus
947 5465 1290 5521 Innocentius
1329 5455 1636 5518 auoslolicm
1685 5459 1830 5514 sedis

317 5682 336 5710 ⁸
364 5669 525 5730 Ειιίιί,
550 5685 724 5721 eurum
749 5663 1156 5734 confessionem;
1191 5657 1284 5712 sed
1316 5657 1517 5711 rectius
1549 5670 1674 5718 ms.,
1707 5669 1835 5728 ron«_

250 5744 626 5810 seusionemque
654 5753 850 5810 earum.
979 5804 990 5810 _
1201 5738 1203 5740 ’

316 5817 338 5851 ι·
370 5813 461 5865 Sic
486 5800 611 5871 ms;
646 5818 700 5862 at
731 5808 786 5861 in
814 5804 1044 5869 excusis,
1075 5814 1124 5854 et
1145 5800 1520 5871 Operatiouem.

317 5881 484 5936 t'Editi
494 5923 508 5950 ,
520 5881 588 5933 ad
600 5869 787 5950 papam
810 5876 1039 5931 Romanu
1047 5889 1092 5926 ιιι
1099 5889 1114 5940 ;
1130 5869 1227 5926 ms.
1239 5870 1328 5934 ,ad
1337 5887 1525 5938 papam
1540 5869 1581 5923 Ζ
1587 5886 1615 5922 ο
1623 5869 1807 5921 simum

1927 4736 2360 4811 quandoquidem
2400 4748 2466 4787 ex
2515 4730 2661 4785 omni
2713 4744 2959 4783 errorum
3005 4741 3203 4795 genere
3257 4723 3517 4793 plurimos

1929 4831 2180 4899 dignatur
2205 4824 2499 4884 attrahere,
2539 4835 2674 4889 quos
2715 4834 2912 4874 eruens
2953 4817 3325 4888 depotestate
3366 4821 3517 4866 tene-

1929 4925 2173 4988 brarum,
2207 4915 2460 4974 transfert
2488 4916 2541 4970 in
2565 4927 2786 4982 regnum
2811 4911 2902 4965 lllii
2931 4909 3170 4965 caritatis
3209 4921 3340 4982 suae,
3367 4914 3422 4960 et
3449 4919 3516 4958 ex

1933 5016 2074 5070 vasis
2101 5014 2192 5068 ira!
2221 5010 2346 5065 facit
2373 5023 2500 5062 vasa
2534 5003 2938 5060 miscricordize.
2974 5000 3126 5067 Quod
3171 4997 3308 5052 adeo
3345 5005 3517 5050 totum

1931 5105 2097 5162 divini
2124 5103 2305 5174 operis
2333 5115 2450 5156 esse
2479 5098 2726 5162 sentitur,
2761 5095 2948 5150 uthmc
2976 5091 3228 5148 eflicienti
3257 5087 3365 5144 Deo
3397 5100 3520 5158 κη-
3575 5141 3581 5144 ,
3639 5075 3647 5084 “

1933 5199 2124 5252 tiarum
2155 5207 2368 5263 semper
2390 5190 2531 5246 actio
2567 5187 2845 5258 laudisque
2883 5183 3150 5240 confessio
3184 5196 3280 5250 pro
3325 5178 3523 5250 illumi-

1935 5290 2154 5345 natione
2207 5286 2393 5340 talium
2437 5283 2522 5337 vel
2553 5280 2890 5358 correctione
2926 5272 3210 5329 referatur.
3248 5291 3266 5323 ι
3317 5269 3524 5326 Rursus

1933 5392 2055 5455 post
2082 5396 2284 5452 pauca:
2322 5399 2340 5432 t
2378 5377 2471 5433 llis
2499 5391 2629 5444 ergo
2663 5373 2857 5443 (inquit
2881 5368 3105 5443 [Calest,
3130 5383 3247 5441 cap.
3275 5363 3401 5436 12])
3433 5380 3532 5432 cc-p
3573 5398 3575 5400 -

1933 5475 2247 5532 clesiasticis
2267 5471 2463 5542 regulis
2499 5478 2552 5525 et
2606 5484 2671 5523 ex
2715 5465 2894 5519 divina
2937 5461 3163 5531 sumptis
3201 5459 3526 5515 auctoritate

2013 5651 2036 5687 ἀ
2065 5647 2224 5710 Editi,
2253 5648 2555 5718 fungantur.

2012 5731 2034 5757 ε
2061 5695 2511 5792 Βῖἐξέἰδέριιί,
2537 5706 2942 5792 ριεῐξιετβηείμ
3048 5720 3155 5788 qup
3182 5705 3396 5786 legitur,
3425 5695 3523 5755 neo-

1931 5808 2030 5862 que
2058 5791 2284 5858 inaniter;
2324 5803 2352 5838 a
2392 5775 2616 5862 Domino
2657 5778 2776 5848 peti,
2811 5777 2902 5830 sed
2938 5775 3234 5848 efﬁcaciter,
3286 5775 3520 5843 ipsarum

1937 5851 2143 5927 precum
2164 5851 2417 5912 ntaristrut
2439 5851 2666 5917 eiectus.
