  <div class='ocr_page' id='page_1' title='image "/cluster/home/n/w/nwhite01/storage/ocr_20150623/65/hvd.32044015469315/233.png"; bbox 0 0 4124 6482; ppageno 0'>
   <div class='ocr_carea' id='block_1_1' title="bbox 576 399 669 454">
    <p class='ocr_par' dir='ltr' id='par_1_1' title="bbox 576 399 669 454">
     <span class='ocr_line' id='line_1_1' title="bbox 576 399 669 454; baseline -0.011 0"><span class='ocrx_word' id='word_1_1' title='bbox 576 399 669 454; x_wconf 69' lang='grc'><strong>451</strong></span> 
     </span>
    </p>
   </div>
   <div class='ocr_carea' id='block_1_2' title="bbox 1618 371 3856 445">
    <p class='ocr_par' dir='ltr' id='par_1_2' title="bbox 1618 371 3856 445">
     <span class='ocr_line' id='line_1_2' title="bbox 1618 371 3856 445; baseline -0.003 -6"><span class='ocrx_word' id='word_1_2' title='bbox 1618 388 1677 445; x_wconf 71' lang='lat'><strong>5.</strong></span> <span class='ocrx_word' id='word_1_3' title='bbox 1713 381 2079 439; x_wconf 63' lang='grc' dir='ltr'><strong>ηῑιιῑδπτπ</strong></span> <span class='ocrx_word' id='word_1_4' title='bbox 2112 379 2411 435; x_wconf 67' lang='grc' dir='ltr'><strong>εηεωρι</strong></span> <span class='ocrx_word' id='word_1_5' title='bbox 2453 378 2829 437; x_wconf 73' lang='lat' dir='ltr'><strong>RUSI’ENSIS’</strong></span> <span class='ocrx_word' id='word_1_6' title='bbox 3746 371 3856 443; x_wconf 54' lang='lat' dir='ltr'><strong>in</strong></span> 
     </span>
    </p>
   </div>
   <div class='ocr_carea' id='block_1_3' title="bbox 517 450 3843 534">
    <p class='ocr_par' dir='ltr' id='par_1_3' title="bbox 517 450 3843 534">
     <span class='ocr_line' id='line_1_3' title="bbox 517 450 3843 534; baseline -0.003 -14"><span class='ocrx_word' id='word_1_7' title='bbox 517 521 520 525; x_wconf 76' lang='grc'><strong><em>,</em></strong></span> <span class='ocrx_word' id='word_1_8' title='bbox 576 450 937 531; x_wconf 62' lang='lat' dir='ltr'><strong>documentis,</strong></span> <span class='ocrx_word' id='word_1_9' title='bbox 965 469 1043 521; x_wconf 72' lang='lat' dir='ltr'><strong>is:</strong></span> <span class='ocrx_word' id='word_1_10' title='bbox 1066 465 1357 534; x_wconf 68' lang='lat' dir='ltr'><strong>adimth</strong></span> <span class='ocrx_word' id='word_1_11' title='bbox 1378 458 1605 515; x_wconf 69' lang='lat' dir='ltr'><strong>Domino</strong></span> <span class='ocrx_word' id='word_1_12' title='bbox 1627 454 1924 513; x_wconf 74' lang='lat' dir='ltr'><strong>confirmati</strong></span> <span class='ocrx_word' id='word_1_13' title='bbox 1953 469 2155 513; x_wconf 84' lang='lat' dir='ltr'><strong>sumus.</strong></span> <span class='ocrx_word' id='word_1_14' title='bbox 2193 458 2239 514; x_wconf 74' lang='grc' dir='ltr'>Α</span> <span class='ocrx_word' id='word_1_15' title='bbox 2340 451 2520 507; x_wconf 73' lang='lat' dir='ltr'><strong>CAPUT</strong></span> <span class='ocrx_word' id='word_1_16' title='bbox 2544 470 2579 507; x_wconf 79' lang='grc' dir='ltr'><strong>ι.</strong></span> <span class='ocrx_word' id='word_1_17' title='bbox 2615 451 2775 506; x_wconf 83' lang='lat' dir='ltr'><strong>Recta</strong></span> <span class='ocrx_word' id='word_1_18' title='bbox 2798 451 2927 521; x_wconf 79' lang='lat' dir='ltr'><strong>fides</strong></span> <span class='ocrx_word' id='word_1_19' title='bbox 2958 453 3009 505; x_wconf 90' lang='lat' dir='ltr'><strong>in</strong></span> <span class='ocrx_word' id='word_1_20' title='bbox 3034 450 3131 505; x_wconf 76' lang='lat' dir='ltr'><strong>Itur</strong></span> <span class='ocrx_word' id='word_1_21' title='bbox 3161 454 3263 515; x_wconf 68' lang='lat' dir='ltr'><strong>vita</strong></span> <span class='ocrx_word' id='word_1_22' title='bbox 3290 453 3431 507; x_wconf 83' lang='lat' dir='ltr'><strong>salus</strong></span> <span class='ocrx_word' id='word_1_23' title='bbox 3459 460 3535 507; x_wconf 77' lang='lat' dir='ltr'><strong>est</strong></span> <span class='ocrx_word' id='word_1_24' title='bbox 3568 455 3843 510; x_wconf 69' lang='lat' dir='ltr'><strong>hominum.</strong></span> 
     </span>
    </p>
   </div>
   <div class='ocr_carea' id='block_1_4' title="bbox 521 542 2161 618">
    <p class='ocr_par' dir='ltr' id='par_1_4' title="bbox 521 542 2161 618">
     <span class='ocr_line' id='line_1_4' title="bbox 521 542 2161 618; baseline -0.013 -1"><span class='ocrx_word' id='word_1_25' title='bbox 521 542 637 618; x_wconf 7' lang='lat' dir='ltr'><strong>hul-</strong></span> <span class='ocrx_word' id='word_1_26' title='bbox 671 559 912 615; x_wconf 79' lang='lat' dir='ltr'><strong>nmnium</strong></span> <span class='ocrx_word' id='word_1_27' title='bbox 968 563 1237 612; x_wconf 78' lang='lat' dir='ltr'><strong>bonorum</strong></span> <span class='ocrx_word' id='word_1_28' title='bbox 1281 550 1564 607; x_wconf 63' lang='lat' dir='ltr'><strong>affectuum</strong></span> <span class='ocrx_word' id='word_1_29' title='bbox 1609 558 1769 616; x_wconf 89' lang='lat' dir='ltr'><strong>atque</strong></span> <span class='ocrx_word' id='word_1_30' title='bbox 1809 559 2055 614; x_wconf 86' lang='lat' dir='ltr'><strong>operum,</strong></span> <span class='ocrx_word' id='word_1_31' title='bbox 2107 552 2161 595; x_wconf 87' lang='lat' dir='ltr'><strong>et</strong></span> 
     </span>
    </p>
   </div>
   <div class='ocr_carea' id='block_1_5' title="bbox 576 633 2163 711">
    <p class='ocr_par' dir='ltr' id='par_1_5' title="bbox 576 633 2163 711">
     <span class='ocr_line' id='line_1_5' title="bbox 576 633 2163 711; baseline -0.012 -5"><span class='ocrx_word' id='word_1_32' title='bbox 576 638 815 705; x_wconf 81' lang='lat' dir='ltr'><strong>omnium</strong></span> <span class='ocrx_word' id='word_1_33' title='bbox 835 639 1149 704; x_wconf 77' lang='lat' dir='ltr'><strong>studiorum</strong></span> <span class='ocrx_word' id='word_1_34' title='bbox 1174 645 1517 711; x_wconf 90' lang='lat' dir='ltr'><strong>omniumque</strong></span> <span class='ocrx_word' id='word_1_35' title='bbox 1554 639 1831 699; x_wconf 85' lang='lat' dir='ltr'><strong>virtutum,</strong></span> <span class='ocrx_word' id='word_1_36' title='bbox 1863 636 2057 705; x_wconf 86' lang='lat' dir='ltr'><strong>quibus</strong></span> <span class='ocrx_word' id='word_1_37' title='bbox 2096 633 2163 687; x_wconf 88' lang='lat' dir='ltr'><strong>ab</strong></span> 
     </span>
    </p>
   </div>
   <div class='ocr_carea' id='block_1_6' title="bbox 578 725 2165 800">
    <p class='ocr_par' dir='ltr' id='par_1_6' title="bbox 578 725 2165 800">
     <span class='ocr_line' id='line_1_6' title="bbox 578 725 2165 800; baseline -0.013 -4"><span class='ocrx_word' id='word_1_38' title='bbox 578 739 732 796; x_wconf 87' lang='lat' dir='ltr'><strong>initio</strong></span> <span class='ocrx_word' id='word_1_39' title='bbox 759 739 878 794; x_wconf 81' lang='lat' dir='ltr'><strong>fidei</strong></span> <span class='ocrx_word' id='word_1_40' title='bbox 907 740 973 794; x_wconf 85' lang='lat' dir='ltr'><strong>ad</strong></span> <span class='ocrx_word' id='word_1_41' title='bbox 1004 734 1167 793; x_wconf 86' lang='lat' dir='ltr'><strong>Deum</strong></span> <span class='ocrx_word' id='word_1_42' title='bbox 1200 735 1456 797; x_wconf 87' lang='lat' dir='ltr'><strong>tenditur,</strong></span> <span class='ocrx_word' id='word_1_43' title='bbox 1484 733 1650 786; x_wconf 90' lang='lat' dir='ltr'><strong>Deum</strong></span> <span class='ocrx_word' id='word_1_44' title='bbox 1679 725 2032 800; x_wconf 74' lang='lat' dir='ltr'><strong>profiteantur</strong></span> <span class='ocrx_word' id='word_1_45' title='bbox 2072 739 2165 777; x_wconf 90' lang='lat' dir='ltr'><strong>au-</strong></span> 
     </span>
    </p>
   </div>
   <div class='ocr_carea' id='block_1_7' title="bbox 574 818 2164 901">
    <p class='ocr_par' dir='ltr' id='par_1_7' title="bbox 574 818 2164 901">
     <span class='ocr_line' id='line_1_7' title="bbox 574 818 2164 901; baseline -0.015 -9"><span class='ocrx_word' id='word_1_46' title='bbox 574 840 819 901; x_wconf 67' lang='lat' dir='ltr'><strong>ctorem;</strong></span> <span class='ocrx_word' id='word_1_47' title='bbox 847 828 1027 887; x_wconf 7' lang='lat' dir='ltr'><strong>elisos</strong></span> <span class='ocrx_word' id='word_1_48' title='bbox 1059 844 1351 885; x_wconf 70' lang='lat' dir='ltr'><strong>nuntrsuus</strong></span> <span class='ocrx_word' id='word_1_49' title='bbox 1375 828 1443 881; x_wconf 89' lang='lat' dir='ltr'><strong>ab</strong></span> <span class='ocrx_word' id='word_1_50' title='bbox 1472 825 1640 895; x_wconf 85' lang='lat' dir='ltr'><strong>ipsius</strong></span> <span class='ocrx_word' id='word_1_51' title='bbox 1662 821 1831 890; x_wconf 86' lang='lat' dir='ltr'><strong>gratia</strong></span> <span class='ocrx_word' id='word_1_52' title='bbox 1863 819 2038 872; x_wconf 87' lang='lat' dir='ltr'><strong>omnis</strong></span> <span class='ocrx_word' id='word_1_53' title='bbox 2064 818 2164 870; x_wconf 85' lang='lat' dir='ltr'><strong>ho-</strong></span> 
     </span>
    </p>
   </div>
   <div class='ocr_carea' id='block_1_8' title="bbox 581 909 2166 993">
    <p class='ocr_par' dir='ltr' id='par_1_8' title="bbox 581 909 2166 993">
     <span class='ocr_line' id='line_1_8' title="bbox 581 909 2166 993; baseline -0.012 -12"><span class='ocrx_word' id='word_1_54' title='bbox 581 928 749 981; x_wconf 66' lang='lat' dir='ltr'><strong>minis</strong></span> <span class='ocrx_word' id='word_1_55' title='bbox 768 924 960 980; x_wconf 87' lang='lat' dir='ltr'><strong>merita</strong></span> <span class='ocrx_word' id='word_1_56' title='bbox 990 921 1288 993; x_wconf 71' lang='lat' dir='ltr'><strong>prmveniri,</strong></span> <span class='ocrx_word' id='word_1_57' title='bbox 1322 934 1420 990; x_wconf 90' lang='lat' dir='ltr'><strong>per</strong></span> <span class='ocrx_word' id='word_1_58' title='bbox 1442 932 1599 987; x_wconf 82' lang='lat' dir='ltr'><strong>quem</strong></span> <span class='ocrx_word' id='word_1_59' title='bbox 1625 915 1756 967; x_wconf 77' lang='lat' dir='ltr'><strong>litut</strong></span> <span class='ocrx_word' id='word_1_60' title='bbox 1786 911 1982 989; x_wconf 82' lang='lat' dir='ltr'><strong>aliquid</strong></span> <span class='ocrx_word' id='word_1_61' title='bbox 2017 909 2166 975; x_wconf 88' lang='lat' dir='ltr'><strong>boni,</strong></span> 
     </span>
    </p>
   </div>
   <div class='ocr_carea' id='block_1_9' title="bbox 577 1003 2177 1084">
    <p class='ocr_par' dir='ltr' id='par_1_9' title="bbox 577 1003 2177 1084">
     <span class='ocr_line' id='line_1_9' title="bbox 577 1003 2177 1084; baseline -0.013 -10"><span class='ocrx_word' id='word_1_62' title='bbox 577 1028 638 1074; x_wconf 84' lang='lat' dir='ltr'><strong>et</strong></span> <span class='ocrx_word' id='word_1_63' title='bbox 667 1015 802 1072; x_wconf 84' lang='lat' dir='ltr'><strong>velle</strong></span> <span class='ocrx_word' id='word_1_64' title='bbox 830 1015 1146 1084; x_wconf 86' lang='lat' dir='ltr'><strong>incipiamus</strong></span> <span class='ocrx_word' id='word_1_65' title='bbox 1170 1021 1222 1066; x_wconf 87' lang='lat' dir='ltr'><strong>et</strong></span> <span class='ocrx_word' id='word_1_66' title='bbox 1262 1011 1458 1065; x_wconf 90' lang='lat' dir='ltr'><strong>facere.</strong></span> <span class='ocrx_word' id='word_1_67' title='bbox 1495 1007 1612 1075; x_wconf 86' lang='lat' dir='ltr'><strong>Quo</strong></span> <span class='ocrx_word' id='word_1_68' title='bbox 1653 1007 1836 1075; x_wconf 82' lang='lat' dir='ltr'><strong>utique</strong></span> <span class='ocrx_word' id='word_1_69' title='bbox 1879 1003 2080 1057; x_wconf 76' lang='lat' dir='ltr'><strong>auxilio</strong></span> <span class='ocrx_word' id='word_1_70' title='bbox 2114 1009 2177 1054; x_wconf 76' lang='lat' dir='ltr'><strong>et</strong></span> 
     </span>
    </p>
   </div>
   <div class='ocr_carea' id='block_1_10' title="bbox 580 1083 2169 1164">
    <p class='ocr_par' dir='ltr' id='par_1_10' title="bbox 580 1083 2169 1164">
     <span class='ocr_line' id='line_1_10' title="bbox 580 1083 2169 1164; baseline -0.011 0"><span class='ocrx_word' id='word_1_71' title='bbox 580 1112 805 1164; x_wconf 68' lang='lat' dir='ltr'><strong>Munere</strong></span> <span class='ocrx_word' id='word_1_72' title='bbox 841 1106 934 1161; x_wconf 85' lang='lat' dir='ltr'><strong>Dei</strong></span> <span class='ocrx_word' id='word_1_73' title='bbox 970 1083 1393 1159; x_wconf 33' lang='lat' dir='ltr'><strong>somnumnon</strong></span> <span class='ocrx_word' id='word_1_74' title='bbox 1437 1115 1665 1155; x_wconf 78' lang='lat' dir='ltr'><strong>Ltnsuuu</strong></span> <span class='ocrx_word' id='word_1_75' title='bbox 1710 1111 2029 1158; x_wconf 60' lang='lat' dir='ltr'><strong>sumrmuu,</strong></span> <span class='ocrx_word' id='word_1_76' title='bbox 2071 1109 2169 1148; x_wconf 71' lang='lat' dir='ltr'><strong>suo</strong></span> 
     </span>
    </p>
   </div>
   <div class='ocr_carea' id='block_1_11' title="bbox 580 1187 2172 1264">
    <p class='ocr_par' dir='ltr' id='par_1_11' title="bbox 580 1187 2172 1264">
     <span class='ocr_line' id='line_1_11' title="bbox 580 1187 2172 1264; baseline -0.012 -7"><span class='ocrx_word' id='word_1_77' title='bbox 580 1217 902 1264; x_wconf 67' lang='lat' dir='ltr'><strong>uesanos,</strong></span> <span class='ocrx_word' id='word_1_78' title='bbox 936 1198 1078 1252; x_wconf 91' lang='lat' dir='ltr'><strong>utde</strong></span> <span class='ocrx_word' id='word_1_79' title='bbox 1109 1195 1395 1250; x_wconf 89' lang='lat' dir='ltr'><strong>tenebroso</strong></span> <span class='ocrx_word' id='word_1_80' title='bbox 1416 1192 1681 1253; x_wconf 87' lang='lat' dir='ltr'><strong>lucidum,</strong></span> <span class='ocrx_word' id='word_1_81' title='bbox 1712 1189 1871 1264; x_wconf 74' lang='lat'><strong>285</strong></span> <span class='ocrx_word' id='word_1_82' title='bbox 1906 1187 1971 1241; x_wconf 90' lang='lat' dir='ltr'><strong>de</strong></span> <span class='ocrx_word' id='word_1_83' title='bbox 2005 1200 2172 1255; x_wconf 82' lang='lat' dir='ltr'><strong>pravo</strong></span> 
     </span>
    </p>
   </div>
   <div class='ocr_carea' id='block_1_12' title="bbox 580 1276 2173 1357">
    <p class='ocr_par' dir='ltr' id='par_1_12' title="bbox 580 1276 2173 1357">
     <span class='ocr_line' id='line_1_12' title="bbox 580 1276 2173 1357; baseline -0.013 -9"><span class='ocrx_word' id='word_1_84' title='bbox 580 1302 809 1357; x_wconf 86' lang='lat' dir='ltr'><strong>rectum,</strong></span> <span class='ocrx_word' id='word_1_85' title='bbox 832 1291 899 1346; x_wconf 87' lang='lat' dir='ltr'><strong>de</strong></span> <span class='ocrx_word' id='word_1_86' title='bbox 924 1287 1175 1357; x_wconf 85' lang='lat' dir='ltr'><strong>languido</strong></span> <span class='ocrx_word' id='word_1_87' title='bbox 1205 1301 1415 1352; x_wconf 90' lang='lat' dir='ltr'><strong>sanum,</strong></span> <span class='ocrx_word' id='word_1_88' title='bbox 1445 1285 1511 1338; x_wconf 89' lang='lat' dir='ltr'><strong>de</strong></span> <span class='ocrx_word' id='word_1_89' title='bbox 1547 1280 1869 1351; x_wconf 76' lang='lat' dir='ltr'><strong>imprudenti</strong></span> <span class='ocrx_word' id='word_1_90' title='bbox 1891 1279 1958 1334; x_wconf 90' lang='lat' dir='ltr'><strong>sit</strong></span> <span class='ocrx_word' id='word_1_91' title='bbox 1993 1276 2173 1348; x_wconf 85' lang='lat' dir='ltr'><strong>provi-</strong></span> 
     </span>
    </p>
   </div>
   <div class='ocr_carea' id='block_1_13' title="bbox 583 1366 2171 1440">
    <p class='ocr_par' dir='ltr' id='par_1_13' title="bbox 583 1366 2171 1440">
     <span class='ocr_line' id='line_1_13' title="bbox 583 1366 2171 1440; baseline -0.011 -4"><span class='ocrx_word' id='word_1_92' title='bbox 583 1384 727 1437; x_wconf 90' lang='lat' dir='ltr'><strong>dum.</strong></span> <span class='ocrx_word' id='word_1_93' title='bbox 769 1401 787 1433; x_wconf 75' lang='grc' dir='ltr'><strong><em>ι</em></strong></span> <span class='ocrx_word' id='word_1_94' title='bbox 823 1379 1301 1433; x_wconf 87' lang='lat' dir='ltr'><strong>Terminataulem</strong></span> <span class='ocrx_word' id='word_1_95' title='bbox 1322 1375 1460 1429; x_wconf 90' lang='lat' dir='ltr'><strong>idem</strong></span> <span class='ocrx_word' id='word_1_96' title='bbox 1489 1372 1741 1440; x_wconf 85' lang='lat' dir='ltr'><strong>magister</strong></span> <span class='ocrx_word' id='word_1_97' title='bbox 1771 1369 1966 1440; x_wconf 77' lang='lat' dir='ltr'><strong>(Idem,</strong></span> <span class='ocrx_word' id='word_1_98' title='bbox 2003 1384 2047 1420; x_wconf 79' lang='grc' dir='ltr'><strong>ε.</strong></span> <span class='ocrx_word' id='word_1_99' title='bbox 2084 1366 2171 1436; x_wconf 77' lang='grc'><strong>15)</strong></span> 
     </span>
    </p>
   </div>
   <div class='ocr_carea' id='block_1_14' title="bbox 576 1446 2169 1544">
    <p class='ocr_par' dir='ltr' id='par_1_14' title="bbox 576 1446 2169 1544">
     <span class='ocr_line' id='line_1_14' title="bbox 576 1446 2169 1544; baseline -0.011 -15"><span class='ocrx_word' id='word_1_100' title='bbox 576 1476 721 1529; x_wconf 80' lang='lat' dir='ltr'><strong>hanc</strong></span> <span class='ocrx_word' id='word_1_101' title='bbox 764 1474 933 1544; x_wconf 82' lang='lat' dir='ltr'><strong>ipsam</strong></span> <span class='ocrx_word' id='word_1_102' title='bbox 976 1470 1280 1541; x_wconf 91' lang='lat' dir='ltr'><strong>epistolam,</strong></span> <span class='ocrx_word' id='word_1_103' title='bbox 1328 1477 1491 1537; x_wconf 91' lang='lat' dir='ltr'><strong>atque</strong></span> <span class='ocrx_word' id='word_1_104' title='bbox 1526 1446 1794 1521; x_wconf 83' lang='lat' dir='ltr'><strong>concludit</strong></span> <span class='ocrx_word' id='word_1_105' title='bbox 1832 1463 1924 1524; x_wconf 91' lang='lat' dir='ltr'><strong>ita,</strong></span> <span class='ocrx_word' id='word_1_106' title='bbox 1954 1461 2169 1515; x_wconf 83' lang='lat' dir='ltr'><strong>dicens:</strong></span> 
     </span>
    </p>
   </div>
   <div class='ocr_carea' id='block_1_15' title="bbox 582 1552 2175 1630">
    <p class='ocr_par' dir='ltr' id='par_1_15' title="bbox 582 1552 2175 1630">
     <span class='ocr_line' id='line_1_15' title="bbox 582 1552 2175 1630; baseline -0.006 -15"><span class='ocrx_word' id='word_1_107' title='bbox 582 1583 608 1615; x_wconf 58' lang='grc' dir='ltr'><strong>λ(</strong></span> <span class='ocrx_word' id='word_1_108' title='bbox 644 1562 777 1630; x_wconf 88' lang='lat' dir='ltr'><strong>Quia</strong></span> <span class='ocrx_word' id='word_1_109' title='bbox 812 1562 879 1616; x_wconf 91' lang='lat' dir='ltr'><strong>ad</strong></span> <span class='ocrx_word' id='word_1_110' title='bbox 918 1559 1277 1615; x_wconf 81' lang='lat' dir='ltr'><strong>conﬁtendam</strong></span> <span class='ocrx_word' id='word_1_111' title='bbox 1308 1558 1530 1627; x_wconf 83' lang='lat' dir='ltr'><strong>gratiam</strong></span> <span class='ocrx_word' id='word_1_112' title='bbox 1573 1556 1689 1621; x_wconf 84' lang='lat' dir='ltr'><strong>Dei,</strong></span> <span class='ocrx_word' id='word_1_113' title='bbox 1727 1554 1880 1623; x_wconf 87' lang='lat' dir='ltr'><strong>cujus</strong></span> <span class='ocrx_word' id='word_1_114' title='bbox 1907 1552 2058 1622; x_wconf 86' lang='lat' dir='ltr'><strong>operi</strong></span> <span class='ocrx_word' id='word_1_115' title='bbox 2111 1566 2175 1606; x_wconf 91' lang='lat' dir='ltr'><strong>ac</strong></span> 
     </span>
    </p>
   </div>
   <div class='ocr_carea' id='block_1_16' title="bbox 581 1642 2177 1724">
    <p class='ocr_par' dir='ltr' id='par_1_16' title="bbox 581 1642 2177 1724">
     <span class='ocr_line' id='line_1_16' title="bbox 581 1642 2177 1724; baseline -0.009 -14"><span class='ocrx_word' id='word_1_116' title='bbox 581 1654 879 1724; x_wconf 79' lang='lat' dir='ltr'><strong>dignationi</strong></span> <span class='ocrx_word' id='word_1_117' title='bbox 903 1654 1036 1708; x_wconf 82' lang='lat' dir='ltr'><strong>nihil</strong></span> <span class='ocrx_word' id='word_1_118' title='bbox 1062 1653 1278 1722; x_wconf 90' lang='lat' dir='ltr'><strong>penitus</strong></span> <span class='ocrx_word' id='word_1_119' title='bbox 1304 1648 1725 1705; x_wconf 84' lang='lat' dir='ltr'><strong>subtrahendum</strong></span> <span class='ocrx_word' id='word_1_120' title='bbox 1761 1654 1862 1711; x_wconf 84' lang='lat' dir='ltr'><strong>est,</strong></span> <span class='ocrx_word' id='word_1_121' title='bbox 1903 1645 2033 1699; x_wconf 85' lang='lat' dir='ltr'><strong>satis</strong></span> <span class='ocrx_word' id='word_1_122' title='bbox 2067 1642 2177 1698; x_wconf 83' lang='lat' dir='ltr'><strong>suf-</strong></span> 
     </span>
    </p>
   </div>
   <div class='ocr_carea' id='block_1_17' title="bbox 580 1736 2178 1810">
    <p class='ocr_par' dir='ltr' id='par_1_17' title="bbox 580 1736 2178 1810">
     <span class='ocr_line' id='line_1_17' title="bbox 580 1736 2178 1810; baseline -0.006 -12"><span class='ocrx_word' id='word_1_123' title='bbox 580 1745 746 1801; x_wconf 77' lang='lat' dir='ltr'><strong>ﬁcere</strong></span> <span class='ocrx_word' id='word_1_124' title='bbox 772 1744 1061 1808; x_wconf 83' lang='lat' dir='ltr'><strong>credimus,</strong></span> <span class='ocrx_word' id='word_1_125' title='bbox 1090 1741 1346 1810; x_wconf 82' lang='lat' dir='ltr'><strong>quidquid</strong></span> <span class='ocrx_word' id='word_1_126' title='bbox 1373 1739 1667 1801; x_wconf 84' lang='lat' dir='ltr'><strong>secundum</strong></span> <span class='ocrx_word' id='word_1_127' title='bbox 1700 1736 1984 1807; x_wconf 71' lang='lat' dir='ltr'><strong>prmdictas</strong></span> <span class='ocrx_word' id='word_1_128' title='bbox 2016 1749 2178 1804; x_wconf 88' lang='lat' dir='ltr'><strong>regu-</strong></span> 
     </span>
    </p>
   </div>
   <div class='ocr_carea' id='block_1_18' title="bbox 2264 543 3846 611">
    <p class='ocr_par' dir='ltr' id='par_1_18' title="bbox 2264 543 3846 611">
     <span class='ocr_line' id='line_1_18' title="bbox 2264 543 3846 611; baseline 0.004 -13"><span class='ocrx_word' id='word_1_129' title='bbox 2264 577 2333 586; x_wconf 85' lang='lat'>——</span> <span class='ocrx_word' id='word_1_130' title='bbox 2358 544 2623 601; x_wconf 85' lang='lat' dir='ltr'><strong>I.Beatus</strong></span> <span class='ocrx_word' id='word_1_131' title='bbox 2647 543 2812 601; x_wconf 91' lang='lat' dir='ltr'><strong>frater</strong></span> <span class='ocrx_word' id='word_1_132' title='bbox 2841 543 3291 611; x_wconf 82' lang='lat' dir='ltr'><strong>nosterJoannes,</strong></span> <span class='ocrx_word' id='word_1_133' title='bbox 3326 547 3585 601; x_wconf 78' lang='lat' dir='ltr'><strong>diaconus</strong></span> <span class='ocrx_word' id='word_1_134' title='bbox 3615 563 3643 601; x_wconf 94' lang='lat' dir='ltr'><strong>a</strong></span> <span class='ocrx_word' id='word_1_135' title='bbox 3678 559 3846 605; x_wconf 83' lang='lat' dir='ltr'><strong>vestra</strong></span> 
     </span>
    </p>
   </div>
   <div class='ocr_carea' id='block_1_19' title="bbox 2263 639 3849 708">
    <p class='ocr_par' dir='ltr' id='par_1_19' title="bbox 2263 639 3849 708">
     <span class='ocr_line' id='line_1_19' title="bbox 2263 639 3849 708; baseline 0 -13"><span class='ocrx_word' id='word_1_136' title='bbox 2263 648 2524 695; x_wconf 76' lang='lat' dir='ltr'><strong>societate</strong></span> <span class='ocrx_word' id='word_1_137' title='bbox 2560 639 2813 703; x_wconf 87' lang='lat' dir='ltr'><strong>directus,</strong></span> <span class='ocrx_word' id='word_1_138' title='bbox 2848 639 3057 693; x_wconf 80' lang='lat' dir='ltr'><strong>litteras</strong></span> <span class='ocrx_word' id='word_1_139' title='bbox 3084 639 3241 693; x_wconf 86' lang='lat' dir='ltr'><strong>nobis</strong></span> <span class='ocrx_word' id='word_1_140' title='bbox 3277 654 3411 708; x_wconf 86' lang='lat' dir='ltr'><strong>quas</strong></span> <span class='ocrx_word' id='word_1_141' title='bbox 3448 640 3672 695; x_wconf 84' lang='lat' dir='ltr'><strong>misistis</strong></span> <span class='ocrx_word' id='word_1_142' title='bbox 3707 644 3849 697; x_wconf 76' lang='lat' dir='ltr'><strong>exhi-</strong></span> 
     </span>
    </p>
   </div>
   <div class='ocr_carea' id='block_1_20' title="bbox 2268 718 3854 800">
    <p class='ocr_par' dir='ltr' id='par_1_20' title="bbox 2268 718 3854 800">
     <span class='ocr_line' id='line_1_20' title="bbox 2268 718 3854 800; baseline 0.004 -14"><span class='ocrx_word' id='word_1_143' title='bbox 2268 733 2401 796; x_wconf 86' lang='lat' dir='ltr'><strong>buit,</strong></span> <span class='ocrx_word' id='word_1_144' title='bbox 2453 732 2647 800; x_wconf 87' lang='lat' dir='ltr'><strong>quibus</strong></span> <span class='ocrx_word' id='word_1_145' title='bbox 2681 718 2981 796; x_wconf 75' lang='lat' dir='ltr'><strong>recensitis,</strong></span> <span class='ocrx_word' id='word_1_146' title='bbox 3034 743 3268 786; x_wconf 75' lang='lat' dir='ltr'><strong>vestram</strong></span> <span class='ocrx_word' id='word_1_147' title='bbox 3320 733 3481 788; x_wconf 85' lang='lat' dir='ltr'><strong>simul</strong></span> <span class='ocrx_word' id='word_1_148' title='bbox 3517 734 3754 795; x_wconf 80' lang='lat' dir='ltr'><strong>alacres.</strong></span> <span class='ocrx_word' id='word_1_149' title='bbox 3801 749 3854 792; x_wconf 80' lang='lat' dir='ltr'><strong>et</strong></span> 
     </span>
    </p>
   </div>
   <div class='ocr_carea' id='block_1_21' title="bbox 2271 823 3852 892">
    <p class='ocr_par' dir='ltr' id='par_1_21' title="bbox 2271 823 3852 892">
     <span class='ocr_line' id='line_1_21' title="bbox 2271 823 3852 892; baseline 0.003 -17"><span class='ocrx_word' id='word_1_150' title='bbox 2271 824 2427 878; x_wconf 81' lang='lat' dir='ltr'><strong>fidem</strong></span> <span class='ocrx_word' id='word_1_151' title='bbox 2451 824 2822 892; x_wconf 83' lang='lat' dir='ltr'><strong>cognovimus,</strong></span> <span class='ocrx_word' id='word_1_152' title='bbox 2850 831 2904 877; x_wconf 91' lang='lat' dir='ltr'><strong>et</strong></span> <span class='ocrx_word' id='word_1_153' title='bbox 2932 823 3159 877; x_wconf 89' lang='lat' dir='ltr'><strong>salutem</strong></span> <span class='ocrx_word' id='word_1_154' title='bbox 3182 842 3194 877; x_wconf 89' lang='lat'><strong>:</strong></span> <span class='ocrx_word' id='word_1_155' title='bbox 3227 823 3335 878; x_wconf 88' lang='lat' dir='ltr'><strong>imo</strong></span> <span class='ocrx_word' id='word_1_156' title='bbox 3365 823 3417 878; x_wconf 91' lang='lat' dir='ltr'><strong>in</strong></span> <span class='ocrx_word' id='word_1_157' title='bbox 3442 825 3716 892; x_wconf 84' lang='lat' dir='ltr'><strong>agnitione</strong></span> <span class='ocrx_word' id='word_1_158' title='bbox 3738 826 3852 881; x_wconf 83' lang='lat' dir='ltr'><strong>lidci</strong></span> 
     </span>
    </p>
   </div>
   <div class='ocr_carea' id='block_1_22' title="bbox 2268 914 3857 981">
    <p class='ocr_par' dir='ltr' id='par_1_22' title="bbox 2268 914 3857 981">
     <span class='ocr_line' id='line_1_22' title="bbox 2268 914 3857 981; baseline 0.003 -13"><span class='ocrx_word' id='word_1_159' title='bbox 2268 925 2445 970; x_wconf 82' lang='lat' dir='ltr'><strong>vestra</strong></span> <span class='ocrx_word' id='word_1_160' title='bbox 2487 916 2641 969; x_wconf 87' lang='lat' dir='ltr'><strong>nobis</strong></span> <span class='ocrx_word' id='word_1_161' title='bbox 2670 915 2813 969; x_wconf 80' lang='lat' dir='ltr'><strong>salus</strong></span> <span class='ocrx_word' id='word_1_162' title='bbox 2857 914 3107 969; x_wconf 90' lang='lat' dir='ltr'><strong>innotuit.</strong></span> <span class='ocrx_word' id='word_1_163' title='bbox 3142 914 3270 981; x_wconf 73' lang='lat' dir='ltr'><strong>Qua:</strong></span> <span class='ocrx_word' id='word_1_164' title='bbox 3313 915 3455 970; x_wconf 89' lang='lat' dir='ltr'><strong>enim</strong></span> <span class='ocrx_word' id='word_1_165' title='bbox 3484 931 3610 971; x_wconf 86' lang='lat' dir='ltr'><strong>vera</strong></span> <span class='ocrx_word' id='word_1_166' title='bbox 3658 916 3713 971; x_wconf 90' lang='lat' dir='ltr'><strong>in</strong></span> <span class='ocrx_word' id='word_1_167' title='bbox 3761 919 3857 973; x_wconf 82' lang='lat' dir='ltr'><strong>hac</strong></span> 
     </span>
    </p>
   </div>
   <div class='ocr_carea' id='block_1_23' title="bbox 2273 1007 3860 1078">
    <p class='ocr_par' dir='ltr' id='par_1_23' title="bbox 2273 1007 3860 1078">
     <span class='ocr_line' id='line_1_23' title="bbox 2273 1007 3860 1078; baseline -0.001 -14"><span class='ocrx_word' id='word_1_168' title='bbox 2273 1012 2377 1066; x_wconf 77' lang='lat' dir='ltr'><strong>vita</strong></span> <span class='ocrx_word' id='word_1_169' title='bbox 2407 1010 2553 1065; x_wconf 91' lang='lat' dir='ltr'><strong>salus</strong></span> <span class='ocrx_word' id='word_1_170' title='bbox 2574 1018 2657 1063; x_wconf 87' lang='lat' dir='ltr'><strong>est</strong></span> <span class='ocrx_word' id='word_1_171' title='bbox 2677 1008 2977 1073; x_wconf 79' lang='lat' dir='ltr'><strong>hominum,</strong></span> <span class='ocrx_word' id='word_1_172' title='bbox 3001 1007 3101 1062; x_wconf 86' lang='lat' dir='ltr'><strong>nisi</strong></span> <span class='ocrx_word' id='word_1_173' title='bbox 3123 1016 3269 1062; x_wconf 86' lang='lat' dir='ltr'><strong>recta</strong></span> <span class='ocrx_word' id='word_1_174' title='bbox 3294 1009 3345 1062; x_wconf 94' lang='lat' dir='ltr'><strong>in</strong></span> <span class='ocrx_word' id='word_1_175' title='bbox 3371 1008 3538 1062; x_wconf 88' lang='lat' dir='ltr'><strong>Deum</strong></span> <span class='ocrx_word' id='word_1_176' title='bbox 3569 1008 3720 1075; x_wconf 79' lang='lat' dir='ltr'><strong>fides,</strong></span> <span class='ocrx_word' id='word_1_177' title='bbox 3746 1025 3860 1078; x_wconf 77' lang='lat' dir='ltr'><strong>quzr</strong></span> 
     </span>
    </p>
   </div>
   <div class='ocr_carea' id='block_1_24' title="bbox 2270 1101 3861 1175">
    <p class='ocr_par' dir='ltr' id='par_1_24' title="bbox 2270 1101 3861 1175">
     <span class='ocr_line' id='line_1_24' title="bbox 2270 1101 3861 1175; baseline 0.001 -21"><span class='ocrx_word' id='word_1_178' title='bbox 2270 1119 2368 1175; x_wconf 77' lang='lat' dir='ltr'><strong>per</strong></span> <span class='ocrx_word' id='word_1_179' title='bbox 2395 1104 2674 1158; x_wconf 88' lang='lat' dir='ltr'><strong>caritatem</strong></span> <span class='ocrx_word' id='word_1_180' title='bbox 2700 1109 2976 1173; x_wconf 85' lang='lat' dir='ltr'><strong>operatur,</strong></span> <span class='ocrx_word' id='word_1_181' title='bbox 3004 1115 3103 1171; x_wconf 88' lang='lat' dir='ltr'><strong>per</strong></span> <span class='ocrx_word' id='word_1_182' title='bbox 3148 1117 3307 1171; x_wconf 89' lang='lat' dir='ltr'><strong>quam</strong></span> <span class='ocrx_word' id='word_1_183' title='bbox 3344 1117 3445 1157; x_wconf 85' lang='lat' dir='ltr'><strong>nos</strong></span> <span class='ocrx_word' id='word_1_184' title='bbox 3481 1102 3650 1169; x_wconf 85' lang='lat' dir='ltr'><strong>gratia</strong></span> <span class='ocrx_word' id='word_1_185' title='bbox 3687 1101 3861 1158; x_wconf 82' lang='lat' dir='ltr'><strong>divina</strong></span> 
     </span>
    </p>
   </div>
   <div class='ocr_carea' id='block_1_25' title="bbox 2271 1192 3866 1261">
    <p class='ocr_par' dir='ltr' id='par_1_25' title="bbox 2271 1192 3866 1261">
     <span class='ocr_line' id='line_1_25' title="bbox 2271 1192 3866 1261; baseline -0.002 -12"><span class='ocrx_word' id='word_1_186' title='bbox 2271 1195 2510 1249; x_wconf 78' lang='lat' dir='ltr'><strong>salvatos</strong></span> <span class='ocrx_word' id='word_1_187' title='bbox 2539 1193 2845 1261; x_wconf 78' lang='lat' dir='ltr'><strong>Apostolica</strong></span> <span class='ocrx_word' id='word_1_188' title='bbox 2876 1200 3105 1246; x_wconf 81' lang='lat' dir='ltr'><strong>testatur</strong></span> <span class='ocrx_word' id='word_1_189' title='bbox 3134 1192 3446 1256; x_wconf 88' lang='lat' dir='ltr'><strong>auctoritas,</strong></span> <span class='ocrx_word' id='word_1_190' title='bbox 3486 1192 3708 1248; x_wconf 86' lang='lat' dir='ltr'><strong>dicens:</strong></span> <span class='ocrx_word' id='word_1_191' title='bbox 3734 1193 3866 1247; x_wconf 79' lang='lat' dir='ltr'><strong>Gro-</strong></span> 
     </span>
    </p>
   </div>
   <div class='ocr_carea' id='block_1_26' title="bbox 2274 1285 3863 1359">
    <p class='ocr_par' dir='ltr' id='par_1_26' title="bbox 2274 1285 3863 1359">
     <span class='ocr_line' id='line_1_26' title="bbox 2274 1285 3863 1359; baseline 0 -19"><span class='ocrx_word' id='word_1_192' title='bbox 2274 1287 2347 1340; x_wconf 87' lang='lat' dir='ltr'><strong>tia</strong></span> <span class='ocrx_word' id='word_1_193' title='bbox 2403 1286 2533 1341; x_wconf 83' lang='lat' dir='ltr'><strong>saivi</strong></span> <span class='ocrx_word' id='word_1_194' title='bbox 2563 1286 2689 1357; x_wconf 73' lang='lat' dir='ltr'><strong>{acti</strong></span> <span class='ocrx_word' id='word_1_195' title='bbox 2724 1286 2845 1339; x_wconf 81' lang='lat' dir='ltr'><strong>estis</strong></span> <span class='ocrx_word' id='word_1_196' title='bbox 2874 1302 2966 1355; x_wconf 84' lang='lat' dir='ltr'><strong>per</strong></span> <span class='ocrx_word' id='word_1_197' title='bbox 2998 1285 3175 1359; x_wconf 71' lang='lat' dir='ltr'><strong>ﬁdem,</strong></span> <span class='ocrx_word' id='word_1_198' title='bbox 3215 1296 3265 1339; x_wconf 84' lang='lat' dir='ltr'><strong>et</strong></span> <span class='ocrx_word' id='word_1_199' title='bbox 3307 1286 3403 1341; x_wconf 78' lang='lat' dir='ltr'><strong>Itoc</strong></span> <span class='ocrx_word' id='word_1_200' title='bbox 3435 1304 3536 1340; x_wconf 86' lang='lat' dir='ltr'><strong>nou</strong></span> <span class='ocrx_word' id='word_1_201' title='bbox 3579 1303 3644 1340; x_wconf 67' lang='lat' dir='ltr'><strong>ea:</strong></span> <span class='ocrx_word' id='word_1_202' title='bbox 3683 1286 3863 1341; x_wconf 76' lang='lat' dir='ltr'><strong>robis;</strong></span> 
     </span>
    </p>
   </div>
   <div class='ocr_carea' id='block_1_27' title="bbox 2278 1376 3869 1451">
    <p class='ocr_par' dir='ltr' id='par_1_27' title="bbox 2278 1376 3869 1451">
     <span class='ocr_line' id='line_1_27' title="bbox 2278 1376 3869 1451; baseline 0.004 -20"><span class='ocrx_word' id='word_1_203' title='bbox 2278 1378 2374 1433; x_wconf 82' lang='lat' dir='ltr'><strong>Dei</strong></span> <span class='ocrx_word' id='word_1_204' title='bbox 2396 1379 2533 1433; x_wconf 87' lang='lat' dir='ltr'><strong>enim</strong></span> <span class='ocrx_word' id='word_1_205' title='bbox 2558 1376 2753 1432; x_wconf 82' lang='lat' dir='ltr'><strong>&#39;danum</strong></span> <span class='ocrx_word' id='word_1_206' title='bbox 2780 1387 2875 1441; x_wconf 82' lang='lat' dir='ltr'><strong>est,</strong></span> <span class='ocrx_word' id='word_1_207' title='bbox 2907 1394 3011 1431; x_wconf 84' lang='lat' dir='ltr'><strong>non</strong></span> <span class='ocrx_word' id='word_1_208' title='bbox 3041 1394 3105 1431; x_wconf 80' lang='lat' dir='ltr'><strong>ea:</strong></span> <span class='ocrx_word' id='word_1_209' title='bbox 3140 1379 3401 1448; x_wconf 75' lang='lat' dir='ltr'><strong>operibus,</strong></span> <span class='ocrx_word' id='word_1_210' title='bbox 3440 1388 3495 1431; x_wconf 79' lang='lat' dir='ltr'><strong>ut</strong></span> <span class='ocrx_word' id='word_1_211' title='bbox 3533 1397 3599 1433; x_wconf 80' lang='lat' dir='ltr'><strong>ne</strong></span> <span class='ocrx_word' id='word_1_212' title='bbox 3625 1381 3742 1451; x_wconf 84' lang='lat' dir='ltr'><strong>quis</strong></span> <span class='ocrx_word' id='word_1_213' title='bbox 3780 1398 3869 1437; x_wconf 73' lang='lat' dir='ltr'><strong>e1-</strong></span> 
     </span>
    </p>
   </div>
   <div class='ocr_carea' id='block_1_28' title="bbox 2276 1466 3871 1540">
    <p class='ocr_par' dir='ltr' id='par_1_28' title="bbox 2276 1466 3871 1540">
     <span class='ocr_line' id='line_1_28' title="bbox 2276 1466 3871 1540; baseline 0.001 -17"><span class='ocrx_word' id='word_1_214' title='bbox 2276 1470 2488 1525; x_wconf 83' lang='lat' dir='ltr'><strong>tollatur</strong></span> <span class='ocrx_word' id='word_1_215' title='bbox 2520 1468 2736 1540; x_wconf 82' lang='lat' dir='ltr'><strong>(Ep/tes.</strong></span> <span class='ocrx_word' id='word_1_216' title='bbox 2763 1484 2818 1531; x_wconf 87' lang='lat' dir='ltr'><strong>tt,</strong></span> <span class='ocrx_word' id='word_1_217' title='bbox 2849 1466 2923 1537; x_wconf 87' lang='lat'><strong>8).</strong></span> <span class='ocrx_word' id='word_1_218' title='bbox 2961 1467 3027 1521; x_wconf 84' lang='lat' dir='ltr'><strong>Et</strong></span> <span class='ocrx_word' id='word_1_219' title='bbox 3055 1468 3174 1537; x_wconf 82' lang='lat' dir='ltr'><strong>quia</strong></span> <span class='ocrx_word' id='word_1_220' title='bbox 3204 1470 3403 1524; x_wconf 89' lang='lat' dir='ltr'><strong>caritas</strong></span> <span class='ocrx_word' id='word_1_221' title='bbox 3434 1478 3599 1524; x_wconf 66' lang='lat' dir='ltr'><strong>recte</strong></span> <span class='ocrx_word' id='word_1_222' title='bbox 3626 1470 3749 1524; x_wconf 83' lang='lat' dir='ltr'><strong>lich</strong></span> <span class='ocrx_word' id='word_1_223' title='bbox 3777 1468 3871 1524; x_wconf 85' lang='lat' dir='ltr'><strong>de-</strong></span> 
     </span>
    </p>
   </div>
   <div class='ocr_carea' id='block_1_29' title="bbox 2276 1542 3871 1643">
    <p class='ocr_par' dir='ltr' id='par_1_29' title="bbox 2276 1542 3871 1643">
     <span class='ocr_line' id='line_1_29' title="bbox 2276 1542 3871 1643; baseline 0.001 -29"><span class='ocrx_word' id='word_1_224' title='bbox 2276 1559 2369 1643; x_wconf 82' lang='lat' dir='ltr'><strong>bet</strong></span> <span class='ocrx_word' id='word_1_225' title='bbox 2393 1559 2595 1630; x_wconf 87' lang='lat' dir='ltr'><strong>jugiler</strong></span> <span class='ocrx_word' id='word_1_226' title='bbox 2618 1558 2917 1624; x_wconf 70' lang='lat' dir='ltr'><strong>adharrere,</strong></span> <span class='ocrx_word' id='word_1_227' title='bbox 2946 1542 3065 1628; x_wconf 81' lang='lat' dir='ltr'><strong>quae</strong></span> <span class='ocrx_word' id='word_1_228' title='bbox 3089 1559 3268 1614; x_wconf 86' lang='lat' dir='ltr'><strong>studio</strong></span> <span class='ocrx_word' id='word_1_229' title='bbox 3299 1570 3461 1628; x_wconf 89' lang='lat' dir='ltr'><strong>atque</strong></span> <span class='ocrx_word' id='word_1_230' title='bbox 3497 1560 3742 1616; x_wconf 78' lang='lat' dir='ltr'><strong>efficacia</strong></span> <span class='ocrx_word' id='word_1_231' title='bbox 3772 1563 3871 1615; x_wconf 79' lang='lat' dir='ltr'><strong>bo-</strong></span> 
     </span>
    </p>
   </div>
   <div class='ocr_carea' id='block_1_30' title="bbox 2277 1650 3870 1733">
    <p class='ocr_par' dir='ltr' id='par_1_30' title="bbox 2277 1650 3870 1733">
     <span class='ocr_line' id='line_1_30' title="bbox 2277 1650 3870 1733; baseline -0.001 -27"><span class='ocrx_word' id='word_1_232' title='bbox 2277 1666 2725 1733; x_wconf 86' lang='lat' dir='ltr'><strong>norumoperum</strong></span> <span class='ocrx_word' id='word_1_233' title='bbox 2780 1652 3025 1722; x_wconf 89' lang='lat' dir='ltr'><strong>cooperit</strong></span> <span class='ocrx_word' id='word_1_234' title='bbox 3058 1650 3453 1707; x_wconf 88' lang='lat' dir='ltr'><strong>multitudinem</strong></span> <span class='ocrx_word' id='word_1_235' title='bbox 3502 1661 3870 1724; x_wconf 75' lang='lat' dir='ltr'><strong>peccatorum,</strong></span> 
     </span>
    </p>
   </div>
   <div class='ocr_carea' id='block_1_31' title="bbox 2281 1742 3941 1816">
    <p class='ocr_par' dir='ltr' id='par_1_31' title="bbox 2281 1742 3941 1816">
     <span class='ocr_line' id='line_1_31' title="bbox 2281 1742 3941 1816; baseline 0.001 -18"><span class='ocrx_word' id='word_1_236' title='bbox 2281 1743 2401 1799; x_wconf 91' lang='lat' dir='ltr'><strong>ideo</strong></span> <span class='ocrx_word' id='word_1_237' title='bbox 2434 1742 2633 1798; x_wconf 87' lang='lat' dir='ltr'><strong>Doctor</strong></span> <span class='ocrx_word' id='word_1_238' title='bbox 2662 1744 2898 1811; x_wconf 77' lang='lat' dir='ltr'><strong>gentium</strong></span> <span class='ocrx_word' id='word_1_239' title='bbox 2927 1744 2977 1797; x_wconf 89' lang='lat' dir='ltr'><strong>in</strong></span> <span class='ocrx_word' id='word_1_240' title='bbox 3010 1743 3111 1798; x_wconf 89' lang='lat' dir='ltr'><strong>lide</strong></span> <span class='ocrx_word' id='word_1_241' title='bbox 3136 1752 3190 1798; x_wconf 91' lang='lat' dir='ltr'><strong>cl</strong></span> <span class='ocrx_word' id='word_1_242' title='bbox 3216 1745 3465 1808; x_wconf 83' lang='lat' dir='ltr'><strong>veritate,</strong></span> <span class='ocrx_word' id='word_1_243' title='bbox 3492 1760 3558 1799; x_wconf 89' lang='lat' dir='ltr'><strong>ne.</strong></span> <span class='ocrx_word' id='word_1_244' title='bbox 3602 1746 3731 1816; x_wconf 90' lang='lat' dir='ltr'><strong>quid</strong></span> <span class='ocrx_word' id='word_1_245' title='bbox 3775 1748 3872 1801; x_wconf 82' lang='lat' dir='ltr'><strong>sibi</strong></span> <span class='ocrx_word' id='word_1_246' title='bbox 3928 1802 3941 1807; x_wconf 57' lang='grc'><em>,</em></span> 
     </span>
    </p>
   </div>
   <div class='ocr_carea' id='block_1_32' title="bbox 580 1828 3877 1908">
    <p class='ocr_par' dir='ltr' id='par_1_32' title="bbox 580 1828 3877 1908">
     <span class='ocr_line' id='line_1_32' title="bbox 580 1828 3877 1908; baseline 0.001 -22"><span class='ocrx_word' id='word_1_247' title='bbox 580 1834 661 1888; x_wconf 79' lang='lat' dir='ltr'><strong>ias</strong></span> <span class='ocrx_word' id='word_1_248' title='bbox 690 1834 999 1907; x_wconf 75' lang='lat' dir='ltr'><strong>apostolica:</strong></span> <span class='ocrx_word' id='word_1_249' title='bbox 1024 1832 1163 1885; x_wconf 76' lang='lat' dir='ltr'><strong>sedis</strong></span> <span class='ocrx_word' id='word_1_250' title='bbox 1189 1848 1286 1884; x_wconf 85' lang='lat' dir='ltr'><strong>nos</strong></span> <span class='ocrx_word' id='word_1_251' title='bbox 1314 1831 1512 1900; x_wconf 64' lang='lat' dir='ltr'><strong>scripta</strong></span> <span class='ocrx_word' id='word_1_252' title='bbox 1534 1828 1851 1885; x_wconf 69' lang='lat' dir='ltr'><strong>docuerunt.</strong></span> <span class='ocrx_word' id='word_1_253' title='bbox 1879 1834 2173 1895; x_wconf 76' lang='lat' dir='ltr'><strong>ulpl‘OI‘SUS</strong></span> <span class='ocrx_word' id='word_1_254' title='bbox 2208 1830 2249 1888; x_wconf 84' lang='lat' dir='ltr'><strong>B</strong></span> <span class='ocrx_word' id='word_1_255' title='bbox 2277 1835 2495 1889; x_wconf 83' lang='lat' dir='ltr'><strong>humani</strong></span> <span class='ocrx_word' id='word_1_256' title='bbox 2526 1835 2751 1889; x_wconf 86' lang='lat' dir='ltr'><strong>tumoris</strong></span> <span class='ocrx_word' id='word_1_257' title='bbox 2786 1835 3010 1890; x_wconf 89' lang='lat' dir='ltr'><strong>auderet</strong></span> <span class='ocrx_word' id='word_1_258' title='bbox 3055 1835 3361 1905; x_wconf 83' lang='lat' dir='ltr'><strong>arrogantia</strong></span> <span class='ocrx_word' id='word_1_259' title='bbox 3415 1836 3710 1904; x_wconf 85' lang='lat' dir='ltr'><strong>vindicare,</strong></span> <span class='ocrx_word' id='word_1_260' title='bbox 3752 1847 3877 1908; x_wconf 82' lang='lat' dir='ltr'><strong>post</strong></span> 
     </span>
    </p>
   </div>
   <div class='ocr_carea' id='block_1_33' title="bbox 580 1908 2178 1995">
    <p class='ocr_par' dir='ltr' id='par_1_33' title="bbox 580 1908 2178 1995">
     <span class='ocr_line' id='line_1_33' title="bbox 580 1908 2178 1995; baseline -0.007 -14"><span class='ocrx_word' id='word_1_261' title='bbox 580 1942 694 1981; x_wconf 81' lang='lat' dir='ltr'><strong>non</strong></span> <span class='ocrx_word' id='word_1_262' title='bbox 724 1926 1008 1995; x_wconf 89' lang='lat' dir='ltr'><strong>opinemur</strong></span> <span class='ocrx_word' id='word_1_263' title='bbox 1036 1923 1387 1981; x_wconf 87' lang='lat' dir='ltr'><strong>catholicum.</strong></span> <span class='ocrx_word' id='word_1_264' title='bbox 1420 1920 1563 1989; x_wconf 92' lang='lat' dir='ltr'><strong>quod</strong></span> <span class='ocrx_word' id='word_1_265' title='bbox 1605 1908 1913 1990; x_wconf 85' lang='lat' dir='ltr'><strong>apparuerit</strong></span> <span class='ocrx_word' id='word_1_266' title='bbox 1946 1916 2178 1987; x_wconf 73' lang='lat' dir='ltr'><strong>pmlixis</strong></span> 
     </span>
    </p>
   </div>
   <div class='ocr_carea' id='block_1_34' title="bbox 583 2009 2176 2078">
    <p class='ocr_par' dir='ltr' id='par_1_34' title="bbox 583 2009 2176 2078">
     <span class='ocr_line' id='line_1_34' title="bbox 583 2009 2176 2078; baseline -0.008 -4"><span class='ocrx_word' id='word_1_267' title='bbox 583 2018 867 2074; x_wconf 83' lang='lat' dir='ltr'><strong>sententiis</strong></span> <span class='ocrx_word' id='word_1_268' title='bbox 912 2032 1032 2070; x_wconf 90' lang='lat' dir='ltr'><strong>esse</strong></span> <span class='ocrx_word' id='word_1_269' title='bbox 1079 2015 1431 2069; x_wconf 83' lang='lat' dir='ltr'><strong>contrarium.</strong></span> <span class='ocrx_word' id='word_1_270' title='bbox 1469 2032 1486 2063; x_wconf 73' lang='grc' dir='ltr'><strong><em>ι</em></strong></span> <span class='ocrx_word' id='word_1_271' title='bbox 1522 2011 1667 2078; x_wconf 68' lang='lat' dir='ltr'><strong>ﬂare,</strong></span> <span class='ocrx_word' id='word_1_272' title='bbox 1702 2009 2043 2073; x_wconf 86' lang='lat' dir='ltr'><strong>sanctissimi,</strong></span> <span class='ocrx_word' id='word_1_273' title='bbox 2070 2023 2176 2061; x_wconf 89' lang='lat' dir='ltr'><strong>non</strong></span> 
     </span>
    </p>
   </div>
   <div class='ocr_carea' id='block_1_35' title="bbox 582 2099 2179 2178">
    <p class='ocr_par' dir='ltr' id='par_1_35' title="bbox 582 2099 2179 2178">
     <span class='ocr_line' id='line_1_35' title="bbox 582 2099 2179 2178; baseline -0.008 -15"><span class='ocrx_word' id='word_1_274' title='bbox 582 2110 738 2178; x_wconf 87' lang='lat' dir='ltr'><strong>quasi</strong></span> <span class='ocrx_word' id='word_1_275' title='bbox 769 2107 1139 2177; x_wconf 81' lang='lat' dir='ltr'><strong>ignorantibus</strong></span> <span class='ocrx_word' id='word_1_276' title='bbox 1169 2119 1456 2173; x_wconf 77' lang='lat' dir='ltr'><strong>suggerere</strong></span> <span class='ocrx_word' id='word_1_277' title='bbox 1489 2102 1849 2157; x_wconf 85' lang='lat' dir='ltr'><strong>necessarium</strong></span> <span class='ocrx_word' id='word_1_278' title='bbox 1889 2099 2179 2155; x_wconf 73' lang='lat' dir='ltr'><strong>aestimavi-</strong></span> 
     </span>
    </p>
   </div>
   <div class='ocr_carea' id='block_1_36' title="bbox 590 2192 2181 2266">
    <p class='ocr_par' dir='ltr' id='par_1_36' title="bbox 590 2192 2181 2266">
     <span class='ocr_line' id='line_1_36' title="bbox 590 2192 2181 2266; baseline -0.008 -11"><span class='ocrx_word' id='word_1_279' title='bbox 590 2216 727 2266; x_wconf 89' lang='lat' dir='ltr'><strong>mus,</strong></span> <span class='ocrx_word' id='word_1_280' title='bbox 762 2199 856 2254; x_wconf 89' lang='lat' dir='ltr'><strong>sed</strong></span> <span class='ocrx_word' id='word_1_281' title='bbox 883 2199 947 2253; x_wconf 89' lang='lat' dir='ltr'><strong>ad</strong></span> <span class='ocrx_word' id='word_1_282' title='bbox 974 2196 1358 2252; x_wconf 82' lang='lat' dir='ltr'><strong>confutandam</strong></span> <span class='ocrx_word' id='word_1_283' title='bbox 1392 2209 1578 2248; x_wconf 88' lang='lat' dir='ltr'><strong>eorum</strong></span> <span class='ocrx_word' id='word_1_284' title='bbox 1607 2192 1897 2246; x_wconf 81' lang='lat' dir='ltr'><strong>amentiam</strong></span> <span class='ocrx_word' id='word_1_285' title='bbox 1919 2192 2010 2260; x_wconf 89' lang='lat' dir='ltr'><strong>qui</strong></span> <span class='ocrx_word' id='word_1_286' title='bbox 2036 2202 2098 2243; x_wconf 88' lang='lat' dir='ltr'><strong>ea</strong></span> <span class='ocrx_word' id='word_1_287' title='bbox 2124 2197 2181 2243; x_wconf 90' lang='lat' dir='ltr'><strong>ut</strong></span> 
     </span>
    </p>
   </div>
   <div class='ocr_carea' id='block_1_37' title="bbox 585 2281 2183 2359">
    <p class='ocr_par' dir='ltr' id='par_1_37' title="bbox 585 2281 2183 2359">
     <span class='ocr_line' id='line_1_37' title="bbox 585 2281 2183 2359; baseline -0.008 -13"><span class='ocrx_word' id='word_1_288' title='bbox 585 2308 726 2348; x_wconf 90' lang='lat' dir='ltr'><strong>nova</strong></span> <span class='ocrx_word' id='word_1_289' title='bbox 785 2286 1034 2359; x_wconf 81' lang='lat' dir='ltr'><strong>dogmata</strong></span> <span class='ocrx_word' id='word_1_290' title='bbox 1075 2293 1128 2342; x_wconf 91' lang='lat' dir='ltr'><strong>el</strong></span> <span class='ocrx_word' id='word_1_291' title='bbox 1157 2287 1373 2357; x_wconf 88' lang='lat' dir='ltr'><strong>penitus</strong></span> <span class='ocrx_word' id='word_1_292' title='bbox 1414 2285 1509 2350; x_wconf 84' lang='lat' dir='ltr'><strong>(al.</strong></span> <span class='ocrx_word' id='word_1_293' title='bbox 1544 2283 1705 2355; x_wconf 66' lang='lat' dir='ltr'><strong>pene)‘</strong></span> <span class='ocrx_word' id='word_1_294' title='bbox 1742 2282 1995 2337; x_wconf 83' lang='lat' dir='ltr'><strong>Ecclesiis</strong></span> <span class='ocrx_word' id='word_1_295' title='bbox 2038 2281 2183 2334; x_wconf 85' lang='lat' dir='ltr'><strong>inau-</strong></span> 
     </span>
    </p>
   </div>
   <div class='ocr_carea' id='block_1_38' title="bbox 586 2373 2183 2450">
    <p class='ocr_par' dir='ltr' id='par_1_38' title="bbox 586 2373 2183 2450">
     <span class='ocr_line' id='line_1_38' title="bbox 586 2373 2183 2450; baseline -0.008 -12"><span class='ocrx_word' id='word_1_296' title='bbox 586 2384 697 2438; x_wconf 88' lang='lat' dir='ltr'><strong>dita</strong></span> <span class='ocrx_word' id='word_1_297' title='bbox 719 2381 1005 2450; x_wconf 89' lang='lat' dir='ltr'><strong>relugiunt,</strong></span> <span class='ocrx_word' id='word_1_298' title='bbox 1038 2379 1160 2434; x_wconf 90' lang='lat' dir='ltr'><strong>huic</strong></span> <span class='ocrx_word' id='word_1_299' title='bbox 1186 2377 1464 2449; x_wconf 86' lang='lat' dir='ltr'><strong>parvitatis</strong></span> <span class='ocrx_word' id='word_1_300' title='bbox 1493 2374 1690 2429; x_wconf 75' lang='lat' dir='ltr'><strong>nostra:</strong></span> <span class='ocrx_word' id='word_1_301' title='bbox 1721 2374 1901 2429; x_wconf 78' lang='lat' dir='ltr'><strong>libello</strong></span> <span class='ocrx_word' id='word_1_302' title='bbox 1945 2373 2183 2426; x_wconf 82' lang='lat' dir='ltr'><strong>inserere</strong></span> 
     </span>
    </p>
   </div>
   <div class='ocr_carea' id='block_1_39' title="bbox 520 2462 1917 2542">
    <p class='ocr_par' dir='ltr' id='par_1_39' title="bbox 520 2462 1917 2542">
     <span class='ocr_line' id='line_1_39' title="bbox 520 2462 1917 2542; baseline -0.012 -14"><span class='ocrx_word' id='word_1_303' title='bbox 520 2480 525 2486; x_wconf 84' lang='lat'><strong>&#39;</strong></span> <span class='ocrx_word' id='word_1_304' title='bbox 590 2474 720 2527; x_wconf 85' lang='lat' dir='ltr'><strong>utile</strong></span> <span class='ocrx_word' id='word_1_305' title='bbox 736 2471 1111 2542; x_wconf 82' lang='lat' dir='ltr'><strong>judicavimus.</strong></span> <span class='ocrx_word' id='word_1_306' title='bbox 1264 2462 1269 2467; x_wconf 68' lang='grc'><strong><em>’</em></strong></span> <span class='ocrx_word' id='word_1_307' title='bbox 1914 2466 1917 2467; x_wconf 67' lang='grc'><strong><em>⁷</em></strong></span> 
     </span>
    </p>
   </div>
   <div class='ocr_carea' id='block_1_40' title="bbox 659 2546 2183 2631">
    <p class='ocr_par' dir='ltr' id='par_1_40' title="bbox 659 2546 2183 2631">
     <span class='ocr_line' id='line_1_40' title="bbox 659 2546 2183 2631; baseline -0.005 -13"><span class='ocrx_word' id='word_1_308' title='bbox 659 2564 749 2617; x_wconf 73' lang='lat'><strong>28.</strong></span> <span class='ocrx_word' id='word_1_309' title='bbox 790 2564 1029 2631; x_wconf 79' lang='lat' dir='ltr'><strong>Quorum</strong></span> <span class='ocrx_word' id='word_1_310' title='bbox 1078 2546 1315 2615; x_wconf 86' lang='lat' dir='ltr'><strong>omnium</strong></span> <span class='ocrx_word' id='word_1_311' title='bbox 1356 2568 1665 2615; x_wconf 67' lang='lat' dir='ltr'><strong>sanctorum</strong></span> <span class='ocrx_word' id='word_1_312' title='bbox 1718 2558 1935 2613; x_wconf 84' lang='lat' dir='ltr'><strong>Patrum</strong></span> <span class='ocrx_word' id='word_1_313' title='bbox 1995 2557 2183 2612; x_wconf 89' lang='lat' dir='ltr'><strong>imbuti</strong></span> 
     </span>
    </p>
   </div>
   <div class='ocr_carea' id='block_1_41' title="bbox 533 2646 2182 2736">
    <p class='ocr_par' dir='ltr' id='par_1_41' title="bbox 533 2646 2182 2736">
     <span class='ocr_line' id='line_1_41' title="bbox 533 2646 2182 2736; baseline -0.005 -25"><span class='ocrx_word' id='word_1_314' title='bbox 533 2729 541 2736; x_wconf 31' lang='lat'>.</span> <span class='ocrx_word' id='word_1_315' title='bbox 589 2657 871 2724; x_wconf 83' lang='lat' dir='ltr'><strong>doctrinis,</strong></span> <span class='ocrx_word' id='word_1_316' title='bbox 903 2655 1417 2710; x_wconf 87' lang='lat' dir='ltr'><strong>anathematizamus</strong></span> <span class='ocrx_word' id='word_1_317' title='bbox 1446 2652 1719 2719; x_wconf 81' lang='lat' dir='ltr'><strong>Pelagium</strong></span> <span class='ocrx_word' id='word_1_318' title='bbox 1762 2658 1810 2706; x_wconf 87' lang='lat' dir='ltr'><strong>el</strong></span> <span class='ocrx_word' id='word_1_319' title='bbox 1848 2646 2182 2715; x_wconf 86' lang='lat' dir='ltr'><strong>Coelestium,</strong></span> 
     </span>
    </p>
   </div>
   <div class='ocr_carea' id='block_1_42' title="bbox 589 2740 2183 2813">
    <p class='ocr_par' dir='ltr' id='par_1_42' title="bbox 589 2740 2183 2813">
     <span class='ocr_line' id='line_1_42' title="bbox 589 2740 2183 2813; baseline -0.006 -8"><span class='ocrx_word' id='word_1_320' title='bbox 589 2748 747 2806; x_wconf 84' lang='lat' dir='ltr'><strong>simul</strong></span> <span class='ocrx_word' id='word_1_321' title='bbox 780 2749 1228 2805; x_wconf 82' lang='lat' dir='ltr'><strong>etiam&#39;Julianum</strong></span> <span class='ocrx_word' id='word_1_322' title='bbox 1251 2746 1614 2808; x_wconf 83' lang='lat' dir='ltr'><strong>Edanensem,</strong></span> <span class='ocrx_word' id='word_1_323' title='bbox 1648 2754 1703 2800; x_wconf 93' lang='lat' dir='ltr'><strong>et</strong></span> <span class='ocrx_word' id='word_1_324' title='bbox 1731 2746 1819 2813; x_wconf 90' lang='lat' dir='ltr'><strong>qui</strong></span> <span class='ocrx_word' id='word_1_325' title='bbox 1856 2744 1959 2798; x_wconf 91' lang='lat' dir='ltr'><strong>illis</strong></span> <span class='ocrx_word' id='word_1_326' title='bbox 1991 2740 2183 2797; x_wconf 89' lang='lat' dir='ltr'><strong>similia</strong></span> 
     </span>
    </p>
   </div>
   <div class='ocr_carea' id='block_1_43' title="bbox 588 2834 2182 2919">
    <p class='ocr_par' dir='ltr' id='par_1_43' title="bbox 588 2834 2182 2919">
     <span class='ocr_line' id='line_1_43' title="bbox 588 2834 2182 2919; baseline -0.009 -19"><span class='ocrx_word' id='word_1_327' title='bbox 588 2845 831 2916; x_wconf 77' lang='lat' dir='ltr'><strong>sapiunt;</strong></span> <span class='ocrx_word' id='word_1_328' title='bbox 862 2843 1129 2914; x_wconf 71' lang='lat' dir='ltr'><strong>prJ&#39;cipue</strong></span> <span class='ocrx_word' id='word_1_329' title='bbox 1163 2841 1327 2919; x_wconf 85' lang='lat' dir='ltr'><strong>libros</strong></span> <span class='ocrx_word' id='word_1_330' title='bbox 1347 2839 1528 2893; x_wconf 85' lang='lat' dir='ltr'><strong>Fausti</strong></span> <span class='ocrx_word' id='word_1_331' title='bbox 1555 2837 1847 2893; x_wconf 87' lang='lat' dir='ltr'><strong>Galliarum</strong></span> <span class='ocrx_word' id='word_1_332' title='bbox 1879 2834 2116 2906; x_wconf 87' lang='lat' dir='ltr'><strong>episcopi</strong></span> <span class='ocrx_word' id='word_1_333' title='bbox 2137 2843 2182 2896; x_wconf 75' lang='grc' dir='ltr'><strong>η,</strong></span> 
     </span>
    </p>
   </div>
   <div class='ocr_carea' id='block_1_44' title="bbox 585 2932 2186 3008">
    <p class='ocr_par' dir='ltr' id='par_1_44' title="bbox 585 2932 2186 3008">
     <span class='ocr_line' id='line_1_44' title="bbox 585 2932 2186 3008; baseline -0.009 -16"><span class='ocrx_word' id='word_1_334' title='bbox 585 2935 682 3007; x_wconf 64' lang='grc' dir='ltr'><strong>φή</strong></span> <span class='ocrx_word' id='word_1_335' title='bbox 710 2936 777 2990; x_wconf 87' lang='lat' dir='ltr'><strong>de</strong></span> <span class='ocrx_word' id='word_1_336' title='bbox 800 2934 1129 3008; x_wconf 74' lang='lat' dir='ltr'><strong>monasterio</strong></span> <span class='ocrx_word' id='word_1_337' title='bbox 1163 2932 1421 2986; x_wconf 88' lang='lat' dir='ltr'><strong>Lirinensi</strong></span> <span class='ocrx_word' id='word_1_338' title='bbox 1447 2937 1736 3001; x_wconf 88' lang='lat' dir='ltr'><strong>provectus</strong></span> <span class='ocrx_word' id='word_1_339' title='bbox 1765 2936 1867 2992; x_wconf 88' lang='lat' dir='ltr'><strong>est,</strong></span> <span class='ocrx_word' id='word_1_340' title='bbox 1899 2941 2036 2998; x_wconf 89' lang='lat' dir='ltr'><strong>quos</strong></span> <span class='ocrx_word' id='word_1_341' title='bbox 2059 2940 2186 2979; x_wconf 91' lang='lat' dir='ltr'><strong>con-</strong></span> 
     </span>
    </p>
   </div>
   <div class='ocr_carea' id='block_1_45' title="bbox 589 3015 2185 3100">
    <p class='ocr_par' dir='ltr' id='par_1_45' title="bbox 589 3015 2185 3100">
     <span class='ocr_line' id='line_1_45' title="bbox 589 3015 2185 3100; baseline -0.006 -21"><span class='ocrx_word' id='word_1_342' title='bbox 589 3015 672 3082; x_wconf 82' lang='lat' dir='ltr'><strong>tra</strong></span> <span class='ocrx_word' id='word_1_343' title='bbox 728 3026 1217 3100; x_wconf 76' lang='lat' dir='ltr'><strong>pnedestinalionis</strong></span> <span class='ocrx_word' id='word_1_344' title='bbox 1266 3023 1590 3078; x_wconf 85' lang='lat' dir='ltr'><strong>sententiam</strong></span> <span class='ocrx_word' id='word_1_345' title='bbox 1634 3020 1866 3091; x_wconf 85' lang='lat' dir='ltr'><strong>scriptos</strong></span> <span class='ocrx_word' id='word_1_346' title='bbox 1919 3031 2039 3073; x_wconf 87' lang='lat' dir='ltr'><strong>esse</strong></span> <span class='ocrx_word' id='word_1_347' title='bbox 2081 3030 2185 3069; x_wconf 80' lang='lat' dir='ltr'><strong>non</strong></span> 
     </span>
    </p>
   </div>
   <div class='ocr_carea' id='block_1_46' title="bbox 588 3105 2185 3195">
    <p class='ocr_par' dir='ltr' id='par_1_46' title="bbox 588 3105 2185 3195">
     <span class='ocr_line' id='line_1_46' title="bbox 588 3105 2185 3195; baseline -0.011 -20"><span class='ocrx_word' id='word_1_348' title='bbox 588 3122 809 3175; x_wconf 89' lang='lat' dir='ltr'><strong>dubium</strong></span> <span class='ocrx_word' id='word_1_349' title='bbox 827 3128 927 3175; x_wconf 90' lang='lat' dir='ltr'><strong>cst.</strong></span> <span class='ocrx_word' id='word_1_350' title='bbox 943 3118 1000 3173; x_wconf 93' lang='lat' dir='ltr'><strong>ln</strong></span> <span class='ocrx_word' id='word_1_351' title='bbox 1016 3118 1207 3195; x_wconf 67' lang='lat' dir='ltr'><strong>quibus</strong></span> <span class='ocrx_word' id='word_1_352' title='bbox 1220 3131 1328 3170; x_wconf 82' lang='lat' dir='ltr'><strong>non</strong></span> <span class='ocrx_word' id='word_1_353' title='bbox 1349 3114 1521 3169; x_wconf 85' lang='lat' dir='ltr'><strong>solum</strong></span> <span class='ocrx_word' id='word_1_354' title='bbox 1535 3120 1722 3167; x_wconf 89' lang='lat' dir='ltr'><strong>contra</strong></span> <span class='ocrx_word' id='word_1_355' title='bbox 1738 3112 1928 3163; x_wconf 90' lang='lat' dir='ltr'><strong>horum</strong></span> <span class='ocrx_word' id='word_1_356' title='bbox 1947 3105 2185 3161; x_wconf 89' lang='lat' dir='ltr'><strong>omnium</strong></span> 
     </span>
    </p>
   </div>
   <div class='ocr_carea' id='block_1_47' title="bbox 2281 1925 3874 2000">
    <p class='ocr_par' dir='ltr' id='par_1_47' title="bbox 2281 1925 3874 2000">
     <span class='ocr_line' id='line_1_47' title="bbox 2281 1925 3874 2000; baseline 0.001 -17"><span class='ocrx_word' id='word_1_357' title='bbox 2281 1926 2808 1983; x_wconf 84' lang='lat' dir='ltr'><strong>commendationem</strong></span> <span class='ocrx_word' id='word_1_358' title='bbox 2850 1925 2991 1993; x_wconf 84' lang='lat' dir='ltr'><strong>fidei,</strong></span> <span class='ocrx_word' id='word_1_359' title='bbox 3025 1944 3123 2000; x_wconf 89' lang='lat' dir='ltr'><strong>per</strong></span> <span class='ocrx_word' id='word_1_360' title='bbox 3159 1943 3318 1997; x_wconf 88' lang='lat' dir='ltr'><strong>quam</strong></span> <span class='ocrx_word' id='word_1_361' title='bbox 3360 1929 3527 1997; x_wconf 79' lang='lat' dir='ltr'><strong>gratis</strong></span> <span class='ocrx_word' id='word_1_362' title='bbox 3568 1929 3705 1983; x_wconf 75' lang='lat' dir='ltr'><strong>salvi</strong></span> <span class='ocrx_word' id='word_1_363' title='bbox 3753 1928 3874 1984; x_wconf 88' lang='lat' dir='ltr'><strong>facti</strong></span> 
     </span>
    </p>
   </div>
   <div class='ocr_carea' id='block_1_48' title="bbox 2281 2018 3879 2101">
    <p class='ocr_par' dir='ltr' id='par_1_48' title="bbox 2281 2018 3879 2101">
     <span class='ocr_line' id='line_1_48' title="bbox 2281 2018 3879 2101; baseline 0.001 -30"><span class='ocrx_word' id='word_1_364' title='bbox 2281 2032 2485 2101; x_wconf 79' lang='lat' dir='ltr'><strong>sumus,</strong></span> <span class='ocrx_word' id='word_1_365' title='bbox 2547 2032 2771 2089; x_wconf 86' lang='lat' dir='ltr'><strong>operum</strong></span> <span class='ocrx_word' id='word_1_366' title='bbox 2812 2032 3027 2088; x_wconf 85' lang='lat' dir='ltr'><strong>quoque</strong></span> <span class='ocrx_word' id='word_1_367' title='bbox 3069 2018 3331 2072; x_wconf 87' lang='lat' dir='ltr'><strong>honorum</strong></span> <span class='ocrx_word' id='word_1_368' title='bbox 3372 2018 3597 2088; x_wconf 77' lang='lat' dir='ltr'><strong>gratiam</strong></span> <span class='ocrx_word' id='word_1_369' title='bbox 3648 2020 3879 2076; x_wconf 81' lang='lat' dir='ltr'><strong>muneri-</strong></span> 
     </span>
    </p>
   </div>
   <div class='ocr_carea' id='block_1_49' title="bbox 2285 2109 3879 2180">
    <p class='ocr_par' dir='ltr' id='par_1_49' title="bbox 2285 2109 3879 2180">
     <span class='ocr_line' id='line_1_49' title="bbox 2285 2109 3879 2180; baseline 0.003 -17"><span class='ocrx_word' id='word_1_370' title='bbox 2285 2111 2385 2164; x_wconf 86' lang='lat' dir='ltr'><strong>bus</strong></span> <span class='ocrx_word' id='word_1_371' title='bbox 2415 2111 2611 2165; x_wconf 72' lang='lat' dir='ltr'><strong>divintc</strong></span> <span class='ocrx_word' id='word_1_372' title='bbox 2641 2109 2986 2178; x_wconf 82' lang='lat' dir='ltr'><strong>benignitatis</strong></span> <span class='ocrx_word' id='word_1_373' title='bbox 3016 2111 3316 2179; x_wconf 78' lang='lat' dir='ltr'><strong>assignans,</strong></span> <span class='ocrx_word' id='word_1_374' title='bbox 3346 2111 3740 2180; x_wconf 86' lang='lat' dir='ltr'><strong>subsequenter</strong></span> <span class='ocrx_word' id='word_1_375' title='bbox 3787 2114 3879 2167; x_wconf 79' lang='lat' dir='ltr'><strong>ad-</strong></span> 
     </span>
    </p>
   </div>
   <div class='ocr_carea' id='block_1_50' title="bbox 2278 2188 3882 2271">
    <p class='ocr_par' dir='ltr' id='par_1_50' title="bbox 2278 2199 3882 2271">
     <span class='ocr_line' id='line_1_50' title="bbox 2278 2199 3882 2271; baseline 0.002 -19"><span class='ocrx_word' id='word_1_376' title='bbox 2278 2201 2453 2268; x_wconf 77' lang='lat' dir='ltr'><strong>junxit</strong></span> <span class='ocrx_word' id='word_1_377' title='bbox 2482 2220 2492 2252; x_wconf 87' lang='lat'>:</span> <span class='ocrx_word' id='word_1_378' title='bbox 2534 2199 2706 2267; x_wconf 84' lang='lat' dir='ltr'><strong>Ipsius</strong></span> <span class='ocrx_word' id='word_1_379' title='bbox 2732 2202 2868 2253; x_wconf 83' lang='lat' dir='ltr'><strong>enim</strong></span> <span class='ocrx_word' id='word_1_380' title='bbox 2897 2217 3073 2255; x_wconf 87' lang='lat' dir='ltr'><strong>sumus</strong></span> <span class='ocrx_word' id='word_1_381' title='bbox 3120 2203 3342 2271; x_wconf 76' lang='lat' dir='ltr'><strong>factum,</strong></span> <span class='ocrx_word' id='word_1_382' title='bbox 3394 2211 3553 2254; x_wconf 67' lang='lat' dir='ltr'><strong>creati</strong></span> <span class='ocrx_word' id='word_1_383' title='bbox 3588 2202 3642 2254; x_wconf 73' lang='lat' dir='ltr'><strong>in</strong></span> <span class='ocrx_word' id='word_1_384' title='bbox 3674 2199 3882 2255; x_wconf 81' lang='lat' dir='ltr'><strong>Christo</strong></span> 
     </span>
    </p>
   </div>
   <div class='ocr_carea' id='block_1_51' title="bbox 2282 2277 3884 2366">
    <p class='ocr_par' dir='ltr' id='par_1_51' title="bbox 2282 2277 3884 2366">
     <span class='ocr_line' id='line_1_51' title="bbox 2282 2277 3884 2366; baseline 0.001 -20"><span class='ocrx_word' id='word_1_385' title='bbox 2282 2293 2405 2348; x_wconf 73' lang='lat' dir='ltr'><strong>Jes&#39;t</strong></span> <span class='ocrx_word' id='word_1_386' title='bbox 2434 2277 2486 2348; x_wconf 83' lang='lat' dir='ltr'><strong>in</strong></span> <span class='ocrx_word' id='word_1_387' title='bbox 2512 2294 2749 2363; x_wconf 81' lang='lat' dir='ltr'><strong>aperibus</strong></span> <span class='ocrx_word' id='word_1_388' title='bbox 2780 2291 2949 2361; x_wconf 84' lang='lat' dir='ltr'><strong>bonis,</strong></span> <span class='ocrx_word' id='word_1_389' title='bbox 2982 2310 3095 2364; x_wconf 72' lang='lat' dir='ltr'><strong>qua:</strong></span> <span class='ocrx_word' id='word_1_390' title='bbox 3124 2295 3435 2365; x_wconf 66' lang='lat' dir='ltr'><strong>purpurat-it</strong></span> <span class='ocrx_word' id='word_1_391' title='bbox 3462 2296 3621 2366; x_wconf 68' lang='lat'><strong>237</strong></span> <span class='ocrx_word' id='word_1_392' title='bbox 3644 2293 3811 2363; x_wconf 84' lang='lat' dir='ltr'><strong>Deus,</strong></span> <span class='ocrx_word' id='word_1_393' title='bbox 3830 2307 3884 2348; x_wconf 84' lang='lat' dir='ltr'><strong>ut</strong></span> 
     </span>
    </p>
   </div>
   <div class='ocr_carea' id='block_1_52' title="bbox 2286 2382 3883 2459">
    <p class='ocr_par' dir='ltr' id='par_1_52' title="bbox 2286 2382 3883 2459">
     <span class='ocr_line' id='line_1_52' title="bbox 2286 2382 3883 2459; baseline 0.001 -21"><span class='ocrx_word' id='word_1_394' title='bbox 2286 2388 2337 2438; x_wconf 89' lang='lat' dir='ltr'><strong>in</strong></span> <span class='ocrx_word' id='word_1_395' title='bbox 2360 2386 2471 2440; x_wconf 84' lang='lat' dir='ltr'><strong>illis</strong></span> <span class='ocrx_word' id='word_1_396' title='bbox 2494 2383 2811 2438; x_wconf 79' lang='lat' dir='ltr'><strong>mnbulemus</strong></span> <span class='ocrx_word' id='word_1_397' title='bbox 2837 2382 3021 2454; x_wconf 79' lang='lat' dir='ltr'><strong>(Ibid.,</strong></span> <span class='ocrx_word' id='word_1_398' title='bbox 3040 2384 3159 2459; x_wconf 63' lang='lat' dir='ltr'><strong>i0).</strong></span> <span class='ocrx_word' id='word_1_399' title='bbox 3194 2384 3248 2437; x_wconf 90' lang='lat' dir='ltr'><strong>In</strong></span> <span class='ocrx_word' id='word_1_400' title='bbox 3272 2384 3463 2438; x_wconf 83' lang='lat' dir='ltr'><strong>cis‘vos</strong></span> <span class='ocrx_word' id='word_1_401' title='bbox 3485 2384 3596 2438; x_wconf 86' lang='lat' dir='ltr'><strong>Deo</strong></span> <span class='ocrx_word' id='word_1_402' title='bbox 3617 2383 3883 2453; x_wconf 86' lang='lat' dir='ltr'><strong>dirigentc</strong></span> 
     </span>
    </p>
   </div>
   <div class='ocr_carea' id='block_1_53' title="bbox 2285 2470 3888 2543">
    <p class='ocr_par' dir='ltr' id='par_1_53' title="bbox 2285 2470 3888 2543">
     <span class='ocr_line' id='line_1_53' title="bbox 2285 2470 3888 2543; baseline -0.002 -12"><span class='ocrx_word' id='word_1_403' title='bbox 2285 2476 2584 2539; x_wconf 88' lang='lat' dir='ltr'><strong>ambulare,</strong></span> <span class='ocrx_word' id='word_1_404' title='bbox 2613 2475 2728 2543; x_wconf 90' lang='lat' dir='ltr'><strong>ipso</strong></span> <span class='ocrx_word' id='word_1_405' title='bbox 2763 2489 2942 2528; x_wconf 87' lang='lat' dir='ltr'><strong>rerum</strong></span> <span class='ocrx_word' id='word_1_406' title='bbox 2968 2473 3264 2540; x_wconf 80' lang='lat' dir='ltr'><strong>gaudemus</strong></span> <span class='ocrx_word' id='word_1_407' title='bbox 3278 2470 3492 2528; x_wconf 78' lang='lat' dir='ltr'><strong>effectu.</strong></span> <span class='ocrx_word' id='word_1_408' title='bbox 3520 2473 3888 2528; x_wconf 74' lang='lat' dir='ltr'><strong>Sollicitudine</strong></span> 
     </span>
    </p>
   </div>
   <div class='ocr_carea' id='block_1_54' title="bbox 2270 2566 3882 2640">
    <p class='ocr_par' dir='ltr' id='par_1_54' title="bbox 2270 2566 3882 2640">
     <span class='ocr_line' id='line_1_54' title="bbox 2270 2566 3882 2640; baseline -0.001 -18"><span class='ocrx_word' id='word_1_409' title='bbox 2270 2568 2484 2640; x_wconf 83' lang='lat' dir='ltr'><strong>.quippe</strong></span> <span class='ocrx_word' id='word_1_410' title='bbox 2512 2584 2611 2621; x_wconf 87' lang='lat' dir='ltr'><strong>non</strong></span> <span class='ocrx_word' id='word_1_411' title='bbox 2635 2569 2790 2638; x_wconf 85' lang='lat' dir='ltr'><strong>pigri,</strong></span> <span class='ocrx_word' id='word_1_412' title='bbox 2832 2576 2886 2620; x_wconf 88' lang='lat' dir='ltr'><strong>et</strong></span> <span class='ocrx_word' id='word_1_413' title='bbox 2916 2566 3116 2639; x_wconf 82' lang='lat' dir='ltr'><strong>Spiritu</strong></span> <span class='ocrx_word' id='word_1_414' title='bbox 3150 2570 3399 2630; x_wconf 71' lang='lat' dir='ltr'><strong>{errantes</strong></span> <span class='ocrx_word' id='word_1_415' title='bbox 3436 2567 3611 2638; x_wconf 79' lang='lat' dir='ltr'><strong>(Rom.</strong></span> <span class='ocrx_word' id='word_1_416' title='bbox 3636 2584 3733 2632; x_wconf 76' lang='lat' dir='ltr'><strong>xu,</strong></span> <span class='ocrx_word' id='word_1_417' title='bbox 3776 2570 3882 2632; x_wconf 76' lang='lat' dir='ltr'><strong>li),</strong></span> 
     </span>
    </p>
   </div>
   <div class='ocr_carea' id='block_1_55' title="bbox 2286 2657 3887 2729">
    <p class='ocr_par' dir='ltr' id='par_1_55' title="bbox 2286 2657 3887 2729">
     <span class='ocr_line' id='line_1_55' title="bbox 2286 2657 3887 2729; baseline 0 -15"><span class='ocrx_word' id='word_1_418' title='bbox 2286 2676 2395 2729; x_wconf 89' lang='lat' dir='ltr'><strong>quo</strong></span> <span class='ocrx_word' id='word_1_419' title='bbox 2420 2659 2708 2714; x_wconf 88' lang='lat' dir='ltr'><strong>devotione</strong></span> <span class='ocrx_word' id='word_1_420' title='bbox 2738 2657 3089 2712; x_wconf 75' lang='lat' dir='ltr'><strong>laudabiliore</strong></span> <span class='ocrx_word' id='word_1_421' title='bbox 3116 2657 3345 2715; x_wconf 90' lang='lat' dir='ltr'><strong>Domino</strong></span> <span class='ocrx_word' id='word_1_422' title='bbox 3365 2660 3578 2715; x_wconf 88' lang='lat' dir='ltr'><strong>servilis</strong></span> <span class='ocrx_word' id='word_1_423' title='bbox 3596 2701 3611 2725; x_wconf 91' lang='lat'><strong>,</strong></span> <span class='ocrx_word' id='word_1_424' title='bbox 3650 2676 3722 2715; x_wconf 89' lang='lat' dir='ltr'><strong>eo</strong></span> <span class='ocrx_word' id='word_1_425' title='bbox 3742 2662 3856 2715; x_wconf 88' lang='lat' dir='ltr'><strong>cari</strong></span> <span class='ocrx_word' id='word_1_426' title='bbox 3873 2691 3887 2701; x_wconf 92' lang='lat'><strong>-</strong></span> 
     </span>
    </p>
   </div>
   <div class='ocr_carea' id='block_1_56' title="bbox 2290 2734 3887 2820">
    <p class='ocr_par' dir='ltr' id='par_1_56' title="bbox 2290 2734 3887 2820">
     <span class='ocr_line' id='line_1_56' title="bbox 2290 2734 3887 2820; baseline 0.002 -17"><span class='ocrx_word' id='word_1_427' title='bbox 2290 2759 2372 2805; x_wconf 88' lang='lat' dir='ltr'><strong>tas</strong></span> <span class='ocrx_word' id='word_1_428' title='bbox 2402 2749 2468 2804; x_wconf 85' lang='lat' dir='ltr'><strong>de</strong></span> <span class='ocrx_word' id='word_1_429' title='bbox 2498 2749 2662 2802; x_wconf 84' lang='lat' dir='ltr'><strong>corde</strong></span> <span class='ocrx_word' id='word_1_430' title='bbox 2694 2764 2847 2820; x_wconf 85' lang='lat' dir='ltr'><strong>puro,</strong></span> <span class='ocrx_word' id='word_1_431' title='bbox 2891 2760 2945 2802; x_wconf 89' lang='lat' dir='ltr'><strong>et</strong></span> <span class='ocrx_word' id='word_1_432' title='bbox 2995 2734 3328 2805; x_wconf 76' lang='lat' dir='ltr'><strong>conscientia</strong></span> <span class='ocrx_word' id='word_1_433' title='bbox 3357 2751 3520 2818; x_wconf 87' lang='lat' dir='ltr'><strong>bona,</strong></span> <span class='ocrx_word' id='word_1_434' title='bbox 3552 2760 3607 2804; x_wconf 80' lang='lat' dir='ltr'><strong>ct</strong></span> <span class='ocrx_word' id='word_1_435' title='bbox 3648 2751 3754 2805; x_wconf 88' lang='lat' dir='ltr'><strong>tide</strong></span> <span class='ocrx_word' id='word_1_436' title='bbox 3779 2768 3887 2807; x_wconf 87' lang='lat' dir='ltr'><strong>non</strong></span> 
     </span>
    </p>
   </div>
   <div class='ocr_carea' id='block_1_57' title="bbox 2291 2820 3941 2913">
    <p class='ocr_par' dir='ltr' id='par_1_57' title="bbox 2291 2820 3941 2913">
     <span class='ocr_line' id='line_1_57' title="bbox 2291 2820 3941 2913; baseline 0.003 -22"><span class='ocrx_word' id='word_1_437' title='bbox 2291 2840 2435 2908; x_wconf 84' lang='lat' dir='ltr'><strong>licta,</strong></span> <span class='ocrx_word' id='word_1_438' title='bbox 2490 2856 2590 2893; x_wconf 59' lang='lat' dir='ltr'><strong>n‘s</strong></span> <span class='ocrx_word' id='word_1_439' title='bbox 2638 2839 2853 2907; x_wconf 78' lang='lat' dir='ltr'><strong>instigat</strong></span> <span class='ocrx_word' id='word_1_440' title='bbox 2909 2855 3007 2910; x_wconf 87' lang='lat' dir='ltr'><strong>pro</strong></span> <span class='ocrx_word' id='word_1_441' title='bbox 3067 2838 3187 2893; x_wconf 83' lang='lat' dir='ltr'><strong>ﬁdei</strong></span> <span class='ocrx_word' id='word_1_442' title='bbox 3238 2822 3615 2895; x_wconf 75' lang='lat' dir='ltr'><strong>communione</strong></span> <span class='ocrx_word' id='word_1_443' title='bbox 3679 2843 3890 2913; x_wconf 78' lang='lat' dir='ltr'><strong>plenius</strong></span> <span class='ocrx_word' id='word_1_444' title='bbox 3936 2820 3941 2823; x_wconf 19' lang='grc'>⁷</span> 
     </span>
    </p>
   </div>
   <div class='ocr_carea' id='block_1_58' title="bbox 2290 2929 3891 3004">
    <p class='ocr_par' dir='ltr' id='par_1_58' title="bbox 2290 2929 3891 3004">
     <span class='ocr_line' id='line_1_58' title="bbox 2290 2929 3891 3004; baseline 0.004 -20"><span class='ocrx_word' id='word_1_445' title='bbox 2290 2930 2626 3001; x_wconf 83' lang='lat' dir='ltr'><strong>agnoscenda</strong></span> <span class='ocrx_word' id='word_1_446' title='bbox 2659 2929 2822 2986; x_wconf 87' lang='lat' dir='ltr'><strong>vestri</strong></span> <span class='ocrx_word' id='word_1_447' title='bbox 2868 2931 3078 2985; x_wconf 87' lang='lat' dir='ltr'><strong>consilii</strong></span> <span class='ocrx_word' id='word_1_448' title='bbox 3107 2941 3314 2987; x_wconf 86' lang='lat' dir='ltr'><strong>secreta</strong></span> <span class='ocrx_word' id='word_1_449' title='bbox 3348 2943 3372 2969; x_wconf 77' lang='lat'><strong>&quot;-</strong></span> <span class='ocrx_word' id='word_1_450' title='bbox 3397 2935 3728 3004; x_wconf 75' lang='lat' dir='ltr'><strong>perquirere.</strong></span> <span class='ocrx_word' id='word_1_451' title='bbox 3754 2934 3891 3003; x_wconf 81' lang='lat' dir='ltr'><strong>Quia</strong></span> 
     </span>
    </p>
   </div>
   <div class='ocr_carea' id='block_1_59' title="bbox 2293 3024 3891 3094">
    <p class='ocr_par' dir='ltr' id='par_1_59' title="bbox 2293 3024 3891 3094">
     <span class='ocr_line' id='line_1_59' title="bbox 2293 3024 3891 3094; baseline 0.003 -15"><span class='ocrx_word' id='word_1_452' title='bbox 2293 3026 2454 3094; x_wconf 81' lang='lat' dir='ltr'><strong>igitur</strong></span> <span class='ocrx_word' id='word_1_453' title='bbox 2484 3040 2665 3079; x_wconf 91' lang='lat' dir='ltr'><strong>sermo</strong></span> <span class='ocrx_word' id='word_1_454' title='bbox 2700 3024 2796 3079; x_wconf 88' lang='lat' dir='ltr'><strong>Dei</strong></span> <span class='ocrx_word' id='word_1_455' title='bbox 2849 3039 2957 3079; x_wconf 91' lang='lat' dir='ltr'><strong>non</strong></span> <span class='ocrx_word' id='word_1_456' title='bbox 2984 3032 3068 3078; x_wconf 85' lang='lat' dir='ltr'><strong>est</strong></span> <span class='ocrx_word' id='word_1_457' title='bbox 3107 3025 3351 3092; x_wconf 78' lang='lat' dir='ltr'><strong>alligatus</strong></span> <span class='ocrx_word' id='word_1_458' title='bbox 3386 3025 3474 3094; x_wconf 88' lang='lat' dir='ltr'><strong>(II</strong></span> <span class='ocrx_word' id='word_1_459' title='bbox 3520 3026 3654 3081; x_wconf 86' lang='lat' dir='ltr'><strong>Tim.</strong></span> <span class='ocrx_word' id='word_1_460' title='bbox 3708 3045 3764 3091; x_wconf 85' lang='grc' dir='ltr'><strong>η,</strong></span> <span class='ocrx_word' id='word_1_461' title='bbox 3814 3028 3891 3092; x_wconf 71' lang='lat' dir='ltr'><strong>9i.</strong></span> 
     </span>
    </p>
   </div>
   <div class='ocr_carea' id='block_1_60' title="bbox 2290 3113 3895 3188">
    <p class='ocr_par' dir='ltr' id='par_1_60' title="bbox 2290 3113 3895 3188">
     <span class='ocr_line' id='line_1_60' title="bbox 2290 3113 3895 3188; baseline 0.005 -19"><span class='ocrx_word' id='word_1_462' title='bbox 2290 3118 2381 3185; x_wconf 90' lang='lat' dir='ltr'><strong>qui</strong></span> <span class='ocrx_word' id='word_1_463' title='bbox 2414 3116 2567 3169; x_wconf 85' lang='lat' dir='ltr'><strong>vivus</strong></span> <span class='ocrx_word' id='word_1_464' title='bbox 2608 3127 2691 3170; x_wconf 83' lang='lat' dir='ltr'><strong>est</strong></span> <span class='ocrx_word' id='word_1_465' title='bbox 2736 3123 2789 3168; x_wconf 91' lang='lat' dir='ltr'><strong>et</strong></span> <span class='ocrx_word' id='word_1_466' title='bbox 2837 3116 3025 3169; x_wconf 80' lang='lat' dir='ltr'><strong>eflieax</strong></span> <span class='ocrx_word' id='word_1_467' title='bbox 3057 3113 3220 3185; x_wconf 70' lang='grc' dir='ltr'><strong>(Πρὸ.</strong></span> <span class='ocrx_word' id='word_1_468' title='bbox 3260 3133 3331 3182; x_wconf 81' lang='lat' dir='ltr'><strong>tv,</strong></span> <span class='ocrx_word' id='word_1_469' title='bbox 3379 3118 3487 3188; x_wconf 68' lang='lat'><strong>19.),</strong></span> <span class='ocrx_word' id='word_1_470' title='bbox 3534 3119 3736 3174; x_wconf 73' lang='lat' dir='ltr'><strong>idcirco</strong></span> <span class='ocrx_word' id='word_1_471' title='bbox 3794 3138 3895 3178; x_wconf 81' lang='lat' dir='ltr'><strong>nos</strong></span> 
     </span>
    </p>
   </div>
   <div class='ocr_carea' id='block_1_61' title="bbox 593 3194 3897 3283">
    <p class='ocr_par' dir='ltr' id='par_1_61' title="bbox 593 3194 3897 3283">
     <span class='ocr_line' id='line_1_61' title="bbox 593 3194 3897 3283; baseline -0.016 -12"><span class='ocrx_word' id='word_1_472' title='bbox 593 3212 713 3270; x_wconf 71' lang='lat' dir='ltr'><strong>sant</strong></span> <span class='ocrx_word' id='word_1_473' title='bbox 727 3223 900 3268; x_wconf 86' lang='lat' dir='ltr'><strong>torum</strong></span> <span class='ocrx_word' id='word_1_474' title='bbox 917 3208 1157 3271; x_wconf 79' lang='lat' dir='ltr'><strong>Patrum,</strong></span> <span class='ocrx_word' id='word_1_475' title='bbox 1182 3222 1365 3261; x_wconf 83' lang='lat' dir='ltr'><strong>verum</strong></span> <span class='ocrx_word' id='word_1_476' title='bbox 1385 3205 1545 3260; x_wconf 90' lang='lat' dir='ltr'><strong>etiam</strong></span> <span class='ocrx_word' id='word_1_477' title='bbox 1560 3210 1744 3257; x_wconf 90' lang='lat' dir='ltr'><strong>contra</strong></span> <span class='ocrx_word' id='word_1_478' title='bbox 1760 3201 1926 3271; x_wconf 74' lang='lat' dir='ltr'><strong>ipsius</strong></span> <span class='ocrx_word' id='word_1_479' title='bbox 1949 3196 2190 3268; x_wconf 84' lang='lat' dir='ltr'><strong>Apostoli</strong></span> <span class='ocrx_word' id='word_1_480' title='bbox 2221 3194 2265 3256; x_wconf 88' lang='lat' dir='ltr'><strong>C</strong></span> <span class='ocrx_word' id='word_1_481' title='bbox 2296 3222 2512 3277; x_wconf 56' lang='lat' dir='ltr'><strong>quoque</strong></span> <span class='ocrx_word' id='word_1_482' title='bbox 2540 3236 2543 3239; x_wconf 37' lang='grc' dir='ltr'><strong><em>λ</em></strong></span> <span class='ocrx_word' id='word_1_483' title='bbox 2567 3222 2630 3262; x_wconf 61' lang='grc' dir='ltr'><strong>οη</strong></span> <span class='ocrx_word' id='word_1_484' title='bbox 2668 3222 2785 3275; x_wconf 55' lang='lat' dir='ltr'><strong>qum</strong></span> <span class='ocrx_word' id='word_1_485' title='bbox 2833 3207 2899 3261; x_wconf 62' lang='lat' dir='ltr'><strong>de</strong></span> <span class='ocrx_word' id='word_1_486' title='bbox 2956 3207 3323 3263; x_wconf 52' lang='lat' dir='ltr'><strong>incarnatione</strong></span> <span class='ocrx_word' id='word_1_487' title='bbox 3378 3226 3441 3265; x_wconf 60' lang='lat' dir='ltr'><strong>ac</strong></span> <span class='ocrx_word' id='word_1_488' title='bbox 3487 3210 3897 3283; x_wconf 51' lang='lat' dir='ltr'><strong>dismnsmimw</strong></span> 
     </span>
    </p>
   </div>
   <div class='ocr_carea' id='block_1_62' title="bbox 591 3288 2183 3362">
    <p class='ocr_par' dir='ltr' id='par_1_62' title="bbox 591 3288 2183 3362">
     <span class='ocr_line' id='line_1_62' title="bbox 591 3288 2183 3362; baseline -0.013 0"><span class='ocrx_word' id='word_1_489' title='bbox 591 3305 939 3362; x_wconf 83' lang='lat' dir='ltr'><strong>traditionem</strong></span> <span class='ocrx_word' id='word_1_490' title='bbox 972 3299 996 3338; x_wconf 75' lang='grc' dir='ltr'><strong>ι)</strong></span> <span class='ocrx_word' id='word_1_491' title='bbox 1028 3300 1269 3361; x_wconf 86' lang='lat' dir='ltr'><strong>veniens,</strong></span> <span class='ocrx_word' id='word_1_492' title='bbox 1299 3297 1536 3350; x_wconf 85' lang='lat' dir='ltr'><strong>humano</strong></span> <span class='ocrx_word' id='word_1_493' title='bbox 1566 3292 1734 3347; x_wconf 85' lang='lat' dir='ltr'><strong>labori</strong></span> <span class='ocrx_word' id='word_1_494' title='bbox 1766 3288 2036 3358; x_wconf 73' lang='lat' dir='ltr'><strong>subiungit</strong></span> <span class='ocrx_word' id='word_1_495' title='bbox 2062 3302 2183 3358; x_wconf 86' lang='lat' dir='ltr'><strong>gra-</strong></span> 
     </span>
    </p>
   </div>
   <div class='ocr_carea' id='block_1_63' title="bbox 593 3381 2186 3462">
    <p class='ocr_par' dir='ltr' id='par_1_63' title="bbox 593 3381 2186 3462">
     <span class='ocr_line' id='line_1_63' title="bbox 593 3381 2186 3462; baseline -0.01 -14"><span class='ocrx_word' id='word_1_496' title='bbox 593 3396 684 3450; x_wconf 68' lang='lat' dir='ltr'><strong>tia:</strong></span> <span class='ocrx_word' id='word_1_497' title='bbox 707 3392 1054 3462; x_wconf 73' lang='lat' dir='ltr'><strong>adiutorium,</strong></span> <span class='ocrx_word' id='word_1_498' title='bbox 1084 3397 1243 3457; x_wconf 89' lang='lat' dir='ltr'><strong>atque</strong></span> <span class='ocrx_word' id='word_1_499' title='bbox 1266 3394 1432 3440; x_wconf 90' lang='lat' dir='ltr'><strong>totam</strong></span> <span class='ocrx_word' id='word_1_500' title='bbox 1457 3384 1674 3438; x_wconf 90' lang='lat' dir='ltr'><strong>omnino</strong></span> <span class='ocrx_word' id='word_1_501' title='bbox 1701 3381 1899 3437; x_wconf 85' lang='lat' dir='ltr'><strong>Christi</strong></span> <span class='ocrx_word' id='word_1_502' title='bbox 1921 3385 2186 3435; x_wconf 86' lang='lat' dir='ltr'><strong>evacuans</strong></span> 
     </span>
    </p>
   </div>
   <div class='ocr_carea' id='block_1_64' title="bbox 592 3464 2182 3555">
    <p class='ocr_par' dir='ltr' id='par_1_64' title="bbox 592 3464 2182 3555">
     <span class='ocr_line' id='line_1_64' title="bbox 592 3464 2182 3555; baseline -0.011 -15"><span class='ocrx_word' id='word_1_503' title='bbox 592 3486 846 3555; x_wconf 79' lang='lat' dir='ltr'><strong>gratiam,</strong></span> <span class='ocrx_word' id='word_1_504' title='bbox 869 3484 1121 3553; x_wconf 90' lang='lat' dir='ltr'><strong>antiquos</strong></span> <span class='ocrx_word' id='word_1_505' title='bbox 1146 3485 1362 3534; x_wconf 83' lang='lat' dir='ltr'><strong>sanctos</strong></span> <span class='ocrx_word' id='word_1_506' title='bbox 1399 3492 1507 3531; x_wconf 90' lang='lat' dir='ltr'><strong>non</strong></span> <span class='ocrx_word' id='word_1_507' title='bbox 1536 3487 1598 3530; x_wconf 89' lang='lat' dir='ltr'><strong>ea</strong></span> <span class='ocrx_word' id='word_1_508' title='bbox 1626 3464 1811 3543; x_wconf 71' lang='lat' dir='ltr'><strong>gratia</strong></span> <span class='ocrx_word' id='word_1_509' title='bbox 1836 3487 1941 3543; x_wconf 88' lang='lat' dir='ltr'><strong>qua</strong></span> <span class='ocrx_word' id='word_1_510' title='bbox 1972 3479 2027 3525; x_wconf 91' lang='lat' dir='ltr'><strong>et</strong></span> <span class='ocrx_word' id='word_1_511' title='bbox 2062 3485 2182 3531; x_wconf 84' lang='lat' dir='ltr'><strong>nos,</strong></span> 
     </span>
    </p>
   </div>
   <div class='ocr_carea' id='block_1_65' title="bbox 594 3562 2187 3644">
    <p class='ocr_par' dir='ltr' id='par_1_65' title="bbox 594 3562 2187 3644">
     <span class='ocr_line' id='line_1_65' title="bbox 594 3562 2187 3644; baseline -0.013 -10"><span class='ocrx_word' id='word_1_512' title='bbox 594 3577 893 3634; x_wconf 85' lang='lat' dir='ltr'><strong>secundum</strong></span> <span class='ocrx_word' id='word_1_513' title='bbox 929 3575 1073 3644; x_wconf 90' lang='lat' dir='ltr'><strong>quod</strong></span> <span class='ocrx_word' id='word_1_514' title='bbox 1108 3573 1267 3627; x_wconf 89' lang='lat' dir='ltr'><strong>docet</strong></span> <span class='ocrx_word' id='word_1_515' title='bbox 1299 3570 1639 3625; x_wconf 88' lang='lat' dir='ltr'><strong>beatissimus</strong></span> <span class='ocrx_word' id='word_1_516' title='bbox 1679 3565 1870 3620; x_wconf 84' lang='lat' dir='ltr'><strong>Petrus</strong></span> <span class='ocrx_word' id='word_1_517' title='bbox 1910 3562 2187 3634; x_wconf 89' lang='lat' dir='ltr'><strong>apostolus</strong></span> 
     </span>
    </p>
   </div>
   <div class='ocr_carea' id='block_1_66' title="bbox 598 3655 2187 3741">
    <p class='ocr_par' dir='ltr' id='par_1_66' title="bbox 598 3655 2187 3741">
     <span class='ocr_line' id='line_1_66' title="bbox 598 3655 2187 3741; baseline -0.011 -17"><span class='ocrx_word' id='word_1_518' title='bbox 598 3670 741 3738; x_wconf 76' lang='lat' dir='ltr'><strong>(Act.</strong></span> <span class='ocrx_word' id='word_1_519' title='bbox 776 3664 863 3733; x_wconf 69' lang='lat' dir='ltr'><strong>iv,</strong></span> <span class='ocrx_word' id='word_1_520' title='bbox 900 3666 1010 3739; x_wconf 82' lang='lat' dir='ltr'><strong>ll).</strong></span> <span class='ocrx_word' id='word_1_521' title='bbox 1034 3666 1127 3721; x_wconf 87' lang='lat' dir='ltr'><strong>sed</strong></span> <span class='ocrx_word' id='word_1_522' title='bbox 1154 3674 1361 3719; x_wconf 71' lang='lat' dir='ltr'><strong>natura:</strong></span> <span class='ocrx_word' id='word_1_523' title='bbox 1390 3662 1743 3741; x_wconf 74' lang='lat' dir='ltr'><strong>possibilitate</strong></span> <span class='ocrx_word' id='word_1_524' title='bbox 1769 3660 2005 3713; x_wconf 89' lang='lat' dir='ltr'><strong>salvatos</strong></span> <span class='ocrx_word' id='word_1_525' title='bbox 2028 3655 2187 3724; x_wconf 88' lang='lat' dir='ltr'><strong>impie</strong></span> 
     </span>
    </p>
   </div>
   <div class='ocr_carea' id='block_1_67' title="bbox 601 3759 901 3834">
    <p class='ocr_par' dir='ltr' id='par_1_67' title="bbox 601 3759 901 3834">
     <span class='ocr_line' id='line_1_67' title="bbox 601 3759 901 3834; baseline -0.013 -17"><span class='ocrx_word' id='word_1_526' title='bbox 601 3759 901 3834; x_wconf 80' lang='lat' dir='ltr'><strong>proﬁtetur.</strong></span> 
     </span>
    </p>
   </div>
   <div class='ocr_carea' id='block_1_68' title="bbox 671 3860 2050 3932">
    <p class='ocr_par' dir='ltr' id='par_1_68' title="bbox 671 3860 2050 3932">
     <span class='ocr_line' id='line_1_68' title="bbox 671 3860 2050 3932; baseline -0.012 -4"><span class='ocrx_word' id='word_1_527' title='bbox 671 3873 866 3928; x_wconf 84' lang='lat' dir='ltr'><strong>Petrus</strong></span> <span class='ocrx_word' id='word_1_528' title='bbox 894 3868 1258 3925; x_wconf 83' lang='lat' dir='ltr'><strong>misericordia</strong></span> <span class='ocrx_word' id='word_1_529' title='bbox 1290 3868 1381 3921; x_wconf 88' lang='lat' dir='ltr'><strong>Dei</strong></span> <span class='ocrx_word' id='word_1_530' title='bbox 1413 3861 1676 3920; x_wconf 83' lang='lat' dir='ltr'><strong>diaconus</strong></span> <span class='ocrx_word' id='word_1_531' title='bbox 1714 3860 2050 3932; x_wconf 86' lang='lat' dir='ltr'><strong>subscripsit,</strong></span> 
     </span>
    </p>
   </div>
   <div class='ocr_carea' id='block_1_69' title="bbox 610 3953 2093 4044">
    <p class='ocr_par' dir='ltr' id='par_1_69' title="bbox 610 3953 2093 4044">
     <span class='ocr_line' id='line_1_69' title="bbox 610 3953 2093 4044; baseline -0.012 -20"><span class='ocrx_word' id='word_1_532' title='bbox 610 4038 617 4044; x_wconf 33' lang='grc'><em>,</em></span> <span class='ocrx_word' id='word_1_533' title='bbox 667 3957 907 4023; x_wconf 79' lang='lat' dir='ltr'><strong>Joannes</strong></span> <span class='ocrx_word' id='word_1_534' title='bbox 930 3962 1293 4020; x_wconf 77' lang='lat' dir='ltr'><strong>misericordia</strong></span> <span class='ocrx_word' id='word_1_535' title='bbox 1317 3959 1410 4014; x_wconf 90' lang='lat' dir='ltr'><strong>Dei</strong></span> <span class='ocrx_word' id='word_1_536' title='bbox 1443 3959 1740 4012; x_wconf 86' lang='lat' dir='ltr'><strong>monachus</strong></span> <span class='ocrx_word' id='word_1_537' title='bbox 1762 3953 2093 4025; x_wconf 89' lang='lat' dir='ltr'><strong>subscripsit,</strong></span> 
     </span>
    </p>
   </div>
   <div class='ocr_carea' id='block_1_70' title="bbox 614 4045 2191 4135">
    <p class='ocr_par' dir='ltr' id='par_1_70' title="bbox 614 4045 2191 4135">
     <span class='ocr_line' id='line_1_70' title="bbox 614 4045 2191 4135; baseline -0.011 -21"><span class='ocrx_word' id='word_1_538' title='bbox 614 4130 620 4135; x_wconf 22' lang='lat'><strong><em>.</em></strong></span> <span class='ocrx_word' id='word_1_539' title='bbox 675 4057 939 4113; x_wconf 81' lang='lat' dir='ltr'><strong>Leontius</strong></span> <span class='ocrx_word' id='word_1_540' title='bbox 969 4052 1338 4110; x_wconf 87' lang='lat' dir='ltr'><strong>misericordia</strong></span> <span class='ocrx_word' id='word_1_541' title='bbox 1377 4051 1471 4105; x_wconf 87' lang='lat' dir='ltr'><strong>Dei</strong></span> <span class='ocrx_word' id='word_1_542' title='bbox 1522 4049 1834 4129; x_wconf 72' lang='lat' dir='ltr'><strong>monachus</strong></span> <span class='ocrx_word' id='word_1_543' title='bbox 1856 4045 2191 4117; x_wconf 88' lang='lat' dir='ltr'><strong>subscripsit,</strong></span> 
     </span>
    </p>
   </div>
   <div class='ocr_carea' id='block_1_71' title="bbox 612 4141 1975 4228">
    <p class='ocr_par' dir='ltr' id='par_1_71' title="bbox 612 4141 1975 4228">
     <span class='ocr_line' id='line_1_71' title="bbox 612 4141 1975 4228; baseline -0.012 -20"><span class='ocrx_word' id='word_1_544' title='bbox 612 4221 621 4228; x_wconf 22' lang='lat'><strong><em>’</em></strong></span> <span class='ocrx_word' id='word_1_545' title='bbox 671 4149 907 4207; x_wconf 79' lang='lat' dir='ltr'><strong>Joannes</strong></span> <span class='ocrx_word' id='word_1_546' title='bbox 927 4149 1099 4203; x_wconf 82' lang='lat' dir='ltr'><strong>lector</strong></span> <span class='ocrx_word' id='word_1_547' title='bbox 1128 4143 1493 4209; x_wconf 85' lang='lat' dir='ltr'><strong>misericordia</strong></span> <span class='ocrx_word' id='word_1_548' title='bbox 1524 4142 1619 4197; x_wconf 91' lang='lat' dir='ltr'><strong>Dei</strong></span> <span class='ocrx_word' id='word_1_549' title='bbox 1643 4141 1975 4213; x_wconf 83' lang='lat' dir='ltr'><strong>subscripsit.</strong></span> 
     </span>
    </p>
   </div>
   <div class='ocr_carea' id='block_1_72' title="bbox 1087 4241 1825 4353">
    <p class='ocr_par' dir='ltr' id='par_1_72' title="bbox 1087 4241 1825 4353">
     <span class='ocr_line' id='line_1_72' title="bbox 1087 4241 1825 4353; baseline -0.005 -20"><span class='ocrx_word' id='word_1_550' title='bbox 1087 4241 1250 4353; x_wconf 55' lang='lat'><strong>2‘33</strong></span> <span class='ocrx_word' id='word_1_551' title='bbox 1286 4277 1615 4333; x_wconf 81' lang='lat' dir='ltr'><strong>EPISTOLA</strong></span> <span class='ocrx_word' id='word_1_552' title='bbox 1656 4276 1825 4339; x_wconf 82' lang='lat' dir='ltr'><strong>xm,</strong></span> 
     </span>
    </p>
   </div>
   <div class='ocr_carea' id='block_1_73' title="bbox 605 4378 2198 4450">
    <p class='ocr_par' dir='ltr' id='par_1_73' title="bbox 605 4378 2198 4450">
     <span class='ocr_line' id='line_1_73' title="bbox 605 4378 2198 4450; baseline -0.006 -1"><span class='ocrx_word' id='word_1_553' title='bbox 605 4378 701 4449; x_wconf 62' lang='lat' dir='ltr'><strong>Sili}</strong></span> <span class='ocrx_word' id='word_1_554' title='bbox 735 4412 762 4448; x_wconf 80' lang='lat' dir='ltr'><strong>I.</strong></span> <span class='ocrx_word' id='word_1_555' title='bbox 788 4410 885 4447; x_wconf 74' lang='grc' dir='ltr'><strong>ιειι</strong></span> <span class='ocrx_word' id='word_1_556' title='bbox 912 4409 958 4446; x_wconf 83' lang='lat' dir='ltr'><strong>S.</strong></span> <span class='ocrx_word' id='word_1_557' title='bbox 995 4406 1275 4446; x_wconf 70' lang='lat' dir='ltr'><strong>FULGENTII</strong></span> <span class='ocrx_word' id='word_1_558' title='bbox 1303 4406 1371 4444; x_wconf 82' lang='grc' dir='ltr'>ΕΤ</span> <span class='ocrx_word' id='word_1_559' title='bbox 1399 4405 1628 4443; x_wconf 53' lang='grc' dir='ltr'><strong>Αιιιςιηυιι</strong></span> <span class='ocrx_word' id='word_1_560' title='bbox 1669 4402 1954 4450; x_wconf 65' lang='grc' dir='ltr'><strong>οιῖικυεοω</strong></span> <span class='ocrx_word' id='word_1_561' title='bbox 1988 4402 2198 4440; x_wconf 68' lang='grc' dir='ltr'><strong>Ειιιςεο-</strong></span> 
     </span>
    </p>
   </div>
   <div class='ocr_carea' id='block_1_74' title="bbox 1134 4495 1721 4543">
    <p class='ocr_par' dir='ltr' id='par_1_74' title="bbox 1134 4495 1721 4543">
     <span class='ocr_line' id='line_1_74' title="bbox 1134 4495 1721 4543; baseline -0.009 -6"><span class='ocrx_word' id='word_1_562' title='bbox 1134 4498 1305 4537; x_wconf 71' lang='lat' dir='ltr'><strong>PORUM</strong></span> <span class='ocrx_word' id='word_1_563' title='bbox 1330 4495 1721 4543; x_wconf 67' lang='lat' dir='ltr'><strong>AFRICANOBUII,</strong></span> 
     </span>
    </p>
   </div>
   <div class='ocr_carea' id='block_1_75' title="bbox 2289 3294 3897 3371">
    <p class='ocr_par' dir='ltr' id='par_1_75' title="bbox 2289 3294 3897 3371">
     <span class='ocr_line' id='line_1_75' title="bbox 2289 3294 3897 3371; baseline 0.004 -22"><span class='ocrx_word' id='word_1_564' title='bbox 2289 3296 2500 3351; x_wconf 85' lang='lat' dir='ltr'><strong>Domini</strong></span> <span class='ocrx_word' id='word_1_565' title='bbox 2543 3297 2716 3350; x_wconf 87' lang='lat' dir='ltr'><strong>nostri</strong></span> <span class='ocrx_word' id='word_1_566' title='bbox 2741 3294 2866 3349; x_wconf 85' lang='lat' dir='ltr'><strong>Jcsu</strong></span> <span class='ocrx_word' id='word_1_567' title='bbox 2894 3294 3113 3363; x_wconf 82' lang='lat' dir='ltr'><strong>Christi,</strong></span> <span class='ocrx_word' id='word_1_568' title='bbox 3135 3306 3202 3352; x_wconf 70' lang='lat' dir='ltr'><strong>et</strong></span> <span class='ocrx_word' id='word_1_569' title='bbox 3232 3298 3299 3353; x_wconf 90' lang='lat' dir='ltr'><strong>de</strong></span> <span class='ocrx_word' id='word_1_570' title='bbox 3335 3300 3505 3365; x_wconf 81' lang='lat' dir='ltr'><strong>gratia</strong></span> <span class='ocrx_word' id='word_1_571' title='bbox 3547 3303 3694 3371; x_wconf 74' lang='lat' dir='ltr'><strong>(qum</strong></span> <span class='ocrx_word' id='word_1_572' title='bbox 3727 3304 3897 3369; x_wconf 77' lang='lat' dir='ltr'><strong>gratis</strong></span> 
     </span>
    </p>
   </div>
   <div class='ocr_carea' id='block_1_76' title="bbox 2290 3384 3891 3460">
    <p class='ocr_par' dir='ltr' id='par_1_76' title="bbox 2290 3384 3891 3460">
     <span class='ocr_line' id='line_1_76' title="bbox 2290 3384 3891 3460; baseline 0.004 -19"><span class='ocrx_word' id='word_1_573' title='bbox 2290 3390 2521 3459; x_wconf 86' lang='lat' dir='ltr'><strong>indignis</strong></span> <span class='ocrx_word' id='word_1_574' title='bbox 2550 3391 2622 3443; x_wconf 91' lang='lat' dir='ltr'><strong>ita</strong></span> <span class='ocrx_word' id='word_1_575' title='bbox 2656 3384 2931 3452; x_wconf 86' lang='lat' dir='ltr'><strong>tribuitur,</strong></span> <span class='ocrx_word' id='word_1_576' title='bbox 2965 3398 3023 3442; x_wconf 86' lang='lat' dir='ltr'><strong>ut</strong></span> <span class='ocrx_word' id='word_1_577' title='bbox 3049 3390 3166 3459; x_wconf 88' lang='lat' dir='ltr'><strong>ipsa</strong></span> <span class='ocrx_word' id='word_1_578' title='bbox 3194 3389 3248 3444; x_wconf 91' lang='lat' dir='ltr'><strong>in</strong></span> <span class='ocrx_word' id='word_1_579' title='bbox 3278 3391 3453 3458; x_wconf 86' lang='lat' dir='ltr'><strong>nobis,</strong></span> <span class='ocrx_word' id='word_1_580' title='bbox 3483 3400 3541 3447; x_wconf 91' lang='lat' dir='ltr'><strong>et</strong></span> <span class='ocrx_word' id='word_1_581' title='bbox 3579 3394 3891 3460; x_wconf 76' lang='lat' dir='ltr'><strong>exordium,</strong></span> 
     </span>
    </p>
   </div>
   <div class='ocr_carea' id='block_1_77' title="bbox 2289 3480 3891 3554">
    <p class='ocr_par' dir='ltr' id='par_1_77' title="bbox 2289 3480 3891 3554">
     <span class='ocr_line' id='line_1_77' title="bbox 2289 3480 3891 3554; baseline 0.002 -18"><span class='ocrx_word' id='word_1_582' title='bbox 2289 3490 2343 3536; x_wconf 84' lang='lat' dir='ltr'><strong>et</strong></span> <span class='ocrx_word' id='word_1_583' title='bbox 2364 3480 2662 3552; x_wconf 85' lang='lat' dir='ltr'><strong>profectum</strong></span> <span class='ocrx_word' id='word_1_584' title='bbox 2690 3480 2844 3534; x_wconf 67' lang='lat' dir='ltr'><strong>bona:</strong></span> <span class='ocrx_word' id='word_1_585' title='bbox 2865 3481 3158 3535; x_wconf 84' lang='lat' dir='ltr'><strong>voluntatis</strong></span> <span class='ocrx_word' id='word_1_586' title='bbox 3178 3481 3478 3554; x_wconf 84' lang='lat' dir='ltr'><strong>eperetur),</strong></span> <span class='ocrx_word' id='word_1_587' title='bbox 3500 3484 3891 3540; x_wconf 81' lang='lat' dir='ltr'><strong>canonicorum</strong></span> 
     </span>
    </p>
   </div>
   <div class='ocr_carea' id='block_1_78' title="bbox 2291 3569 3897 3646">
    <p class='ocr_par' dir='ltr' id='par_1_78' title="bbox 2291 3569 3897 3646">
     <span class='ocr_line' id='line_1_78' title="bbox 2291 3569 3897 3646; baseline 0.003 -20"><span class='ocrx_word' id='word_1_588' title='bbox 2291 3578 2474 3626; x_wconf 82' lang='lat' dir='ltr'><strong>sancta</strong></span> <span class='ocrx_word' id='word_1_589' title='bbox 2520 3569 2844 3624; x_wconf 85' lang='lat' dir='ltr'><strong>auctoritate</strong></span> <span class='ocrx_word' id='word_1_590' title='bbox 2879 3570 3240 3635; x_wconf 82' lang='lat' dir='ltr'><strong>voluminum,</strong></span> <span class='ocrx_word' id='word_1_591' title='bbox 3276 3581 3624 3640; x_wconf 77' lang='lat' dir='ltr'><strong>paternorum</strong></span> <span class='ocrx_word' id='word_1_592' title='bbox 3673 3590 3897 3646; x_wconf 86' lang='lat' dir='ltr'><strong>quoque</strong></span> 
     </span>
    </p>
   </div>
   <div class='ocr_carea' id='block_1_79' title="bbox 2295 3661 3899 3735">
    <p class='ocr_par' dir='ltr' id='par_1_79' title="bbox 2295 3661 3899 3735">
     <span class='ocr_line' id='line_1_79' title="bbox 2295 3661 3899 3735; baseline 0.002 -18"><span class='ocrx_word' id='word_1_593' title='bbox 2295 3663 2560 3717; x_wconf 88' lang='lat' dir='ltr'><strong>dictorum</strong></span> <span class='ocrx_word' id='word_1_594' title='bbox 2610 3661 2854 3715; x_wconf 89' lang='lat' dir='ltr'><strong>doctrina</strong></span> <span class='ocrx_word' id='word_1_595' title='bbox 2900 3672 3062 3733; x_wconf 88' lang='lat' dir='ltr'><strong>atque</strong></span> <span class='ocrx_word' id='word_1_596' title='bbox 3092 3661 3428 3716; x_wconf 90' lang='lat' dir='ltr'><strong>institutione</strong></span> <span class='ocrx_word' id='word_1_597' title='bbox 3477 3664 3800 3735; x_wconf 88' lang='lat' dir='ltr'><strong>percipimus</strong></span> <span class='ocrx_word' id='word_1_598' title='bbox 3840 3676 3899 3720; x_wconf 89' lang='lat' dir='ltr'><strong>et</strong></span> 
     </span>
    </p>
   </div>
   <div class='ocr_carea' id='block_1_80' title="bbox 2298 3751 3899 3824">
    <p class='ocr_par' dir='ltr' id='par_1_80' title="bbox 2298 3751 3899 3824">
     <span class='ocr_line' id='line_1_80' title="bbox 2298 3751 3899 3824; baseline 0.002 -18"><span class='ocrx_word' id='word_1_599' title='bbox 2298 3762 2563 3817; x_wconf 83' lang='lat' dir='ltr'><strong>tenemus,</strong></span> <span class='ocrx_word' id='word_1_600' title='bbox 2597 3759 2792 3807; x_wconf 79' lang='lat' dir='ltr'><strong>vestra:</strong></span> <span class='ocrx_word' id='word_1_601' title='bbox 2819 3752 3029 3806; x_wconf 90' lang='lat' dir='ltr'><strong>caritati</strong></span> <span class='ocrx_word' id='word_1_602' title='bbox 3053 3751 3317 3824; x_wconf 79' lang='lat' dir='ltr'><strong>rescripto</strong></span> <span class='ocrx_word' id='word_1_603' title='bbox 3344 3752 3519 3808; x_wconf 86' lang='lat' dir='ltr'><strong>indice</strong></span> <span class='ocrx_word' id='word_1_604' title='bbox 3552 3753 3899 3809; x_wconf 76' lang='lat' dir='ltr'><strong>demonstra-</strong></span> 
     </span>
    </p>
   </div>
   <div class='ocr_carea' id='block_1_81' title="bbox 2295 3831 3900 3910">
    <p class='ocr_par' dir='ltr' id='par_1_81' title="bbox 2295 3831 3900 3910">
     <span class='ocr_line' id='line_1_81' title="bbox 2295 3831 3900 3910; baseline 0.001 -13"><span class='ocrx_word' id='word_1_605' title='bbox 2295 3842 2493 3904; x_wconf 85' lang='lat' dir='ltr'><strong>bimus,</strong></span> <span class='ocrx_word' id='word_1_606' title='bbox 2526 3831 2862 3896; x_wconf 68' lang='lat' dir='ltr'><strong>conﬁdentes</strong></span> <span class='ocrx_word' id='word_1_607' title='bbox 2889 3840 2941 3894; x_wconf 91' lang='lat' dir='ltr'><strong>in</strong></span> <span class='ocrx_word' id='word_1_608' title='bbox 2973 3839 3221 3905; x_wconf 89' lang='lat' dir='ltr'><strong>Domino,</strong></span> <span class='ocrx_word' id='word_1_609' title='bbox 3250 3856 3280 3894; x_wconf 93' lang='lat' dir='ltr'><strong>a</strong></span> <span class='ocrx_word' id='word_1_610' title='bbox 3303 3854 3412 3910; x_wconf 92' lang='lat' dir='ltr'><strong>quo</strong></span> <span class='ocrx_word' id='word_1_611' title='bbox 3433 3850 3487 3896; x_wconf 92' lang='lat' dir='ltr'><strong>et</strong></span> <span class='ocrx_word' id='word_1_612' title='bbox 3509 3841 3639 3897; x_wconf 87' lang='lat' dir='ltr'><strong>lidcs</strong></span> <span class='ocrx_word' id='word_1_613' title='bbox 3664 3841 3900 3898; x_wconf 84' lang='lat' dir='ltr'><strong>infundi-</strong></span> 
     </span>
    </p>
   </div>
   <div class='ocr_carea' id='block_1_82' title="bbox 2300 3926 3903 3999">
    <p class='ocr_par' dir='ltr' id='par_1_82' title="bbox 2300 3926 3903 3999">
     <span class='ocr_line' id='line_1_82' title="bbox 2300 3926 3903 3999; baseline 0.004 -14"><span class='ocrx_word' id='word_1_614' title='bbox 2300 3940 2403 3996; x_wconf 88' lang='lat' dir='ltr'><strong>tur,</strong></span> <span class='ocrx_word' id='word_1_615' title='bbox 2438 3940 2496 3986; x_wconf 91' lang='lat' dir='ltr'><strong>ut</strong></span> <span class='ocrx_word' id='word_1_616' title='bbox 2524 3931 2687 3987; x_wconf 89' lang='lat' dir='ltr'><strong>corde</strong></span> <span class='ocrx_word' id='word_1_617' title='bbox 2717 3930 2997 3986; x_wconf 80' lang='lat' dir='ltr'><strong>credamus</strong></span> <span class='ocrx_word' id='word_1_618' title='bbox 3029 3926 3093 3985; x_wconf 82' lang='lat' dir='ltr'><strong>ad</strong></span> <span class='ocrx_word' id='word_1_619' title='bbox 3113 3930 3482 3999; x_wconf 87' lang='lat' dir='ltr'><strong>justitiam,-et</strong></span> <span class='ocrx_word' id='word_1_620' title='bbox 3522 3949 3701 3988; x_wconf 87' lang='lat' dir='ltr'><strong>sermo</strong></span> <span class='ocrx_word' id='word_1_621' title='bbox 3733 3934 3903 3992; x_wconf 84' lang='lat' dir='ltr'><strong>datur</strong></span> 
     </span>
    </p>
   </div>
   <div class='ocr_carea' id='block_1_83' title="bbox 2301 4018 3901 4097">
    <p class='ocr_par' dir='ltr' id='par_1_83' title="bbox 2301 4018 3901 4097">
     <span class='ocr_line' id='line_1_83' title="bbox 2301 4018 3901 4097; baseline 0.004 -20"><span class='ocrx_word' id='word_1_622' title='bbox 2301 4032 2360 4077; x_wconf 91' lang='lat' dir='ltr'><strong>ut</strong></span> <span class='ocrx_word' id='word_1_623' title='bbox 2381 4018 2477 4078; x_wconf 89' lang='lat' dir='ltr'><strong>ore</strong></span> <span class='ocrx_word' id='word_1_624' title='bbox 2523 4022 2878 4079; x_wconf 80' lang='lat' dir='ltr'><strong>conﬁteamur</strong></span> <span class='ocrx_word' id='word_1_625' title='bbox 2913 4023 2978 4077; x_wconf 91' lang='lat' dir='ltr'><strong>ad</strong></span> <span class='ocrx_word' id='word_1_626' title='bbox 3024 4022 3250 4078; x_wconf 87' lang='lat' dir='ltr'><strong>salutem</strong></span> <span class='ocrx_word' id='word_1_627' title='bbox 3281 4022 3556 4095; x_wconf 78' lang='lat' dir='ltr'><strong>(Rom.-x,</strong></span> <span class='ocrx_word' id='word_1_628' title='bbox 3606 4025 3717 4096; x_wconf 70' lang='lat'><strong>10).,</strong></span> <span class='ocrx_word' id='word_1_629' title='bbox 3748 4027 3901 4097; x_wconf 88' lang='lat' dir='ltr'><strong>quod</strong></span> 
     </span>
    </p>
   </div>
   <div class='ocr_carea' id='block_1_84' title="bbox 2298 4114 3904 4192">
    <p class='ocr_par' dir='ltr' id='par_1_84' title="bbox 2298 4114 3904 4192">
     <span class='ocr_line' id='line_1_84' title="bbox 2298 4114 3904 4192; baseline 0.002 -21"><span class='ocrx_word' id='word_1_630' title='bbox 2298 4125 2541 4171; x_wconf 90' lang='lat' dir='ltr'><strong>nostrum</strong></span> <span class='ocrx_word' id='word_1_631' title='bbox 2571 4116 2775 4186; x_wconf 88' lang='lat' dir='ltr'><strong>pariter</strong></span> <span class='ocrx_word' id='word_1_632' title='bbox 2804 4122 2859 4170; x_wconf 90' lang='lat' dir='ltr'><strong>et</strong></span> <span class='ocrx_word' id='word_1_633' title='bbox 2897 4131 3113 4170; x_wconf 84' lang='lat' dir='ltr'><strong>sensum</strong></span> <span class='ocrx_word' id='word_1_634' title='bbox 3137 4117 3454 4184; x_wconf 85' lang='lat' dir='ltr'><strong>gubernabit</strong></span> <span class='ocrx_word' id='word_1_635' title='bbox 3480 4127 3536 4173; x_wconf 94' lang='lat' dir='ltr'><strong>ct</strong></span> <span class='ocrx_word' id='word_1_636' title='bbox 3587 4114 3805 4192; x_wconf 77' lang='lat' dir='ltr'><strong>styltmt,</strong></span> <span class='ocrx_word' id='word_1_637' title='bbox 3839 4132 3904 4177; x_wconf 87' lang='lat' dir='ltr'><strong>ut</strong></span> 
     </span>
    </p>
   </div>
   <div class='ocr_carea' id='block_1_85' title="bbox 2302 4206 3901 4282">
    <p class='ocr_par' dir='ltr' id='par_1_85' title="bbox 2302 4206 3901 4282">
     <span class='ocr_line' id='line_1_85' title="bbox 2302 4206 3901 4282; baseline 0.002 -22"><span class='ocrx_word' id='word_1_638' title='bbox 2302 4216 2492 4262; x_wconf 71' lang='lat' dir='ltr'><strong>vestrm</strong></span> <span class='ocrx_word' id='word_1_639' title='bbox 2514 4206 2920 4275; x_wconf 86' lang='lat' dir='ltr'><strong>interrogationi</strong></span> <span class='ocrx_word' id='word_1_640' title='bbox 2948 4206 3067 4261; x_wconf 90' lang='lat' dir='ltr'><strong>talis</strong></span> <span class='ocrx_word' id='word_1_641' title='bbox 3095 4207 3355 4261; x_wconf 81' lang='lat' dir='ltr'><strong>reddatur</strong></span> <span class='ocrx_word' id='word_1_642' title='bbox 3374 4218 3558 4263; x_wconf 84' lang='lat' dir='ltr'><strong>nostra</strong></span> <span class='ocrx_word' id='word_1_643' title='bbox 3588 4212 3901 4282; x_wconf 87' lang='lat' dir='ltr'><strong>responsio,</strong></span> 
     </span>
    </p>
   </div>
   <div class='ocr_carea' id='block_1_86' title="bbox 2302 4297 3897 4379">
    <p class='ocr_par' dir='ltr' id='par_1_86' title="bbox 2302 4297 3897 4379">
     <span class='ocr_line' id='line_1_86' title="bbox 2302 4297 3897 4379; baseline 0.004 -28"><span class='ocrx_word' id='word_1_644' title='bbox 2302 4299 2356 4352; x_wconf 92' lang='lat' dir='ltr'><strong>in</strong></span> <span class='ocrx_word' id='word_1_645' title='bbox 2379 4312 2483 4368; x_wconf 90' lang='lat' dir='ltr'><strong>qua</strong></span> <span class='ocrx_word' id='word_1_646' title='bbox 2512 4305 2568 4351; x_wconf 90' lang='lat' dir='ltr'><strong>et</strong></span> <span class='ocrx_word' id='word_1_647' title='bbox 2605 4297 2675 4351; x_wconf 91' lang='lat' dir='ltr'><strong>dc</strong></span> <span class='ocrx_word' id='word_1_648' title='bbox 2712 4298 3083 4353; x_wconf 86' lang='lat' dir='ltr'><strong>incarnatione</strong></span> <span class='ocrx_word' id='word_1_649' title='bbox 3129 4299 3345 4379; x_wconf 73' lang='lat' dir='ltr'><strong>Domini</strong></span> <span class='ocrx_word' id='word_1_650' title='bbox 3389 4315 3451 4355; x_wconf 87' lang='lat' dir='ltr'><strong>ea</strong></span> <span class='ocrx_word' id='word_1_651' title='bbox 3494 4301 3736 4357; x_wconf 85' lang='lat' dir='ltr'><strong>dicamus</strong></span> <span class='ocrx_word' id='word_1_652' title='bbox 3772 4320 3897 4374; x_wconf 78' lang='lat' dir='ltr'><strong>qum</strong></span> 
     </span>
    </p>
   </div>
   <div class='ocr_carea' id='block_1_87' title="bbox 2302 4388 3898 4465">
    <p class='ocr_par' dir='ltr' id='par_1_87' title="bbox 2302 4388 3898 4465">
     <span class='ocr_line' id='line_1_87' title="bbox 2302 4388 3898 4465; baseline 0.004 -21"><span class='ocrx_word' id='word_1_653' title='bbox 2302 4401 2500 4444; x_wconf 71' lang='lat' dir='ltr'><strong>nostrtc</strong></span> <span class='ocrx_word' id='word_1_654' title='bbox 2528 4388 2914 4461; x_wconf 85' lang='lat' dir='ltr'><strong>redemptionis</strong></span> <span class='ocrx_word' id='word_1_655' title='bbox 2960 4392 3204 4446; x_wconf 87' lang='lat' dir='ltr'><strong>continet</strong></span> <span class='ocrx_word' id='word_1_656' title='bbox 3233 4393 3463 4461; x_wconf 83' lang='lat' dir='ltr'><strong>veritas;</strong></span> <span class='ocrx_word' id='word_1_657' title='bbox 3503 4408 3557 4449; x_wconf 88' lang='lat' dir='ltr'><strong>et</strong></span> <span class='ocrx_word' id='word_1_658' title='bbox 3606 4398 3676 4451; x_wconf 91' lang='lat' dir='ltr'><strong>de</strong></span> <span class='ocrx_word' id='word_1_659' title='bbox 3721 4398 3898 4465; x_wconf 86' lang='lat' dir='ltr'><strong>gratia</strong></span> 
     </span>
    </p>
   </div>
   <div class='ocr_carea' id='block_1_88' title="bbox 2304 4478 3892 4556">
    <p class='ocr_par' dir='ltr' id='par_1_88' title="bbox 2304 4478 3892 4556">
     <span class='ocr_line' id='line_1_88' title="bbox 2304 4478 3892 4556; baseline 0.004 -23"><span class='ocrx_word' id='word_1_660' title='bbox 2304 4478 2399 4534; x_wconf 88' lang='lat' dir='ltr'><strong>Dei</strong></span> <span class='ocrx_word' id='word_1_661' title='bbox 2429 4494 2491 4533; x_wconf 90' lang='lat' dir='ltr'><strong>ea</strong></span> <span class='ocrx_word' id='word_1_662' title='bbox 2518 4479 2802 4547; x_wconf 88' lang='lat' dir='ltr'><strong>loquamur</strong></span> <span class='ocrx_word' id='word_1_663' title='bbox 2831 4496 2950 4550; x_wconf 72' lang='lat' dir='ltr'><strong>quzc</strong></span> <span class='ocrx_word' id='word_1_664' title='bbox 2972 4482 3129 4535; x_wconf 84' lang='lat' dir='ltr'><strong>nobis</strong></span> <span class='ocrx_word' id='word_1_665' title='bbox 3166 4484 3276 4553; x_wconf 88' lang='lat' dir='ltr'><strong>ipsa</strong></span> <span class='ocrx_word' id='word_1_666' title='bbox 3305 4485 3472 4553; x_wconf 89' lang='lat' dir='ltr'><strong>gratis</strong></span> <span class='ocrx_word' id='word_1_667' title='bbox 3500 4486 3751 4541; x_wconf 76' lang='lat' dir='ltr'><strong>infuderit</strong></span> <span class='ocrx_word' id='word_1_668' title='bbox 3795 4485 3892 4556; x_wconf 76' lang='lat' dir='ltr'><strong>(at.</strong></span> 
     </span>
    </p>
   </div>
   <div class='ocr_carea' id='block_1_89' title="bbox 605 4567 3442 4666">
    <p class='ocr_par' dir='ltr' id='par_1_89' title="bbox 605 4567 3442 4666">
     <span class='ocr_line' id='line_1_89' title="bbox 605 4567 3442 4666; baseline -0.006 -9"><span class='ocrx_word' id='word_1_669' title='bbox 605 4604 688 4656; x_wconf 75' lang='lat' dir='ltr'><strong>Ad</strong></span> <span class='ocrx_word' id='word_1_670' title='bbox 720 4599 931 4656; x_wconf 79' lang='lat' dir='ltr'><strong>Petrum</strong></span> <span class='ocrx_word' id='word_1_671' title='bbox 953 4598 1226 4653; x_wconf 77' lang='lat' dir='ltr'><strong>diaconum</strong></span> <span class='ocrx_word' id='word_1_672' title='bbox 1253 4606 1301 4649; x_wconf 82' lang='lat' dir='ltr'><strong>et</strong></span> <span class='ocrx_word' id='word_1_673' title='bbox 1331 4596 1460 4649; x_wconf 84' lang='lat' dir='ltr'><strong>alios</strong></span> <span class='ocrx_word' id='word_1_674' title='bbox 1482 4595 1569 4666; x_wconf 69' lang='lat' dir='ltr'><strong>qui</strong></span> <span class='ocrx_word' id='word_1_675' title='bbox 1597 4611 1656 4648; x_wconf 64' lang='grc' dir='ltr'><strong>ει</strong></span> <span class='ocrx_word' id='word_1_676' title='bbox 1691 4593 1901 4647; x_wconf 77' lang='lat' dir='ltr'><strong>Oriente</strong></span> <span class='ocrx_word' id='word_1_677' title='bbox 1934 4595 1985 4646; x_wconf 90' lang='lat' dir='ltr'><strong>in</strong></span> <span class='ocrx_word' id='word_1_678' title='bbox 2026 4609 2191 4666; x_wconf 85' lang='lat' dir='ltr'><strong>_caus_a</strong></span> <span class='ocrx_word' id='word_1_679' title='bbox 2227 4579 2273 4636; x_wconf 73' lang='lat' dir='ltr'><strong>D</strong></span> <span class='ocrx_word' id='word_1_680' title='bbox 2299 4570 2527 4666; x_wconf 55' lang='grc' dir='ltr'><strong>ίηίιξηάίί</strong></span> <span class='ocrx_word' id='word_1_681' title='bbox 2554 4571 2626 4624; x_wconf 60' lang='grc' dir='ltr'><strong>υθέ</strong></span> <span class='ocrx_word' id='word_1_682' title='bbox 2652 4567 2865 4666; x_wconf 50' lang='grc' dir='ltr'><strong>ξηίυάίί)</strong></span> <span class='ocrx_word' id='word_1_683' title='bbox 2897 4588 3127 4643; x_wconf 62' lang='lat' dir='ltr'><strong>suPerna</strong></span> <span class='ocrx_word' id='word_1_684' title='bbox 3170 4574 3442 4643; x_wconf 55' lang='lat' dir='ltr'><strong>&quot;M05135.</strong></span> 
     </span>
    </p>
   </div>
   <div class='ocr_carea' id='block_1_90' title="bbox 673 4662 2197 4743">
    <p class='ocr_par' dir='ltr' id='par_1_90' title="bbox 673 4662 2197 4743">
     <span class='ocr_line' id='line_1_90' title="bbox 673 4662 2197 4743; baseline -0.008 -17"><span class='ocrx_word' id='word_1_685' title='bbox 673 4672 801 4743; x_wconf 75' lang='lat' dir='ltr'><strong>ﬁdei</strong></span> <span class='ocrx_word' id='word_1_686' title='bbox 834 4669 1052 4743; x_wconf 73' lang='lat' dir='ltr'><strong>Romam</strong></span> <span class='ocrx_word' id='word_1_687' title='bbox 1071 4670 1222 4743; x_wconf 85' lang='lat' dir='ltr'><strong>_m_issi</strong></span> <span class='ocrx_word' id='word_1_688' title='bbox 1252 4675 1390 4743; x_wconf 61' lang='lat' dir='ltr'><strong>sunt,</strong></span> <span class='ocrx_word' id='word_1_689' title='bbox 1437 4662 1506 4743; x_wconf 62' lang='lat' dir='ltr'><strong>ue</strong></span> <span class='ocrx_word' id='word_1_690' title='bbox 1536 4664 1906 4718; x_wconf 78' lang='lat' dir='ltr'><strong>Incarnutione</strong></span> <span class='ocrx_word' id='word_1_691' title='bbox 1934 4672 1983 4716; x_wconf 77' lang='lat' dir='ltr'><strong>et</strong></span> <span class='ocrx_word' id='word_1_692' title='bbox 2013 4662 2197 4716; x_wconf 81' lang='lat' dir='ltr'><strong>Gratia</strong></span> 
     </span>
    </p>
   </div>
   <div class='ocr_carea' id='block_1_91' title="bbox 618 4737 1467 4797">
    <p class='ocr_par' dir='ltr' id='par_1_91' title="bbox 618 4737 1467 4797">
     <span class='ocr_line' id='line_1_91' title="bbox 618 4737 1467 4797; baseline -0.012 1"><span class='ocrx_word' id='word_1_693' title='bbox 618 4766 625 4773; x_wconf 62' lang='grc' dir='ltr'><em>ί</em></span> <span class='ocrx_word' id='word_1_694' title='bbox 675 4737 891 4797; x_wconf 77' lang='lat' dir='ltr'><strong>Domini</strong></span> <span class='ocrx_word' id='word_1_695' title='bbox 919 4740 1081 4795; x_wconf 80' lang='lat' dir='ltr'><strong>nostri</strong></span> <span class='ocrx_word' id='word_1_696' title='bbox 1102 4737 1227 4793; x_wconf 78' lang='lat' dir='ltr'><strong>Iesu</strong></span> <span class='ocrx_word' id='word_1_697' title='bbox 1260 4738 1467 4791; x_wconf 81' lang='lat' dir='ltr'><strong>Christi.</strong></span> 
     </span>
    </p>
   </div>
   <div class='ocr_carea' id='block_1_92' title="bbox 677 4841 2193 4914">
    <p class='ocr_par' dir='ltr' id='par_1_92' title="bbox 677 4841 2193 4914">
     <span class='ocr_line' id='line_1_92' title="bbox 677 4841 2193 4914; baseline -0.011 -5"><span class='ocrx_word' id='word_1_698' title='bbox 677 4851 1043 4909; x_wconf 89' lang='lat' dir='ltr'><strong>Dilectissimis</strong></span> <span class='ocrx_word' id='word_1_699' title='bbox 1085 4849 1223 4905; x_wconf 91' lang='lat' dir='ltr'><strong>etin</strong></span> <span class='ocrx_word' id='word_1_700' title='bbox 1264 4846 1460 4903; x_wconf 90' lang='lat' dir='ltr'><strong>Christi</strong></span> <span class='ocrx_word' id='word_1_701' title='bbox 1504 4844 1605 4901; x_wconf 77' lang='lat' dir='ltr'><strong>fide</strong></span> <span class='ocrx_word' id='word_1_702' title='bbox 1631 4853 1792 4914; x_wconf 85' lang='lat' dir='ltr'><strong>atque</strong></span> <span class='ocrx_word' id='word_1_703' title='bbox 1812 4844 1982 4914; x_wconf 88' lang='lat' dir='ltr'><strong>gratia</strong></span> <span class='ocrx_word' id='word_1_704' title='bbox 2024 4841 2193 4914; x_wconf 87' lang='lat' dir='ltr'><strong>pluri-</strong></span> 
     </span>
    </p>
   </div>
   <div class='ocr_carea' id='block_1_93' title="bbox 604 4933 2192 5015">
    <p class='ocr_par' dir='ltr' id='par_1_93' title="bbox 604 4933 2192 5015">
     <span class='ocr_line' id='line_1_93' title="bbox 604 4933 2192 5015; baseline -0.01 -15"><span class='ocrx_word' id='word_1_705' title='bbox 604 4959 753 5001; x_wconf 84' lang='lat' dir='ltr'><strong>mum</strong></span> <span class='ocrx_word' id='word_1_706' title='bbox 779 4940 1163 5015; x_wconf 86' lang='lat' dir='ltr'><strong>amplectendis</strong></span> <span class='ocrx_word' id='word_1_707' title='bbox 1186 4940 1398 4995; x_wconf 80' lang='lat' dir='ltr'><strong>sanctis</strong></span> <span class='ocrx_word' id='word_1_708' title='bbox 1429 4937 1702 4999; x_wconf 80' lang='lat' dir='ltr'><strong>fratribus,</strong></span> <span class='ocrx_word' id='word_1_709' title='bbox 1730 4934 1914 4991; x_wconf 72' lang='lat' dir='ltr'><strong>Pareo</strong></span> <span class='ocrx_word' id='word_1_710' title='bbox 1943 4933 2192 4993; x_wconf 76' lang='lat' dir='ltr'><strong>diacono,</strong></span> 
     </span>
    </p>
   </div>
   <div class='ocr_carea' id='block_1_94' title="bbox 600 5023 2196 5102">
    <p class='ocr_par' dir='ltr' id='par_1_94' title="bbox 600 5023 2196 5102">
     <span class='ocr_line' id='line_1_94' title="bbox 600 5023 2196 5102; baseline -0.009 -10"><span class='ocrx_word' id='word_1_711' title='bbox 600 5036 811 5102; x_wconf 68' lang='lat' dir='ltr'><strong>Josxm,</strong></span> <span class='ocrx_word' id='word_1_712' title='bbox 841 5033 1095 5101; x_wconf 72' lang='lat' dir='ltr'><strong>LEONTIO,</strong></span> <span class='ocrx_word' id='word_1_713' title='bbox 1136 5041 1191 5088; x_wconf 92' lang='lat' dir='ltr'><strong>et</strong></span> <span class='ocrx_word' id='word_1_714' title='bbox 1218 5033 1306 5101; x_wconf 82' lang='lat' dir='ltr'><strong>alii</strong></span> <span class='ocrx_word' id='word_1_715' title='bbox 1349 5032 1555 5093; x_wconf 62' lang='lat' dir='ltr'><strong>tonsi,</strong></span> <span class='ocrx_word' id='word_1_716' title='bbox 1600 5029 1913 5096; x_wconf 82' lang='lat' dir='ltr'><strong>caclerisque</strong></span> <span class='ocrx_word' id='word_1_717' title='bbox 1944 5023 2196 5080; x_wconf 77' lang='lat' dir='ltr'><strong>fratribus</strong></span> 
     </span>
    </p>
   </div>
   <div class='ocr_carea' id='block_1_95' title="bbox 600 5118 2194 5200">
    <p class='ocr_par' dir='ltr' id='par_1_95' title="bbox 600 5118 2194 5200">
     <span class='ocr_line' id='line_1_95' title="bbox 600 5118 2194 5200; baseline -0.011 -14"><span class='ocrx_word' id='word_1_718' title='bbox 600 5144 742 5200; x_wconf 87' lang='lat' dir='ltr'><strong>quos</strong></span> <span class='ocrx_word' id='word_1_719' title='bbox 771 5145 876 5185; x_wconf 92' lang='lat' dir='ltr'><strong>una</strong></span> <span class='ocrx_word' id='word_1_720' title='bbox 918 5128 1193 5183; x_wconf 83' lang='lat' dir='ltr'><strong>vobiscum</strong></span> <span class='ocrx_word' id='word_1_721' title='bbox 1232 5126 1285 5181; x_wconf 89' lang='lat' dir='ltr'><strong>in</strong></span> <span class='ocrx_word' id='word_1_722' title='bbox 1306 5140 1470 5181; x_wconf 88' lang='lat' dir='ltr'><strong>causa</strong></span> <span class='ocrx_word' id='word_1_723' title='bbox 1510 5122 1632 5177; x_wconf 83' lang='lat' dir='ltr'><strong>ﬁdei</strong></span> <span class='ocrx_word' id='word_1_724' title='bbox 1681 5119 1910 5176; x_wconf 80' lang='lat' dir='ltr'><strong>Romam</strong></span> <span class='ocrx_word' id='word_1_725' title='bbox 1957 5118 2194 5173; x_wconf 88' lang='lat' dir='ltr'><strong>directos</strong></span> 
     </span>
    </p>
   </div>
   <div class='ocr_carea' id='block_1_96' title="bbox 604 5211 2192 5286">
    <p class='ocr_par' dir='ltr' id='par_1_96' title="bbox 604 5211 2192 5286">
     <span class='ocr_line' id='line_1_96' title="bbox 604 5211 2192 5286; baseline -0.007 -11"><span class='ocrx_word' id='word_1_726' title='bbox 604 5222 799 5278; x_wconf 87' lang='lat' dir='ltr'><strong>litteris</strong></span> <span class='ocrx_word' id='word_1_727' title='bbox 828 5221 1133 5286; x_wconf 82' lang='lat' dir='ltr'><strong>inlimastis,</strong></span> <span class='ocrx_word' id='word_1_728' title='bbox 1170 5217 1463 5280; x_wconf 73' lang='lat' dir='ltr'><strong>Dnuaus,</strong></span> <span class='ocrx_word' id='word_1_729' title='bbox 1507 5214 1887 5278; x_wconf 70' lang='lat' dir='ltr'><strong>Fonruunus,</strong></span> <span class='ocrx_word' id='word_1_730' title='bbox 1922 5211 2192 5277; x_wconf 78' lang='lat' dir='ltr'><strong>Bosruus,</strong></span> 
     </span>
    </p>
   </div>
   <div class='ocr_carea' id='block_1_97' title="bbox 604 5290 2193 5377">
    <p class='ocr_par' dir='ltr' id='par_1_97' title="bbox 604 5290 2193 5377">
     <span class='ocr_line' id='line_1_97' title="bbox 604 5290 2193 5377; baseline -0.008 -10"><span class='ocrx_word' id='word_1_731' title='bbox 604 5311 828 5377; x_wconf 80' lang='lat' dir='ltr'><strong>Vtcroa,</strong></span> <span class='ocrx_word' id='word_1_732' title='bbox 847 5311 1260 5373; x_wconf 72' lang='lat' dir='ltr'><strong>SCHOLASTICUS,</strong></span> <span class='ocrx_word' id='word_1_733' title='bbox 1275 5307 1568 5369; x_wconf 70' lang='lat' dir='ltr'><strong>ORONTIUS,</strong></span> <span class='ocrx_word' id='word_1_734' title='bbox 1588 5303 1948 5367; x_wconf 61' lang='lat' dir='ltr'><strong>VIN&#39;DICMNUS,</strong></span> <span class='ocrx_word' id='word_1_735' title='bbox 1965 5290 2193 5362; x_wconf 79' lang='lat' dir='ltr'><strong>Vteron,</strong></span> 
     </span>
    </p>
   </div>
   <div class='ocr_carea' id='block_1_98' title="bbox 601 5392 2195 5468">
    <p class='ocr_par' dir='ltr' id='par_1_98' title="bbox 601 5392 2195 5468">
     <span class='ocr_line' id='line_1_98' title="bbox 601 5392 2195 5468; baseline -0.007 -12"><span class='ocrx_word' id='word_1_736' title='bbox 601 5399 909 5468; x_wconf 66' lang='lat' dir='ltr'><strong>hausurus,</strong></span> <span class='ocrx_word' id='word_1_737' title='bbox 966 5401 1356 5459; x_wconf 68' lang='lat' dir='ltr'><strong>VICTORIANUS,</strong></span> <span class='ocrx_word' id='word_1_738' title='bbox 1406 5396 1700 5461; x_wconf 73' lang='lat' dir='ltr'><strong>Puortsus,</strong></span> <span class='ocrx_word' id='word_1_739' title='bbox 1745 5392 2195 5461; x_wconf 73' lang='lat' dir='ltr'><strong>Quonvuc&#39;rnsus‘,</strong></span> 
     </span>
    </p>
   </div>
   <div class='ocr_carea' id='block_1_99' title="bbox 606 5485 2191 5561">
    <p class='ocr_par' dir='ltr' id='par_1_99' title="bbox 606 5485 2191 5561">
     <span class='ocr_line' id='line_1_99' title="bbox 606 5485 2191 5561; baseline -0.008 -13"><span class='ocrx_word' id='word_1_740' title='bbox 606 5491 960 5559; x_wconf 67' lang='lat' dir='ltr'><strong>Fuscus-rtus,</strong></span> <span class='ocrx_word' id='word_1_741' title='bbox 989 5493 1157 5548; x_wconf 75' lang='lat' dir='ltr'><strong>Fsux</strong></span> <span class='ocrx_word' id='word_1_742' title='bbox 1198 5499 1253 5545; x_wconf 86' lang='lat' dir='ltr'><strong>et</strong></span> <span class='ocrx_word' id='word_1_743' title='bbox 1277 5488 1566 5561; x_wconf 64' lang='lat' dir='ltr'><strong>Inritatus</strong></span> <span class='ocrx_word' id='word_1_744' title='bbox 1602 5486 1655 5540; x_wconf 89' lang='lat' dir='ltr'><strong>in</strong></span> <span class='ocrx_word' id='word_1_745' title='bbox 1682 5486 1914 5541; x_wconf 86' lang='lat' dir='ltr'><strong>Domino</strong></span> <span class='ocrx_word' id='word_1_746' title='bbox 1943 5485 2191 5539; x_wconf 87' lang='lat' dir='ltr'><strong>salutem.</strong></span> 
     </span>
    </p>
   </div>
   <div class='ocr_carea' id='block_1_100' title="bbox 673 5687 1876 5762">
    <p class='ocr_par' dir='ltr' id='par_1_100' title="bbox 673 5687 1876 5762">
     <span class='ocr_line' id='line_1_100' title="bbox 673 5687 1876 5762; baseline -0.008 -13"><span class='ocrx_word' id='word_1_747' title='bbox 673 5698 696 5726; x_wconf 89' lang='lat'><em>“</em></span> <span class='ocrx_word' id='word_1_748' title='bbox 733 5692 876 5762; x_wconf 79' lang='lat' dir='ltr'><strong>Libri</strong></span> <span class='ocrx_word' id='word_1_749' title='bbox 906 5692 1086 5762; x_wconf 84' lang='lat' dir='ltr'><strong>Fausti</strong></span> <span class='ocrx_word' id='word_1_750' title='bbox 1114 5700 1305 5762; x_wconf 81' lang='lat' dir='ltr'><strong>contra</strong></span> <span class='ocrx_word' id='word_1_751' title='bbox 1328 5687 1876 5762; x_wconf 61' lang='lat' dir='ltr'><strong>predestiqationem.</strong></span> 
     </span>
    </p>
   </div>
   <div class='ocr_carea' id='block_1_101' title="bbox 676 5760 1871 5827">
    <p class='ocr_par' dir='ltr' id='par_1_101' title="bbox 676 5760 1871 5827">
     <span class='ocr_line' id='line_1_101' title="bbox 676 5760 1871 5827; baseline -0.006 -9"><span class='ocrx_word' id='word_1_752' title='bbox 676 5764 700 5827; x_wconf 54' lang='grc' dir='ltr'><strong>ἓν</strong></span> <span class='ocrx_word' id='word_1_753' title='bbox 731 5761 821 5818; x_wconf 84' lang='lat' dir='ltr'><strong>Sic</strong></span> <span class='ocrx_word' id='word_1_754' title='bbox 844 5778 970 5827; x_wconf 88' lang='lat' dir='ltr'><strong>ms.,</strong></span> <span class='ocrx_word' id='word_1_755' title='bbox 1002 5760 1128 5815; x_wconf 90' lang='lat' dir='ltr'><strong>editi</strong></span> <span class='ocrx_word' id='word_1_756' title='bbox 1159 5760 1361 5825; x_wconf 82' lang='lat' dir='ltr'><strong>autem,</strong></span> <span class='ocrx_word' id='word_1_757' title='bbox 1390 5760 1871 5815; x_wconf 78' lang='lat' dir='ltr'><strong>contradictimiem.</strong></span> 
     </span>
    </p>
   </div>
   <div class='ocr_carea' id='block_1_102' title="bbox 677 5824 2200 5894">
    <p class='ocr_par' dir='ltr' id='par_1_102' title="bbox 677 5824 2200 5894">
     <span class='ocr_line' id='line_1_102' title="bbox 677 5824 2200 5894; baseline -0.003 -5"><span class='ocrx_word' id='word_1_758' title='bbox 677 5824 703 5872; x_wconf 55' lang='grc' dir='ltr'><em>δ</em></span> <span class='ocrx_word' id='word_1_759' title='bbox 735 5831 825 5889; x_wconf 83' lang='lat' dir='ltr'><strong>Sic</strong></span> <span class='ocrx_word' id='word_1_760' title='bbox 871 5824 1038 5894; x_wconf 78' lang='lat' dir='ltr'><strong>Basil;</strong></span> <span class='ocrx_word' id='word_1_761' title='bbox 1069 5832 1120 5884; x_wconf 91' lang='lat' dir='ltr'><strong>in</strong></span> <span class='ocrx_word' id='word_1_762' title='bbox 1168 5846 1247 5883; x_wconf 79' lang='lat' dir='ltr'><strong>tns</strong></span> <span class='ocrx_word' id='word_1_763' title='bbox 1328 5824 1505 5884; x_wconf 87' lang='lat' dir='ltr'><strong>autem</strong></span> <span class='ocrx_word' id='word_1_764' title='bbox 1557 5831 1785 5887; x_wconf 82' lang='lat' dir='ltr'><strong>habetur</strong></span> <span class='ocrx_word' id='word_1_765' title='bbox 1828 5828 1989 5883; x_wconf 84' lang='lat' dir='ltr'><strong>tt&#39;astri</strong></span> <span class='ocrx_word' id='word_1_766' title='bbox 2031 5831 2200 5885; x_wconf 68' lang='lat' dir='ltr'><strong>exsilii</strong></span> 
     </span>
    </p>
   </div>
   <div class='ocr_carea' id='block_1_103' title="bbox 2374 4660 3898 4738">
    <p class='ocr_par' dir='ltr' id='par_1_103' title="bbox 2374 4660 3898 4738">
     <span class='ocr_line' id='line_1_103' title="bbox 2374 4660 3898 4738; baseline 0.005 -20"><span class='ocrx_word' id='word_1_767' title='bbox 2374 4662 2501 4718; x_wconf 67' lang='lat' dir='ltr'><strong>Car.</strong></span> <span class='ocrx_word' id='word_1_768' title='bbox 2543 4678 2601 4717; x_wconf 83' lang='grc' dir='ltr'><strong>η.</strong></span> <span class='ocrx_word' id='word_1_769' title='bbox 2642 4660 2774 4717; x_wconf 68' lang='lat' dir='ltr'><strong>Duae</strong></span> <span class='ocrx_word' id='word_1_770' title='bbox 2802 4675 3003 4720; x_wconf 79' lang='lat' dir='ltr'><strong>natura:</strong></span> <span class='ocrx_word' id='word_1_771' title='bbox 3049 4668 3103 4720; x_wconf 86' lang='lat' dir='ltr'><strong>in</strong></span> <span class='ocrx_word' id='word_1_772' title='bbox 3155 4666 3379 4733; x_wconf 74' lang='lat' dir='ltr'><strong>Christo,</strong></span> <span class='ocrx_word' id='word_1_773' title='bbox 3411 4680 3462 4724; x_wconf 81' lang='lat' dir='ltr'><strong>el</strong></span> <span class='ocrx_word' id='word_1_774' title='bbox 3508 4687 3612 4724; x_wconf 88' lang='lat' dir='ltr'><strong>una</strong></span> <span class='ocrx_word' id='word_1_775' title='bbox 3642 4688 3898 4738; x_wconf 78' lang='lat' dir='ltr'><strong>persona.</strong></span> 
     </span>
    </p>
   </div>
   <div class='ocr_carea' id='block_1_104' title="bbox 2310 4753 3900 4832">
    <p class='ocr_par' dir='ltr' id='par_1_104' title="bbox 2310 4753 3900 4832">
     <span class='ocr_line' id='line_1_104' title="bbox 2310 4753 3900 4832; baseline 0.009 -29"><span class='ocrx_word' id='word_1_776' title='bbox 2310 4753 2533 4807; x_wconf 80' lang='lat' dir='ltr'><strong>Verbum</strong></span> <span class='ocrx_word' id='word_1_777' title='bbox 2588 4771 2795 4809; x_wconf 86' lang='lat' dir='ltr'><strong>carnem</strong></span> <span class='ocrx_word' id='word_1_778' title='bbox 2821 4767 3121 4829; x_wconf 81' lang='lat' dir='ltr'><strong>conceptam</strong></span> <span class='ocrx_word' id='word_1_779' title='bbox 3150 4776 3254 4813; x_wconf 85' lang='lat' dir='ltr'><strong>non</strong></span> <span class='ocrx_word' id='word_1_780' title='bbox 3284 4764 3500 4832; x_wconf 75' lang='lat' dir='ltr'><strong>accepit.</strong></span> <span class='ocrx_word' id='word_1_781' title='bbox 3534 4791 3604 4800; x_wconf 93' lang='lat'><strong>—</strong></span> <span class='ocrx_word' id='word_1_782' title='bbox 3629 4762 3683 4816; x_wconf 77' lang='lat'><strong>9..</strong></span> <span class='ocrx_word' id='word_1_783' title='bbox 3710 4763 3900 4818; x_wconf 82' lang='lat' dir='ltr'><strong>Dicitis</strong></span> 
     </span>
    </p>
   </div>
   <div class='ocr_carea' id='block_1_105' title="bbox 2302 4847 3898 4928">
    <p class='ocr_par' dir='ltr' id='par_1_105' title="bbox 2302 4847 3898 4928">
     <span class='ocr_line' id='line_1_105' title="bbox 2302 4847 3898 4928; baseline 0.008 -26"><span class='ocrx_word' id='word_1_784' title='bbox 2302 4847 2484 4918; x_wconf 83' lang='lat' dir='ltr'><strong>itaque</strong></span> <span class='ocrx_word' id='word_1_785' title='bbox 2505 4864 2622 4912; x_wconf 83' lang='lat' dir='ltr'><strong>vos,</strong></span> <span class='ocrx_word' id='word_1_786' title='bbox 2645 4849 2796 4918; x_wconf 80' lang='lat' dir='ltr'><strong>juxta</strong></span> <span class='ocrx_word' id='word_1_787' title='bbox 2814 4863 3122 4908; x_wconf 88' lang='lat' dir='ltr'><strong>sanctorum</strong></span> <span class='ocrx_word' id='word_1_788' title='bbox 3152 4852 3764 4928; x_wconf 83' lang='lat' dir='ltr'><strong>Patrum_lraditionem,</strong></span> <span class='ocrx_word' id='word_1_789' title='bbox 3794 4859 3898 4914; x_wconf 82' lang='lat' dir='ltr'><strong>Do-</strong></span> 
     </span>
    </p>
   </div>
   <div class='ocr_carea' id='block_1_106' title="bbox 2301 4934 3896 5005">
    <p class='ocr_par' dir='ltr' id='par_1_106' title="bbox 2301 4934 3896 5005">
     <span class='ocr_line' id='line_1_106' title="bbox 2301 4934 3896 5005; baseline 0.008 -12"><span class='ocrx_word' id='word_1_790' title='bbox 2301 4940 2506 4995; x_wconf 88' lang='lat' dir='ltr'><strong>minum</strong></span> <span class='ocrx_word' id='word_1_791' title='bbox 2563 4950 2806 4996; x_wconf 88' lang='lat' dir='ltr'><strong>nostrum</strong></span> <span class='ocrx_word' id='word_1_792' title='bbox 2857 4934 3037 4998; x_wconf 71' lang='lat' dir='ltr'><strong>Jesuin</strong></span> <span class='ocrx_word' id='word_1_793' title='bbox 3068 4945 3340 5001; x_wconf 80' lang='lat' dir='ltr'><strong>Christum</strong></span> <span class='ocrx_word' id='word_1_794' title='bbox 3370 4948 3421 5001; x_wconf 90' lang='lat' dir='ltr'><strong>in</strong></span> <span class='ocrx_word' id='word_1_795' title='bbox 3450 4947 3658 5004; x_wconf 88' lang='lat' dir='ltr'><strong>duabus</strong></span> <span class='ocrx_word' id='word_1_796' title='bbox 3687 4951 3896 5005; x_wconf 75' lang='lat' dir='ltr'><strong>naturis</strong></span> 
     </span>
    </p>
   </div>
   <div class='ocr_carea' id='block_1_107' title="bbox 2303 5031 3899 5106">
    <p class='ocr_par' dir='ltr' id='par_1_107' title="bbox 2303 5031 3899 5106">
     <span class='ocr_line' id='line_1_107' title="bbox 2303 5031 3899 5106; baseline 0.008 -21"><span class='ocrx_word' id='word_1_797' title='bbox 2303 5031 2465 5086; x_wconf 83' lang='lat' dir='ltr'><strong>tinilis</strong></span> <span class='ocrx_word' id='word_1_798' title='bbox 2493 5040 2549 5085; x_wconf 90' lang='lat' dir='ltr'><strong>et</strong></span> <span class='ocrx_word' id='word_1_799' title='bbox 2580 5031 2892 5102; x_wconf 77' lang='lat' dir='ltr'><strong>inconfusis,</strong></span> <span class='ocrx_word' id='word_1_800' title='bbox 2923 5034 2973 5090; x_wconf 89' lang='lat' dir='ltr'><strong>id</strong></span> <span class='ocrx_word' id='word_1_801' title='bbox 3005 5045 3088 5091; x_wconf 88' lang='lat' dir='ltr'><strong>est</strong></span> <span class='ocrx_word' id='word_1_802' title='bbox 3116 5036 3410 5094; x_wconf 87' lang='lat' dir='ltr'><strong>divinitatis</strong></span> <span class='ocrx_word' id='word_1_803' title='bbox 3432 5049 3488 5095; x_wconf 93' lang='lat' dir='ltr'><strong>ct</strong></span> <span class='ocrx_word' id='word_1_804' title='bbox 3528 5041 3899 5106; x_wconf 71' lang='lat' dir='ltr'><strong>humanitatis,</strong></span> 
     </span>
    </p>
   </div>
   <div class='ocr_carea' id='block_1_108' title="bbox 2303 5108 3900 5194">
    <p class='ocr_par' dir='ltr' id='par_1_108' title="bbox 2303 5108 3900 5194">
     <span class='ocr_line' id='line_1_108' title="bbox 2303 5108 3900 5194; baseline 0.007 -18"><span class='ocrx_word' id='word_1_805' title='bbox 2303 5122 2356 5177; x_wconf 89' lang='lat' dir='ltr'><strong>in</strong></span> <span class='ocrx_word' id='word_1_806' title='bbox 2388 5138 2491 5177; x_wconf 89' lang='lat' dir='ltr'><strong>una</strong></span> <span class='ocrx_word' id='word_1_807' title='bbox 2523 5138 2752 5194; x_wconf 90' lang='lat' dir='ltr'><strong>persona</strong></span> <span class='ocrx_word' id='word_1_808' title='bbox 2779 5126 2892 5181; x_wconf 82' lang='lat' dir='ltr'><strong>sive</strong></span> <span class='ocrx_word' id='word_1_809' title='bbox 2921 5126 3267 5184; x_wconf 87' lang='lat' dir='ltr'><strong>subsistentia</strong></span> <span class='ocrx_word' id='word_1_810' title='bbox 3296 5128 3561 5186; x_wconf 73' lang='lat' dir='ltr'><strong>confiteri.</strong></span> <span class='ocrx_word' id='word_1_811' title='bbox 3582 5108 3738 5187; x_wconf 46' lang='lat' dir='ltr'><strong>.Unde</strong></span> <span class='ocrx_word' id='word_1_812' title='bbox 3765 5148 3900 5189; x_wconf 83' lang='lat' dir='ltr'><strong>con-</strong></span> 
     </span>
    </p>
   </div>
   <div class='ocr_carea' id='block_1_109' title="bbox 2304 5216 3900 5293">
    <p class='ocr_par' dir='ltr' id='par_1_109' title="bbox 2304 5216 3900 5293">
     <span class='ocr_line' id='line_1_109' title="bbox 2304 5216 3900 5293; baseline 0.009 -27"><span class='ocrx_word' id='word_1_813' title='bbox 2304 5221 2597 5281; x_wconf 88' lang='lat' dir='ltr'><strong>sequenter</strong></span> <span class='ocrx_word' id='word_1_814' title='bbox 2620 5216 2835 5271; x_wconf 87' lang='lat' dir='ltr'><strong>beatam</strong></span> <span class='ocrx_word' id='word_1_815' title='bbox 2863 5231 3082 5287; x_wconf 90' lang='lat' dir='ltr'><strong>quoque</strong></span> <span class='ocrx_word' id='word_1_816' title='bbox 3126 5217 3347 5274; x_wconf 86' lang='lat' dir='ltr'><strong>Mariam</strong></span> <span class='ocrx_word' id='word_1_817' title='bbox 3375 5223 3593 5293; x_wconf 84' lang='lat' dir='ltr'><strong>proprie</strong></span> <span class='ocrx_word' id='word_1_818' title='bbox 3623 5230 3677 5279; x_wconf 90' lang='lat' dir='ltr'><strong>et</strong></span> <span class='ocrx_word' id='word_1_819' title='bbox 3704 5239 3900 5280; x_wconf 82' lang='lat' dir='ltr'><strong>secun-</strong></span> 
     </span>
    </p>
   </div>
   <div class='ocr_carea' id='block_1_110' title="bbox 2303 5302 3894 5382">
    <p class='ocr_par' dir='ltr' id='par_1_110' title="bbox 2303 5302 3894 5382">
     <span class='ocr_line' id='line_1_110' title="bbox 2303 5302 3894 5382; baseline 0.006 -23"><span class='ocrx_word' id='word_1_820' title='bbox 2303 5302 2430 5359; x_wconf 92' lang='lat' dir='ltr'><strong>dum</strong></span> <span class='ocrx_word' id='word_1_821' title='bbox 2456 5308 2739 5362; x_wconf 78' lang='lat' dir='ltr'><strong>veritatem</strong></span> <span class='ocrx_word' id='word_1_822' title='bbox 2772 5325 2867 5365; x_wconf 81' lang='lat' dir='ltr'><strong>vos</strong></span> <span class='ocrx_word' id='word_1_823' title='bbox 2902 5309 3122 5365; x_wconf 88' lang='lat' dir='ltr'><strong>credere</strong></span> <span class='ocrx_word' id='word_1_824' title='bbox 3148 5313 3386 5368; x_wconf 88' lang='lat' dir='ltr'><strong>asseritis</strong></span> <span class='ocrx_word' id='word_1_825' title='bbox 3409 5315 3722 5382; x_wconf 85' lang='lat' dir='ltr'><strong>genitricem</strong></span> <span class='ocrx_word' id='word_1_826' title='bbox 3750 5315 3849 5372; x_wconf 85' lang='lat' dir='ltr'><strong>Dei</strong></span> <span class='ocrx_word' id='word_1_827' title='bbox 3882 5335 3894 5369; x_wconf 87' lang='lat'><strong>:</strong></span> 
     </span>
    </p>
   </div>
   <div class='ocr_carea' id='block_1_111' title="bbox 2306 5386 3897 5476">
    <p class='ocr_par' dir='ltr' id='par_1_111' title="bbox 2306 5386 3897 5476">
     <span class='ocr_line' id='line_1_111' title="bbox 2306 5386 3897 5476; baseline 0.006 -24"><span class='ocrx_word' id='word_1_828' title='bbox 2306 5412 2373 5452; x_wconf 89' lang='lat' dir='ltr'><strong>eo</strong></span> <span class='ocrx_word' id='word_1_829' title='bbox 2412 5399 2557 5469; x_wconf 86' lang='lat' dir='ltr'><strong>quod</strong></span> <span class='ocrx_word' id='word_1_830' title='bbox 2610 5399 2819 5456; x_wconf 87' lang='lat' dir='ltr'><strong>scilicet</strong></span> <span class='ocrx_word' id='word_1_831' title='bbox 2840 5393 3046 5472; x_wconf 77' lang='lat' dir='ltr'><strong>peperit</strong></span> <span class='ocrx_word' id='word_1_832' title='bbox 3075 5398 3202 5458; x_wconf 82' lang='lat' dir='ltr'><strong>vere</strong></span> <span class='ocrx_word' id='word_1_833' title='bbox 3231 5386 3286 5459; x_wconf 80' lang='lat' dir='ltr'><strong>et</strong></span> <span class='ocrx_word' id='word_1_834' title='bbox 3313 5406 3533 5476; x_wconf 91' lang='lat' dir='ltr'><strong>proprie</strong></span> <span class='ocrx_word' id='word_1_835' title='bbox 3562 5404 3731 5465; x_wconf 86' lang='lat' dir='ltr'><strong>Deum</strong></span> <span class='ocrx_word' id='word_1_836' title='bbox 3763 5405 3897 5462; x_wconf 75' lang='lat' dir='ltr'><strong>Ver-</strong></span> 
     </span>
    </p>
   </div>
   <div class='ocr_carea' id='block_1_112' title="bbox 2306 5487 3895 5567">
    <p class='ocr_par' dir='ltr' id='par_1_112' title="bbox 2306 5487 3895 5567">
     <span class='ocr_line' id='line_1_112' title="bbox 2306 5487 3895 5567; baseline 0.008 -25"><span class='ocrx_word' id='word_1_837' title='bbox 2306 5487 2433 5543; x_wconf 88' lang='lat' dir='ltr'><strong>bum</strong></span> <span class='ocrx_word' id='word_1_838' title='bbox 2465 5490 2796 5546; x_wconf 89' lang='lat' dir='ltr'><strong>incarnatum</strong></span> <span class='ocrx_word' id='word_1_839' title='bbox 2820 5502 2872 5546; x_wconf 92' lang='lat' dir='ltr'><strong>et</strong></span> <span class='ocrx_word' id='word_1_840' title='bbox 2902 5494 3173 5548; x_wconf 83' lang='lat' dir='ltr'><strong>hominem</strong></span> <span class='ocrx_word' id='word_1_841' title='bbox 3198 5495 3421 5561; x_wconf 83' lang='lat' dir='ltr'><strong>laetum,</strong></span> <span class='ocrx_word' id='word_1_842' title='bbox 3452 5508 3615 5567; x_wconf 88' lang='lat' dir='ltr'><strong>atque</strong></span> <span class='ocrx_word' id='word_1_843' title='bbox 3640 5501 3895 5554; x_wconf 65' lang='lat' dir='ltr'><strong>essentia~</strong></span> 
     </span>
    </p>
   </div>
   <div class='ocr_carea' id='block_1_113' title="bbox 2298 5692 3890 5771">
    <p class='ocr_par' dir='ltr' id='par_1_113' title="bbox 2298 5692 3890 5771">
     <span class='ocr_line' id='line_1_113' title="bbox 2298 5692 3890 5771; baseline 0.008 -28"><span class='ocrx_word' id='word_1_844' title='bbox 2298 5701 2518 5771; x_wconf 58' lang='lat' dir='ltr'><strong>secreta;</strong></span> <span class='ocrx_word' id='word_1_845' title='bbox 2550 5692 2625 5771; x_wconf 86' lang='lat' dir='ltr'><strong>in_</strong></span> <span class='ocrx_word' id='word_1_846' title='bbox 2656 5693 2876 5771; x_wconf 73' lang='lat' dir='ltr'><strong>reliquis</strong></span> <span class='ocrx_word' id='word_1_847' title='bbox 2932 5697 3363 5771; x_wconf 5' lang='lat' dir='ltr'><strong>expcusis,rcst_ti</strong></span> <span class='ocrx_word' id='word_1_848' title='bbox 3430 5699 3601 5771; x_wconf 63' lang='lat' dir='ltr'><strong>exsilii</strong></span> <span class='ocrx_word' id='word_1_849' title='bbox 3676 5711 3890 5757; x_wconf 76' lang='lat' dir='ltr'><strong>secreto.</strong></span> 
     </span>
    </p>
   </div>
   <div class='ocr_carea' id='block_1_114' title="bbox 2292 5759 3796 5836">
    <p class='ocr_par' dir='ltr' id='par_1_114' title="bbox 2292 5759 3796 5836">
     <span class='ocr_line' id='line_1_114' title="bbox 2292 5759 3796 5836; baseline 0.007 -23"><span class='ocrx_word' id='word_1_850' title='bbox 2292 5759 2468 5817; x_wconf 82' lang='lat' dir='ltr'><strong>‘Forte</strong></span> <span class='ocrx_word' id='word_1_851' title='bbox 2497 5780 2585 5817; x_wconf 80' lang='lat' dir='ltr'><strong>ros</strong></span> <span class='ocrx_word' id='word_1_852' title='bbox 2606 5759 2820 5836; x_wconf 66' lang='lat' dir='ltr'><strong>instigat</strong></span> <span class='ocrx_word' id='word_1_853' title='bbox 2847 5768 3010 5821; x_wconf 83' lang='lat' dir='ltr'><strong>nostri</strong></span> <span class='ocrx_word' id='word_1_854' title='bbox 3040 5768 3209 5823; x_wconf 68' lang='lat' dir='ltr'><strong>exsilii</strong></span> <span class='ocrx_word' id='word_1_855' title='bbox 3243 5768 3325 5824; x_wconf 86' lang='lat' dir='ltr'><strong>vel</strong></span> <span class='ocrx_word' id='word_1_856' title='bbox 3347 5769 3551 5823; x_wconf 73' lang='lat' dir='ltr'><strong>consilii</strong></span> <span class='ocrx_word' id='word_1_857' title='bbox 3580 5781 3796 5826; x_wconf 74' lang='lat' dir='ltr'><strong>secreto.</strong></span> 
     </span>
    </p>
   </div>
  </div>
