  <div class='ocr_page' id='page_1' title='image "/cluster/home/n/w/nwhite01/storage/ocr_20150623/65/hvd.32044015469315/234.png"; bbox 0 0 4108 6482; ppageno 0'>
   <div class='ocr_carea' id='block_1_1' title="bbox 241 411 393 469">
    <p class='ocr_par' dir='ltr' id='par_1_1' title="bbox 241 411 393 469">
     <span class='ocr_line' id='line_1_1' title="bbox 241 411 393 469; baseline -0.013 1"><span class='ocrx_word' id='word_1_1' title='bbox 241 411 393 469; x_wconf 59' lang='grc'><strong>853</strong></span> 
     </span>
    </p>
   </div>
   <div class='ocr_carea' id='block_1_2' title="bbox 1667 403 2188 465">
    <p class='ocr_par' dir='ltr' id='par_1_2' title="bbox 1667 403 2188 465">
     <span class='ocr_line' id='line_1_2' title="bbox 1667 403 2188 465; baseline 0 0"><span class='ocrx_word' id='word_1_2' title='bbox 1667 403 1996 465; x_wconf 79' lang='lat' dir='ltr'><strong>EPISTOLA</strong></span> <span class='ocrx_word' id='word_1_3' title='bbox 2036 409 2188 465; x_wconf 73' lang='grc' dir='ltr'><strong>χνη.</strong></span> 
     </span>
    </p>
   </div>
   <div class='ocr_carea' id='block_1_3' title="bbox 3484 412 3592 469">
    <p class='ocr_par' dir='ltr' id='par_1_3' title="bbox 3484 412 3592 469">
     <span class='ocr_line' id='line_1_3' title="bbox 3484 412 3592 469; baseline 0.019 -2"><span class='ocrx_word' id='word_1_4' title='bbox 3484 412 3592 469; x_wconf 67' lang='grc'><strong>456</strong></span> 
     </span>
    </p>
   </div>
   <div class='ocr_carea' id='block_1_4' title="bbox 238 516 3575 594">
    <p class='ocr_par' dir='ltr' id='par_1_4' title="bbox 238 516 3575 594">
     <span class='ocr_line' id='line_1_4' title="bbox 238 516 3575 594; baseline 0 -12"><span class='ocrx_word' id='word_1_5' title='bbox 238 528 405 583; x_wconf 80' lang='lat' dir='ltr'><strong>liter</strong></span> <span class='ocrx_word' id='word_1_6' title='bbox 434 527 551 581; x_wconf 86' lang='lat' dir='ltr'><strong>sive</strong></span> <span class='ocrx_word' id='word_1_7' title='bbox 579 525 893 580; x_wconf 90' lang='lat' dir='ltr'><strong>naturaliter</strong></span> <span class='ocrx_word' id='word_1_8' title='bbox 920 523 1068 578; x_wconf 86' lang='lat' dir='ltr'><strong>carui</strong></span> <span class='ocrx_word' id='word_1_9' title='bbox 1099 523 1324 577; x_wconf 90' lang='lat' dir='ltr'><strong>unitum.</strong></span> <span class='ocrx_word' id='word_1_10' title='bbox 1359 516 1481 576; x_wconf 68' lang='grc' dir='ltr'><strong>ηερ</strong></span> <span class='ocrx_word' id='word_1_11' title='bbox 1512 538 1576 576; x_wconf 78' lang='lat' dir='ltr'><strong>ex</strong></span> <span class='ocrx_word' id='word_1_12' title='bbox 1633 520 1878 591; x_wconf 65' lang='lat' dir='ltr'><strong>epistolae</strong></span> <span class='ocrx_word' id='word_1_13' title='bbox 1908 525 1953 581; x_wconf 77' lang='grc' dir='ltr'><strong>Α</strong></span> <span class='ocrx_word' id='word_1_14' title='bbox 1985 523 2074 590; x_wconf 88' lang='lat' dir='ltr'><strong>qui</strong></span> <span class='ocrx_word' id='word_1_15' title='bbox 2103 525 2355 592; x_wconf 49' lang='lat' dir='ltr'><strong>Qpropter</strong></span> <span class='ocrx_word' id='word_1_16' title='bbox 2383 540 2481 578; x_wconf 86' lang='lat' dir='ltr'><strong>nos</strong></span> <span class='ocrx_word' id='word_1_17' title='bbox 2512 540 2712 592; x_wconf 85' lang='lat' dir='ltr'><strong>egenus</strong></span> <span class='ocrx_word' id='word_1_18' title='bbox 2741 525 2911 581; x_wconf 83' lang='lat' dir='ltr'><strong>factus</strong></span> <span class='ocrx_word' id='word_1_19' title='bbox 2940 535 3044 594; x_wconf 87' lang='lat' dir='ltr'><strong>est,</strong></span> <span class='ocrx_word' id='word_1_20' title='bbox 3075 544 3195 591; x_wconf 89' lang='lat' dir='ltr'><strong>cum</strong></span> <span class='ocrx_word' id='word_1_21' title='bbox 3226 535 3369 583; x_wconf 89' lang='lat' dir='ltr'><strong>esset</strong></span> <span class='ocrx_word' id='word_1_22' title='bbox 3405 526 3575 593; x_wconf 84' lang='lat' dir='ltr'><strong>dives,</strong></span> 
     </span>
    </p>
   </div>
   <div class='ocr_carea' id='block_1_5' title="bbox 240 611 1873 684">
    <p class='ocr_par' dir='ltr' id='par_1_5' title="bbox 240 611 1873 684">
     <span class='ocr_line' id='line_1_5' title="bbox 240 611 1873 684; baseline -0.004 -14"><span class='ocrx_word' id='word_1_23' title='bbox 240 618 495 674; x_wconf 53' lang='lat' dir='ltr'><strong>vestra!</strong></span> <span class='ocrx_word' id='word_1_24' title='bbox 529 626 718 672; x_wconf 87' lang='lat' dir='ltr'><strong>tenore</strong></span> <span class='ocrx_word' id='word_1_25' title='bbox 765 616 1008 684; x_wconf 83' lang='lat' dir='ltr'><strong>posuisse</strong></span> <span class='ocrx_word' id='word_1_26' title='bbox 1057 611 1327 668; x_wconf 88' lang='lat' dir='ltr'><strong>sufﬁciat:</strong></span> <span class='ocrx_word' id='word_1_27' title='bbox 1360 628 1428 667; x_wconf 80' lang='lat' dir='ltr'><strong>ex</strong></span> <span class='ocrx_word' id='word_1_28' title='bbox 1456 612 1541 666; x_wconf 89' lang='lat' dir='ltr'><strong>his</strong></span> <span class='ocrx_word' id='word_1_29' title='bbox 1566 612 1710 665; x_wconf 90' lang='lat' dir='ltr'><strong>enim</strong></span> <span class='ocrx_word' id='word_1_30' title='bbox 1740 627 1873 682; x_wconf 78' lang='lat' dir='ltr'><strong>pen-</strong></span> 
     </span>
    </p>
   </div>
   <div class='ocr_carea' id='block_1_6' title="bbox 238 702 1873 777">
    <p class='ocr_par' dir='ltr' id='par_1_6' title="bbox 238 702 1873 777">
     <span class='ocr_line' id='line_1_6' title="bbox 238 702 1873 777; baseline -0.004 -14"><span class='ocrx_word' id='word_1_31' title='bbox 238 710 406 763; x_wconf 79' lang='lat' dir='ltr'><strong>dent</strong></span> <span class='ocrx_word' id='word_1_32' title='bbox 446 715 635 764; x_wconf 66' lang='lat' dir='ltr'><strong>caetera</strong></span> <span class='ocrx_word' id='word_1_33' title='bbox 662 721 782 777; x_wconf 79' lang='lat' dir='ltr'><strong>qua:</strong></span> <span class='ocrx_word' id='word_1_34' title='bbox 819 704 887 759; x_wconf 89' lang='lat' dir='ltr'><strong>de</strong></span> <span class='ocrx_word' id='word_1_35' title='bbox 934 703 1303 759; x_wconf 80' lang='lat' dir='ltr'><strong>incarnatione</strong></span> <span class='ocrx_word' id='word_1_36' title='bbox 1354 702 1564 757; x_wconf 86' lang='lat' dir='ltr'><strong>Domini</strong></span> <span class='ocrx_word' id='word_1_37' title='bbox 1608 704 1873 757; x_wconf 83' lang='lat' dir='ltr'><strong>sermonis</strong></span> 
     </span>
    </p>
   </div>
   <div class='ocr_carea' id='block_1_7' title="bbox 241 794 1198 868">
    <p class='ocr_par' dir='ltr' id='par_1_7' title="bbox 241 794 1198 868">
     <span class='ocr_line' id='line_1_7' title="bbox 241 794 1198 868; baseline -0.006 -14"><span class='ocrx_word' id='word_1_38' title='bbox 241 799 444 856; x_wconf 83' lang='lat' dir='ltr'><strong>vestri</strong></span> <span class='ocrx_word' id='word_1_39' title='bbox 476 796 737 868; x_wconf 69' lang='lat' dir='ltr'><strong>professio</strong></span> <span class='ocrx_word' id='word_1_40' title='bbox 765 794 1198 864; x_wconf 80' lang='lat' dir='ltr'><strong>comprehendit.</strong></span> 
     </span>
    </p>
   </div>
   <div class='ocr_carea' id='block_1_8' title="bbox 331 870 1871 971">
    <p class='ocr_par' dir='ltr' id='par_1_8' title="bbox 331 870 1871 971">
     <span class='ocr_line' id='line_1_8' title="bbox 331 870 1871 971; baseline -0.005 -26"><span class='ocrx_word' id='word_1_41' title='bbox 331 891 411 945; x_wconf 47' lang='grc' dir='ltr'><strong>’ὀί</strong></span> <span class='ocrx_word' id='word_1_42' title='bbox 443 890 509 971; x_wconf 64' lang='lat' dir='ltr'><strong>Si</strong></span> <span class='ocrx_word' id='word_1_43' title='bbox 528 890 651 958; x_wconf 89' lang='lat' dir='ltr'><strong>quis</strong></span> <span class='ocrx_word' id='word_1_44' title='bbox 679 886 936 956; x_wconf 85' lang='lat' dir='ltr'><strong>igiturin</strong></span> <span class='ocrx_word' id='word_1_45' title='bbox 984 870 1214 941; x_wconf 78' lang='lat' dir='ltr'><strong>Doznino</strong></span> <span class='ocrx_word' id='word_1_46' title='bbox 1244 894 1431 940; x_wconf 83' lang='lat' dir='ltr'><strong>nostro</strong></span> <span class='ocrx_word' id='word_1_47' title='bbox 1471 884 1599 939; x_wconf 80' lang='lat' dir='ltr'><strong>Jesu</strong></span> <span class='ocrx_word' id='word_1_48' title='bbox 1626 883 1871 951; x_wconf 83' lang='lat' dir='ltr'><strong>Christo,</strong></span> 
     </span>
    </p>
   </div>
   <div class='ocr_carea' id='block_1_9' title="bbox 152 975 1869 1040">
    <p class='ocr_par' dir='ltr' id='par_1_9' title="bbox 152 975 1869 1040">
     <span class='ocr_line' id='line_1_9' title="bbox 152 975 1869 1040; baseline -0.005 -5"><span class='ocrx_word' id='word_1_49' title='bbox 152 1012 173 1021; x_wconf 65' lang='grc' dir='ltr'><strong>η</strong></span> <span class='ocrx_word' id='word_1_50' title='bbox 244 989 362 1035; x_wconf 78' lang='lat' dir='ltr'><strong>aut</strong></span> <span class='ocrx_word' id='word_1_51' title='bbox 393 980 534 1035; x_wconf 88' lang='lat' dir='ltr'><strong>duas</strong></span> <span class='ocrx_word' id='word_1_52' title='bbox 572 988 787 1033; x_wconf 83' lang='lat' dir='ltr'><strong>naturas</strong></span> <span class='ocrx_word' id='word_1_53' title='bbox 812 986 905 1031; x_wconf 83' lang='lat' dir='ltr'><strong>aut</strong></span> <span class='ocrx_word' id='word_1_54' title='bbox 958 991 1116 1030; x_wconf 88' lang='lat' dir='ltr'><strong>unam</strong></span> <span class='ocrx_word' id='word_1_55' title='bbox 1167 976 1416 1040; x_wconf 82' lang='lat' dir='ltr'><strong>noluerit,</strong></span> <span class='ocrx_word' id='word_1_56' title='bbox 1448 978 1561 1030; x_wconf 77' lang='lat' dir='ltr'><strong>sive</strong></span> <span class='ocrx_word' id='word_1_57' title='bbox 1587 975 1869 1028; x_wconf 78' lang='lat' dir='ltr'><strong>dubitave-</strong></span> 
     </span>
    </p>
   </div>
   <div class='ocr_carea' id='block_1_10' title="bbox 247 1065 1872 1140">
    <p class='ocr_par' dir='ltr' id='par_1_10' title="bbox 247 1065 1872 1140">
     <span class='ocr_line' id='line_1_10' title="bbox 247 1065 1872 1140; baseline -0.004 -14"><span class='ocrx_word' id='word_1_58' title='bbox 247 1075 333 1127; x_wconf 88' lang='lat' dir='ltr'><strong>rit</strong></span> <span class='ocrx_word' id='word_1_59' title='bbox 361 1072 595 1129; x_wconf 82' lang='lat' dir='ltr'><strong>credere</strong></span> <span class='ocrx_word' id='word_1_60' title='bbox 622 1086 685 1125; x_wconf 85' lang='lat' dir='ltr'><strong>ac</strong></span> <span class='ocrx_word' id='word_1_61' title='bbox 713 1069 1001 1140; x_wconf 63' lang='lat' dir='ltr'><strong>praedicare</strong></span> <span class='ocrx_word' id='word_1_62' title='bbox 1022 1083 1331 1137; x_wconf 79' lang='lat' dir='ltr'><strong>personam,</strong></span> <span class='ocrx_word' id='word_1_63' title='bbox 1351 1067 1437 1121; x_wconf 86' lang='lat' dir='ltr'><strong>vel</strong></span> <span class='ocrx_word' id='word_1_64' title='bbox 1466 1067 1510 1121; x_wconf 88' lang='lat' dir='ltr'><strong>si</strong></span> <span class='ocrx_word' id='word_1_65' title='bbox 1538 1067 1657 1136; x_wconf 89' lang='lat' dir='ltr'><strong>quis</strong></span> <span class='ocrx_word' id='word_1_66' title='bbox 1685 1065 1872 1119; x_wconf 78' lang='lat' dir='ltr'><strong>nolue-</strong></span> 
     </span>
    </p>
   </div>
   <div class='ocr_carea' id='block_1_11' title="bbox 244 1156 1875 1229">
    <p class='ocr_par' dir='ltr' id='par_1_11' title="bbox 244 1156 1875 1229">
     <span class='ocr_line' id='line_1_11' title="bbox 244 1156 1875 1229; baseline -0.006 -11"><span class='ocrx_word' id='word_1_67' title='bbox 244 1167 333 1220; x_wconf 86' lang='lat' dir='ltr'><strong>rit</strong></span> <span class='ocrx_word' id='word_1_68' title='bbox 384 1163 637 1220; x_wconf 90' lang='lat' dir='ltr'><strong>conﬁteri</strong></span> <span class='ocrx_word' id='word_1_69' title='bbox 685 1160 937 1216; x_wconf 86' lang='lat' dir='ltr'><strong>eumdem</strong></span> <span class='ocrx_word' id='word_1_70' title='bbox 981 1160 1146 1214; x_wconf 89' lang='lat' dir='ltr'><strong>Deum</strong></span> <span class='ocrx_word' id='word_1_71' title='bbox 1201 1167 1362 1229; x_wconf 84' lang='lat' dir='ltr'><strong>atque</strong></span> <span class='ocrx_word' id='word_1_72' title='bbox 1393 1157 1683 1220; x_wconf 78' lang='lat' dir='ltr'><strong>hominem,</strong></span> <span class='ocrx_word' id='word_1_73' title='bbox 1710 1156 1761 1210; x_wconf 92' lang='lat' dir='ltr'><strong>id</strong></span> <span class='ocrx_word' id='word_1_74' title='bbox 1789 1162 1875 1210; x_wconf 88' lang='lat' dir='ltr'><strong>est</strong></span> 
     </span>
    </p>
   </div>
   <div class='ocr_carea' id='block_1_12' title="bbox 244 1237 1869 1317">
    <p class='ocr_par' dir='ltr' id='par_1_12' title="bbox 244 1237 1869 1317">
     <span class='ocr_line' id='line_1_12' title="bbox 244 1237 1869 1317; baseline -0.009 -4"><span class='ocrx_word' id='word_1_75' title='bbox 244 1254 514 1313; x_wconf 72' lang='lat' dir='ltr'><strong>Verbum</strong></span> <span class='ocrx_word' id='word_1_76' title='bbox 570 1254 926 1311; x_wconf 84' lang='lat' dir='ltr'><strong>incarnatum,</strong></span> <span class='ocrx_word' id='word_1_77' title='bbox 956 1237 1027 1304; x_wconf 85' lang='lat' dir='ltr'><strong>de</strong></span> <span class='ocrx_word' id='word_1_78' title='bbox 1072 1248 1237 1303; x_wconf 83' lang='lat' dir='ltr'><strong>Maria</strong></span> <span class='ocrx_word' id='word_1_79' title='bbox 1292 1247 1511 1317; x_wconf 77' lang='lat' dir='ltr'><strong>Virgine</strong></span> <span class='ocrx_word' id='word_1_80' title='bbox 1544 1262 1642 1317; x_wconf 91' lang='lat' dir='ltr'><strong>pro</strong></span> <span class='ocrx_word' id='word_1_81' title='bbox 1685 1254 1869 1300; x_wconf 81' lang='lat' dir='ltr'><strong>nostra</strong></span> 
     </span>
    </p>
   </div>
   <div class='ocr_carea' id='block_1_13' title="bbox 244 1336 1870 1407">
    <p class='ocr_par' dir='ltr' id='par_1_13' title="bbox 244 1336 1870 1407">
     <span class='ocr_line' id='line_1_13' title="bbox 244 1336 1870 1407; baseline -0.008 -4"><span class='ocrx_word' id='word_1_82' title='bbox 244 1348 450 1403; x_wconf 82' lang='lat' dir='ltr'><strong>salute</strong></span> <span class='ocrx_word' id='word_1_83' title='bbox 502 1345 768 1405; x_wconf 78' lang='lat' dir='ltr'><strong>veraciter</strong></span> <span class='ocrx_word' id='word_1_84' title='bbox 816 1351 1019 1407; x_wconf 86' lang='lat' dir='ltr'><strong>natum,</strong></span> <span class='ocrx_word' id='word_1_85' title='bbox 1056 1350 1261 1395; x_wconf 87' lang='lat' dir='ltr'><strong>tantum</strong></span> <span class='ocrx_word' id='word_1_86' title='bbox 1295 1355 1326 1393; x_wconf 88' lang='lat' dir='ltr'><strong>a</strong></span> <span class='ocrx_word' id='word_1_87' title='bbox 1359 1338 1626 1394; x_wconf 88' lang='lat' dir='ltr'><strong>catholica</strong></span> <span class='ocrx_word' id='word_1_88' title='bbox 1652 1336 1753 1392; x_wconf 90' lang='lat' dir='ltr'><strong>ﬁde</strong></span> <span class='ocrx_word' id='word_1_89' title='bbox 1783 1337 1870 1391; x_wconf 84' lang='lat' dir='ltr'><strong>dc-</strong></span> 
     </span>
    </p>
   </div>
   <div class='ocr_carea' id='block_1_14' title="bbox 244 1426 1867 1511">
    <p class='ocr_par' dir='ltr' id='par_1_14' title="bbox 244 1426 1867 1511">
     <span class='ocr_line' id='line_1_14' title="bbox 244 1426 1867 1511; baseline -0.006 -15"><span class='ocrx_word' id='word_1_90' title='bbox 244 1438 623 1511; x_wconf 83' lang='lat' dir='ltr'><strong>prebenditur</strong></span> <span class='ocrx_word' id='word_1_91' title='bbox 669 1453 732 1492; x_wconf 89' lang='lat' dir='ltr'><strong>ac</strong></span> <span class='ocrx_word' id='word_1_92' title='bbox 782 1426 1181 1492; x_wconf 83' lang='lat' dir='ltr'><strong>demonstratur</strong></span> <span class='ocrx_word' id='word_1_93' title='bbox 1232 1432 1550 1497; x_wconf 69' lang='lat' dir='ltr'><strong>extfaneus,</strong></span> <span class='ocrx_word' id='word_1_94' title='bbox 1605 1440 1867 1501; x_wconf 90' lang='lat' dir='ltr'><strong>quantum</strong></span> 
     </span>
    </p>
   </div>
   <div class='ocr_carea' id='block_1_15' title="bbox 245 1523 1862 1596">
    <p class='ocr_par' dir='ltr' id='par_1_15' title="bbox 245 1523 1862 1596">
     <span class='ocr_line' id='line_1_15' title="bbox 245 1523 1862 1596; baseline -0.007 -9"><span class='ocrx_word' id='word_1_95' title='bbox 245 1538 614 1587; x_wconf 77' lang='lat' dir='ltr'><strong>sacramento</strong></span> <span class='ocrx_word' id='word_1_96' title='bbox 670 1526 1057 1596; x_wconf 85' lang='lat' dir='ltr'><strong>redemptionis</strong></span> <span class='ocrx_word' id='word_1_97' title='bbox 1101 1526 1348 1580; x_wconf 77' lang='lat' dir='ltr'><strong>humana:</strong></span> <span class='ocrx_word' id='word_1_98' title='bbox 1371 1523 1573 1579; x_wconf 83' lang='lat' dir='ltr'><strong>resistit</strong></span> <span class='ocrx_word' id='word_1_99' title='bbox 1602 1523 1862 1591; x_wconf 85' lang='lat' dir='ltr'><strong>ingratus.</strong></span> 
     </span>
    </p>
   </div>
   <div class='ocr_carea' id='block_1_16' title="bbox 247 1613 1865 1687">
    <p class='ocr_par' dir='ltr' id='par_1_16' title="bbox 247 1613 1865 1687">
     <span class='ocr_line' id='line_1_16' title="bbox 247 1613 1865 1687; baseline -0.007 -10"><span class='ocrx_word' id='word_1_100' title='bbox 247 1620 387 1677; x_wconf 73' lang='lat' dir='ltr'><strong>Hoc</strong></span> <span class='ocrx_word' id='word_1_101' title='bbox 417 1619 565 1675; x_wconf 84' lang='lat' dir='ltr'><strong>enim</strong></span> <span class='ocrx_word' id='word_1_102' title='bbox 614 1628 698 1673; x_wconf 89' lang='lat' dir='ltr'><strong>est</strong></span> <span class='ocrx_word' id='word_1_103' title='bbox 752 1617 879 1672; x_wconf 89' lang='lat' dir='ltr'><strong>illud</strong></span> <span class='ocrx_word' id='word_1_104' title='bbox 928 1632 1172 1687; x_wconf 82' lang='lat' dir='ltr'><strong>magnum</strong></span> <span class='ocrx_word' id='word_1_105' title='bbox 1199 1616 1406 1686; x_wconf 84' lang='lat' dir='ltr'><strong>pietatis</strong></span> <span class='ocrx_word' id='word_1_106' title='bbox 1431 1613 1865 1669; x_wconf 83' lang='lat' dir='ltr'><strong>commendatum</strong></span> 
     </span>
    </p>
   </div>
   <div class='ocr_carea' id='block_1_17' title="bbox 246 1702 1867 1778">
    <p class='ocr_par' dir='ltr' id='par_1_17' title="bbox 246 1702 1867 1778">
     <span class='ocr_line' id='line_1_17' title="bbox 246 1702 1867 1778; baseline -0.007 -10"><span class='ocrx_word' id='word_1_107' title='bbox 246 1714 520 1769; x_wconf 75' lang='lat' dir='ltr'><strong>Molibus</strong></span> <span class='ocrx_word' id='word_1_108' title='bbox 549 1711 772 1770; x_wconf 28' lang='lat' dir='ltr'><strong>cunctis.</strong></span> <span class='ocrx_word' id='word_1_109' title='bbox 796 1724 892 1766; x_wconf 90' lang='lat' dir='ltr'><strong>ore</strong></span> <span class='ocrx_word' id='word_1_110' title='bbox 938 1707 1237 1778; x_wconf 88' lang='lat' dir='ltr'><strong>apostolico</strong></span> <span class='ocrx_word' id='word_1_111' title='bbox 1282 1713 1696 1768; x_wconf 74' lang='lat' dir='ltr'><strong>sacramentum,</strong></span> <span class='ocrx_word' id='word_1_112' title='bbox 1730 1702 1867 1775; x_wconf 79' lang='lat' dir='ltr'><strong>quod</strong></span> 
     </span>
    </p>
   </div>
   <div class='ocr_carea' id='block_1_18' title="bbox 246 1792 1862 1878">
    <p class='ocr_par' dir='ltr' id='par_1_18' title="bbox 246 1792 1862 1878">
     <span class='ocr_line' id='line_1_18' title="bbox 246 1792 1862 1878; baseline -0.01 -14"><span class='ocrx_word' id='word_1_113' title='bbox 246 1792 659 1878; x_wconf 74' lang='lat' dir='ltr'><strong>manifestatum</strong></span> <span class='ocrx_word' id='word_1_114' title='bbox 701 1812 779 1859; x_wconf 83' lang='lat' dir='ltr'><strong>est</strong></span> <span class='ocrx_word' id='word_1_115' title='bbox 805 1804 861 1857; x_wconf 87' lang='lat' dir='ltr'><strong>in</strong></span> <span class='ocrx_word' id='word_1_116' title='bbox 889 1817 1066 1865; x_wconf 82' lang='lat' dir='ltr'><strong>carne,</strong></span> <span class='ocrx_word' id='word_1_117' title='bbox 1085 1800 1435 1871; x_wconf 78' lang='lat' dir='ltr'><strong>justiﬁcatum</strong></span> <span class='ocrx_word' id='word_1_118' title='bbox 1458 1806 1535 1851; x_wconf 83' lang='lat' dir='ltr'><strong>est</strong></span> <span class='ocrx_word' id='word_1_119' title='bbox 1559 1798 1614 1850; x_wconf 91' lang='lat' dir='ltr'><strong>iu</strong></span> <span class='ocrx_word' id='word_1_120' title='bbox 1654 1797 1862 1867; x_wconf 80' lang='lat' dir='ltr'><strong>spiritu,</strong></span> 
     </span>
    </p>
   </div>
   <div class='ocr_carea' id='block_1_19' title="bbox 1980 612 3576 689">
    <p class='ocr_par' dir='ltr' id='par_1_19' title="bbox 1980 612 3576 689">
     <span class='ocr_line' id='line_1_19' title="bbox 1980 612 3576 689; baseline 0.007 -24"><span class='ocrx_word' id='word_1_121' title='bbox 1980 620 2036 666; x_wconf 89' lang='lat' dir='ltr'><strong>ut</strong></span> <span class='ocrx_word' id='word_1_122' title='bbox 2091 612 2233 667; x_wconf 90' lang='lat' dir='ltr'><strong>illius</strong></span> <span class='ocrx_word' id='word_1_123' title='bbox 2275 623 2591 684; x_wconf 78' lang='lat' dir='ltr'><strong>paupertate</strong></span> <span class='ocrx_word' id='word_1_124' title='bbox 2638 631 2745 671; x_wconf 88' lang='lat' dir='ltr'><strong>nos</strong></span> <span class='ocrx_word' id='word_1_125' title='bbox 2777 616 2972 673; x_wconf 81' lang='lat' dir='ltr'><strong>divites</strong></span> <span class='ocrx_word' id='word_1_126' title='bbox 3021 632 3264 683; x_wconf 85' lang='lat' dir='ltr'><strong>essemus</strong></span> <span class='ocrx_word' id='word_1_127' title='bbox 3302 617 3406 689; x_wconf 84' lang='lat' dir='ltr'><strong>.(U</strong></span> <span class='ocrx_word' id='word_1_128' title='bbox 3453 619 3576 676; x_wconf 87' lang='lat' dir='ltr'><strong>Cor.</strong></span> 
     </span>
    </p>
   </div>
   <div class='ocr_carea' id='block_1_20' title="bbox 1978 702 3565 776">
    <p class='ocr_par' dir='ltr' id='par_1_20' title="bbox 1978 702 3565 776">
     <span class='ocr_line' id='line_1_20' title="bbox 1978 702 3565 776; baseline 0.004 -19"><span class='ocrx_word' id='word_1_129' title='bbox 1978 718 2087 768; x_wconf 75' lang='lat' dir='ltr'><strong>vni,</strong></span> <span class='ocrx_word' id='word_1_130' title='bbox 2119 702 2196 772; x_wconf 89' lang='lat'><strong>9),</strong></span> <span class='ocrx_word' id='word_1_131' title='bbox 2229 703 2616 773; x_wconf 88' lang='lat' dir='ltr'><strong>plenitudinem</strong></span> <span class='ocrx_word' id='word_1_132' title='bbox 2643 722 2817 771; x_wconf 88' lang='lat' dir='ltr'><strong>suam,</strong></span> <span class='ocrx_word' id='word_1_133' title='bbox 2849 707 2995 776; x_wconf 90' lang='lat' dir='ltr'><strong>quod</strong></span> <span class='ocrx_word' id='word_1_134' title='bbox 3037 707 3183 762; x_wconf 88' lang='lat' dir='ltr'><strong>dictu</strong></span> <span class='ocrx_word' id='word_1_135' title='bbox 3222 706 3374 763; x_wconf 88' lang='lat' dir='ltr'><strong>nefas</strong></span> <span class='ocrx_word' id='word_1_136' title='bbox 3401 718 3485 763; x_wconf 88' lang='lat' dir='ltr'><strong>est</strong></span> <span class='ocrx_word' id='word_1_137' title='bbox 3510 712 3565 775; x_wconf 67' lang='grc' dir='ltr'><strong>δ,</strong></span> 
     </span>
    </p>
   </div>
   <div class='ocr_carea' id='block_1_21' title="bbox 1976 794 3564 868">
    <p class='ocr_par' dir='ltr' id='par_1_21' title="bbox 1976 794 3564 868">
     <span class='ocr_line' id='line_1_21' title="bbox 1976 794 3564 868; baseline 0.006 -22"><span class='ocrx_word' id='word_1_138' title='bbox 1976 794 2282 850; x_wconf 80' lang='lat' dir='ltr'><strong>exinanitus</strong></span> <span class='ocrx_word' id='word_1_139' title='bbox 2302 796 2594 862; x_wconf 86' lang='lat' dir='ltr'><strong>amitteret,</strong></span> <span class='ocrx_word' id='word_1_140' title='bbox 2627 806 2719 851; x_wconf 90' lang='lat' dir='ltr'><strong>aut</strong></span> <span class='ocrx_word' id='word_1_141' title='bbox 2744 797 2951 868; x_wconf 87' lang='lat' dir='ltr'><strong>aliquid</strong></span> <span class='ocrx_word' id='word_1_142' title='bbox 2977 799 3356 854; x_wconf 89' lang='lat' dir='ltr'><strong>mutabilitatis</strong></span> <span class='ocrx_word' id='word_1_143' title='bbox 3386 800 3441 855; x_wconf 89' lang='lat' dir='ltr'><strong>in</strong></span> <span class='ocrx_word' id='word_1_144' title='bbox 3472 800 3564 855; x_wconf 85' lang='lat' dir='ltr'><strong>illa</strong></span> 
     </span>
    </p>
   </div>
   <div class='ocr_carea' id='block_1_22' title="bbox 1975 887 3563 960">
    <p class='ocr_par' dir='ltr' id='par_1_22' title="bbox 1975 887 3563 960">
     <span class='ocr_line' id='line_1_22' title="bbox 1975 887 3563 960; baseline 0.006 -20"><span class='ocrx_word' id='word_1_145' title='bbox 1975 887 2160 941; x_wconf 80' lang='lat' dir='ltr'><strong>forma:</strong></span> <span class='ocrx_word' id='word_1_146' title='bbox 2185 889 2394 943; x_wconf 83' lang='lat' dir='ltr'><strong>servilis</strong></span> <span class='ocrx_word' id='word_1_147' title='bbox 2421 892 2741 960; x_wconf 81' lang='lat' dir='ltr'><strong>acceptione</strong></span> <span class='ocrx_word' id='word_1_148' title='bbox 2765 894 2992 948; x_wconf 89' lang='lat' dir='ltr'><strong>sentiret</strong></span> <span class='ocrx_word' id='word_1_149' title='bbox 3006 932 3028 957; x_wconf 74' lang='lat'><strong>.,</strong></span> <span class='ocrx_word' id='word_1_150' title='bbox 3050 910 3156 949; x_wconf 92' lang='lat' dir='ltr'><strong>non</strong></span> <span class='ocrx_word' id='word_1_151' title='bbox 3182 894 3406 950; x_wconf 72' lang='lat' dir='ltr'><strong>dixisset</strong></span> <span class='ocrx_word' id='word_1_152' title='bbox 3434 894 3563 950; x_wconf 85' lang='lat' dir='ltr'><strong>bea-</strong></span> 
     </span>
    </p>
   </div>
   <div class='ocr_carea' id='block_1_23' title="bbox 1975 974 3567 1053">
    <p class='ocr_par' dir='ltr' id='par_1_23' title="bbox 1975 974 3567 1053">
     <span class='ocr_line' id='line_1_23' title="bbox 1975 974 3567 1053; baseline 0.005 -25"><span class='ocrx_word' id='word_1_153' title='bbox 1975 984 2060 1029; x_wconf 90' lang='lat' dir='ltr'><strong>tus</strong></span> <span class='ocrx_word' id='word_1_154' title='bbox 2090 974 2325 1030; x_wconf 83' lang='lat' dir='ltr'><strong>Joannes</strong></span> <span class='ocrx_word' id='word_1_155' title='bbox 2352 980 2682 1045; x_wconf 85' lang='lat' dir='ltr'><strong>evangelista</strong></span> <span class='ocrx_word' id='word_1_156' title='bbox 2712 981 2986 1037; x_wconf 75' lang='lat' dir='ltr'><strong>deVeI-ho</strong></span> <span class='ocrx_word' id='word_1_157' title='bbox 3028 983 3307 1038; x_wconf 81' lang='lat' dir='ltr'><strong>incarnato</strong></span> <span class='ocrx_word' id='word_1_158' title='bbox 3352 1001 3364 1036; x_wconf 94' lang='lat'>:</span> <span class='ocrx_word' id='word_1_159' title='bbox 3398 982 3467 1037; x_wconf 83' lang='lat' dir='ltr'><strong>Et</strong></span> <span class='ocrx_word' id='word_1_160' title='bbox 3482 984 3567 1053; x_wconf 74' lang='lat' dir='ltr'><strong>pi—</strong></span> 
     </span>
    </p>
   </div>
   <div class='ocr_carea' id='block_1_24' title="bbox 1973 1067 3561 1145">
    <p class='ocr_par' dir='ltr' id='par_1_24' title="bbox 1973 1067 3561 1145">
     <span class='ocr_line' id='line_1_24' title="bbox 1973 1067 3561 1145; baseline 0.006 -24"><span class='ocrx_word' id='word_1_161' title='bbox 1973 1067 2141 1123; x_wconf 79' lang='lat' dir='ltr'><strong>dimus</strong></span> <span class='ocrx_word' id='word_1_162' title='bbox 2196 1069 2417 1140; x_wconf 80' lang='lat' dir='ltr'><strong>gloriam</strong></span> <span class='ocrx_word' id='word_1_163' title='bbox 2466 1073 2598 1141; x_wconf 87' lang='lat' dir='ltr'><strong>ejus,</strong></span> <span class='ocrx_word' id='word_1_164' title='bbox 2628 1073 2850 1144; x_wconf 81' lang='lat' dir='ltr'><strong>gloriam</strong></span> <span class='ocrx_word' id='word_1_165' title='bbox 2876 1077 3023 1144; x_wconf 85' lang='lat' dir='ltr'><strong>quasi</strong></span> <span class='ocrx_word' id='word_1_166' title='bbox 3047 1075 3301 1145; x_wconf 78' lang='lat' dir='ltr'><strong>unigeniti</strong></span> <span class='ocrx_word' id='word_1_167' title='bbox 3322 1093 3356 1127; x_wconf 82' lang='grc' dir='ltr'><strong><em>ιι</em></strong></span> <span class='ocrx_word' id='word_1_168' title='bbox 3377 1074 3561 1143; x_wconf 81' lang='lat' dir='ltr'><strong>Patre,</strong></span> 
     </span>
    </p>
   </div>
   <div class='ocr_carea' id='block_1_25' title="bbox 1971 1160 3591 1241">
    <p class='ocr_par' dir='ltr' id='par_1_25' title="bbox 1971 1160 3591 1241">
     <span class='ocr_line' id='line_1_25' title="bbox 1971 1160 3591 1241; baseline 0.003 -27"><span class='ocrx_word' id='word_1_169' title='bbox 1971 1160 2181 1241; x_wconf 72' lang='lat' dir='ltr'><strong>plenum</strong></span> <span class='ocrx_word' id='word_1_170' title='bbox 2208 1162 2392 1230; x_wconf 77' lang='lat' dir='ltr'><strong>gratia:</strong></span> <span class='ocrx_word' id='word_1_171' title='bbox 2436 1170 2486 1214; x_wconf 86' lang='lat' dir='ltr'><strong>et</strong></span> <span class='ocrx_word' id='word_1_172' title='bbox 2513 1164 2741 1217; x_wconf 73' lang='lat' dir='ltr'><strong>ueritatis</strong></span> <span class='ocrx_word' id='word_1_173' title='bbox 2791 1162 2970 1233; x_wconf 83' lang='lat' dir='ltr'><strong>(Joau.</strong></span> <span class='ocrx_word' id='word_1_174' title='bbox 2991 1180 3029 1228; x_wconf 83' lang='grc' dir='ltr'><strong>ι,</strong></span> <span class='ocrx_word' id='word_1_175' title='bbox 3059 1163 3171 1235; x_wconf 68' lang='lat' dir='ltr'><strong>Li).</strong></span> <span class='ocrx_word' id='word_1_176' title='bbox 3203 1164 3440 1220; x_wconf 88' lang='lat' dir='ltr'><strong>Verbum</strong></span> <span class='ocrx_word' id='word_1_177' title='bbox 3469 1161 3591 1219; x_wconf 45' lang='lat' dir='ltr'><strong>ita?</strong></span> 
     </span>
    </p>
   </div>
   <div class='ocr_carea' id='block_1_26' title="bbox 1972 1250 3558 1327">
    <p class='ocr_par' dir='ltr' id='par_1_26' title="bbox 1972 1250 3558 1327">
     <span class='ocr_line' id='line_1_26' title="bbox 1972 1250 3558 1327; baseline 0.006 -22"><span class='ocrx_word' id='word_1_178' title='bbox 1972 1265 2077 1318; x_wconf 88' lang='lat' dir='ltr'><strong>que</strong></span> <span class='ocrx_word' id='word_1_179' title='bbox 2102 1266 2229 1305; x_wconf 85' lang='lat' dir='ltr'><strong>caro</strong></span> <span class='ocrx_word' id='word_1_180' title='bbox 2259 1250 2454 1306; x_wconf 82' lang='lat' dir='ltr'><strong>factum</strong></span> <span class='ocrx_word' id='word_1_181' title='bbox 2496 1252 2549 1306; x_wconf 93' lang='lat' dir='ltr'><strong>in</strong></span> <span class='ocrx_word' id='word_1_182' title='bbox 2575 1254 2804 1309; x_wconf 84' lang='lat' dir='ltr'><strong>veritate</strong></span> <span class='ocrx_word' id='word_1_183' title='bbox 2824 1255 3059 1310; x_wconf 84' lang='lat' dir='ltr'><strong>humana</strong></span> <span class='ocrx_word' id='word_1_184' title='bbox 3080 1271 3209 1311; x_wconf 81' lang='lat' dir='ltr'><strong>caro</strong></span> <span class='ocrx_word' id='word_1_185' title='bbox 3229 1271 3349 1313; x_wconf 83' lang='lat' dir='ltr'><strong>esse</strong></span> <span class='ocrx_word' id='word_1_186' title='bbox 3374 1257 3558 1327; x_wconf 65' lang='lat' dir='ltr'><strong>coepit,</strong></span> 
     </span>
    </p>
   </div>
   <div class='ocr_carea' id='block_1_27' title="bbox 1972 1342 3562 1411">
    <p class='ocr_par' dir='ltr' id='par_1_27' title="bbox 1972 1342 3562 1411">
     <span class='ocr_line' id='line_1_27' title="bbox 1972 1342 3562 1411; baseline 0.005 -16"><span class='ocrx_word' id='word_1_187' title='bbox 1972 1342 2065 1396; x_wconf 90' lang='lat' dir='ltr'><strong>sed</strong></span> <span class='ocrx_word' id='word_1_188' title='bbox 2095 1342 2148 1396; x_wconf 94' lang='lat' dir='ltr'><strong>in</strong></span> <span class='ocrx_word' id='word_1_189' title='bbox 2178 1342 2407 1397; x_wconf 82' lang='lat' dir='ltr'><strong>veritate</strong></span> <span class='ocrx_word' id='word_1_190' title='bbox 2435 1343 2616 1401; x_wconf 88' lang='lat' dir='ltr'><strong>divina</strong></span> <span class='ocrx_word' id='word_1_191' title='bbox 2648 1343 2881 1400; x_wconf 87' lang='lat' dir='ltr'><strong>Verbum</strong></span> <span class='ocrx_word' id='word_1_192' title='bbox 2933 1361 3053 1401; x_wconf 89' lang='lat' dir='ltr'><strong>esse</strong></span> <span class='ocrx_word' id='word_1_193' title='bbox 3096 1362 3205 1401; x_wconf 85' lang='lat' dir='ltr'><strong>non</strong></span> <span class='ocrx_word' id='word_1_194' title='bbox 3249 1346 3476 1411; x_wconf 83' lang='lat' dir='ltr'><strong>destitit,</strong></span> <span class='ocrx_word' id='word_1_195' title='bbox 3504 1354 3562 1403; x_wconf 82' lang='lat' dir='ltr'><strong>et</strong></span> 
     </span>
    </p>
   </div>
   <div class='ocr_carea' id='block_1_28' title="bbox 1969 1434 3561 1517">
    <p class='ocr_par' dir='ltr' id='par_1_28' title="bbox 1969 1434 3561 1517">
     <span class='ocr_line' id='line_1_28' title="bbox 1969 1434 3561 1517; baseline 0.003 -29"><span class='ocrx_word' id='word_1_196' title='bbox 1969 1434 2330 1504; x_wconf 87' lang='lat' dir='ltr'><strong>suseeptionis</strong></span> <span class='ocrx_word' id='word_1_197' title='bbox 2388 1450 2454 1502; x_wconf 74' lang='lat' dir='ltr'><strong>ac</strong></span> <span class='ocrx_word' id='word_1_198' title='bbox 2510 1435 2896 1505; x_wconf 83' lang='lat' dir='ltr'><strong>redemptionis</strong></span> <span class='ocrx_word' id='word_1_199' title='bbox 2945 1438 3191 1493; x_wconf 80' lang='lat' dir='ltr'><strong>humanre</strong></span> <span class='ocrx_word' id='word_1_200' title='bbox 3245 1439 3561 1517; x_wconf 73' lang='lat' dir='ltr'><strong>mysterium</strong></span> 
     </span>
    </p>
   </div>
   <div class='ocr_carea' id='block_1_29' title="bbox 1927 1516 3562 1607">
    <p class='ocr_par' dir='ltr' id='par_1_29' title="bbox 1927 1516 3562 1607">
     <span class='ocr_line' id='line_1_29' title="bbox 1927 1516 3562 1607; baseline 0.004 -29"><span class='ocrx_word' id='word_1_201' title='bbox 1927 1516 1937 1526; x_wconf 81' lang='grc'><strong>’</strong></span> <span class='ocrx_word' id='word_1_202' title='bbox 1971 1525 2094 1580; x_wconf 90' lang='lat' dir='ltr'><strong>ideo</strong></span> <span class='ocrx_word' id='word_1_203' title='bbox 2121 1522 2416 1582; x_wconf 83' lang='lat' dir='ltr'><strong>efﬁcaciter</strong></span> <span class='ocrx_word' id='word_1_204' title='bbox 2444 1528 2654 1596; x_wconf 75' lang='lat' dir='ltr'><strong>peregit</strong></span> <span class='ocrx_word' id='word_1_205' title='bbox 2680 1527 3060 1598; x_wconf 80' lang='lat' dir='ltr'><strong>Redemptoris</strong></span> <span class='ocrx_word' id='word_1_206' title='bbox 3114 1529 3209 1585; x_wconf 84' lang='lat' dir='ltr'><strong>Dei</strong></span> <span class='ocrx_word' id='word_1_207' title='bbox 3246 1516 3562 1607; x_wconf 71' lang='lat' dir='ltr'><strong>admiranda</strong></span> 
     </span>
    </p>
   </div>
   <div class='ocr_carea' id='block_1_30' title="bbox 1970 1620 3565 1691">
    <p class='ocr_par' dir='ltr' id='par_1_30' title="bbox 1970 1620 3565 1691">
     <span class='ocr_line' id='line_1_30' title="bbox 1970 1620 3565 1691; baseline 0.002 -15"><span class='ocrx_word' id='word_1_208' title='bbox 1970 1620 2297 1690; x_wconf 77' lang='lat' dir='ltr'><strong>benignitas,</strong></span> <span class='ocrx_word' id='word_1_209' title='bbox 2327 1622 2454 1691; x_wconf 88' lang='lat' dir='ltr'><strong>quia</strong></span> <span class='ocrx_word' id='word_1_210' title='bbox 2504 1635 2606 1677; x_wconf 86' lang='lat' dir='ltr'><strong>nec</strong></span> <span class='ocrx_word' id='word_1_211' title='bbox 2655 1622 3031 1678; x_wconf 84' lang='lat' dir='ltr'><strong>mutabilitatis</strong></span> <span class='ocrx_word' id='word_1_212' title='bbox 3059 1637 3162 1679; x_wconf 89' lang='lat' dir='ltr'><strong>nec</strong></span> <span class='ocrx_word' id='word_1_213' title='bbox 3189 1622 3565 1685; x_wconf 80' lang='lat' dir='ltr'><strong>diminutionls</strong></span> 
     </span>
    </p>
   </div>
   <div class='ocr_carea' id='block_1_31' title="bbox 1969 1713 3433 1783">
    <p class='ocr_par' dir='ltr' id='par_1_31' title="bbox 1969 1713 3433 1783">
     <span class='ocr_line' id='line_1_31' title="bbox 1969 1713 3433 1783; baseline 0.003 -16"><span class='ocrx_word' id='word_1_214' title='bbox 1969 1727 2202 1781; x_wconf 85' lang='lat' dir='ltr'><strong>unquam</strong></span> <span class='ocrx_word' id='word_1_215' title='bbox 2223 1713 2493 1782; x_wconf 76' lang='lat' dir='ltr'><strong>receptrix</strong></span> <span class='ocrx_word' id='word_1_216' title='bbox 2521 1728 2641 1768; x_wconf 86' lang='lat' dir='ltr'><strong>esse</strong></span> <span class='ocrx_word' id='word_1_217' title='bbox 2669 1714 2846 1783; x_wconf 86' lang='lat' dir='ltr'><strong>potuit</strong></span> <span class='ocrx_word' id='word_1_218' title='bbox 2872 1713 3053 1769; x_wconf 85' lang='lat' dir='ltr'><strong>divina</strong></span> <span class='ocrx_word' id='word_1_219' title='bbox 3083 1714 3357 1783; x_wconf 76' lang='lat' dir='ltr'><strong>maiestas.</strong></span> <span class='ocrx_word' id='word_1_220' title='bbox 3426 1764 3433 1771; x_wconf 92' lang='lat'><strong>.</strong></span> 
     </span>
    </p>
   </div>
   <div class='ocr_carea' id='block_1_32' title="bbox 2039 1800 3558 1877">
    <p class='ocr_par' dir='ltr' id='par_1_32' title="bbox 2039 1800 3558 1877">
     <span class='ocr_line' id='line_1_32' title="bbox 2039 1800 3558 1877; baseline 0.003 -19"><span class='ocrx_word' id='word_1_221' title='bbox 2039 1803 2092 1858; x_wconf 71' lang='grc'><strong>4.</strong></span> <span class='ocrx_word' id='word_1_222' title='bbox 2142 1804 2377 1875; x_wconf 78' lang='lat' dir='ltr'><strong>Verbum</strong></span> <span class='ocrx_word' id='word_1_223' title='bbox 2399 1806 2564 1873; x_wconf 81' lang='lat' dir='ltr'><strong>igitur</strong></span> <span class='ocrx_word' id='word_1_224' title='bbox 2585 1805 2703 1874; x_wconf 82' lang='lat' dir='ltr'><strong>Dei,</strong></span> <span class='ocrx_word' id='word_1_225' title='bbox 2729 1806 2980 1877; x_wconf 76' lang='lat' dir='ltr'><strong>idemque</strong></span> <span class='ocrx_word' id='word_1_226' title='bbox 3001 1807 3237 1863; x_wconf 85' lang='lat' dir='ltr'><strong>Verbum</strong></span> <span class='ocrx_word' id='word_1_227' title='bbox 3265 1805 3428 1870; x_wconf 85' lang='lat' dir='ltr'><strong>Deus.</strong></span> <span class='ocrx_word' id='word_1_228' title='bbox 3452 1800 3558 1873; x_wconf 79' lang='lat' dir='ltr'><strong>bu.-</strong></span> 
     </span>
    </p>
   </div>
   <div class='ocr_carea' id='block_1_33' title="bbox 248 1890 3562 1972">
    <p class='ocr_par' dir='ltr' id='par_1_33' title="bbox 248 1890 3562 1972">
     <span class='ocr_line' id='line_1_33' title="bbox 248 1890 3562 1972; baseline -0.004 -17"><span class='ocrx_word' id='word_1_229' title='bbox 248 1902 516 1972; x_wconf 64' lang='lat' dir='ltr'><strong>apparuit</strong></span> <span class='ocrx_word' id='word_1_230' title='bbox 558 1898 780 1969; x_wconf 84' lang='lat' dir='ltr'><strong>angelis,</strong></span> <span class='ocrx_word' id='word_1_231' title='bbox 811 1894 1150 1966; x_wconf 70' lang='lat' dir='ltr'><strong>pradicatum</strong></span> <span class='ocrx_word' id='word_1_232' title='bbox 1201 1902 1279 1947; x_wconf 82' lang='lat' dir='ltr'><strong>est</strong></span> <span class='ocrx_word' id='word_1_233' title='bbox 1325 1890 1578 1963; x_wconf 83' lang='lat' dir='ltr'><strong>gentibus,</strong></span> <span class='ocrx_word' id='word_1_234' title='bbox 1618 1890 1866 1944; x_wconf 80' lang='lat' dir='ltr'><strong>creditum</strong></span> <span class='ocrx_word' id='word_1_235' title='bbox 1904 1902 1943 1958; x_wconf 72' lang='grc' dir='ltr'><strong>Β</strong></span> <span class='ocrx_word' id='word_1_236' title='bbox 1968 1912 2184 1952; x_wconf 70' lang='lat' dir='ltr'><strong>mannm</strong></span> <span class='ocrx_word' id='word_1_237' title='bbox 2213 1911 2428 1952; x_wconf 78' lang='lat' dir='ltr'><strong>carnem</strong></span> <span class='ocrx_word' id='word_1_238' title='bbox 2451 1897 2517 1951; x_wconf 79' lang='lat' dir='ltr'><strong>de</strong></span> <span class='ocrx_word' id='word_1_239' title='bbox 2539 1912 2704 1953; x_wconf 63' lang='lat' dir='ltr'><strong>carni;</strong></span> <span class='ocrx_word' id='word_1_240' title='bbox 2744 1898 2936 1957; x_wconf 63' lang='lat' dir='ltr'><strong>matris</strong></span> <span class='ocrx_word' id='word_1_241' title='bbox 2963 1897 3259 1967; x_wconf 40' lang='lat' dir='ltr'><strong>accipieas‘</strong></span> <span class='ocrx_word' id='word_1_242' title='bbox 3277 1898 3355 1961; x_wconf 54' lang='lat' dir='ltr'><strong>sic</strong></span> <span class='ocrx_word' id='word_1_243' title='bbox 3376 1898 3562 1967; x_wconf 60' lang='lat' dir='ltr'><strong>“liqua</strong></span> 
     </span>
    </p>
   </div>
   <div class='ocr_carea' id='block_1_34' title="bbox 254 1979 1864 2055">
    <p class='ocr_par' dir='ltr' id='par_1_34' title="bbox 254 1979 1864 2055">
     <span class='ocr_line' id='line_1_34' title="bbox 254 1979 1864 2055; baseline -0.009 -8"><span class='ocrx_word' id='word_1_244' title='bbox 254 2003 347 2047; x_wconf 73' lang='lat' dir='ltr'><strong>est</strong></span> <span class='ocrx_word' id='word_1_245' title='bbox 368 1993 426 2047; x_wconf 87' lang='lat' dir='ltr'><strong>in</strong></span> <span class='ocrx_word' id='word_1_246' title='bbox 448 1991 545 2044; x_wconf 79' lang='lat' dir='ltr'><strong>hoc</strong></span> <span class='ocrx_word' id='word_1_247' title='bbox 564 1988 778 2053; x_wconf 84' lang='lat' dir='ltr'><strong>mundo,</strong></span> <span class='ocrx_word' id='word_1_248' title='bbox 809 1993 1131 2055; x_wconf 80' lang='lat' dir='ltr'><strong>assumptum</strong></span> <span class='ocrx_word' id='word_1_249' title='bbox 1150 1994 1227 2038; x_wconf 88' lang='lat' dir='ltr'><strong>est</strong></span> <span class='ocrx_word' id='word_1_250' title='bbox 1261 1984 1316 2037; x_wconf 92' lang='lat' dir='ltr'><strong>iu</strong></span> <span class='ocrx_word' id='word_1_251' title='bbox 1344 1982 1515 2053; x_wconf 83' lang='lat' dir='ltr'><strong>gloria</strong></span> <span class='ocrx_word' id='word_1_252' title='bbox 1543 1979 1597 2052; x_wconf 91' lang='lat' dir='ltr'><strong>(I</strong></span> <span class='ocrx_word' id='word_1_253' title='bbox 1631 1979 1763 2049; x_wconf 68' lang='lat' dir='ltr'><strong>Tim.</strong></span> <span class='ocrx_word' id='word_1_254' title='bbox 1788 1996 1864 2042; x_wconf 83' lang='grc' dir='ltr'><strong>ιιι,</strong></span> 
     </span>
    </p>
   </div>
   <div class='ocr_carea' id='block_1_35' title="bbox 253 2070 1863 2153">
    <p class='ocr_par' dir='ltr' id='par_1_35' title="bbox 253 2070 1863 2153">
     <span class='ocr_line' id='line_1_35' title="bbox 253 2070 1863 2153; baseline -0.007 -17"><span class='ocrx_word' id='word_1_255' title='bbox 253 2082 357 2153; x_wconf 74' lang='grc'><strong>16)</strong></span> <span class='ocrx_word' id='word_1_256' title='bbox 396 2101 409 2135; x_wconf 86' lang='lat'><strong>:</strong></span> <span class='ocrx_word' id='word_1_257' title='bbox 437 2082 567 2153; x_wconf 80' lang='lat' dir='ltr'><strong>&#39;quia</strong></span> <span class='ocrx_word' id='word_1_258' title='bbox 612 2080 819 2135; x_wconf 87' lang='lat' dir='ltr'><strong>scilicet</strong></span> <span class='ocrx_word' id='word_1_259' title='bbox 851 2078 1104 2140; x_wconf 83' lang='lat' dir='ltr'><strong>Verbum,</strong></span> <span class='ocrx_word' id='word_1_260' title='bbox 1137 2075 1280 2146; x_wconf 88' lang='lat' dir='ltr'><strong>quod</strong></span> <span class='ocrx_word' id='word_1_261' title='bbox 1312 2070 1366 2128; x_wconf 86' lang='lat' dir='ltr'><strong>in</strong></span> <span class='ocrx_word' id='word_1_262' title='bbox 1428 2072 1691 2143; x_wconf 91' lang='lat' dir='ltr'><strong>principio</strong></span> <span class='ocrx_word' id='word_1_263' title='bbox 1724 2078 1863 2139; x_wconf 88' lang='lat' dir='ltr'><strong>erat,</strong></span> 
     </span>
    </p>
   </div>
   <div class='ocr_carea' id='block_1_36' title="bbox 247 2162 1864 2245">
    <p class='ocr_par' dir='ltr' id='par_1_36' title="bbox 247 2162 1864 2245">
     <span class='ocr_line' id='line_1_36' title="bbox 247 2162 1864 2245; baseline -0.007 -15"><span class='ocrx_word' id='word_1_264' title='bbox 247 2182 316 2230; x_wconf 77' lang='lat' dir='ltr'><strong>et</strong></span> <span class='ocrx_word' id='word_1_265' title='bbox 346 2173 495 2245; x_wconf 84' lang='lat' dir='ltr'><strong>apud</strong></span> <span class='ocrx_word' id='word_1_266' title='bbox 521 2172 691 2226; x_wconf 85' lang='lat' dir='ltr'><strong>Deum</strong></span> <span class='ocrx_word' id='word_1_267' title='bbox 719 2177 855 2233; x_wconf 86' lang='lat' dir='ltr'><strong>erat,</strong></span> <span class='ocrx_word' id='word_1_268' title='bbox 883 2176 940 2223; x_wconf 84' lang='lat' dir='ltr'><strong>et</strong></span> <span class='ocrx_word' id='word_1_269' title='bbox 976 2168 1118 2223; x_wconf 89' lang='lat' dir='ltr'><strong>Deus</strong></span> <span class='ocrx_word' id='word_1_270' title='bbox 1156 2176 1276 2223; x_wconf 89' lang='lat' dir='ltr'><strong>erat</strong></span> <span class='ocrx_word' id='word_1_271' title='bbox 1294 2178 1351 2231; x_wconf 47' lang='grc' dir='ltr'><strong>νη,</strong></span> <span class='ocrx_word' id='word_1_272' title='bbox 1372 2166 1431 2220; x_wconf 86' lang='lat' dir='ltr'><strong>id</strong></span> <span class='ocrx_word' id='word_1_273' title='bbox 1459 2174 1542 2235; x_wconf 82' lang='lat' dir='ltr'><strong>est</strong></span> <span class='ocrx_word' id='word_1_274' title='bbox 1571 2165 1665 2238; x_wconf 89' lang='lat' dir='ltr'><strong>(al.</strong></span> <span class='ocrx_word' id='word_1_275' title='bbox 1699 2162 1864 2231; x_wconf 89' lang='lat' dir='ltr'><strong>idem)</strong></span> 
     </span>
    </p>
   </div>
   <div class='ocr_carea' id='block_1_37' title="bbox 251 2256 1869 2332">
    <p class='ocr_par' dir='ltr' id='par_1_37' title="bbox 251 2256 1869 2332">
     <span class='ocr_line' id='line_1_37' title="bbox 251 2256 1869 2332; baseline -0.008 -10"><span class='ocrx_word' id='word_1_276' title='bbox 251 2265 360 2322; x_wconf 85' lang='lat' dir='ltr'><strong>Dei</strong></span> <span class='ocrx_word' id='word_1_277' title='bbox 382 2263 701 2332; x_wconf 82' lang='lat' dir='ltr'><strong>Unigenitus</strong></span> <span class='ocrx_word' id='word_1_278' title='bbox 725 2261 906 2326; x_wconf 81' lang='lat' dir='ltr'><strong>Filius,</strong></span> <span class='ocrx_word' id='word_1_279' title='bbox 931 2260 1137 2328; x_wconf 81' lang='lat' dir='ltr'><strong>Deique</strong></span> <span class='ocrx_word' id='word_1_280' title='bbox 1161 2260 1347 2325; x_wconf 89' lang='lat' dir='ltr'><strong>virtus,</strong></span> <span class='ocrx_word' id='word_1_281' title='bbox 1371 2264 1430 2314; x_wconf 89' lang='lat' dir='ltr'><strong>et</strong></span> <span class='ocrx_word' id='word_1_282' title='bbox 1452 2256 1738 2328; x_wconf 86' lang='lat' dir='ltr'><strong>sapientia,</strong></span> <span class='ocrx_word' id='word_1_283' title='bbox 1772 2270 1869 2325; x_wconf 87' lang='lat' dir='ltr'><strong>per</strong></span> 
     </span>
    </p>
   </div>
   <div class='ocr_carea' id='block_1_38' title="bbox 251 2348 1867 2425">
    <p class='ocr_par' dir='ltr' id='par_1_38' title="bbox 251 2348 1867 2425">
     <span class='ocr_line' id='line_1_38' title="bbox 251 2348 1867 2425; baseline -0.008 -13"><span class='ocrx_word' id='word_1_284' title='bbox 251 2371 449 2425; x_wconf 84' lang='lat' dir='ltr'><strong>quem,</strong></span> <span class='ocrx_word' id='word_1_285' title='bbox 481 2362 536 2410; x_wconf 82' lang='lat' dir='ltr'><strong>et</strong></span> <span class='ocrx_word' id='word_1_286' title='bbox 576 2353 635 2408; x_wconf 89' lang='lat' dir='ltr'><strong>in</strong></span> <span class='ocrx_word' id='word_1_287' title='bbox 678 2368 788 2421; x_wconf 87' lang='lat' dir='ltr'><strong>quo</strong></span> <span class='ocrx_word' id='word_1_288' title='bbox 826 2350 964 2413; x_wconf 87' lang='lat' dir='ltr'><strong>facta</strong></span> <span class='ocrx_word' id='word_1_289' title='bbox 992 2358 1119 2409; x_wconf 85' lang='lat' dir='ltr'><strong>sunt</strong></span> <span class='ocrx_word' id='word_1_290' title='bbox 1144 2350 1349 2411; x_wconf 87' lang='lat' dir='ltr'><strong>omnia,</strong></span> <span class='ocrx_word' id='word_1_291' title='bbox 1373 2361 1429 2404; x_wconf 89' lang='lat' dir='ltr'><strong>et</strong></span> <span class='ocrx_word' id='word_1_292' title='bbox 1470 2349 1588 2403; x_wconf 87' lang='lat' dir='ltr'><strong>sine</strong></span> <span class='ocrx_word' id='word_1_293' title='bbox 1612 2361 1720 2416; x_wconf 89' lang='lat' dir='ltr'><strong>quo</strong></span> <span class='ocrx_word' id='word_1_294' title='bbox 1752 2348 1867 2421; x_wconf 85' lang='lat' dir='ltr'><strong>fae-</strong></span> 
     </span>
    </p>
   </div>
   <div class='ocr_carea' id='block_1_39' title="bbox 253 2440 1861 2512">
    <p class='ocr_par' dir='ltr' id='par_1_39' title="bbox 253 2440 1861 2512">
     <span class='ocr_line' id='line_1_39' title="bbox 253 2440 1861 2512; baseline -0.006 -11"><span class='ocrx_word' id='word_1_295' title='bbox 253 2459 377 2502; x_wconf 81' lang='lat' dir='ltr'><strong>tum</strong></span> <span class='ocrx_word' id='word_1_296' title='bbox 428 2454 517 2503; x_wconf 89' lang='lat' dir='ltr'><strong>est</strong></span> <span class='ocrx_word' id='word_1_297' title='bbox 567 2446 720 2509; x_wconf 87' lang='lat' dir='ltr'><strong>nihil,</strong></span> <span class='ocrx_word' id='word_1_298' title='bbox 770 2443 911 2499; x_wconf 86' lang='lat' dir='ltr'><strong>idem</strong></span> <span class='ocrx_word' id='word_1_299' title='bbox 964 2442 1060 2512; x_wconf 83' lang='lat' dir='ltr'><strong>(at.</strong></span> <span class='ocrx_word' id='word_1_300' title='bbox 1094 2441 1147 2496; x_wconf 85' lang='lat' dir='ltr'><strong>id</strong></span> <span class='ocrx_word' id='word_1_301' title='bbox 1190 2440 1486 2510; x_wconf 80' lang='lat' dir='ltr'><strong>est),De;ts</strong></span> <span class='ocrx_word' id='word_1_302' title='bbox 1533 2440 1861 2511; x_wconf 77' lang='lat' dir='ltr'><strong>unigenitus,</strong></span> 
     </span>
    </p>
   </div>
   <div class='ocr_carea' id='block_1_40' title="bbox 253 2531 1863 2601">
    <p class='ocr_par' dir='ltr' id='par_1_40' title="bbox 253 2531 1863 2601">
     <span class='ocr_line' id='line_1_40' title="bbox 253 2531 1863 2601; baseline -0.009 -5"><span class='ocrx_word' id='word_1_303' title='bbox 253 2555 386 2596; x_wconf 82' lang='lat' dir='ltr'><strong>cum</strong></span> <span class='ocrx_word' id='word_1_304' title='bbox 415 2539 468 2592; x_wconf 93' lang='lat' dir='ltr'><strong>in</strong></span> <span class='ocrx_word' id='word_1_305' title='bbox 496 2536 667 2593; x_wconf 81' lang='lat' dir='ltr'><strong>forma</strong></span> <span class='ocrx_word' id='word_1_306' title='bbox 696 2535 790 2589; x_wconf 87' lang='lat' dir='ltr'><strong>Dei</strong></span> <span class='ocrx_word' id='word_1_307' title='bbox 813 2541 973 2595; x_wconf 82' lang='lat' dir='ltr'><strong>esset,</strong></span> <span class='ocrx_word' id='word_1_308' title='bbox 1009 2533 1060 2587; x_wconf 90' lang='lat' dir='ltr'><strong>id</strong></span> <span class='ocrx_word' id='word_1_309' title='bbox 1085 2541 1187 2597; x_wconf 82' lang='lat' dir='ltr'><strong>est,</strong></span> <span class='ocrx_word' id='word_1_310' title='bbox 1221 2548 1342 2587; x_wconf 89' lang='lat' dir='ltr'><strong>cum</strong></span> <span class='ocrx_word' id='word_1_311' title='bbox 1370 2531 1594 2601; x_wconf 71' lang='lat' dir='ltr'><strong>mqualis</strong></span> <span class='ocrx_word' id='word_1_312' title='bbox 1619 2546 1714 2599; x_wconf 89' lang='lat' dir='ltr'><strong>per</strong></span> <span class='ocrx_word' id='word_1_313' title='bbox 1742 2545 1863 2583; x_wconf 86' lang='lat' dir='ltr'><strong>om-</strong></span> 
     </span>
    </p>
   </div>
   <div class='ocr_carea' id='block_1_41' title="bbox 254 2625 1866 2700">
    <p class='ocr_par' dir='ltr' id='par_1_41' title="bbox 254 2625 1866 2700">
     <span class='ocr_line' id='line_1_41' title="bbox 254 2625 1866 2700; baseline -0.006 -13"><span class='ocrx_word' id='word_1_314' title='bbox 254 2633 350 2689; x_wconf 83' lang='lat' dir='ltr'><strong>nia</strong></span> <span class='ocrx_word' id='word_1_315' title='bbox 379 2629 613 2700; x_wconf 79' lang='lat' dir='ltr'><strong>genitori</strong></span> <span class='ocrx_word' id='word_1_316' title='bbox 638 2628 899 2684; x_wconf 84' lang='lat' dir='ltr'><strong>unitatem</strong></span> <span class='ocrx_word' id='word_1_317' title='bbox 933 2642 1057 2681; x_wconf 87' lang='lat' dir='ltr'><strong>cum</strong></span> <span class='ocrx_word' id='word_1_318' title='bbox 1082 2641 1149 2680; x_wconf 90' lang='lat' dir='ltr'><strong>eo</strong></span> <span class='ocrx_word' id='word_1_319' title='bbox 1179 2625 1441 2680; x_wconf 86' lang='lat' dir='ltr'><strong>naturalis</strong></span> <span class='ocrx_word' id='word_1_320' title='bbox 1467 2626 1715 2680; x_wconf 86' lang='lat' dir='ltr'><strong>essenti.c</strong></span> <span class='ocrx_word' id='word_1_321' title='bbox 1740 2639 1866 2693; x_wconf 79' lang='lat' dir='ltr'><strong>pos—</strong></span> 
     </span>
    </p>
   </div>
   <div class='ocr_carea' id='block_1_42' title="bbox 254 2718 1862 2790">
    <p class='ocr_par' dir='ltr' id='par_1_42' title="bbox 254 2718 1862 2790">
     <span class='ocr_line' id='line_1_42' title="bbox 254 2718 1862 2790; baseline -0.005 -11"><span class='ocrx_word' id='word_1_322' title='bbox 254 2723 491 2790; x_wconf 79' lang='lat' dir='ltr'><strong>sideret,</strong></span> <span class='ocrx_word' id='word_1_323' title='bbox 517 2721 656 2777; x_wconf 82' lang='lat' dir='ltr'><strong>etin</strong></span> <span class='ocrx_word' id='word_1_324' title='bbox 680 2734 745 2776; x_wconf 86' lang='lat' dir='ltr'><strong>ea</strong></span> <span class='ocrx_word' id='word_1_325' title='bbox 786 2726 977 2775; x_wconf 80' lang='lat' dir='ltr'><strong>natura</strong></span> <span class='ocrx_word' id='word_1_326' title='bbox 1009 2733 1171 2786; x_wconf 89' lang='lat' dir='ltr'><strong>quam</strong></span> <span class='ocrx_word' id='word_1_327' title='bbox 1213 2718 1575 2787; x_wconf 86' lang='lat' dir='ltr'><strong>sempiternus</strong></span> <span class='ocrx_word' id='word_1_328' title='bbox 1606 2718 1769 2781; x_wconf 83' lang='lat' dir='ltr'><strong>habet</strong></span> <span class='ocrx_word' id='word_1_329' title='bbox 1796 2732 1862 2771; x_wconf 75' lang='lat' dir='ltr'><strong>cs</strong></span> 
     </span>
    </p>
   </div>
   <div class='ocr_carea' id='block_1_43' title="bbox 256 2806 1857 2883">
    <p class='ocr_par' dir='ltr' id='par_1_43' title="bbox 256 2806 1857 2883">
     <span class='ocr_line' id='line_1_43' title="bbox 256 2806 1857 2883; baseline -0.007 -12"><span class='ocrx_word' id='word_1_330' title='bbox 256 2815 450 2883; x_wconf 84' lang='lat' dir='ltr'><strong>Patre,</strong></span> <span class='ocrx_word' id='word_1_331' title='bbox 471 2814 579 2870; x_wconf 88' lang='lat' dir='ltr'><strong>hoc</strong></span> <span class='ocrx_word' id='word_1_332' title='bbox 624 2812 768 2882; x_wconf 87' lang='lat' dir='ltr'><strong>quod</strong></span> <span class='ocrx_word' id='word_1_333' title='bbox 824 2810 1145 2865; x_wconf 79' lang='lat' dir='ltr'><strong>naturaliter</strong></span> <span class='ocrx_word' id='word_1_334' title='bbox 1190 2808 1351 2864; x_wconf 88' lang='lat' dir='ltr'><strong>Pater</strong></span> <span class='ocrx_word' id='word_1_335' title='bbox 1405 2819 1507 2874; x_wconf 87' lang='lat' dir='ltr'><strong>est,</strong></span> <span class='ocrx_word' id='word_1_336' title='bbox 1538 2807 1590 2862; x_wconf 95' lang='lat' dir='ltr'><strong>id</strong></span> <span class='ocrx_word' id='word_1_337' title='bbox 1639 2816 1722 2862; x_wconf 87' lang='lat' dir='ltr'><strong>est</strong></span> <span class='ocrx_word' id='word_1_338' title='bbox 1764 2806 1857 2877; x_wconf 91' lang='lat' dir='ltr'><strong>(al.</strong></span> 
     </span>
    </p>
   </div>
   <div class='ocr_carea' id='block_1_44' title="bbox 259 2892 1861 2982">
    <p class='ocr_par' dir='ltr' id='par_1_44' title="bbox 259 2892 1861 2982">
     <span class='ocr_line' id='line_1_44' title="bbox 259 2892 1861 2982; baseline -0.008 -17"><span class='ocrx_word' id='word_1_339' title='bbox 259 2910 431 2982; x_wconf 86' lang='lat' dir='ltr'><strong>idem)</strong></span> <span class='ocrx_word' id='word_1_340' title='bbox 457 2910 597 2964; x_wconf 89' lang='lat' dir='ltr'><strong>Deus</strong></span> <span class='ocrx_word' id='word_1_341' title='bbox 615 2922 796 2973; x_wconf 84' lang='lat' dir='ltr'><strong>verus,</strong></span> <span class='ocrx_word' id='word_1_342' title='bbox 819 2921 1081 2967; x_wconf 77' lang='lat' dir='ltr'><strong>summus,</strong></span> <span class='ocrx_word' id='word_1_343' title='bbox 1113 2904 1670 2970; x_wconf 87' lang='lat' dir='ltr'><strong>incommutabilisque</strong></span> <span class='ocrx_word' id='word_1_344' title='bbox 1697 2892 1861 2964; x_wconf 70' lang='lat' dir='ltr'><strong>esset,</strong></span> 
     </span>
    </p>
   </div>
   <div class='ocr_carea' id='block_1_45' title="bbox 261 2977 1879 3073">
    <p class='ocr_par' dir='ltr' id='par_1_45' title="bbox 261 2977 1879 3073">
     <span class='ocr_line' id='line_1_45' title="bbox 261 2977 1879 3073; baseline -0.009 -13"><span class='ocrx_word' id='word_1_345' title='bbox 261 2977 440 3073; x_wconf 85' lang='lat' dir='ltr'><strong>neque</strong></span> <span class='ocrx_word' id='word_1_346' title='bbox 471 3004 634 3073; x_wconf 69' lang='lat'><strong>298</strong></span> <span class='ocrx_word' id='word_1_347' title='bbox 655 3000 794 3054; x_wconf 85' lang='lat' dir='ltr'><strong>alter</strong></span> <span class='ocrx_word' id='word_1_348' title='bbox 819 3014 849 3051; x_wconf 89' lang='lat' dir='ltr'><strong>a</strong></span> <span class='ocrx_word' id='word_1_349' title='bbox 882 2997 1045 3052; x_wconf 86' lang='lat' dir='ltr'><strong>Patre</strong></span> <span class='ocrx_word' id='word_1_350' title='bbox 1074 2997 1235 3060; x_wconf 88' lang='lat' dir='ltr'><strong>Dens,</strong></span> <span class='ocrx_word' id='word_1_351' title='bbox 1260 2995 1353 3051; x_wconf 82' lang='lat' dir='ltr'><strong>sed</strong></span> <span class='ocrx_word' id='word_1_352' title='bbox 1384 3003 1636 3050; x_wconf 87' lang='lat' dir='ltr'><strong>manente</strong></span> <span class='ocrx_word' id='word_1_353' title='bbox 1670 2977 1879 3063; x_wconf 39' lang='lat' dir='ltr'><strong>persp-5</strong></span> 
     </span>
    </p>
   </div>
   <div class='ocr_carea' id='block_1_46' title="bbox 261 3074 1858 3156">
    <p class='ocr_par' dir='ltr' id='par_1_46' title="bbox 261 3074 1858 3156">
     <span class='ocr_line' id='line_1_46' title="bbox 261 3074 1858 3156; baseline -0.008 -7"><span class='ocrx_word' id='word_1_354' title='bbox 261 3093 372 3149; x_wconf 87' lang='lat' dir='ltr'><strong>nali</strong></span> <span class='ocrx_word' id='word_1_355' title='bbox 384 3091 735 3156; x_wconf 84' lang='lat' dir='ltr'><strong>discretione,</strong></span> <span class='ocrx_word' id='word_1_356' title='bbox 748 3103 885 3142; x_wconf 90' lang='lat' dir='ltr'><strong>unus</strong></span> <span class='ocrx_word' id='word_1_357' title='bbox 900 3074 1350 3142; x_wconf 73' lang='lat' dir='ltr'><strong>naturaliter’cum</strong></span> <span class='ocrx_word' id='word_1_358' title='bbox 1364 3085 1525 3140; x_wconf 83' lang='lat' dir='ltr'><strong>Patre</strong></span> <span class='ocrx_word' id='word_1_359' title='bbox 1539 3086 1681 3145; x_wconf 88' lang='lat' dir='ltr'><strong>Deus</strong></span> <span class='ocrx_word' id='word_1_360' title='bbox 1694 3093 1858 3148; x_wconf 81' lang='lat' dir='ltr'><strong>esset,</strong></span> 
     </span>
    </p>
   </div>
   <div class='ocr_carea' id='block_1_47' title="bbox 263 3159 1864 3251">
    <p class='ocr_par' dir='ltr' id='par_1_47' title="bbox 263 3159 1864 3251">
     <span class='ocr_line' id='line_1_47' title="bbox 263 3159 1864 3251; baseline -0.005 -12"><span class='ocrx_word' id='word_1_361' title='bbox 263 3184 553 3239; x_wconf 87' lang='lat' dir='ltr'><strong>necminor</strong></span> <span class='ocrx_word' id='word_1_362' title='bbox 570 3180 796 3251; x_wconf 73' lang='lat' dir='ltr'><strong>scilicet,</strong></span> <span class='ocrx_word' id='word_1_363' title='bbox 819 3194 919 3233; x_wconf 89' lang='lat' dir='ltr'><strong>nec</strong></span> <span class='ocrx_word' id='word_1_364' title='bbox 938 3178 1205 3248; x_wconf 76' lang='lat' dir='ltr'><strong>posterior</strong></span> <span class='ocrx_word' id='word_1_365' title='bbox 1220 3159 1397 3238; x_wconf 79' lang='lat' dir='ltr'><strong>Patre,</strong></span> <span class='ocrx_word' id='word_1_366' title='bbox 1419 3192 1519 3232; x_wconf 88' lang='lat' dir='ltr'><strong>nec</strong></span> <span class='ocrx_word' id='word_1_367' title='bbox 1533 3176 1757 3231; x_wconf 65' lang='lat' dir='ltr'><strong>diversa:</strong></span> <span class='ocrx_word' id='word_1_368' title='bbox 1774 3191 1864 3244; x_wconf 88' lang='lat' dir='ltr'><strong>po-</strong></span> 
     </span>
    </p>
   </div>
   <div class='ocr_carea' id='block_1_48' title="bbox 1971 1985 3560 2056">
    <p class='ocr_par' dir='ltr' id='par_1_48' title="bbox 1971 1985 3560 2056">
     <span class='ocr_line' id='line_1_48' title="bbox 1971 1985 3560 2056; baseline 0.001 -16"><span class='ocrx_word' id='word_1_369' title='bbox 1971 1986 2197 2043; x_wconf 83' lang='lat' dir='ltr'><strong>formam</strong></span> <span class='ocrx_word' id='word_1_370' title='bbox 2246 1988 2388 2042; x_wconf 89' lang='lat' dir='ltr'><strong>servi</strong></span> <span class='ocrx_word' id='word_1_371' title='bbox 2442 1988 2671 2056; x_wconf 86' lang='lat' dir='ltr'><strong>accepit,</strong></span> <span class='ocrx_word' id='word_1_372' title='bbox 2699 1996 2756 2041; x_wconf 91' lang='lat' dir='ltr'><strong>ut</strong></span> <span class='ocrx_word' id='word_1_373' title='bbox 2799 2002 3123 2056; x_wconf 84' lang='lat' dir='ltr'><strong>permanens</strong></span> <span class='ocrx_word' id='word_1_374' title='bbox 3142 1988 3196 2042; x_wconf 91' lang='lat' dir='ltr'><strong>in</strong></span> <span class='ocrx_word' id='word_1_375' title='bbox 3227 1986 3398 2051; x_wconf 77' lang='lat' dir='ltr'><strong>forma</strong></span> <span class='ocrx_word' id='word_1_376' title='bbox 3442 1985 3560 2049; x_wconf 85' lang='lat' dir='ltr'><strong>Dei,</strong></span> 
     </span>
    </p>
   </div>
   <div class='ocr_carea' id='block_1_49' title="bbox 1968 2077 3561 2147">
    <p class='ocr_par' dir='ltr' id='par_1_49' title="bbox 1968 2077 3561 2147">
     <span class='ocr_line' id='line_1_49' title="bbox 1968 2077 3561 2147; baseline -0.001 -15"><span class='ocrx_word' id='word_1_377' title='bbox 1968 2086 2203 2132; x_wconf 67' lang='lat' dir='ltr'><strong>internus</strong></span> <span class='ocrx_word' id='word_1_378' title='bbox 2246 2086 2409 2145; x_wconf 90' lang='lat' dir='ltr'><strong>atque</strong></span> <span class='ocrx_word' id='word_1_379' title='bbox 2451 2078 2903 2135; x_wconf 79' lang='lat' dir='ltr'><strong>incommutabilis</strong></span> <span class='ocrx_word' id='word_1_380' title='bbox 2954 2077 3100 2133; x_wconf 88' lang='lat' dir='ltr'><strong>Deus</strong></span> <span class='ocrx_word' id='word_1_381' title='bbox 3145 2093 3242 2147; x_wconf 89' lang='lat' dir='ltr'><strong>per</strong></span> <span class='ocrx_word' id='word_1_382' title='bbox 3292 2077 3561 2143; x_wconf 79' lang='lat' dir='ltr'><strong>unitatem</strong></span> 
     </span>
    </p>
   </div>
   <div class='ocr_carea' id='block_1_50' title="bbox 1969 2166 3560 2245">
    <p class='ocr_par' dir='ltr' id='par_1_50' title="bbox 1969 2166 3560 2245">
     <span class='ocr_line' id='line_1_50' title="bbox 1969 2166 3560 2245; baseline -0.003 -21"><span class='ocrx_word' id='word_1_383' title='bbox 1969 2184 2234 2241; x_wconf 78' lang='lat' dir='ltr'><strong>personae,</strong></span> <span class='ocrx_word' id='word_1_384' title='bbox 2266 2168 2319 2223; x_wconf 89' lang='lat' dir='ltr'><strong>in</strong></span> <span class='ocrx_word' id='word_1_385' title='bbox 2345 2183 2450 2245; x_wconf 86' lang='lat' dir='ltr'><strong>qua</strong></span> <span class='ocrx_word' id='word_1_386' title='bbox 2479 2168 2622 2227; x_wconf 83' lang='lat' dir='ltr'><strong>servi</strong></span> <span class='ocrx_word' id='word_1_387' title='bbox 2650 2166 2877 2224; x_wconf 87' lang='lat' dir='ltr'><strong>formam</strong></span> <span class='ocrx_word' id='word_1_388' title='bbox 2907 2168 3140 2238; x_wconf 87' lang='lat' dir='ltr'><strong>accepit,</strong></span> <span class='ocrx_word' id='word_1_389' title='bbox 3172 2166 3288 2223; x_wconf 85' lang='lat' dir='ltr'><strong>ﬁeri</strong></span> <span class='ocrx_word' id='word_1_390' title='bbox 3310 2166 3560 2234; x_wconf 43' lang='lat' dir='ltr'><strong>dignare-.-</strong></span> 
     </span>
    </p>
   </div>
   <div class='ocr_carea' id='block_1_51' title="bbox 1970 2258 3559 2332">
    <p class='ocr_par' dir='ltr' id='par_1_51' title="bbox 1970 2258 3559 2332">
     <span class='ocr_line' id='line_1_51' title="bbox 1970 2258 3559 2332; baseline 0.001 -15"><span class='ocrx_word' id='word_1_391' title='bbox 1970 2262 2198 2332; x_wconf 40' lang='lat' dir='ltr'><strong>tur‘ipse</strong></span> <span class='ocrx_word' id='word_1_392' title='bbox 2224 2261 2368 2330; x_wconf 87' lang='lat' dir='ltr'><strong>quod</strong></span> <span class='ocrx_word' id='word_1_393' title='bbox 2400 2260 2548 2316; x_wconf 87' lang='lat' dir='ltr'><strong>fecit.</strong></span> <span class='ocrx_word' id='word_1_394' title='bbox 2581 2259 2640 2316; x_wconf 88' lang='lat' dir='ltr'><strong>ln</strong></span> <span class='ocrx_word' id='word_1_395' title='bbox 2669 2260 3077 2321; x_wconf 87' lang='lat' dir='ltr'><strong>similitudinem</strong></span> <span class='ocrx_word' id='word_1_396' title='bbox 3125 2260 3326 2330; x_wconf 90' lang='lat' dir='ltr'><strong>quippe</strong></span> <span class='ocrx_word' id='word_1_397' title='bbox 3352 2258 3559 2319; x_wconf 55' lang='lat' dir='ltr'><strong>.homi-</strong></span> 
     </span>
    </p>
   </div>
   <div class='ocr_carea' id='block_1_52' title="bbox 1972 2336 3559 2427">
    <p class='ocr_par' dir='ltr' id='par_1_52' title="bbox 1972 2336 3559 2427">
     <span class='ocr_line' id='line_1_52' title="bbox 1972 2336 3559 2427; baseline 0 -20"><span class='ocrx_word' id='word_1_398' title='bbox 1972 2336 2319 2416; x_wconf 71' lang='lat' dir='ltr'><strong>nnm&#39;factus,</strong></span> <span class='ocrx_word' id='word_1_399' title='bbox 2352 2352 2541 2407; x_wconf 84' lang='lat' dir='ltr'><strong>habitu</strong></span> <span class='ocrx_word' id='word_1_400' title='bbox 2570 2359 2655 2427; x_wconf 81' lang='lat' dir='ltr'><strong>est</strong></span> <span class='ocrx_word' id='word_1_401' title='bbox 2683 2338 3021 2408; x_wconf 80' lang='lat' dir='ltr'><strong>inventusut</strong></span> <span class='ocrx_word' id='word_1_402' title='bbox 3052 2351 3241 2417; x_wconf 86' lang='lat' dir='ltr'><strong>homo,</strong></span> <span class='ocrx_word' id='word_1_403' title='bbox 3266 2358 3325 2407; x_wconf 82' lang='lat' dir='ltr'><strong>et</strong></span> <span class='ocrx_word' id='word_1_404' title='bbox 3350 2351 3559 2415; x_wconf 71' lang='lat' dir='ltr'><strong>utcont-</strong></span> 
     </span>
    </p>
   </div>
   <div class='ocr_carea' id='block_1_53' title="bbox 1969 2440 3563 2511">
    <p class='ocr_par' dir='ltr' id='par_1_53' title="bbox 1969 2440 3563 2511">
     <span class='ocr_line' id='line_1_53' title="bbox 1969 2440 3563 2511; baseline -0.003 -11"><span class='ocrx_word' id='word_1_405' title='bbox 1969 2445 2283 2500; x_wconf 76' lang='lat' dir='ltr'><strong>mutabilem</strong></span> <span class='ocrx_word' id='word_1_406' title='bbox 2310 2444 2522 2499; x_wconf 85' lang='lat' dir='ltr'><strong>habens</strong></span> <span class='ocrx_word' id='word_1_407' title='bbox 2546 2443 2614 2499; x_wconf 85' lang='lat' dir='ltr'><strong>de</strong></span> <span class='ocrx_word' id='word_1_408' title='bbox 2644 2452 2836 2499; x_wconf 87' lang='lat' dir='ltr'><strong>natura</strong></span> <span class='ocrx_word' id='word_1_409' title='bbox 2865 2442 3045 2501; x_wconf 77' lang='lat' dir='ltr'><strong>Patris</strong></span> <span class='ocrx_word' id='word_1_410' title='bbox 3093 2457 3191 2511; x_wconf 89' lang='lat' dir='ltr'><strong>per</strong></span> <span class='ocrx_word' id='word_1_411' title='bbox 3236 2442 3415 2499; x_wconf 90' lang='lat' dir='ltr'><strong>omnia</strong></span> <span class='ocrx_word' id='word_1_412' title='bbox 3434 2440 3563 2495; x_wconf 86' lang='lat' dir='ltr'><strong>dei-</strong></span> 
     </span>
    </p>
   </div>
   <div class='ocr_carea' id='block_1_54' title="bbox 1968 2531 3563 2602">
    <p class='ocr_par' dir='ltr' id='par_1_54' title="bbox 1968 2531 3563 2602">
     <span class='ocr_line' id='line_1_54' title="bbox 1968 2531 3563 2602; baseline -0.003 -13"><span class='ocrx_word' id='word_1_413' title='bbox 1968 2544 2158 2598; x_wconf 74' lang='lat' dir='ltr'><strong>tatem,</strong></span> <span class='ocrx_word' id='word_1_414' title='bbox 2184 2535 2357 2589; x_wconf 87' lang='lat' dir='ltr'><strong>creari</strong></span> <span class='ocrx_word' id='word_1_415' title='bbox 2383 2534 2636 2602; x_wconf 77' lang='lat' dir='ltr'><strong>dignatus</strong></span> <span class='ocrx_word' id='word_1_416' title='bbox 2664 2542 2746 2588; x_wconf 83' lang='lat' dir='ltr'><strong>est</strong></span> <span class='ocrx_word' id='word_1_417' title='bbox 2771 2549 2875 2589; x_wconf 92' lang='lat' dir='ltr'><strong>non</strong></span> <span class='ocrx_word' id='word_1_418' title='bbox 2903 2542 3138 2597; x_wconf 79' lang='lat' dir='ltr'><strong>creatus,</strong></span> <span class='ocrx_word' id='word_1_419' title='bbox 3164 2541 3229 2588; x_wconf 80' lang='lat' dir='ltr'><strong>et</strong></span> <span class='ocrx_word' id='word_1_420' title='bbox 3247 2531 3563 2597; x_wconf 4' lang='lat' dir='ltr'><strong>ﬁeriqvoluit</strong></span> 
     </span>
    </p>
   </div>
   <div class='ocr_carea' id='block_1_55' title="bbox 1967 2622 3562 2692">
    <p class='ocr_par' dir='ltr' id='par_1_55' title="bbox 1967 2622 3562 2692">
     <span class='ocr_line' id='line_1_55' title="bbox 1967 2622 3562 2692; baseline -0.003 -12"><span class='ocrx_word' id='word_1_421' title='bbox 1967 2640 2037 2680; x_wconf 73' lang='lat' dir='ltr'><strong>es</strong></span> <span class='ocrx_word' id='word_1_422' title='bbox 2062 2625 2311 2689; x_wconf 85' lang='lat' dir='ltr'><strong>muliere,</strong></span> <span class='ocrx_word' id='word_1_423' title='bbox 2348 2641 2457 2680; x_wconf 85' lang='lat' dir='ltr'><strong>non</strong></span> <span class='ocrx_word' id='word_1_424' title='bbox 2486 2624 2658 2679; x_wconf 81' lang='lat' dir='ltr'><strong>factus</strong></span> <span class='ocrx_word' id='word_1_425' title='bbox 2710 2640 2752 2683; x_wconf 84' lang='lat' dir='ltr'><strong>a,</strong></span> <span class='ocrx_word' id='word_1_426' title='bbox 2786 2622 3100 2689; x_wconf 84' lang='lat' dir='ltr'><strong>Patre,-scd</strong></span> <span class='ocrx_word' id='word_1_427' title='bbox 3132 2624 3372 2692; x_wconf 81' lang='lat' dir='ltr'><strong>genitus;</strong></span> <span class='ocrx_word' id='word_1_428' title='bbox 3397 2631 3562 2692; x_wconf 79' lang='lat' dir='ltr'><strong>atque</strong></span> 
     </span>
    </p>
   </div>
   <div class='ocr_carea' id='block_1_56' title="bbox 1968 2698 3591 2788">
    <p class='ocr_par' dir='ltr' id='par_1_56' title="bbox 1968 2698 3591 2788">
     <span class='ocr_line' id='line_1_56' title="bbox 1968 2698 3591 2788; baseline -0.001 -16"><span class='ocrx_word' id='word_1_429' title='bbox 1968 2718 2063 2784; x_wconf 91' lang='lat' dir='ltr'><strong>ita,</strong></span> <span class='ocrx_word' id='word_1_430' title='bbox 2102 2716 2321 2771; x_wconf 80' lang='lat' dir='ltr'><strong>Verbum</strong></span> <span class='ocrx_word' id='word_1_431' title='bbox 2349 2732 2471 2771; x_wconf 83' lang='lat' dir='ltr'><strong>caro</strong></span> <span class='ocrx_word' id='word_1_432' title='bbox 2501 2698 2697 2788; x_wconf 78' lang='lat' dir='ltr'><strong>factum</strong></span> <span class='ocrx_word' id='word_1_433' title='bbox 2718 2725 2815 2777; x_wconf 80' lang='lat' dir='ltr'><strong>est,</strong></span> <span class='ocrx_word' id='word_1_434' title='bbox 2845 2723 2903 2771; x_wconf 89' lang='lat' dir='ltr'><strong>ut</strong></span> <span class='ocrx_word' id='word_1_435' title='bbox 2937 2724 3084 2770; x_wconf 85' lang='lat' dir='ltr'><strong>esset</strong></span> <span class='ocrx_word' id='word_1_436' title='bbox 3132 2730 3265 2769; x_wconf 78' lang='lat' dir='ltr'><strong>unus</strong></span> <span class='ocrx_word' id='word_1_437' title='bbox 3304 2714 3591 2771; x_wconf 78' lang='lat' dir='ltr'><strong>mediator.</strong></span> 
     </span>
    </p>
   </div>
   <div class='ocr_carea' id='block_1_57' title="bbox 1973 2806 3560 2877">
    <p class='ocr_par' dir='ltr' id='par_1_57' title="bbox 1973 2806 3560 2877">
     <span class='ocr_line' id='line_1_57' title="bbox 1973 2806 3560 2877; baseline -0.003 -13"><span class='ocrx_word' id='word_1_438' title='bbox 1973 2808 2067 2864; x_wconf 86' lang='lat' dir='ltr'><strong>Dei</strong></span> <span class='ocrx_word' id='word_1_439' title='bbox 2105 2818 2155 2862; x_wconf 85' lang='lat' dir='ltr'><strong>et</strong></span> <span class='ocrx_word' id='word_1_440' title='bbox 2196 2808 2462 2873; x_wconf 80' lang='lat' dir='ltr'><strong>hominum</strong></span> <span class='ocrx_word' id='word_1_441' title='bbox 2510 2808 2661 2862; x_wconf 82' lang='lat' dir='ltr'><strong>homo</strong></span> <span class='ocrx_word' id='word_1_442' title='bbox 2703 2806 2940 2863; x_wconf 78' lang='lat' dir='ltr'><strong>Christus</strong></span> <span class='ocrx_word' id='word_1_443' title='bbox 2966 2806 3141 2872; x_wconf 81' lang='lat' dir='ltr'><strong>Jesus,</strong></span> <span class='ocrx_word' id='word_1_444' title='bbox 3170 2808 3257 2877; x_wconf 83' lang='lat' dir='ltr'><strong>qui</strong></span> <span class='ocrx_word' id='word_1_445' title='bbox 3291 2816 3369 2861; x_wconf 81' lang='lat' dir='ltr'><strong>est</strong></span> <span class='ocrx_word' id='word_1_446' title='bbox 3407 2822 3560 2875; x_wconf 80' lang='lat' dir='ltr'><strong>super</strong></span> 
     </span>
    </p>
   </div>
   <div class='ocr_carea' id='block_1_58' title="bbox 1967 2897 3561 2965">
    <p class='ocr_par' dir='ltr' id='par_1_58' title="bbox 1967 2897 3561 2965">
     <span class='ocr_line' id='line_1_58' title="bbox 1967 2897 3561 2965; baseline -0.003 -7"><span class='ocrx_word' id='word_1_447' title='bbox 1967 2903 2142 2958; x_wconf 85' lang='lat' dir='ltr'><strong>omnia</strong></span> <span class='ocrx_word' id='word_1_448' title='bbox 2172 2900 2312 2956; x_wconf 84' lang='lat' dir='ltr'><strong>Deus</strong></span> <span class='ocrx_word' id='word_1_449' title='bbox 2350 2900 2648 2955; x_wconf 71' lang='lat' dir='ltr'><strong>benedictus</strong></span> <span class='ocrx_word' id='word_1_450' title='bbox 2686 2902 2740 2955; x_wconf 89' lang='lat' dir='ltr'><strong>iu</strong></span> <span class='ocrx_word' id='word_1_451' title='bbox 2770 2900 2978 2961; x_wconf 70' lang='lat' dir='ltr'><strong>sa’cula,</strong></span> <span class='ocrx_word' id='word_1_452' title='bbox 3008 2914 3147 2957; x_wconf 80' lang='lat' dir='ltr'><strong>unus</strong></span> <span class='ocrx_word' id='word_1_453' title='bbox 3193 2908 3249 2952; x_wconf 87' lang='lat' dir='ltr'><strong>et</strong></span> <span class='ocrx_word' id='word_1_454' title='bbox 3271 2913 3430 2961; x_wconf 85' lang='lat' dir='ltr'><strong>verus</strong></span> <span class='ocrx_word' id='word_1_455' title='bbox 3466 2897 3561 2965; x_wconf 78' lang='lat' dir='ltr'><strong>Del</strong></span> 
     </span>
    </p>
   </div>
   <div class='ocr_carea' id='block_1_59' title="bbox 1966 2987 3561 3063">
    <p class='ocr_par' dir='ltr' id='par_1_59' title="bbox 1966 2987 3561 3063">
     <span class='ocr_line' id='line_1_59' title="bbox 1966 2987 3561 3063; baseline -0.003 -15"><span class='ocrx_word' id='word_1_456' title='bbox 1966 3002 2128 3063; x_wconf 87' lang='lat' dir='ltr'><strong>atque</strong></span> <span class='ocrx_word' id='word_1_457' title='bbox 2157 2990 2390 3046; x_wconf 90' lang='lat' dir='ltr'><strong>hominis</strong></span> <span class='ocrx_word' id='word_1_458' title='bbox 2418 2990 2603 3053; x_wconf 85' lang='lat' dir='ltr'><strong>Filius,</strong></span> <span class='ocrx_word' id='word_1_459' title='bbox 2632 3005 2777 3059; x_wconf 42' lang='lat' dir='ltr'><strong>unus.</strong></span> <span class='ocrx_word' id='word_1_460' title='bbox 2827 2989 3073 3057; x_wconf 80' lang='lat' dir='ltr'><strong>idemque</strong></span> <span class='ocrx_word' id='word_1_461' title='bbox 3117 2988 3184 3043; x_wconf 89' lang='lat' dir='ltr'><strong>de</strong></span> <span class='ocrx_word' id='word_1_462' title='bbox 3228 2987 3390 3053; x_wconf 86' lang='lat' dir='ltr'><strong>Patre</strong></span> <span class='ocrx_word' id='word_1_463' title='bbox 3436 2988 3561 3054; x_wconf 81' lang='lat' dir='ltr'><strong>sine</strong></span> 
     </span>
    </p>
   </div>
   <div class='ocr_carea' id='block_1_60' title="bbox 1966 3081 3554 3150">
    <p class='ocr_par' dir='ltr' id='par_1_60' title="bbox 1966 3081 3554 3150">
     <span class='ocr_line' id='line_1_60' title="bbox 1966 3081 3554 3150; baseline -0.003 -11"><span class='ocrx_word' id='word_1_464' title='bbox 1966 3084 2119 3139; x_wconf 89' lang='lat' dir='ltr'><strong>initio</strong></span> <span class='ocrx_word' id='word_1_465' title='bbox 2146 3082 2286 3139; x_wconf 85' lang='lat' dir='ltr'><strong>Deus</strong></span> <span class='ocrx_word' id='word_1_466' title='bbox 2308 3096 2523 3150; x_wconf 85' lang='lat' dir='ltr'><strong>semper</strong></span> <span class='ocrx_word' id='word_1_467' title='bbox 2551 3081 2786 3150; x_wconf 84' lang='lat' dir='ltr'><strong>genitus,</strong></span> <span class='ocrx_word' id='word_1_468' title='bbox 2819 3081 2884 3134; x_wconf 91' lang='lat' dir='ltr'><strong>de</strong></span> <span class='ocrx_word' id='word_1_469' title='bbox 2932 3088 3106 3134; x_wconf 88' lang='lat' dir='ltr'><strong>matre</strong></span> <span class='ocrx_word' id='word_1_470' title='bbox 3143 3081 3306 3143; x_wconf 88' lang='lat' dir='ltr'><strong>homo</strong></span> <span class='ocrx_word' id='word_1_471' title='bbox 3340 3094 3501 3134; x_wconf 89' lang='lat' dir='ltr'><strong>verus</strong></span> <span class='ocrx_word' id='word_1_472' title='bbox 3531 3088 3554 3149; x_wconf 55' lang='grc' dir='ltr'>ξ</span> 
     </span>
    </p>
   </div>
   <div class='ocr_carea' id='block_1_61' title="bbox 1965 3170 3557 3245">
    <p class='ocr_par' dir='ltr' id='par_1_61' title="bbox 1965 3170 3557 3245">
     <span class='ocr_line' id='line_1_61' title="bbox 1965 3170 3557 3245; baseline -0.003 -15"><span class='ocrx_word' id='word_1_473' title='bbox 1965 3172 2260 3230; x_wconf 91' lang='lat' dir='ltr'><strong>secundum</strong></span> <span class='ocrx_word' id='word_1_474' title='bbox 2292 3186 2509 3245; x_wconf 84' lang='lat' dir='ltr'><strong>carnem</strong></span> <span class='ocrx_word' id='word_1_475' title='bbox 2562 3170 2941 3240; x_wconf 79' lang='lat' dir='ltr'><strong>temporaliter</strong></span> <span class='ocrx_word' id='word_1_476' title='bbox 2963 3178 3256 3237; x_wconf 86' lang='lat' dir='ltr'><strong>conceptus</strong></span> <span class='ocrx_word' id='word_1_477' title='bbox 3295 3177 3351 3223; x_wconf 87' lang='lat' dir='ltr'><strong>et</strong></span> <span class='ocrx_word' id='word_1_478' title='bbox 3380 3176 3557 3225; x_wconf 84' lang='lat' dir='ltr'><strong>natus.</strong></span> 
     </span>
    </p>
   </div>
   <div class='ocr_carea' id='block_1_62' title="bbox 264 3260 3557 3342">
    <p class='ocr_par' dir='ltr' id='par_1_62' title="bbox 264 3260 3557 3342">
     <span class='ocr_line' id='line_1_62' title="bbox 264 3260 3557 3342; baseline -0.004 -13"><span class='ocrx_word' id='word_1_479' title='bbox 264 3276 494 3337; x_wconf 79' lang='lat' dir='ltr'><strong>testatis,</strong></span> <span class='ocrx_word' id='word_1_480' title='bbox 518 3287 617 3327; x_wconf 86' lang='lat' dir='ltr'><strong>nec</strong></span> <span class='ocrx_word' id='word_1_481' title='bbox 630 3271 850 3325; x_wconf 88' lang='lat' dir='ltr'><strong>alterius</strong></span> <span class='ocrx_word' id='word_1_482' title='bbox 870 3270 1116 3324; x_wconf 58' lang='lat' dir='ltr'><strong>essentne</strong></span> <span class='ocrx_word' id='word_1_483' title='bbox 1144 3270 1269 3339; x_wconf 86' lang='lat' dir='ltr'><strong>(non</strong></span> <span class='ocrx_word' id='word_1_484' title='bbox 1292 3268 1434 3322; x_wconf 88' lang='lat' dir='ltr'><strong>enim</strong></span> <span class='ocrx_word' id='word_1_485' title='bbox 1450 3268 1694 3338; x_wconf 81' lang='lat' dir='ltr'><strong>rapinam</strong></span> <span class='ocrx_word' id='word_1_486' title='bbox 1710 3265 1851 3321; x_wconf 86' lang='lat' dir='ltr'><strong>arbi-</strong></span> <span class='ocrx_word' id='word_1_487' title='bbox 1880 3274 1923 3336; x_wconf 76' lang='grc' dir='ltr'>ο</span> <span class='ocrx_word' id='word_1_488' title='bbox 1956 3269 2120 3342; x_wconf 74' lang='lat'><strong>289</strong></span> <span class='ocrx_word' id='word_1_489' title='bbox 2138 3266 2307 3332; x_wconf 84' lang='lat' dir='ltr'><strong>Quam</strong></span> <span class='ocrx_word' id='word_1_490' title='bbox 2336 3280 2554 3320; x_wconf 89' lang='lat' dir='ltr'><strong>carnem</strong></span> <span class='ocrx_word' id='word_1_491' title='bbox 2583 3280 2690 3319; x_wconf 91' lang='lat' dir='ltr'><strong>non</strong></span> <span class='ocrx_word' id='word_1_492' title='bbox 2722 3271 3040 3333; x_wconf 86' lang='lat' dir='ltr'><strong>conceptam</strong></span> <span class='ocrx_word' id='word_1_493' title='bbox 3067 3262 3280 3332; x_wconf 85' lang='lat' dir='ltr'><strong>accepit</strong></span> <span class='ocrx_word' id='word_1_494' title='bbox 3302 3260 3557 3329; x_wconf 84' lang='lat' dir='ltr'><strong>Unigeni-</strong></span> 
     </span>
    </p>
   </div>
   <div class='ocr_carea' id='block_1_63' title="bbox 266 3355 1859 3431">
    <p class='ocr_par' dir='ltr' id='par_1_63' title="bbox 266 3355 1859 3431">
     <span class='ocr_line' id='line_1_63' title="bbox 266 3355 1859 3431; baseline -0.003 -13"><span class='ocrx_word' id='word_1_495' title='bbox 266 3372 429 3418; x_wconf 78' lang='lat' dir='ltr'><strong>tratus</strong></span> <span class='ocrx_word' id='word_1_496' title='bbox 449 3370 526 3416; x_wconf 85' lang='lat' dir='ltr'><strong>est</strong></span> <span class='ocrx_word' id='word_1_497' title='bbox 542 3376 653 3415; x_wconf 82' lang='lat' dir='ltr'><strong>esse</strong></span> <span class='ocrx_word' id='word_1_498' title='bbox 680 3376 735 3414; x_wconf 84' lang='lat' dir='ltr'><strong>se</strong></span> <span class='ocrx_word' id='word_1_499' title='bbox 755 3361 999 3430; x_wconf 84' lang='lat' dir='ltr'><strong>a’qualem</strong></span> <span class='ocrx_word' id='word_1_500' title='bbox 1024 3358 1131 3412; x_wconf 87' lang='lat' dir='ltr'><strong>Deo</strong></span> <span class='ocrx_word' id='word_1_501' title='bbox 1148 3358 1366 3431; x_wconf 51' lang='lat' dir='ltr'><strong>[Philip</strong></span> <span class='ocrx_word' id='word_1_502' title='bbox 1390 3375 1445 3422; x_wconf 75' lang='grc' dir='ltr'><strong>ιι,</strong></span> <span class='ocrx_word' id='word_1_503' title='bbox 1468 3358 1522 3422; x_wconf 81' lang='lat'><strong>6,</strong></span> <span class='ocrx_word' id='word_1_504' title='bbox 1545 3355 1656 3428; x_wconf 84' lang='lat'><strong>7]);</strong></span> <span class='ocrx_word' id='word_1_505' title='bbox 1679 3366 1859 3413; x_wconf 84' lang='lat' dir='ltr'><strong>tamen</strong></span> 
     </span>
    </p>
   </div>
   <div class='ocr_carea' id='block_1_64' title="bbox 271 3446 1860 3521">
    <p class='ocr_par' dir='ltr' id='par_1_64' title="bbox 271 3446 1860 3521">
     <span class='ocr_line' id='line_1_64' title="bbox 271 3446 1860 3521; baseline -0.005 -13"><span class='ocrx_word' id='word_1_506' title='bbox 271 3454 598 3521; x_wconf 79' lang='lat' dir='ltr'><strong>semetipsum</strong></span> <span class='ocrx_word' id='word_1_507' title='bbox 653 3450 936 3504; x_wconf 67' lang='lat' dir='ltr'><strong>exinaniri!</strong></span> <span class='ocrx_word' id='word_1_508' title='bbox 974 3454 1196 3520; x_wconf 71' lang='lat' dir='ltr'><strong>formam</strong></span> <span class='ocrx_word' id='word_1_509' title='bbox 1223 3450 1355 3502; x_wconf 81' lang='lat' dir='ltr'><strong>servi</strong></span> <span class='ocrx_word' id='word_1_510' title='bbox 1381 3449 1665 3518; x_wconf 82' lang='lat' dir='ltr'><strong>accipiens.</strong></span> <span class='ocrx_word' id='word_1_511' title='bbox 1694 3446 1745 3502; x_wconf 89' lang='lat' dir='ltr'><strong>id</strong></span> <span class='ocrx_word' id='word_1_512' title='bbox 1774 3455 1860 3503; x_wconf 82' lang='lat' dir='ltr'><strong>est</strong></span> 
     </span>
    </p>
   </div>
   <div class='ocr_carea' id='block_1_65' title="bbox 269 3536 1852 3613">
    <p class='ocr_par' dir='ltr' id='par_1_65' title="bbox 269 3536 1852 3613">
     <span class='ocr_line' id='line_1_65' title="bbox 269 3536 1852 3613; baseline -0.006 -14"><span class='ocrx_word' id='word_1_513' title='bbox 269 3545 365 3613; x_wconf 87' lang='lat' dir='ltr'><strong>(al.</strong></span> <span class='ocrx_word' id='word_1_514' title='bbox 397 3540 587 3612; x_wconf 85' lang='lat' dir='ltr'><strong>idem),</strong></span> <span class='ocrx_word' id='word_1_515' title='bbox 608 3542 663 3594; x_wconf 91' lang='lat' dir='ltr'><strong>in</strong></span> <span class='ocrx_word' id='word_1_516' title='bbox 696 3539 1035 3609; x_wconf 71' lang='lat' dir='ltr'><strong>similitudine</strong></span> <span class='ocrx_word' id='word_1_517' title='bbox 1064 3540 1330 3593; x_wconf 80' lang='lat' dir='ltr'><strong>hominum</strong></span> <span class='ocrx_word' id='word_1_518' title='bbox 1355 3541 1544 3609; x_wconf 74' lang='lat' dir='ltr'><strong>factus,</strong></span> <span class='ocrx_word' id='word_1_519' title='bbox 1578 3537 1720 3592; x_wconf 85' lang='lat' dir='ltr'><strong>idem</strong></span> <span class='ocrx_word' id='word_1_520' title='bbox 1752 3536 1852 3590; x_wconf 84' lang='lat' dir='ltr'><strong>Ita-</strong></span> 
     </span>
    </p>
   </div>
   <div class='ocr_carea' id='block_1_66' title="bbox 269 3628 1855 3698">
    <p class='ocr_par' dir='ltr' id='par_1_66' title="bbox 269 3628 1855 3698">
     <span class='ocr_line' id='line_1_66' title="bbox 269 3628 1855 3698; baseline -0.004 -10"><span class='ocrx_word' id='word_1_521' title='bbox 269 3637 377 3688; x_wconf 80' lang='lat' dir='ltr'><strong>bitu</strong></span> <span class='ocrx_word' id='word_1_522' title='bbox 393 3636 627 3688; x_wconf 80' lang='lat' dir='ltr'><strong>inventus</strong></span> <span class='ocrx_word' id='word_1_523' title='bbox 649 3640 706 3684; x_wconf 88' lang='lat' dir='ltr'><strong>ut</strong></span> <span class='ocrx_word' id='word_1_524' title='bbox 732 3631 884 3685; x_wconf 79' lang='lat' dir='ltr'><strong>homo</strong></span> <span class='ocrx_word' id='word_1_525' title='bbox 915 3629 1130 3698; x_wconf 63' lang='grc' dir='ltr'><strong>(Μήτι),</strong></span> <span class='ocrx_word' id='word_1_526' title='bbox 1157 3630 1208 3682; x_wconf 93' lang='lat' dir='ltr'><strong>in</strong></span> <span class='ocrx_word' id='word_1_527' title='bbox 1232 3644 1343 3696; x_wconf 87' lang='lat' dir='ltr'><strong>quo</strong></span> <span class='ocrx_word' id='word_1_528' title='bbox 1366 3628 1510 3683; x_wconf 88' lang='lat' dir='ltr'><strong>nulla</strong></span> <span class='ocrx_word' id='word_1_529' title='bbox 1533 3628 1709 3697; x_wconf 85' lang='lat' dir='ltr'><strong>potuit</strong></span> <span class='ocrx_word' id='word_1_530' title='bbox 1733 3641 1855 3682; x_wconf 90' lang='lat' dir='ltr'><strong>esse</strong></span> 
     </span>
    </p>
   </div>
   <div class='ocr_carea' id='block_1_67' title="bbox 270 3717 1854 3794">
    <p class='ocr_par' dir='ltr' id='par_1_67' title="bbox 270 3717 1854 3794">
     <span class='ocr_line' id='line_1_67' title="bbox 270 3717 1854 3794; baseline -0.003 -17"><span class='ocrx_word' id='word_1_531' title='bbox 270 3722 469 3794; x_wconf 70' lang='lat' dir='ltr'><strong>rapina)</strong></span> <span class='ocrx_word' id='word_1_532' title='bbox 494 3720 796 3782; x_wconf 87' lang='lat' dir='ltr'><strong>arbitratio,</strong></span> <span class='ocrx_word' id='word_1_533' title='bbox 827 3720 949 3789; x_wconf 90' lang='lat' dir='ltr'><strong>quia</strong></span> <span class='ocrx_word' id='word_1_534' title='bbox 989 3719 1057 3773; x_wconf 93' lang='lat' dir='ltr'><strong>de</strong></span> <span class='ocrx_word' id='word_1_535' title='bbox 1095 3719 1393 3774; x_wconf 80' lang='lat' dir='ltr'><strong>substantia</strong></span> <span class='ocrx_word' id='word_1_536' title='bbox 1434 3718 1631 3784; x_wconf 85' lang='lat' dir='ltr'><strong>Patris,</strong></span> <span class='ocrx_word' id='word_1_537' title='bbox 1663 3717 1854 3774; x_wconf 83' lang='lat' dir='ltr'><strong>incﬁ‘a-</strong></span> 
     </span>
    </p>
   </div>
   <div class='ocr_carea' id='block_1_68' title="bbox 271 3807 1851 3879">
    <p class='ocr_par' dir='ltr' id='par_1_68' title="bbox 271 3807 1851 3879">
     <span class='ocr_line' id='line_1_68' title="bbox 271 3807 1851 3879; baseline -0.004 -11"><span class='ocrx_word' id='word_1_538' title='bbox 271 3814 360 3868; x_wconf 90' lang='lat' dir='ltr'><strong>bili</strong></span> <span class='ocrx_word' id='word_1_539' title='bbox 385 3827 452 3867; x_wconf 83' lang='lat' dir='ltr'><strong>ac</strong></span> <span class='ocrx_word' id='word_1_540' title='bbox 470 3810 799 3879; x_wconf 86' lang='lat' dir='ltr'><strong>sempiterna</strong></span> <span class='ocrx_word' id='word_1_541' title='bbox 829 3807 1112 3867; x_wconf 81' lang='lat' dir='ltr'><strong>nativitate</strong></span> <span class='ocrx_word' id='word_1_542' title='bbox 1134 3818 1163 3868; x_wconf 81' lang='lat'><strong>.‘</strong></span> <span class='ocrx_word' id='word_1_543' title='bbox 1180 3807 1361 3874; x_wconf 87' lang='lat' dir='ltr'><strong>genita</strong></span> <span class='ocrx_word' id='word_1_544' title='bbox 1392 3808 1648 3862; x_wconf 89' lang='lat' dir='ltr'><strong>naturalis</strong></span> <span class='ocrx_word' id='word_1_545' title='bbox 1669 3822 1851 3875; x_wconf 67' lang='lat' dir='ltr'><strong>requa-</strong></span> 
     </span>
    </p>
   </div>
   <div class='ocr_carea' id='block_1_69' title="bbox 274 3896 1855 3970">
    <p class='ocr_par' dir='ltr' id='par_1_69' title="bbox 274 3896 1855 3970">
     <span class='ocr_line' id='line_1_69' title="bbox 274 3896 1855 3970; baseline -0.004 -11"><span class='ocrx_word' id='word_1_546' title='bbox 274 3905 431 3959; x_wconf 83' lang='lat' dir='ltr'><strong>Iitstis</strong></span> <span class='ocrx_word' id='word_1_547' title='bbox 458 3904 512 3957; x_wconf 85' lang='lat' dir='ltr'><strong>in</strong></span> <span class='ocrx_word' id='word_1_548' title='bbox 541 3916 609 3957; x_wconf 91' lang='lat' dir='ltr'><strong>eo</strong></span> <span class='ocrx_word' id='word_1_549' title='bbox 651 3907 931 3970; x_wconf 88' lang='lat' dir='ltr'><strong>permanet</strong></span> <span class='ocrx_word' id='word_1_550' title='bbox 976 3898 1275 3967; x_wconf 85' lang='lat' dir='ltr'><strong>plenitudo.</strong></span> <span class='ocrx_word' id='word_1_551' title='bbox 1301 3896 1644 3967; x_wconf 81' lang='lat' dir='ltr'><strong>Semetipsum</strong></span> <span class='ocrx_word' id='word_1_552' title='bbox 1694 3899 1855 3965; x_wconf 79' lang='lat' dir='ltr'><strong>igitur</strong></span> 
     </span>
    </p>
   </div>
   <div class='ocr_carea' id='block_1_70' title="bbox 274 3988 1863 4065">
    <p class='ocr_par' dir='ltr' id='par_1_70' title="bbox 274 3988 1863 4065">
     <span class='ocr_line' id='line_1_70' title="bbox 274 3988 1863 4065; baseline -0.006 -12"><span class='ocrx_word' id='word_1_553' title='bbox 274 3998 549 4053; x_wconf 73' lang='lat' dir='ltr'><strong>eainanirit</strong></span> <span class='ocrx_word' id='word_1_554' title='bbox 604 3996 829 4065; x_wconf 73' lang='lat' dir='ltr'><strong>formam</strong></span> <span class='ocrx_word' id='word_1_555' title='bbox 884 3992 1015 4046; x_wconf 75' lang='lat' dir='ltr'><strong>servi</strong></span> <span class='ocrx_word' id='word_1_556' title='bbox 1088 3990 1365 4059; x_wconf 85' lang='lat' dir='ltr'><strong>accipiens.</strong></span> <span class='ocrx_word' id='word_1_557' title='bbox 1424 3988 1480 4043; x_wconf 70' lang='lat' dir='ltr'><strong>la</strong></span> <span class='ocrx_word' id='word_1_558' title='bbox 1537 4005 1607 4044; x_wconf 88' lang='lat' dir='ltr'><strong>eo</strong></span> <span class='ocrx_word' id='word_1_559' title='bbox 1650 3989 1863 4059; x_wconf 69' lang='lat' dir='ltr'><strong>quippe.</strong></span> 
     </span>
    </p>
   </div>
   <div class='ocr_carea' id='block_1_71' title="bbox 270 4080 1849 4144">
    <p class='ocr_par' dir='ltr' id='par_1_71' title="bbox 270 4080 1849 4144">
     <span class='ocr_line' id='line_1_71' title="bbox 270 4080 1849 4144; baseline -0.009 1"><span class='ocrx_word' id='word_1_560' title='bbox 270 4089 410 4144; x_wconf 80' lang='lat' dir='ltr'><strong>Deus</strong></span> <span class='ocrx_word' id='word_1_561' title='bbox 435 4087 599 4144; x_wconf 85' lang='lat' dir='ltr'><strong>homo</strong></span> <span class='ocrx_word' id='word_1_562' title='bbox 636 4098 758 4138; x_wconf 87' lang='lat' dir='ltr'><strong>esse</strong></span> <span class='ocrx_word' id='word_1_563' title='bbox 801 4081 1117 4136; x_wconf 86' lang='lat' dir='ltr'><strong>naturaliter</strong></span> <span class='ocrx_word' id='word_1_564' title='bbox 1139 4080 1330 4144; x_wconf 90' lang='lat' dir='ltr'><strong>voluit,</strong></span> <span class='ocrx_word' id='word_1_565' title='bbox 1354 4090 1413 4136; x_wconf 86' lang='lat' dir='ltr'><strong>et</strong></span> <span class='ocrx_word' id='word_1_566' title='bbox 1442 4080 1701 4135; x_wconf 88' lang='lat' dir='ltr'><strong>Dominus</strong></span> <span class='ocrx_word' id='word_1_567' title='bbox 1730 4096 1849 4134; x_wconf 90' lang='lat' dir='ltr'><strong>om-</strong></span> 
     </span>
    </p>
   </div>
   <div class='ocr_carea' id='block_1_72' title="bbox 276 4170 1848 4238">
    <p class='ocr_par' dir='ltr' id='par_1_72' title="bbox 276 4170 1848 4238">
     <span class='ocr_line' id='line_1_72' title="bbox 276 4170 1848 4238; baseline -0.006 -7"><span class='ocrx_word' id='word_1_568' title='bbox 276 4179 409 4233; x_wconf 90' lang='lat' dir='ltr'><strong>nium</strong></span> <span class='ocrx_word' id='word_1_569' title='bbox 449 4191 626 4231; x_wconf 89' lang='lat' dir='ltr'><strong>rerum</strong></span> <span class='ocrx_word' id='word_1_570' title='bbox 671 4173 920 4228; x_wconf 86' lang='lat' dir='ltr'><strong>servilem</strong></span> <span class='ocrx_word' id='word_1_571' title='bbox 965 4178 1210 4233; x_wconf 81' lang='lat' dir='ltr'><strong>naturam</strong></span> <span class='ocrx_word' id='word_1_572' title='bbox 1241 4171 1357 4225; x_wconf 86' lang='lat' dir='ltr'><strong>sine</strong></span> <span class='ocrx_word' id='word_1_573' title='bbox 1385 4170 1678 4225; x_wconf 87' lang='lat' dir='ltr'><strong>amissione</strong></span> <span class='ocrx_word' id='word_1_574' title='bbox 1720 4185 1848 4238; x_wconf 89' lang='lat' dir='ltr'><strong>pro-</strong></span> 
     </span>
    </p>
   </div>
   <div class='ocr_carea' id='block_1_73' title="bbox 274 4260 1848 4340">
    <p class='ocr_par' dir='ltr' id='par_1_73' title="bbox 274 4260 1848 4340">
     <span class='ocr_line' id='line_1_73' title="bbox 274 4260 1848 4340; baseline -0.007 -16"><span class='ocrx_word' id='word_1_575' title='bbox 274 4270 394 4340; x_wconf 65' lang='lat' dir='ltr'><strong>priae</strong></span> <span class='ocrx_word' id='word_1_576' title='bbox 420 4264 802 4321; x_wconf 75' lang='lat' dir='ltr'><strong>dominationis</strong></span> <span class='ocrx_word' id='word_1_577' title='bbox 844 4262 1149 4331; x_wconf 86' lang='lat' dir='ltr'><strong>assumpsit,</strong></span> <span class='ocrx_word' id='word_1_578' title='bbox 1175 4262 1227 4316; x_wconf 93' lang='lat' dir='ltr'><strong>in</strong></span> <span class='ocrx_word' id='word_1_579' title='bbox 1276 4275 1386 4330; x_wconf 92' lang='lat' dir='ltr'><strong>quo</strong></span> <span class='ocrx_word' id='word_1_580' title='bbox 1433 4261 1575 4316; x_wconf 89' lang='lat' dir='ltr'><strong>servi</strong></span> <span class='ocrx_word' id='word_1_581' title='bbox 1620 4260 1848 4315; x_wconf 88' lang='lat' dir='ltr'><strong>formam</strong></span> 
     </span>
    </p>
   </div>
   <div class='ocr_carea' id='block_1_74' title="bbox 276 4352 1845 4424">
    <p class='ocr_par' dir='ltr' id='par_1_74' title="bbox 276 4352 1845 4424">
     <span class='ocr_line' id='line_1_74' title="bbox 276 4352 1845 4424; baseline -0.006 -9"><span class='ocrx_word' id='word_1_582' title='bbox 276 4358 680 4415; x_wconf 85' lang='lat' dir='ltr'><strong>misericorditer</strong></span> <span class='ocrx_word' id='word_1_583' title='bbox 705 4355 1013 4411; x_wconf 84' lang='lat' dir='ltr'><strong>exinanitus</strong></span> <span class='ocrx_word' id='word_1_584' title='bbox 1034 4354 1265 4424; x_wconf 86' lang='lat' dir='ltr'><strong>accepit.</strong></span> <span class='ocrx_word' id='word_1_585' title='bbox 1297 4352 1472 4418; x_wconf 86' lang='lat' dir='ltr'><strong>Quam</strong></span> <span class='ocrx_word' id='word_1_586' title='bbox 1498 4352 1637 4407; x_wconf 88' lang='lat' dir='ltr'><strong>bene</strong></span> <span class='ocrx_word' id='word_1_587' title='bbox 1665 4362 1845 4406; x_wconf 89' lang='lat' dir='ltr'><strong>autem</strong></span> 
     </span>
    </p>
   </div>
   <div class='ocr_carea' id='block_1_75' title="bbox 1972 3354 3558 3425">
    <p class='ocr_par' dir='ltr' id='par_1_75' title="bbox 1972 3354 3558 3425">
     <span class='ocr_line' id='line_1_75' title="bbox 1972 3354 3558 3425; baseline -0.004 -10"><span class='ocrx_word' id='word_1_588' title='bbox 1972 3369 2058 3415; x_wconf 94' lang='lat' dir='ltr'><strong>tus</strong></span> <span class='ocrx_word' id='word_1_589' title='bbox 2086 3360 2249 3422; x_wconf 89' lang='lat' dir='ltr'><strong>Deus,</strong></span> <span class='ocrx_word' id='word_1_590' title='bbox 2270 3356 2367 3412; x_wconf 87' lang='lat' dir='ltr'><strong>sed</strong></span> <span class='ocrx_word' id='word_1_591' title='bbox 2398 3357 2451 3411; x_wconf 93' lang='lat' dir='ltr'><strong>in</strong></span> <span class='ocrx_word' id='word_1_592' title='bbox 2475 3372 2538 3410; x_wconf 89' lang='lat' dir='ltr'><strong>ea</strong></span> <span class='ocrx_word' id='word_1_593' title='bbox 2566 3363 2651 3411; x_wconf 85' lang='lat' dir='ltr'><strong>est</strong></span> <span class='ocrx_word' id='word_1_594' title='bbox 2672 3355 2814 3411; x_wconf 89' lang='lat' dir='ltr'><strong>Deus</strong></span> <span class='ocrx_word' id='word_1_595' title='bbox 2840 3356 2956 3425; x_wconf 89' lang='lat' dir='ltr'><strong>ipse</strong></span> <span class='ocrx_word' id='word_1_596' title='bbox 2977 3354 3233 3411; x_wconf 86' lang='lat' dir='ltr'><strong>altissima</strong></span> <span class='ocrx_word' id='word_1_597' title='bbox 3257 3354 3558 3419; x_wconf 83' lang='lat' dir='ltr'><strong>humilitate</strong></span> 
     </span>
    </p>
   </div>
   <div class='ocr_carea' id='block_1_76' title="bbox 1962 3444 3559 3520">
    <p class='ocr_par' dir='ltr' id='par_1_76' title="bbox 1962 3444 3559 3520">
     <span class='ocr_line' id='line_1_76' title="bbox 1962 3444 3559 3520; baseline -0.005 -13"><span class='ocrx_word' id='word_1_598' title='bbox 1962 3459 2276 3520; x_wconf 88' lang='lat' dir='ltr'><strong>conceptus.</strong></span> <span class='ocrx_word' id='word_1_599' title='bbox 2302 3448 2445 3503; x_wconf 89' lang='lat' dir='ltr'><strong>Idem</strong></span> <span class='ocrx_word' id='word_1_600' title='bbox 2464 3448 2673 3518; x_wconf 83' lang='lat' dir='ltr'><strong>quippe</strong></span> <span class='ocrx_word' id='word_1_601' title='bbox 2701 3448 2843 3503; x_wconf 89' lang='lat' dir='ltr'><strong>Deus</strong></span> <span class='ocrx_word' id='word_1_602' title='bbox 2871 3454 3088 3503; x_wconf 87' lang='lat' dir='ltr'><strong>creatus</strong></span> <span class='ocrx_word' id='word_1_603' title='bbox 3128 3454 3215 3501; x_wconf 87' lang='lat' dir='ltr'><strong>est</strong></span> <span class='ocrx_word' id='word_1_604' title='bbox 3268 3445 3325 3501; x_wconf 87' lang='lat' dir='ltr'><strong>in</strong></span> <span class='ocrx_word' id='word_1_605' title='bbox 3354 3444 3559 3513; x_wconf 77' lang='lat' dir='ltr'><strong>virgine</strong></span> 
     </span>
    </p>
   </div>
   <div class='ocr_carea' id='block_1_77' title="bbox 1962 3540 3560 3611">
    <p class='ocr_par' dir='ltr' id='par_1_77' title="bbox 1962 3540 3560 3611">
     <span class='ocr_line' id='line_1_77' title="bbox 1962 3540 3560 3611; baseline -0.004 -12"><span class='ocrx_word' id='word_1_606' title='bbox 1962 3553 2017 3599; x_wconf 90' lang='lat' dir='ltr'><strong>et</strong></span> <span class='ocrx_word' id='word_1_607' title='bbox 2067 3545 2135 3599; x_wconf 89' lang='lat' dir='ltr'><strong>de</strong></span> <span class='ocrx_word' id='word_1_608' title='bbox 2185 3543 2391 3611; x_wconf 78' lang='lat' dir='ltr'><strong>virgine</strong></span> <span class='ocrx_word' id='word_1_609' title='bbox 2418 3542 2716 3598; x_wconf 88' lang='lat' dir='ltr'><strong>secundum</strong></span> <span class='ocrx_word' id='word_1_610' title='bbox 2762 3557 3000 3605; x_wconf 89' lang='lat' dir='ltr'><strong>carnem,</strong></span> <span class='ocrx_word' id='word_1_611' title='bbox 3025 3541 3115 3611; x_wconf 91' lang='lat' dir='ltr'><strong>qui</strong></span> <span class='ocrx_word' id='word_1_612' title='bbox 3145 3540 3246 3595; x_wconf 89' lang='lat' dir='ltr'><strong>sibi</strong></span> <span class='ocrx_word' id='word_1_613' title='bbox 3272 3540 3342 3595; x_wconf 90' lang='lat' dir='ltr'><strong>de</strong></span> <span class='ocrx_word' id='word_1_614' title='bbox 3366 3554 3474 3609; x_wconf 83' lang='lat' dir='ltr'><strong>qua</strong></span> <span class='ocrx_word' id='word_1_615' title='bbox 3501 3547 3560 3594; x_wconf 86' lang='lat' dir='ltr'><strong>et</strong></span> 
     </span>
    </p>
   </div>
   <div class='ocr_carea' id='block_1_78' title="bbox 1961 3632 3110 3705">
    <p class='ocr_par' dir='ltr' id='par_1_78' title="bbox 1961 3632 3110 3705">
     <span class='ocr_line' id='line_1_78' title="bbox 1961 3632 3110 3705; baseline -0.003 -16"><span class='ocrx_word' id='word_1_616' title='bbox 1961 3635 2015 3691; x_wconf 90' lang='lat' dir='ltr'><strong>in</strong></span> <span class='ocrx_word' id='word_1_617' title='bbox 2035 3649 2140 3705; x_wconf 89' lang='lat' dir='ltr'><strong>qua</strong></span> <span class='ocrx_word' id='word_1_618' title='bbox 2161 3639 2444 3688; x_wconf 89' lang='lat' dir='ltr'><strong>crearetur</strong></span> <span class='ocrx_word' id='word_1_619' title='bbox 2464 3639 2748 3688; x_wconf 85' lang='lat' dir='ltr'><strong>creaverat</strong></span> <span class='ocrx_word' id='word_1_620' title='bbox 2774 3632 3110 3699; x_wconf 75' lang='lat' dir='ltr'><strong>genitricem.</strong></span> 
     </span>
    </p>
   </div>
   <div class='ocr_carea' id='block_1_79' title="bbox 2027 3722 3556 3794">
    <p class='ocr_par' dir='ltr' id='par_1_79' title="bbox 2027 3722 3556 3794">
     <span class='ocr_line' id='line_1_79' title="bbox 2027 3722 3556 3794; baseline -0.001 -13"><span class='ocrx_word' id='word_1_621' title='bbox 2027 3727 2159 3781; x_wconf 67' lang='lat' dir='ltr'><strong>Car.</strong></span> <span class='ocrx_word' id='word_1_622' title='bbox 2191 3741 2266 3780; x_wconf 88' lang='lat' dir='ltr'><strong>Ill.</strong></span> <span class='ocrx_word' id='word_1_623' title='bbox 2305 3724 2529 3778; x_wconf 85' lang='lat' dir='ltr'><strong>Verbum</strong></span> <span class='ocrx_word' id='word_1_624' title='bbox 2560 3740 2665 3778; x_wconf 90' lang='lat' dir='ltr'><strong>uou</strong></span> <span class='ocrx_word' id='word_1_625' title='bbox 2694 3724 2862 3778; x_wconf 81' lang='lat' dir='ltr'><strong>solum</strong></span> <span class='ocrx_word' id='word_1_626' title='bbox 2893 3724 2948 3777; x_wconf 85' lang='lat' dir='ltr'><strong>in</strong></span> <span class='ocrx_word' id='word_1_627' title='bbox 2979 3722 3174 3792; x_wconf 84' lang='lat' dir='ltr'><strong>rirgine</strong></span> <span class='ocrx_word' id='word_1_628' title='bbox 3201 3738 3327 3776; x_wconf 84' lang='lat' dir='ltr'><strong>caro</strong></span> <span class='ocrx_word' id='word_1_629' title='bbox 3357 3724 3556 3794; x_wconf 74' lang='lat' dir='ltr'><strong>factum</strong></span> 
     </span>
    </p>
   </div>
   <div class='ocr_carea' id='block_1_80' title="bbox 1958 3812 3552 3887">
    <p class='ocr_par' dir='ltr' id='par_1_80' title="bbox 1958 3812 3552 3887">
     <span class='ocr_line' id='line_1_80' title="bbox 1958 3812 3552 3887; baseline -0.001 -14"><span class='ocrx_word' id='word_1_630' title='bbox 1958 3829 2055 3884; x_wconf 79' lang='lat' dir='ltr'><strong>est,</strong></span> <span class='ocrx_word' id='word_1_631' title='bbox 2100 3818 2191 3873; x_wconf 79' lang='lat' dir='ltr'><strong>sed</strong></span> <span class='ocrx_word' id='word_1_632' title='bbox 2219 3819 2376 3871; x_wconf 88' lang='lat' dir='ltr'><strong>etiam</strong></span> <span class='ocrx_word' id='word_1_633' title='bbox 2402 3834 2469 3872; x_wconf 79' lang='lat' dir='ltr'><strong>ea:</strong></span> <span class='ocrx_word' id='word_1_634' title='bbox 2497 3816 2712 3887; x_wconf 80' lang='lat' dir='ltr'><strong>virgine.</strong></span> <span class='ocrx_word' id='word_1_635' title='bbox 2751 3846 2824 3857; x_wconf 89' lang='lat'><strong>—-</strong></span> <span class='ocrx_word' id='word_1_636' title='bbox 2850 3812 2900 3867; x_wconf 88' lang='lat'><strong>5.</strong></span> <span class='ocrx_word' id='word_1_637' title='bbox 2918 3814 2989 3869; x_wconf 26' lang='lat' dir='ltr'><strong>.Si</strong></span> <span class='ocrx_word' id='word_1_638' title='bbox 3035 3820 3223 3871; x_wconf 80' lang='lat' dir='ltr'><strong>autem</strong></span> <span class='ocrx_word' id='word_1_639' title='bbox 3246 3812 3389 3870; x_wconf 86' lang='lat' dir='ltr'><strong>Deus</strong></span> <span class='ocrx_word' id='word_1_640' title='bbox 3414 3815 3552 3873; x_wconf 82' lang='lat' dir='ltr'><strong>Ver-</strong></span> 
     </span>
    </p>
   </div>
   <div class='ocr_carea' id='block_1_81' title="bbox 1957 3903 3553 3979">
    <p class='ocr_par' dir='ltr' id='par_1_81' title="bbox 1957 3903 3553 3979">
     <span class='ocr_line' id='line_1_81' title="bbox 1957 3903 3553 3979; baseline -0.007 -14"><span class='ocrx_word' id='word_1_641' title='bbox 1957 3911 2084 3965; x_wconf 88' lang='lat' dir='ltr'><strong>bum</strong></span> <span class='ocrx_word' id='word_1_642' title='bbox 2112 3908 2267 3964; x_wconf 89' lang='lat' dir='ltr'><strong>sicin</strong></span> <span class='ocrx_word' id='word_1_643' title='bbox 2297 3908 2505 3974; x_wconf 85' lang='lat' dir='ltr'><strong>virgine</strong></span> <span class='ocrx_word' id='word_1_644' title='bbox 2531 3922 2660 3979; x_wconf 86' lang='lat' dir='ltr'><strong>caro</strong></span> <span class='ocrx_word' id='word_1_645' title='bbox 2691 3904 2861 3969; x_wconf 90' lang='lat' dir='ltr'><strong>ﬁeret,</strong></span> <span class='ocrx_word' id='word_1_646' title='bbox 2911 3911 2968 3957; x_wconf 91' lang='lat' dir='ltr'><strong>ut</strong></span> <span class='ocrx_word' id='word_1_647' title='bbox 2996 3918 3061 3956; x_wconf 82' lang='lat' dir='ltr'><strong>ex</strong></span> <span class='ocrx_word' id='word_1_648' title='bbox 3110 3909 3185 3957; x_wconf 87' lang='lat' dir='ltr'><strong>ea</strong></span> <span class='ocrx_word' id='word_1_649' title='bbox 3219 3918 3327 3959; x_wconf 91' lang='lat' dir='ltr'><strong>non</strong></span> <span class='ocrx_word' id='word_1_650' title='bbox 3378 3903 3553 3968; x_wconf 77' lang='lat' dir='ltr'><strong>ﬁeret,</strong></span> 
     </span>
    </p>
   </div>
   <div class='ocr_carea' id='block_1_82' title="bbox 1960 3988 3551 4073">
    <p class='ocr_par' dir='ltr' id='par_1_82' title="bbox 1960 3988 3551 4073">
     <span class='ocr_line' id='line_1_82' title="bbox 1960 3988 3551 4073; baseline -0.008 -15"><span class='ocrx_word' id='word_1_651' title='bbox 1960 4002 2146 4073; x_wconf 84' lang='lat' dir='ltr'><strong>procul</strong></span> <span class='ocrx_word' id='word_1_652' title='bbox 2186 4000 2352 4056; x_wconf 84' lang='lat' dir='ltr'><strong>dubio</strong></span> <span class='ocrx_word' id='word_1_653' title='bbox 2379 4015 2490 4054; x_wconf 91' lang='lat' dir='ltr'><strong>non</strong></span> <span class='ocrx_word' id='word_1_654' title='bbox 2520 4000 2588 4054; x_wconf 90' lang='lat' dir='ltr'><strong>de</strong></span> <span class='ocrx_word' id='word_1_655' title='bbox 2619 4013 2783 4055; x_wconf 89' lang='lat' dir='ltr'><strong>carne</strong></span> <span class='ocrx_word' id='word_1_656' title='bbox 2812 3996 3002 4050; x_wconf 88' lang='lat' dir='ltr'><strong>matris</strong></span> <span class='ocrx_word' id='word_1_657' title='bbox 3028 3994 3171 4051; x_wconf 87' lang='lat' dir='ltr'><strong>idem</strong></span> <span class='ocrx_word' id='word_1_658' title='bbox 3199 3995 3342 4051; x_wconf 85' lang='lat' dir='ltr'><strong>Deus</strong></span> <span class='ocrx_word' id='word_1_659' title='bbox 3381 3988 3551 4055; x_wconf 77' lang='lat' dir='ltr'><strong>habe-</strong></span> 
     </span>
    </p>
   </div>
   <div class='ocr_carea' id='block_1_83' title="bbox 1958 4085 3550 4157">
    <p class='ocr_par' dir='ltr' id='par_1_83' title="bbox 1958 4085 3550 4157">
     <span class='ocr_line' id='line_1_83' title="bbox 1958 4085 3550 4157; baseline -0.004 -8"><span class='ocrx_word' id='word_1_660' title='bbox 1958 4104 2041 4149; x_wconf 89' lang='lat' dir='ltr'><strong>ret</strong></span> <span class='ocrx_word' id='word_1_661' title='bbox 2064 4092 2420 4149; x_wconf 82' lang='lat' dir='ltr'><strong>substantiam</strong></span> <span class='ocrx_word' id='word_1_662' title='bbox 2452 4092 2648 4153; x_wconf 83' lang='lat' dir='ltr'><strong>carnis,</strong></span> <span class='ocrx_word' id='word_1_663' title='bbox 2698 4088 2948 4157; x_wconf 72' lang='lat' dir='ltr'><strong>essetque</strong></span> <span class='ocrx_word' id='word_1_664' title='bbox 2976 4086 3094 4156; x_wconf 85' lang='lat' dir='ltr'><strong>ejus</strong></span> <span class='ocrx_word' id='word_1_665' title='bbox 3145 4101 3246 4157; x_wconf 78' lang='lat' dir='ltr'><strong>per</strong></span> <span class='ocrx_word' id='word_1_666' title='bbox 3287 4085 3550 4156; x_wconf 76' lang='lat' dir='ltr'><strong>virginem</strong></span> 
     </span>
    </p>
   </div>
   <div class='ocr_carea' id='block_1_84' title="bbox 1959 4159 3551 4252">
    <p class='ocr_par' dir='ltr' id='par_1_84' title="bbox 1959 4159 3551 4252">
     <span class='ocr_line' id='line_1_84' title="bbox 1959 4159 3551 4252; baseline -0.005 -13"><span class='ocrx_word' id='word_1_667' title='bbox 1959 4186 2253 4247; x_wconf 84' lang='lat' dir='ltr'><strong>transitus,</strong></span> <span class='ocrx_word' id='word_1_668' title='bbox 2306 4191 2468 4252; x_wconf 86' lang='lat' dir='ltr'><strong>atque</strong></span> <span class='ocrx_word' id='word_1_669' title='bbox 2513 4182 2586 4237; x_wconf 90' lang='lat' dir='ltr'><strong>ita</strong></span> <span class='ocrx_word' id='word_1_670' title='bbox 2644 4195 2749 4236; x_wconf 89' lang='lat' dir='ltr'><strong>nec</strong></span> <span class='ocrx_word' id='word_1_671' title='bbox 2791 4177 3105 4234; x_wconf 88' lang='lat' dir='ltr'><strong>mediatoris</strong></span> <span class='ocrx_word' id='word_1_672' title='bbox 3153 4159 3551 4235; x_wconf 69' lang='lat' dir='ltr'><strong>sacnunentum</strong></span> 
     </span>
    </p>
   </div>
   <div class='ocr_carea' id='block_1_85' title="bbox 1961 4267 3553 4344">
    <p class='ocr_par' dir='ltr' id='par_1_85' title="bbox 1961 4267 3553 4344">
     <span class='ocr_line' id='line_1_85' title="bbox 1961 4267 3553 4344; baseline -0.004 -13"><span class='ocrx_word' id='word_1_673' title='bbox 1961 4275 2115 4331; x_wconf 85' lang='lat' dir='ltr'><strong>nobis</strong></span> <span class='ocrx_word' id='word_1_674' title='bbox 2144 4273 2437 4344; x_wconf 86' lang='lat' dir='ltr'><strong>proﬁceret</strong></span> <span class='ocrx_word' id='word_1_675' title='bbox 2461 4272 2530 4327; x_wconf 88' lang='lat' dir='ltr'><strong>ad</strong></span> <span class='ocrx_word' id='word_1_676' title='bbox 2560 4271 2814 4337; x_wconf 88' lang='lat' dir='ltr'><strong>salutem,</strong></span> <span class='ocrx_word' id='word_1_677' title='bbox 2843 4283 2945 4324; x_wconf 88' lang='lat' dir='ltr'><strong>nec</strong></span> <span class='ocrx_word' id='word_1_678' title='bbox 2974 4268 3221 4323; x_wconf 68' lang='lat' dir='ltr'><strong>humanae</strong></span> <span class='ocrx_word' id='word_1_679' title='bbox 3247 4267 3553 4336; x_wconf 60' lang='lat' dir='ltr'><strong>divinaeque</strong></span> 
     </span>
    </p>
   </div>
   <div class='ocr_carea' id='block_1_86' title="bbox 1956 4359 3550 4437">
    <p class='ocr_par' dir='ltr' id='par_1_86' title="bbox 1956 4359 3550 4437">
     <span class='ocr_line' id='line_1_86' title="bbox 1956 4359 3550 4437; baseline -0.003 -17"><span class='ocrx_word' id='word_1_680' title='bbox 1956 4369 2169 4437; x_wconf 76' lang='lat' dir='ltr'><strong>plenam</strong></span> <span class='ocrx_word' id='word_1_681' title='bbox 2199 4367 2250 4422; x_wconf 90' lang='lat' dir='ltr'><strong>in</strong></span> <span class='ocrx_word' id='word_1_682' title='bbox 2282 4382 2342 4421; x_wconf 87' lang='lat' dir='ltr'><strong>se</strong></span> <span class='ocrx_word' id='word_1_683' title='bbox 2370 4363 2615 4419; x_wconf 79' lang='lat' dir='ltr'><strong>Christus</strong></span> <span class='ocrx_word' id='word_1_684' title='bbox 2640 4362 2733 4417; x_wconf 89' lang='lat' dir='ltr'><strong>Dei</strong></span> <span class='ocrx_word' id='word_1_685' title='bbox 2764 4362 2931 4417; x_wconf 81' lang='lat' dir='ltr'><strong>Filius</strong></span> <span class='ocrx_word' id='word_1_686' title='bbox 2954 4359 3407 4423; x_wconf 64' lang='lat' dir='ltr'><strong>ineonfusibiliter,</strong></span> <span class='ocrx_word' id='word_1_687' title='bbox 3430 4360 3550 4417; x_wconf 85' lang='lat' dir='ltr'><strong>uni-</strong></span> 
     </span>
    </p>
   </div>
   <div class='ocr_carea' id='block_1_87' title="bbox 275 4442 1848 4517">
    <p class='ocr_par' dir='ltr' id='par_1_87' title="bbox 275 4442 1848 4517">
     <span class='ocr_line' id='line_1_87' title="bbox 275 4442 1848 4517; baseline -0.005 -14"><span class='ocrx_word' id='word_1_688' title='bbox 275 4457 477 4503; x_wconf 81' lang='lat' dir='ltr'><strong>sanetus</strong></span> <span class='ocrx_word' id='word_1_689' title='bbox 493 4446 787 4517; x_wconf 72' lang='lat' dir='ltr'><strong>Apostolus</strong></span> <span class='ocrx_word' id='word_1_690' title='bbox 807 4444 941 4499; x_wconf 87' lang='lat' dir='ltr'><strong>Novi</strong></span> <span class='ocrx_word' id='word_1_691' title='bbox 964 4442 1317 4505; x_wconf 81' lang='lat' dir='ltr'><strong>Testamenti,</strong></span> <span class='ocrx_word' id='word_1_692' title='bbox 1340 4442 1477 4497; x_wconf 90' lang='lat' dir='ltr'><strong>sicut</strong></span> <span class='ocrx_word' id='word_1_693' title='bbox 1519 4443 1634 4511; x_wconf 83' lang='lat' dir='ltr'><strong>ip-e</strong></span> <span class='ocrx_word' id='word_1_694' title='bbox 1677 4450 1848 4497; x_wconf 84' lang='lat' dir='ltr'><strong>testa-</strong></span> 
     </span>
    </p>
   </div>
   <div class='ocr_carea' id='block_1_88' title="bbox 277 4532 1849 4609">
    <p class='ocr_par' dir='ltr' id='par_1_88' title="bbox 277 4532 1849 4609">
     <span class='ocr_line' id='line_1_88' title="bbox 277 4532 1849 4609; baseline -0.004 -15"><span class='ocrx_word' id='word_1_695' title='bbox 277 4536 455 4609; x_wconf 72' lang='lat' dir='ltr'><strong>turtll</strong></span> <span class='ocrx_word' id='word_1_696' title='bbox 478 4537 596 4597; x_wconf 77' lang='lat' dir='ltr'><strong>Cor.</strong></span> <span class='ocrx_word' id='word_1_697' title='bbox 621 4552 697 4594; x_wconf 84' lang='lat' dir='ltr'><strong>ut.</strong></span> <span class='ocrx_word' id='word_1_698' title='bbox 734 4534 814 4605; x_wconf 81' lang='lat'><strong>6),</strong></span> <span class='ocrx_word' id='word_1_699' title='bbox 836 4533 1007 4589; x_wconf 84' lang='lat' dir='ltr'><strong>factus</strong></span> <span class='ocrx_word' id='word_1_700' title='bbox 1038 4550 1067 4587; x_wconf 87' lang='lat' dir='ltr'><strong>a</strong></span> <span class='ocrx_word' id='word_1_701' title='bbox 1091 4532 1202 4588; x_wconf 90' lang='lat' dir='ltr'><strong>Deo</strong></span> <span class='ocrx_word' id='word_1_702' title='bbox 1224 4533 1469 4587; x_wconf 40' lang='lat' dir='ltr'><strong>minister</strong></span> <span class='ocrx_word' id='word_1_703' title='bbox 1499 4533 1744 4596; x_wconf 79' lang='lat' dir='ltr'><strong>idoneus.</strong></span> <span class='ocrx_word' id='word_1_704' title='bbox 1780 4549 1849 4587; x_wconf 91' lang='lat' dir='ltr'><strong>ne</strong></span> 
     </span>
    </p>
   </div>
   <div class='ocr_carea' id='block_1_89' title="bbox 1953 4449 3547 4521">
    <p class='ocr_par' dir='ltr' id='par_1_89' title="bbox 1953 4449 3547 4521">
     <span class='ocr_line' id='line_1_89' title="bbox 1953 4449 3547 4521; baseline -0.004 -7"><span class='ocrx_word' id='word_1_705' title='bbox 1953 4468 2035 4514; x_wconf 89' lang='lat' dir='ltr'><strong>ret</strong></span> <span class='ocrx_word' id='word_1_706' title='bbox 2064 4458 2375 4514; x_wconf 70' lang='lat' dir='ltr'><strong>substantia:</strong></span> <span class='ocrx_word' id='word_1_707' title='bbox 2405 4457 2708 4511; x_wconf 86' lang='lat' dir='ltr'><strong>veritatem.</strong></span> <span class='ocrx_word' id='word_1_708' title='bbox 2734 4452 2850 4508; x_wconf 81' lang='lat' dir='ltr'><strong>Hoc</strong></span> <span class='ocrx_word' id='word_1_709' title='bbox 2879 4466 3009 4521; x_wconf 85' lang='lat' dir='ltr'><strong>ergo</strong></span> <span class='ocrx_word' id='word_1_710' title='bbox 3038 4449 3439 4508; x_wconf 71' lang='lat' dir='ltr'><strong>medieinaliter</strong></span> <span class='ocrx_word' id='word_1_711' title='bbox 3452 4467 3547 4509; x_wconf 84' lang='lat' dir='ltr'><strong>usa</strong></span> 
     </span>
    </p>
   </div>
   <div class='ocr_carea' id='block_1_90' title="bbox 1955 4539 3547 4611">
    <p class='ocr_par' dir='ltr' id='par_1_90' title="bbox 1955 4539 3547 4611">
     <span class='ocr_line' id='line_1_90' title="bbox 1955 4539 3547 4611; baseline -0.004 -8"><span class='ocrx_word' id='word_1_712' title='bbox 1955 4558 2037 4603; x_wconf 85' lang='lat' dir='ltr'><strong>cst</strong></span> <span class='ocrx_word' id='word_1_713' title='bbox 2065 4548 2281 4603; x_wconf 82' lang='lat' dir='ltr'><strong>bonitas</strong></span> <span class='ocrx_word' id='word_1_714' title='bbox 2308 4545 2488 4600; x_wconf 87' lang='lat' dir='ltr'><strong>divina</strong></span> <span class='ocrx_word' id='word_1_715' title='bbox 2520 4543 2781 4603; x_wconf 88' lang='lat' dir='ltr'><strong>remedio,</strong></span> <span class='ocrx_word' id='word_1_716' title='bbox 2828 4548 2887 4594; x_wconf 90' lang='lat' dir='ltr'><strong>ut</strong></span> <span class='ocrx_word' id='word_1_717' title='bbox 2917 4542 3006 4595; x_wconf 91' lang='lat' dir='ltr'><strong>ille</strong></span> <span class='ocrx_word' id='word_1_718' title='bbox 3035 4539 3354 4609; x_wconf 80' lang='lat' dir='ltr'><strong>Uuigenitus</strong></span> <span class='ocrx_word' id='word_1_719' title='bbox 3381 4540 3547 4611; x_wconf 81' lang='lat' dir='ltr'><strong>Deus,</strong></span> 
     </span>
    </p>
   </div>
   <div class='ocr_carea' id='block_1_91' title="bbox 278 4623 3703 4709">
    <p class='ocr_par' dir='ltr' id='par_1_91' title="bbox 278 4623 3703 4709">
     <span class='ocr_line' id='line_1_91' title="bbox 278 4623 3703 4709; baseline 0.001 -28"><span class='ocrx_word' id='word_1_720' title='bbox 278 4629 541 4699; x_wconf 78' lang='lat' dir='ltr'><strong>quisquam</strong></span> <span class='ocrx_word' id='word_1_721' title='bbox 568 4634 810 4681; x_wconf 89' lang='lat' dir='ltr'><strong>nostrum</strong></span> <span class='ocrx_word' id='word_1_722' title='bbox 839 4624 1169 4679; x_wconf 71' lang='lat' dir='ltr'><strong>csinanitum</strong></span> <span class='ocrx_word' id='word_1_723' title='bbox 1216 4624 1312 4679; x_wconf 91' lang='lat' dir='ltr'><strong>Dei</strong></span> <span class='ocrx_word' id='word_1_724' title='bbox 1366 4623 1558 4679; x_wconf 88' lang='lat' dir='ltr'><strong>Filium</strong></span> <span class='ocrx_word' id='word_1_725' title='bbox 1590 4625 1841 4689; x_wconf 82' lang='lat' dir='ltr'><strong>audiens,</strong></span> <span class='ocrx_word' id='word_1_726' title='bbox 1881 4639 2046 4709; x_wconf 72' lang='grc' dir='ltr'><strong>υηυί</strong></span> <span class='ocrx_word' id='word_1_727' title='bbox 2075 4638 2259 4694; x_wconf 44' lang='lat' dir='ltr'><strong>estin</strong></span> <span class='ocrx_word' id='word_1_728' title='bbox 2307 4638 2427 4691; x_wconf 83' lang='lat' dir='ltr'><strong>sinu</strong></span> <span class='ocrx_word' id='word_1_729' title='bbox 2459 4635 2656 4701; x_wconf 86' lang='lat' dir='ltr'><strong>Patris,</strong></span> <span class='ocrx_word' id='word_1_730' title='bbox 2710 4632 3029 4687; x_wconf 42' lang='lat' dir='ltr'><strong>non‘solum</strong></span> <span class='ocrx_word' id='word_1_731' title='bbox 3075 4632 3128 4686; x_wconf 91' lang='lat' dir='ltr'><strong>in</strong></span> <span class='ocrx_word' id='word_1_732' title='bbox 3156 4633 3403 4697; x_wconf 85' lang='lat' dir='ltr'><strong>muliere.</strong></span> <span class='ocrx_word' id='word_1_733' title='bbox 3448 4632 3544 4688; x_wconf 84' lang='lat' dir='ltr'><strong>sed</strong></span> <span class='ocrx_word' id='word_1_734' title='bbox 3603 4700 3606 4702; x_wconf 12' lang='grc' dir='ltr'>γ</span> <span class='ocrx_word' id='word_1_735' title='bbox 3691 4624 3703 4636; x_wconf 76' lang='grc'><em>’</em></span> 
     </span>
    </p>
   </div>
   <div class='ocr_carea' id='block_1_92' title="bbox 282 4717 1845 4786">
    <p class='ocr_par' dir='ltr' id='par_1_92' title="bbox 282 4717 1845 4786">
     <span class='ocr_line' id='line_1_92' title="bbox 282 4717 1845 4786; baseline -0.002 -11"><span class='ocrx_word' id='word_1_736' title='bbox 282 4722 512 4776; x_wconf 82' lang='lat' dir='ltr'><strong>amissam</strong></span> <span class='ocrx_word' id='word_1_737' title='bbox 539 4720 624 4776; x_wconf 91' lang='lat' dir='ltr'><strong>vel</strong></span> <span class='ocrx_word' id='word_1_738' title='bbox 653 4717 971 4772; x_wconf 90' lang='lat' dir='ltr'><strong>diminutam</strong></span> <span class='ocrx_word' id='word_1_739' title='bbox 998 4717 1363 4785; x_wconf 64' lang='lat' dir='ltr'><strong>aequalitatem</strong></span> <span class='ocrx_word' id='word_1_740' title='bbox 1392 4726 1631 4786; x_wconf 74' lang='lat' dir='ltr'><strong>paterna:</strong></span> <span class='ocrx_word' id='word_1_741' title='bbox 1658 4719 1845 4773; x_wconf 69' lang='lat' dir='ltr'><strong>forma:</strong></span> 
     </span>
    </p>
   </div>
   <div class='ocr_carea' id='block_1_93' title="bbox 280 4809 1852 4880">
    <p class='ocr_par' dir='ltr' id='par_1_93' title="bbox 280 4809 1852 4880">
     <span class='ocr_line' id='line_1_93' title="bbox 280 4809 1852 4880; baseline -0.002 -12"><span class='ocrx_word' id='word_1_742' title='bbox 280 4816 327 4869; x_wconf 90' lang='lat' dir='ltr'><strong>in</strong></span> <span class='ocrx_word' id='word_1_743' title='bbox 368 4814 475 4868; x_wconf 86' lang='lat' dir='ltr'><strong>Deo</strong></span> <span class='ocrx_word' id='word_1_744' title='bbox 505 4811 795 4880; x_wconf 86' lang='lat' dir='ltr'><strong>llnigenito</strong></span> <span class='ocrx_word' id='word_1_745' title='bbox 842 4809 1001 4863; x_wconf 77' lang='lat' dir='ltr'><strong>noxia</strong></span> <span class='ocrx_word' id='word_1_746' title='bbox 1042 4809 1373 4875; x_wconf 81' lang='lat' dir='ltr'><strong>cogitatione</strong></span> <span class='ocrx_word' id='word_1_747' title='bbox 1413 4811 1747 4880; x_wconf 87' lang='lat' dir='ltr'><strong>conciperet,</strong></span> <span class='ocrx_word' id='word_1_748' title='bbox 1794 4819 1852 4866; x_wconf 89' lang='lat' dir='ltr'><strong>et</strong></span> 
     </span>
    </p>
   </div>
   <div class='ocr_carea' id='block_1_94' title="bbox 280 4898 1846 4971">
    <p class='ocr_par' dir='ltr' id='par_1_94' title="bbox 280 4898 1846 4971">
     <span class='ocr_line' id='line_1_94' title="bbox 280 4898 1846 4971; baseline -0.002 -13"><span class='ocrx_word' id='word_1_749' title='bbox 280 4903 508 4971; x_wconf 85' lang='lat' dir='ltr'><strong>obliquos</strong></span> <span class='ocrx_word' id='word_1_750' title='bbox 534 4915 767 4971; x_wconf 78' lang='lat' dir='ltr'><strong>sequens</strong></span> <span class='ocrx_word' id='word_1_751' title='bbox 792 4898 1119 4967; x_wconf 72' lang='lat' dir='ltr'><strong>serpentium</strong></span> <span class='ocrx_word' id='word_1_752' title='bbox 1171 4898 1509 4966; x_wconf 88' lang='lat' dir='ltr'><strong>deceptionis</strong></span> <span class='ocrx_word' id='word_1_753' title='bbox 1553 4900 1846 4966; x_wconf 84' lang='lat' dir='ltr'><strong>anfractus,</strong></span> 
     </span>
    </p>
   </div>
   <div class='ocr_carea' id='block_1_95' title="bbox 279 4980 1846 5060">
    <p class='ocr_par' dir='ltr' id='par_1_95' title="bbox 279 4980 1846 5060">
     <span class='ocr_line' id='line_1_95' title="bbox 279 4980 1846 5060; baseline -0.003 -9"><span class='ocrx_word' id='word_1_754' title='bbox 279 5003 417 5051; x_wconf 70' lang='lat' dir='ltr'><strong>rectze</strong></span> <span class='ocrx_word' id='word_1_755' title='bbox 433 4993 552 5048; x_wconf 87' lang='lat' dir='ltr'><strong>ﬁdei</strong></span> <span class='ocrx_word' id='word_1_756' title='bbox 575 4993 842 5047; x_wconf 89' lang='lat' dir='ltr'><strong>tramitem</strong></span> <span class='ocrx_word' id='word_1_757' title='bbox 862 4980 966 5045; x_wconf 91' lang='lat' dir='ltr'><strong>non</strong></span> <span class='ocrx_word' id='word_1_758' title='bbox 990 5000 1217 5056; x_wconf 86' lang='lat' dir='ltr'><strong>teneret,</strong></span> <span class='ocrx_word' id='word_1_759' title='bbox 1242 4991 1661 5048; x_wconf 81' lang='lat' dir='ltr'><strong>exinanitionem</strong></span> <span class='ocrx_word' id='word_1_760' title='bbox 1680 4992 1846 5060; x_wconf 85' lang='lat' dir='ltr'><strong>illam,</strong></span> 
     </span>
    </p>
   </div>
   <div class='ocr_carea' id='block_1_96' title="bbox 281 5072 1844 5154">
    <p class='ocr_par' dir='ltr' id='par_1_96' title="bbox 281 5072 1844 5154">
     <span class='ocr_line' id='line_1_96' title="bbox 281 5072 1844 5154; baseline 0 -12"><span class='ocrx_word' id='word_1_761' title='bbox 281 5087 521 5142; x_wconf 74' lang='lat' dir='ltr'><strong>submotis</strong></span> <span class='ocrx_word' id='word_1_762' title='bbox 591 5072 892 5140; x_wconf 80' lang='lat' dir='ltr'><strong>reservavit</strong></span> <span class='ocrx_word' id='word_1_763' title='bbox 962 5084 1122 5153; x_wconf 79' lang='lat' dir='ltr'><strong>(forte</strong></span> <span class='ocrx_word' id='word_1_764' title='bbox 1172 5083 1456 5153; x_wconf 85' lang='lat' dir='ltr'><strong>reseravit)</strong></span> <span class='ocrx_word' id='word_1_765' title='bbox 1513 5085 1844 5154; x_wconf 78' lang='lat' dir='ltr'><strong>ambagibus,</strong></span> 
     </span>
    </p>
   </div>
   <div class='ocr_carea' id='block_1_97' title="bbox 278 5178 1846 5257">
    <p class='ocr_par' dir='ltr' id='par_1_97' title="bbox 278 5178 1846 5257">
     <span class='ocr_line' id='line_1_97' title="bbox 278 5178 1846 5257; baseline 0.001 -20"><span class='ocrx_word' id='word_1_766' title='bbox 278 5182 466 5253; x_wconf 87' lang='lat' dir='ltr'><strong>quando</strong></span> <span class='ocrx_word' id='word_1_767' title='bbox 489 5181 880 5257; x_wconf 82' lang='lat' dir='ltr'><strong>subsequenter</strong></span> <span class='ocrx_word' id='word_1_768' title='bbox 905 5178 1126 5247; x_wconf 86' lang='lat' dir='ltr'><strong>adjecit,</strong></span> <span class='ocrx_word' id='word_1_769' title='bbox 1151 5180 1372 5250; x_wconf 78' lang='lat' dir='ltr'><strong>formam</strong></span> <span class='ocrx_word' id='word_1_770' title='bbox 1411 5180 1540 5232; x_wconf 71' lang='lat' dir='ltr'><strong>servi</strong></span> <span class='ocrx_word' id='word_1_771' title='bbox 1568 5182 1846 5251; x_wconf 79' lang='lat' dir='ltr'><strong>accipiens.</strong></span> 
     </span>
    </p>
   </div>
   <div class='ocr_carea' id='block_1_98' title="bbox 281 5268 1842 5343">
    <p class='ocr_par' dir='ltr' id='par_1_98' title="bbox 281 5268 1842 5343">
     <span class='ocr_line' id='line_1_98' title="bbox 281 5268 1842 5343; baseline -0.002 -14"><span class='ocrx_word' id='word_1_772' title='bbox 281 5274 360 5329; x_wconf 86' lang='lat' dir='ltr'><strong>illa</strong></span> <span class='ocrx_word' id='word_1_773' title='bbox 384 5274 539 5343; x_wconf 86' lang='lat' dir='ltr'><strong>igitur</strong></span> <span class='ocrx_word' id='word_1_774' title='bbox 567 5271 862 5328; x_wconf 75' lang='lat' dir='ltr'><strong>esinanitio</strong></span> <span class='ocrx_word' id='word_1_775' title='bbox 893 5268 1163 5338; x_wconf 81' lang='lat' dir='ltr'><strong>Unigeniti</strong></span> <span class='ocrx_word' id='word_1_776' title='bbox 1201 5270 1293 5325; x_wconf 92' lang='lat' dir='ltr'><strong>Dei</strong></span> <span class='ocrx_word' id='word_1_777' title='bbox 1328 5270 1575 5338; x_wconf 89' lang='lat' dir='ltr'><strong>acceptio</strong></span> <span class='ocrx_word' id='word_1_778' title='bbox 1606 5271 1703 5326; x_wconf 86' lang='lat' dir='ltr'><strong>fuit</strong></span> <span class='ocrx_word' id='word_1_779' title='bbox 1734 5272 1842 5327; x_wconf 86' lang='lat' dir='ltr'><strong>for-</strong></span> 
     </span>
    </p>
   </div>
   <div class='ocr_carea' id='block_1_99' title="bbox 286 5362 1841 5427">
    <p class='ocr_par' dir='ltr' id='par_1_99' title="bbox 286 5362 1841 5427">
     <span class='ocr_line' id='line_1_99' title="bbox 286 5362 1841 5427; baseline -0.002 -4"><span class='ocrx_word' id='word_1_780' title='bbox 286 5380 373 5423; x_wconf 73' lang='lat' dir='ltr'><strong>mte</strong></span> <span class='ocrx_word' id='word_1_781' title='bbox 397 5366 622 5427; x_wconf 83' lang='lat' dir='ltr'><strong>servilis,</strong></span> <span class='ocrx_word' id='word_1_782' title='bbox 657 5380 765 5419; x_wconf 87' lang='lat' dir='ltr'><strong>non</strong></span> <span class='ocrx_word' id='word_1_783' title='bbox 813 5363 1029 5418; x_wconf 86' lang='lat' dir='ltr'><strong>amissio</strong></span> <span class='ocrx_word' id='word_1_784' title='bbox 1057 5363 1141 5417; x_wconf 83' lang='lat' dir='ltr'><strong>vel</strong></span> <span class='ocrx_word' id='word_1_785' title='bbox 1170 5362 1456 5418; x_wconf 87' lang='lat' dir='ltr'><strong>diminutio</strong></span> <span class='ocrx_word' id='word_1_786' title='bbox 1481 5364 1693 5420; x_wconf 89' lang='lat' dir='ltr'><strong>deitatis</strong></span> <span class='ocrx_word' id='word_1_787' title='bbox 1719 5367 1841 5420; x_wconf 77' lang='lat' dir='ltr'><strong>:di-</strong></span> 
     </span>
    </p>
   </div>
   <div class='ocr_carea' id='block_1_100' title="bbox 286 5454 1842 5527">
    <p class='ocr_par' dir='ltr' id='par_1_100' title="bbox 286 5454 1842 5527">
     <span class='ocr_line' id='line_1_100' title="bbox 286 5454 1842 5527; baseline 0 -15"><span class='ocrx_word' id='word_1_788' title='bbox 286 5460 382 5513; x_wconf 75' lang='lat' dir='ltr'><strong>vina</strong></span> <span class='ocrx_word' id='word_1_789' title='bbox 409 5458 604 5527; x_wconf 90' lang='lat' dir='ltr'><strong>quippe</strong></span> <span class='ocrx_word' id='word_1_790' title='bbox 629 5464 817 5509; x_wconf 88' lang='lat' dir='ltr'><strong>natura</strong></span> <span class='ocrx_word' id='word_1_791' title='bbox 846 5469 944 5508; x_wconf 82' lang='lat' dir='ltr'><strong>nec</strong></span> <span class='ocrx_word' id='word_1_792' title='bbox 971 5454 1134 5507; x_wconf 87' lang='lat' dir='ltr'><strong>minui</strong></span> <span class='ocrx_word' id='word_1_793' title='bbox 1167 5461 1350 5522; x_wconf 86' lang='lat' dir='ltr'><strong>potest</strong></span> <span class='ocrx_word' id='word_1_794' title='bbox 1371 5455 1712 5524; x_wconf 87' lang='lat' dir='ltr'><strong>aliquatenus</strong></span> <span class='ocrx_word' id='word_1_795' title='bbox 1741 5472 1842 5512; x_wconf 89' lang='lat' dir='ltr'><strong>nec</strong></span> 
     </span>
    </p>
   </div>
   <div class='ocr_carea' id='block_1_101' title="bbox 281 5543 1839 5617">
    <p class='ocr_par' dir='ltr' id='par_1_101' title="bbox 281 5543 1839 5617">
     <span class='ocr_line' id='line_1_101' title="bbox 281 5543 1839 5617; baseline -0.001 -15"><span class='ocrx_word' id='word_1_796' title='bbox 281 5548 455 5617; x_wconf 79' lang='lat' dir='ltr'><strong>augeri,</strong></span> <span class='ocrx_word' id='word_1_797' title='bbox 487 5547 614 5616; x_wconf 85' lang='lat' dir='ltr'><strong>quia</strong></span> <span class='ocrx_word' id='word_1_798' title='bbox 640 5543 1098 5600; x_wconf 89' lang='lat' dir='ltr'><strong>incommutabilis</strong></span> <span class='ocrx_word' id='word_1_799' title='bbox 1118 5558 1344 5599; x_wconf 89' lang='lat' dir='ltr'><strong>manens</strong></span> <span class='ocrx_word' id='word_1_800' title='bbox 1380 5544 1485 5600; x_wconf 92' lang='lat' dir='ltr'><strong>hoc</strong></span> <span class='ocrx_word' id='word_1_801' title='bbox 1507 5545 1674 5601; x_wconf 86' lang='lat' dir='ltr'><strong>habet</strong></span> <span class='ocrx_word' id='word_1_802' title='bbox 1692 5563 1839 5601; x_wconf 87' lang='lat' dir='ltr'><strong>scm-</strong></span> 
     </span>
    </p>
   </div>
   <div class='ocr_carea' id='block_1_102' title="bbox 283 5633 1837 5707">
    <p class='ocr_par' dir='ltr' id='par_1_102' title="bbox 283 5633 1837 5707">
     <span class='ocr_line' id='line_1_102' title="bbox 283 5633 1837 5707; baseline 0.001 -15"><span class='ocrx_word' id='word_1_803' title='bbox 283 5654 359 5707; x_wconf 82' lang='lat' dir='ltr'><strong>per</strong></span> <span class='ocrx_word' id='word_1_804' title='bbox 374 5652 487 5691; x_wconf 81' lang='lat' dir='ltr'><strong>esse</strong></span> <span class='ocrx_word' id='word_1_805' title='bbox 515 5635 657 5707; x_wconf 89' lang='lat' dir='ltr'><strong>quod</strong></span> <span class='ocrx_word' id='word_1_806' title='bbox 687 5642 789 5688; x_wconf 89' lang='lat' dir='ltr'><strong>est.</strong></span> <span class='ocrx_word' id='word_1_807' title='bbox 819 5633 947 5688; x_wconf 86' lang='lat' dir='ltr'><strong>Nam</strong></span> <span class='ocrx_word' id='word_1_808' title='bbox 970 5633 1014 5686; x_wconf 88' lang='lat' dir='ltr'><strong>si</strong></span> <span class='ocrx_word' id='word_1_809' title='bbox 1039 5633 1180 5687; x_wconf 90' lang='lat' dir='ltr'><strong>Deus</strong></span> <span class='ocrx_word' id='word_1_810' title='bbox 1204 5634 1290 5688; x_wconf 88' lang='lat' dir='ltr'><strong>ille</strong></span> <span class='ocrx_word' id='word_1_811' title='bbox 1314 5650 1473 5692; x_wconf 85' lang='lat' dir='ltr'><strong>verus</strong></span> <span class='ocrx_word' id='word_1_812' title='bbox 1493 5645 1548 5691; x_wconf 89' lang='lat' dir='ltr'><strong>et</strong></span> <span class='ocrx_word' id='word_1_813' title='bbox 1574 5652 1837 5702; x_wconf 88' lang='lat' dir='ltr'><strong>summus,</strong></span> 
     </span>
    </p>
   </div>
   <div class='ocr_carea' id='block_1_103' title="bbox 1952 4722 3544 4790">
    <p class='ocr_par' dir='ltr' id='par_1_103' title="bbox 1952 4722 3544 4790">
     <span class='ocr_line' id='line_1_103' title="bbox 1952 4722 3544 4790; baseline -0.003 -7"><span class='ocrx_word' id='word_1_814' title='bbox 1952 4730 2115 4783; x_wconf 87' lang='lat' dir='ltr'><strong>etiam</strong></span> <span class='ocrx_word' id='word_1_815' title='bbox 2145 4743 2211 4783; x_wconf 78' lang='lat' dir='ltr'><strong>es</strong></span> <span class='ocrx_word' id='word_1_816' title='bbox 2243 4726 2469 4782; x_wconf 89' lang='lat' dir='ltr'><strong>muliere</strong></span> <span class='ocrx_word' id='word_1_817' title='bbox 2500 4724 2654 4779; x_wconf 81' lang='lat' dir='ltr'><strong>ﬁeret</strong></span> <span class='ocrx_word' id='word_1_818' title='bbox 2682 4723 3044 4790; x_wconf 83' lang='lat' dir='ltr'><strong>homo.Quod</strong></span> <span class='ocrx_word' id='word_1_819' title='bbox 3073 4722 3439 4779; x_wconf 87' lang='lat' dir='ltr'><strong>indubitanter</strong></span> <span class='ocrx_word' id='word_1_820' title='bbox 3463 4722 3544 4778; x_wconf 56' lang='lat' dir='ltr'><strong>di.</strong></span> 
     </span>
    </p>
   </div>
   <div class='ocr_carea' id='block_1_104' title="bbox 1954 4811 3546 4886">
    <p class='ocr_par' dir='ltr' id='par_1_104' title="bbox 1954 4811 3546 4886">
     <span class='ocr_line' id='line_1_104' title="bbox 1954 4811 3546 4886; baseline -0.003 -13"><span class='ocrx_word' id='word_1_821' title='bbox 1954 4821 2092 4875; x_wconf 84' lang='lat' dir='ltr'><strong>vinis</strong></span> <span class='ocrx_word' id='word_1_822' title='bbox 2116 4819 2340 4877; x_wconf 86' lang='lat' dir='ltr'><strong>credere</strong></span> <span class='ocrx_word' id='word_1_823' title='bbox 2365 4826 2529 4886; x_wconf 87' lang='lat' dir='ltr'><strong>atque</strong></span> <span class='ocrx_word' id='word_1_824' title='bbox 2569 4813 2814 4871; x_wconf 87' lang='lat' dir='ltr'><strong>conﬁteri</strong></span> <span class='ocrx_word' id='word_1_825' title='bbox 2858 4814 2953 4883; x_wconf 85' lang='lat' dir='ltr'><strong>(al.</strong></span> <span class='ocrx_word' id='word_1_826' title='bbox 2988 4811 3249 4882; x_wconf 86' lang='lat' dir='ltr'><strong>proﬁteri)</strong></span> <span class='ocrx_word' id='word_1_827' title='bbox 3291 4812 3546 4880; x_wconf 86' lang='lat' dir='ltr'><strong>juhemur</strong></span> 
     </span>
    </p>
   </div>
   <div class='ocr_carea' id='block_1_105' title="bbox 1954 4901 3543 4975">
    <p class='ocr_par' dir='ltr' id='par_1_105' title="bbox 1954 4901 3543 4975">
     <span class='ocr_line' id='line_1_105' title="bbox 1954 4901 3543 4975; baseline -0.006 -8"><span class='ocrx_word' id='word_1_828' title='bbox 1954 4911 2207 4967; x_wconf 86' lang='lat' dir='ltr'><strong>oraculis.</strong></span> <span class='ocrx_word' id='word_1_829' title='bbox 2248 4909 2306 4962; x_wconf 84' lang='lat' dir='ltr'><strong>In</strong></span> <span class='ocrx_word' id='word_1_830' title='bbox 2342 4922 2405 4963; x_wconf 87' lang='lat' dir='ltr'><strong>ea</strong></span> <span class='ocrx_word' id='word_1_831' title='bbox 2434 4906 2634 4975; x_wconf 85' lang='lat' dir='ltr'><strong>quippe</strong></span> <span class='ocrx_word' id='word_1_832' title='bbox 2664 4904 2833 4959; x_wconf 89' lang='lat' dir='ltr'><strong>Deum</strong></span> <span class='ocrx_word' id='word_1_833' title='bbox 2862 4901 3137 4958; x_wconf 88' lang='lat' dir='ltr'><strong>hominem</strong></span> <span class='ocrx_word' id='word_1_834' title='bbox 3188 4901 3384 4958; x_wconf 86' lang='lat' dir='ltr'><strong>factum</strong></span> <span class='ocrx_word' id='word_1_835' title='bbox 3413 4918 3543 4973; x_wconf 88' lang='lat' dir='ltr'><strong>pro-</strong></span> 
     </span>
    </p>
   </div>
   <div class='ocr_carea' id='block_1_106' title="bbox 1954 4989 3543 5068">
    <p class='ocr_par' dir='ltr' id='par_1_106' title="bbox 1954 4989 3543 5068">
     <span class='ocr_line' id='line_1_106' title="bbox 1954 4989 3543 5068; baseline -0.008 -14"><span class='ocrx_word' id='word_1_836' title='bbox 1954 5000 2116 5068; x_wconf 88' lang='lat' dir='ltr'><strong>pheta</strong></span> <span class='ocrx_word' id='word_1_837' title='bbox 2147 5014 2253 5053; x_wconf 90' lang='lat' dir='ltr'><strong>non</strong></span> <span class='ocrx_word' id='word_1_838' title='bbox 2285 4996 2472 5061; x_wconf 88' lang='lat' dir='ltr'><strong>tacuit,</strong></span> <span class='ocrx_word' id='word_1_839' title='bbox 2490 4994 2676 5051; x_wconf 80' lang='lat' dir='ltr'><strong>dicens</strong></span> <span class='ocrx_word' id='word_1_840' title='bbox 2709 5010 2721 5047; x_wconf 89' lang='lat'><strong>:</strong></span> <span class='ocrx_word' id='word_1_841' title='bbox 2750 4991 2923 5051; x_wconf 82' lang='lat' dir='ltr'><strong>Mater</strong></span> <span class='ocrx_word' id='word_1_842' title='bbox 2943 4990 3075 5048; x_wconf 88' lang='lat' dir='ltr'><strong>Sion</strong></span> <span class='ocrx_word' id='word_1_843' title='bbox 3096 4991 3228 5045; x_wconf 82' lang='lat' dir='ltr'><strong>dicet</strong></span> <span class='ocrx_word' id='word_1_844' title='bbox 3254 5008 3271 5044; x_wconf 89' lang='lat'><strong><em>:</em></strong></span> <span class='ocrx_word' id='word_1_845' title='bbox 3298 4989 3468 5044; x_wconf 83' lang='lat' dir='ltr'><strong>llomo</strong></span> <span class='ocrx_word' id='word_1_846' title='bbox 3492 4999 3543 5044; x_wconf 83' lang='lat' dir='ltr'><strong>et</strong></span> 
     </span>
    </p>
   </div>
   <div class='ocr_carea' id='block_1_107' title="bbox 1957 5082 3545 5160">
    <p class='ocr_par' dir='ltr' id='par_1_107' title="bbox 1957 5082 3545 5160">
     <span class='ocr_line' id='line_1_107' title="bbox 1957 5082 3545 5160; baseline -0.005 -17"><span class='ocrx_word' id='word_1_847' title='bbox 1957 5091 2107 5145; x_wconf 88' lang='lat' dir='ltr'><strong>homo</strong></span> <span class='ocrx_word' id='word_1_848' title='bbox 2134 5092 2301 5160; x_wconf 80' lang='lat' dir='ltr'><strong>factus</strong></span> <span class='ocrx_word' id='word_1_849' title='bbox 2330 5089 2486 5142; x_wconf 76' lang='lat' dir='ltr'><strong>estin</strong></span> <span class='ocrx_word' id='word_1_850' title='bbox 2517 5103 2597 5151; x_wconf 88' lang='lat' dir='ltr'><strong>ea,</strong></span> <span class='ocrx_word' id='word_1_851' title='bbox 2630 5097 2679 5143; x_wconf 80' lang='lat' dir='ltr'><strong>et</strong></span> <span class='ocrx_word' id='word_1_852' title='bbox 2704 5086 2815 5153; x_wconf 84' lang='lat' dir='ltr'><strong>ipse</strong></span> <span class='ocrx_word' id='word_1_853' title='bbox 2842 5084 3076 5155; x_wconf 76' lang='lat' dir='ltr'><strong>fundauit</strong></span> <span class='ocrx_word' id='word_1_854' title='bbox 3104 5100 3219 5136; x_wconf 85' lang='lat' dir='ltr'><strong>eam</strong></span> <span class='ocrx_word' id='word_1_855' title='bbox 3247 5082 3545 5138; x_wconf 83' lang='lat' dir='ltr'><strong>Altissimus</strong></span> 
     </span>
    </p>
   </div>
   <div class='ocr_carea' id='block_1_108' title="bbox 1960 5172 3543 5249">
    <p class='ocr_par' dir='ltr' id='par_1_108' title="bbox 1960 5172 3543 5249">
     <span class='ocr_line' id='line_1_108' title="bbox 1960 5172 3543 5249; baseline -0.005 -15"><span class='ocrx_word' id='word_1_856' title='bbox 1960 5179 2130 5249; x_wconf 82' lang='lat' dir='ltr'><strong>(Psul.</strong></span> <span class='ocrx_word' id='word_1_857' title='bbox 2160 5195 2378 5245; x_wconf 75' lang='lat' dir='ltr'><strong>Lxxxvt,</strong></span> <span class='ocrx_word' id='word_1_858' title='bbox 2411 5176 2485 5231; x_wconf 56' lang='lat'><strong>5&#39;.</strong></span> <span class='ocrx_word' id='word_1_859' title='bbox 2520 5176 2706 5232; x_wconf 86' lang='lat' dir='ltr'><strong>Esaias</strong></span> <span class='ocrx_word' id='word_1_860' title='bbox 2733 5190 2949 5247; x_wconf 91' lang='lat' dir='ltr'><strong>quoque</strong></span> <span class='ocrx_word' id='word_1_861' title='bbox 2977 5174 3178 5247; x_wconf 83' lang='lat' dir='ltr'><strong>Spiritu</strong></span> <span class='ocrx_word' id='word_1_862' title='bbox 3206 5180 3395 5229; x_wconf 87' lang='lat' dir='ltr'><strong>sancto</strong></span> <span class='ocrx_word' id='word_1_863' title='bbox 3423 5172 3543 5243; x_wconf 88' lang='lat' dir='ltr'><strong>ple-</strong></span> 
     </span>
    </p>
   </div>
   <div class='ocr_carea' id='block_1_109' title="bbox 1951 5265 3544 5338">
    <p class='ocr_par' dir='ltr' id='par_1_109' title="bbox 1951 5265 3544 5338">
     <span class='ocr_line' id='line_1_109' title="bbox 1951 5265 3544 5338; baseline -0.004 -11"><span class='ocrx_word' id='word_1_864' title='bbox 1951 5265 2294 5338; x_wconf 78' lang='lat' dir='ltr'><strong>nus,&#39;futur:e</strong></span> <span class='ocrx_word' id='word_1_865' title='bbox 2322 5269 2708 5325; x_wconf 86' lang='lat' dir='ltr'><strong>incarnationis</strong></span> <span class='ocrx_word' id='word_1_866' title='bbox 2736 5268 2854 5325; x_wconf 87' lang='lat' dir='ltr'><strong>Filii</strong></span> <span class='ocrx_word' id='word_1_867' title='bbox 2884 5268 2977 5324; x_wconf 89' lang='lat' dir='ltr'><strong>Dei</strong></span> <span class='ocrx_word' id='word_1_868' title='bbox 3006 5269 3085 5324; x_wconf 92' lang='lat' dir='ltr'><strong>sic</strong></span> <span class='ocrx_word' id='word_1_869' title='bbox 3113 5267 3436 5337; x_wconf 71' lang='lat' dir='ltr'><strong>prmnuntiat</strong></span> <span class='ocrx_word' id='word_1_870' title='bbox 3453 5283 3544 5327; x_wconf 80' lang='lat' dir='ltr'><strong>sa-</strong></span> 
     </span>
    </p>
   </div>
   <div class='ocr_carea' id='block_1_110' title="bbox 1947 5359 3545 5432">
    <p class='ocr_par' dir='ltr' id='par_1_110' title="bbox 1947 5359 3545 5432">
     <span class='ocr_line' id='line_1_110' title="bbox 1947 5359 3545 5432; baseline -0.003 -15"><span class='ocrx_word' id='word_1_871' title='bbox 1947 5370 2280 5418; x_wconf 85' lang='lat' dir='ltr'><strong>cramentum</strong></span> <span class='ocrx_word' id='word_1_872' title='bbox 2324 5360 2498 5416; x_wconf 60' lang='lat' dir='ltr'><strong>:I‘Icce</strong></span> <span class='ocrx_word' id='word_1_873' title='bbox 2525 5363 2667 5432; x_wconf 79' lang='lat' dir='ltr'><strong>virgo</strong></span> <span class='ocrx_word' id='word_1_874' title='bbox 2692 5361 2747 5417; x_wconf 87' lang='lat' dir='ltr'><strong>in</strong></span> <span class='ocrx_word' id='word_1_875' title='bbox 2788 5369 2934 5415; x_wconf 77' lang='lat' dir='ltr'><strong>utero</strong></span> <span class='ocrx_word' id='word_1_876' title='bbox 2964 5361 3241 5430; x_wconf 77' lang='lat' dir='ltr'><strong>concipiet,</strong></span> <span class='ocrx_word' id='word_1_877' title='bbox 3288 5367 3338 5412; x_wconf 92' lang='lat' dir='ltr'><strong>et</strong></span> <span class='ocrx_word' id='word_1_878' title='bbox 3376 5359 3545 5430; x_wconf 80' lang='lat' dir='ltr'><strong>pariet</strong></span> 
     </span>
    </p>
   </div>
   <div class='ocr_carea' id='block_1_111' title="bbox 1944 5449 3542 5525">
    <p class='ocr_par' dir='ltr' id='par_1_111' title="bbox 1944 5449 3542 5525">
     <span class='ocr_line' id='line_1_111' title="bbox 1944 5449 3542 5525; baseline -0.003 -17"><span class='ocrx_word' id='word_1_879' title='bbox 1944 5454 2135 5525; x_wconf 79' lang='lat' dir='ltr'><strong>ﬁlium,</strong></span> <span class='ocrx_word' id='word_1_880' title='bbox 2156 5462 2208 5508; x_wconf 81' lang='lat' dir='ltr'><strong>et</strong></span> <span class='ocrx_word' id='word_1_881' title='bbox 2228 5452 2490 5507; x_wconf 74' lang='lat' dir='ltr'><strong>vocabitur</strong></span> <span class='ocrx_word' id='word_1_882' title='bbox 2509 5467 2696 5507; x_wconf 87' lang='lat' dir='ltr'><strong>nomen</strong></span> <span class='ocrx_word' id='word_1_883' title='bbox 2720 5450 2832 5519; x_wconf 76' lang='lat' dir='ltr'><strong>ejus</strong></span> <span class='ocrx_word' id='word_1_884' title='bbox 2853 5449 3182 5513; x_wconf 83' lang='lat' dir='ltr'><strong>Emmanuel,</strong></span> <span class='ocrx_word' id='word_1_885' title='bbox 3207 5449 3352 5519; x_wconf 87' lang='lat' dir='ltr'><strong>quod</strong></span> <span class='ocrx_word' id='word_1_886' title='bbox 3375 5450 3542 5509; x_wconf 83' lang='lat' dir='ltr'><strong>inter-</strong></span> 
     </span>
    </p>
   </div>
   <div class='ocr_carea' id='block_1_112' title="bbox 1947 5541 3537 5618">
    <p class='ocr_par' dir='ltr' id='par_1_112' title="bbox 1947 5541 3537 5618">
     <span class='ocr_line' id='line_1_112' title="bbox 1947 5541 3537 5618; baseline -0.004 -15"><span class='ocrx_word' id='word_1_887' title='bbox 1947 5555 2190 5618; x_wconf 88' lang='lat' dir='ltr'><strong>pretatur</strong></span> <span class='ocrx_word' id='word_1_888' title='bbox 2217 5544 2502 5610; x_wconf 75' lang='lat' dir='ltr'><strong>Nobiscum</strong></span> <span class='ocrx_word' id='word_1_889' title='bbox 2536 5543 2674 5598; x_wconf 82' lang='lat' dir='ltr'><strong>Deus</strong></span> <span class='ocrx_word' id='word_1_890' title='bbox 2696 5541 2831 5613; x_wconf 82' lang='lat' dir='ltr'><strong>(Isa.</strong></span> <span class='ocrx_word' id='word_1_891' title='bbox 2865 5559 2961 5604; x_wconf 82' lang='lat' dir='ltr'><strong>vn,</strong></span> <span class='ocrx_word' id='word_1_892' title='bbox 2999 5544 3093 5608; x_wconf 66' lang='lat' dir='ltr'><strong>t4;</strong></span> <span class='ocrx_word' id='word_1_893' title='bbox 3127 5543 3321 5599; x_wconf 73' lang='lat' dir='ltr'><strong>Matth.</strong></span> <span class='ocrx_word' id='word_1_894' title='bbox 3356 5559 3391 5609; x_wconf 84' lang='grc' dir='ltr'><strong>ι,</strong></span> <span class='ocrx_word' id='word_1_895' title='bbox 3423 5542 3537 5613; x_wconf 71' lang='lat'><strong>23).</strong></span> 
     </span>
    </p>
   </div>
   <div class='ocr_carea' id='block_1_113' title="bbox 1947 5636 3545 5709">
    <p class='ocr_par' dir='ltr' id='par_1_113' title="bbox 1947 5636 3545 5709">
     <span class='ocr_line' id='line_1_113' title="bbox 1947 5636 3545 5709; baseline -0.003 -14"><span class='ocrx_word' id='word_1_896' title='bbox 1947 5639 2080 5706; x_wconf 82' lang='lat' dir='ltr'><strong>Quia</strong></span> <span class='ocrx_word' id='word_1_897' title='bbox 2110 5653 2240 5709; x_wconf 82' lang='lat' dir='ltr'><strong>ergo</strong></span> <span class='ocrx_word' id='word_1_898' title='bbox 2268 5639 2357 5694; x_wconf 88' lang='lat' dir='ltr'><strong>ille</strong></span> <span class='ocrx_word' id='word_1_899' title='bbox 2385 5652 2546 5705; x_wconf 87' lang='lat' dir='ltr'><strong>quem</strong></span> <span class='ocrx_word' id='word_1_900' title='bbox 2579 5637 2630 5690; x_wconf 93' lang='lat' dir='ltr'><strong>in</strong></span> <span class='ocrx_word' id='word_1_901' title='bbox 2660 5643 2815 5691; x_wconf 89' lang='lat' dir='ltr'><strong>utero</strong></span> <span class='ocrx_word' id='word_1_902' title='bbox 2846 5636 2999 5704; x_wconf 84' lang='lat' dir='ltr'><strong>virgo</strong></span> <span class='ocrx_word' id='word_1_903' title='bbox 3026 5637 3280 5707; x_wconf 83' lang='lat' dir='ltr'><strong>concepit</strong></span> <span class='ocrx_word' id='word_1_904' title='bbox 3299 5647 3354 5692; x_wconf 83' lang='lat' dir='ltr'><strong>et</strong></span> <span class='ocrx_word' id='word_1_905' title='bbox 3385 5650 3545 5706; x_wconf 70' lang='lat' dir='ltr'><strong>pepeo</strong></span> 
     </span>
    </p>
   </div>
   <div class='ocr_carea' id='block_1_114' title="bbox 341 5808 1744 5880">
    <p class='ocr_par' dir='ltr' id='par_1_114' title="bbox 341 5808 1744 5880">
     <span class='ocr_line' id='line_1_114' title="bbox 341 5808 1744 5880; baseline -0.002 -14"><span class='ocrx_word' id='word_1_906' title='bbox 341 5825 358 5850; x_wconf 72' lang='grc'>³</span> <span class='ocrx_word' id='word_1_907' title='bbox 384 5809 501 5880; x_wconf 59' lang='lat' dir='ltr'><strong>iis,</strong></span> <span class='ocrx_word' id='word_1_908' title='bbox 527 5822 572 5868; x_wconf 73' lang='grc' dir='ltr'><strong>ει</strong></span> <span class='ocrx_word' id='word_1_909' title='bbox 607 5811 740 5866; x_wconf 83' lang='lat' dir='ltr'><strong>Deus</strong></span> <span class='ocrx_word' id='word_1_910' title='bbox 770 5820 914 5875; x_wconf 82' lang='lat' dir='ltr'><strong>erat,</strong></span> <span class='ocrx_word' id='word_1_911' title='bbox 942 5808 1087 5873; x_wconf 86' lang='lat' dir='ltr'><strong>editi,</strong></span> <span class='ocrx_word' id='word_1_912' title='bbox 1118 5816 1165 5861; x_wconf 82' lang='lat' dir='ltr'><strong>et</strong></span> <span class='ocrx_word' id='word_1_913' title='bbox 1196 5808 1335 5863; x_wconf 78' lang='lat' dir='ltr'><strong>Deus</strong></span> <span class='ocrx_word' id='word_1_914' title='bbox 1368 5809 1589 5866; x_wconf 79' lang='lat' dir='ltr'><strong>Verbum</strong></span> <span class='ocrx_word' id='word_1_915' title='bbox 1614 5822 1744 5865; x_wconf 87' lang='lat' dir='ltr'><strong>erat.</strong></span> 
     </span>
    </p>
   </div>
   <div class='ocr_carea' id='block_1_115' title="bbox 340 5883 1831 5956">
    <p class='ocr_par' dir='ltr' id='par_1_115' title="bbox 340 5883 1831 5956">
     <span class='ocr_line' id='line_1_115' title="bbox 340 5883 1831 5956; baseline 0 -20"><span class='ocrx_word' id='word_1_916' title='bbox 340 5884 360 5924; x_wconf 70' lang='grc' dir='ltr'><strong>ιι</strong></span> <span class='ocrx_word' id='word_1_917' title='bbox 388 5883 534 5952; x_wconf 81' lang='lat' dir='ltr'><strong>Editi,</strong></span> <span class='ocrx_word' id='word_1_918' title='bbox 560 5884 694 5956; x_wconf 81' lang='lat' dir='ltr'><strong>quod</strong></span> <span class='ocrx_word' id='word_1_919' title='bbox 715 5884 864 5936; x_wconf 74' lang='lat' dir='ltr'><strong>nefas</strong></span> <span class='ocrx_word' id='word_1_920' title='bbox 901 5890 995 5946; x_wconf 81' lang='lat' dir='ltr'><strong>est,</strong></span> <span class='ocrx_word' id='word_1_921' title='bbox 1032 5895 1130 5934; x_wconf 87' lang='lat' dir='ltr'><strong>ms.</strong></span> <span class='ocrx_word' id='word_1_922' title='bbox 1165 5895 1313 5945; x_wconf 90' lang='lat' dir='ltr'><strong>vero,</strong></span> <span class='ocrx_word' id='word_1_923' title='bbox 1338 5883 1474 5955; x_wconf 84' lang='lat' dir='ltr'><strong>quod</strong></span> <span class='ocrx_word' id='word_1_924' title='bbox 1503 5884 1640 5937; x_wconf 85' lang='lat' dir='ltr'><strong>dictu</strong></span> <span class='ocrx_word' id='word_1_925' title='bbox 1685 5884 1831 5953; x_wconf 80' lang='lat' dir='ltr'><strong>nefas</strong></span> 
     </span>
    </p>
   </div>
   <div class='ocr_carea' id='block_1_116' title="bbox 1953 5824 3175 5948">
    <p class='ocr_par' dir='ltr' id='par_1_116' title="bbox 1953 5824 3175 5948">
     <span class='ocr_line' id='line_1_116' title="bbox 1953 5824 3175 5948; baseline -0.005 -11"><span class='ocrx_word' id='word_1_926' title='bbox 1953 5824 2042 5923; x_wconf 41' lang='lat' dir='ltr'><strong>(ut.</strong></span> <span class='ocrx_word' id='word_1_927' title='bbox 2074 5883 2161 5937; x_wconf 80' lang='lat' dir='ltr'><strong>Sic</strong></span> <span class='ocrx_word' id='word_1_928' title='bbox 2188 5897 2312 5948; x_wconf 87' lang='lat' dir='ltr'><strong>ms.;</strong></span> <span class='ocrx_word' id='word_1_929' title='bbox 2342 5891 2396 5935; x_wconf 85' lang='lat' dir='ltr'><strong>at</strong></span> <span class='ocrx_word' id='word_1_930' title='bbox 2418 5880 2563 5935; x_wconf 85' lang='lat' dir='ltr'><strong>editi.</strong></span> <span class='ocrx_word' id='word_1_931' title='bbox 2589 5879 2653 5933; x_wconf 83' lang='lat' dir='ltr'><strong>de</strong></span> <span class='ocrx_word' id='word_1_932' title='bbox 2682 5888 2845 5932; x_wconf 84' lang='lat' dir='ltr'><strong>matre</strong></span> <span class='ocrx_word' id='word_1_933' title='bbox 2874 5893 2986 5930; x_wconf 81' lang='lat' dir='ltr'><strong>vero</strong></span> <span class='ocrx_word' id='word_1_934' title='bbox 3017 5876 3175 5931; x_wconf 80' lang='lat' dir='ltr'><strong>Deus.</strong></span> 
     </span>
    </p>
   </div>
  </div>
