4124 6474
605 395 709 458 lb‘i

1632 402 1687 453 ς.
1731 397 2091 453 ΗΣΙΛΞΕΝΤΙΙ
2134 397 2198 451 El

2296 397 2431 456 ΞΟΡΙ
2476 397 2838 454 κυδιικκδιδ
3687 450 3698 464 ,
3745 460 3750 464 ,
3787 401 3874 455 ιδις

603 521 690 583 rit,
725 516 1010 574 Nobiscum
1038 515 1175 571 Deus
1201 525 1444 594 vocatur,
1475 515 1611 570 Deus
1639 517 1822 584 utique
1840 517 1891 568 in
1915 523 2068 569 utero
2090 515 2196 568 vir-
2226 524 2266 577 Λ
2289 519 2422 587 .gine
2452 519 2696 572 humanm
2725 517 2900 571 carnis
2927 524 3193 580 naturam,
3224 513 3541 570 secundum
3568 530 3726 584 quam
3753 525 3874 571 teut.

599 611 738 680 ginis
767 618 1082 680 conceptus,
1116 617 1382 678 natusque
1413 607 1776 675 cognoscitur.
1818 605 1873 658 lu
1900 603 2190 672 Evangelio

601 718 814 772 quoque
844 700 1039 756 dicitur
1075 699 1142 753 de
1172 697 1337 750 Maria
1369 715 1381 749 :
1417 696 1632 750 Iuventa
1652 704 1729 749 est
1754 697 1807 748 in
1829 703 1972 748 utero
1996 695 2191 748 habens

601 793 665 845 de
687 791 884 862 Spiritu
917 797 1120 844 sancto.
1168 786 1501 858 (’Ibid.,18).
1551 785 1749 855 Joseph
1798 787 1983 849 etiam,
2029 799 2192 853 quem

603 884 772 937 virum
798 881 963 935 Maria
992 895 1099 934 non
1122 877 1188 931 ad
1209 879 1555 932 concubitum
1584 876 2054 945 corruptelamque
2073 889 2193 928 car-

603 976 706 1040 nis,
737 973 827 1028 sed
861 973 926 1025 ad
957 969 1320 1025 testimonium
1349 967 1756 1034 custodiamque
1785 980 1952 1020 sacra:
1983 963 2196 1030 virginis-

604 1066 730 1119 tatis
775 1072 830 1118 et
858 1063 1168 1118 castissima:
1198 1058 1537 1114 fecunditatis
1585 1058 1791 1120 habuit,
1843 1056 2088 1124 angelico
2115 1055 2194 1110 sic

605 1155 924 1208 admonetur
945 1152 1168 1207 oraculo
1195 1169 1206 1202 :
1233 1150 1425 1220 Joseph
1451 1151 1528 1219 fili
1553 1148 1743 1213 David,
1766 1166 1830 1201 ne
1853 1149 2036 1201 timeas
2056 1149 2196 1218 acci-

605 1262 725 1317 pere
759 1244 985 1298 Mariam
1014 1243 1281 1312 conjugem
1313 1251 1473 1294 tuam.
1527 1239 1677 1305 Quod
1704 1241 1840 1292 enim
1889 1241 1942 1291 in
1989 1248 2050 1292 ea
2093 1255 2193 1291 na:-

605 1346 713 1388 tum
743 1343 837 1399 est,
881 1333 945 1385 de
974 1332 1175 1401 Spiritu
1221 1341 1400 1387 sancto
1450 1337 1524 1383 est
1573 1327 1759 1399 (lbid.,
1789 1327 1903 1396 20).
1955 1326 2032 1381 Ex
2076 1327 2193 1396 ipsa

606 1435 823 1494 quoque
881 1422 1055 1476 factus
1113 1421 1427 1476 coelestibus
1477 1420 1880 1474 demonstratur
1935 1418 2193 1486 eloquiis;

608 1514 738 1567 dicit
775 1512 919 1565 enim
964 1509 1255 1580 Apostolus
1299 1509 1631 1580 :Postquam
1683 1517 1853 1561 autent
1907 1509 2039 1562 venit
2084 1508 2194 1577 plea

607 1606 786 1660 nitudo
835 1605 1121 1673 temporis,
1181 1603 1318 1656 misit
1361 1601 1500 1655 Deus
1544 1601 1741 1654 Filium
1782 1617 1952 1667 suum,
2004 1602 2204 1672 factum

606 1715 670 1752 ea:
710 1699 942 1762 muliere,
996 1699 1191 1768 factum
1239 1696 1330 1749 sub
1378 1697 1488 1767 lege
1537 1695 1680 1766 (Gal.
1713 1712 1783 1760 Iv,
1816 1694 1894 1766 4).
1940 1695 2198 1750 Romanis

606 1794 771 1847 etiam
802 1791 1063 1855 scribens,
1107 1800 1164 1844 ut
1191 1806 1377 1845 verum
1412 1785 1730 1858 ﬁrmumque
1772 1784 1974 1859 ponere
2013 1804 2073 1843 se
2100 1787 2197 1843 de--

2294 609 2550 679 poralitcr
2584 609 2726 663 Deus
2752 608 3113 676 sempiternus
3139 607 3536 676 conciperetur
3566 616 3624 661 et
3649 622 3876 664 nascere-

2295 711 2400 765 tur,
2417 701 2646 769 accepit.
2676 700 2795 770 Ipsa
2811 700 3011 768 quippe
3025 700 3272 768 acceptio
3288 699 3480 753 carnis
3505 699 3602 751 fuit
3619 701 3876 769 conceptio

2295 793 2594 861 virginalis:
2614 807 2788 861 neque
2808 792 2952 846 enim
2979 792 3030 855 in
3059 799 3214 845 utero
3233 799 3450 845 sancta:
3478 791 3622 844 illius
3642 799 3695 844 et
3715 794 3874 847 matris

2294 893 2348 938 et
2377 885 2594 952 virginis
2652 883 3024 953 illa'spiritalis
3061 891 3115 936 et
3147 897 3214 936 ex
3257 883 3377 937 Deo
3411 881 3577 936 Patre
3603 882 3722 952 sine
3748 885 3877 938 initio

2295 975 2471 1043 genita
2497 974 2656 1028 Verbi
2686 974 2777 1028 Dei
2804 983 2993 1028 natura
3027 982 3237 1042 poterat
3261 974 3479 1043 absque
3503 989 3666 1027 carne
3689 983 3876 1044 tempo-

2297 1065 2485 1119 raliter
2512 1064 2742 1134 concipi,
2768 1066 2904 1118 sicut
2928 1079 3027 1117 nec
3057 1079 3184 1117 caro
3205 1064 3328 1117 sine
3349 1063 3524 1116 Verbi
3549 1063 3644 1116 Dei
3667 1063 3877 1118 unitione

2298 1157 2474 1226 potuit
2495 1155 2852 1224 aliquatenus,
2869 1156 3064 1210 nullius
3087 1155 3185 1209 viri
3207 1156 3361 1209 coitu
3385 1154 3678 1221 seminata,
3701 1155 3749 1208 in
3770 1156 3876 1210 inti-

2299 1260 2390 1301 mo
2407 1245 2577 1301 vulva:
2589 1247 2863 1316 virginalis
2885 1245 3106 1300 innasci.
3128 1233 3278 1301 llanc
3295 1261 3434 1314 ergo
3451 1261 3673 1301 carnem
3693 1254 3809 1300 tunc
3821 1261 3875 1300 ex

2297 1353 2356 1392 se
2388 1345 2573 1392 natura
2605 1336 3206 1411 virginisconcipientis
3234 1337 3516 1411 exhibuit,
3544 1351 3666 1390 cum
3697 1336 3745 1390 in
3770 1351 3871 1390 eam

2247 1499 2250 1501 _
2299 1429 2442 1484 Dens
2489 1409 2872 1499 concipiendus
2901 1428 3140 1486 advenit.
3189 1409 3307 1482 Non
3359 1438 3449 1482 est
3500 1428 3663 1496 igitur
3688 1426 3876 1495 aliquod

2301 1520 2640 1576 intervallum
2693 1520 2953 1590 temporis
2997 1519 3379 1574 mstimandum
3431 1517 3579 1572 Inter
3630 1526 3873 1586 concepta:

2299 1612 2478 1666 carnis
2506 1612 2715 1665 initium
2772 1619 2828 1665 et
2855 1611 3220 1680 concipiendat
3253 1609 3567 1678 majestatis
3596 1608 3870 1662 adventum.

2303 1690 2418 1754 Una
2443 1701 2644 1771 quippe
2666 1699 2766 1755 fuit
2790 1701 2844 1754 in
2868 1709 3022 1755 utero
3052 1700 3231 1755 Maria:
3257 1700 3503 1769 Virginis
3529 1698 3799 1768 conceptio
3815 1697 3872 1751 di-

2301 1794 2540 1848 vinitatis
2563 1801 2619 1847 et
2648 1793 2845 1858 carnis,
2886 1802 2940 1848 et
2970 1803 3110 1848 unus
3146 1802 3231 1848 est
3255 1793 3517 1847 Christus
3539 1791 3636 1846 Dei
3661 1789 3809 1844 Filius
3831 1789 3871 1844 iu

607 1894 937 1942 monstraret
981 1883 1388 1938 fundamentum
1440 1880 1581 1944 fidei,
1635 1876 1878 1950 epistola:
1927 1895 2038 1934 sua:
2092 1879 2198 1934 tale
2231 1901 2274 1959 Β
2305 1894 2528 1953 utraque
2563 1893 2750 1938 natura
2795 1893 3109 1954 conceptus,
3153 1893 3212 1938 ut
3239 1884 3519 1938 maculam
3551 1881 3745 1936 vitiata:
3767 1895 3869 1950 pro-

607 1978 894 2033 collocavit
919 1975 1199 2031 exordium
1232 1988 1245 2027 :
1282 1974 1480 2027 Paulus
1507 1990 1682 2026 servus
1707 1971 1740 2024 Ι
1745 1966 1830 2025 esu
1861 1970 2076 2036 Christi,
2105 1984 2206 2024 uo—

608 2077 753 2122 catus
781 2067 1066 2135 apostolus,
1112 2073 1407 2136 segregatus
1437 2065 1490 2116 in
1521 2061 1860 2132 Evangelium
1895 2059 2013 2122 Dei,
2063 2060 2199 2130 quod

611 2166 729 2211 ante
750 2158 1058 2226 promiserat
1081 2162 1170 2224 per
1197 2154 1476 2224 prophetas
1501 2169 1644 2214 suos,
1672 2153 1726 2204 in
1757 2150 2042 2221 Scriptun's
2071 2166 2196 2203 san-

611 2250 706 2303 ctis
727 2248 790 2301 de
810 2246 951 2300 Filio
974 2263 1084 2309 suo,
1117 2246 1203 2316 qui
1232 2247 1400 2318 factus
1435 2254 1511 2297 est
1540 2244 1586 2296 ei
1612 2255 1676 2296 ex
1702 2242 1896 2295 semine
1923 2239 2093 2318 Dauid
2113 2257 2197 2293 se-

611 2341 832 2394 cundum
861 2353 1066 2392 carnem
1303 2315 1339 2399 t,
1376 2336 1424 2401 l,
1459 2335 1535 2407 2).
1557 2333 1855 2402 ,Timotheo
1883 2312 2102 2402 quoqu‘e
2125 2333 2202 2386 di-

612 2432 752 2486 lecto
784 2429 892 2484 lilio
929 2430 982 2483 in
1015 2428 1138 2494 lide,
1181 2427 1551 2496 principaliter
1599 2424 1759 2493 hujus
1782 2422 1930 2476 .lidei
1969 2422 2199 2477 sollicita

610 2519 953 2576 commendat
993 2517 1278 2572 affectione
1322 2515 1664 2580 memoriam,
1715 2515 1899 2569 dicens
1943 2513 2202 2568 :‘Memor

611 2623 718 2669 esto
747 2612 1005 2667 Christum
1032 2610 1213 2663 Iesum
1247 2609 1591 2680 resurrea'isse
1621 2624 1652 2659 a
1680 2610 1895 2661 mortuis
1915 2621 1978 2659 ea:
2008 2606 2201 2659 semine

614 2704 784 2758 David
829 2702 1106 2757 secundum
1151 2699 1490 2770 Evangelium
1527 2712 1698 2752 meum
1741 2698 1830 2769 (II
1855 2697 1986 2752 Tim'.
2032 2713 2089 2763 tt,
2118 2697 2196 2769 8).

612 2797 692 2851 Ad
723 2797 891 2866 ipsam
919 2808 1136 2864 quoque
1165 2793 1376 2847 beatam
1405 2793 1688 2862 virginem,
1721 2793 1968 2853 futuram
1995 2792 2202 2848 scilicet

612 2888 874 2944 creatoris
902 2887 1004 2951 sul,
1050 2888 1161 2940 imo
1205 2885 1445 2940 omnium
1475 2902 1675 2952 rerum,
1722 2887 2054 2956 genitricem,
2087 2887 2198 2942 Ga-

613 2980 748 3034 briel
776 2977 1001 3047 angelus
1046 2978 1151 3031 hoc
1197 2992 1324 3031 usus
1375 2979 1644 3034 invenitur
1684 2979 1921 3048 alloquio
1955 2980 2048 3050 (ul.
2082 2980 2198 3034 elo-

612 3071 760 3142 quio)
790 3089 803 3123 :
832 3070 1059 3140 Spiritus
1078 3077 1290 3123 sanctus
1318 3072 1634 3139 superveniet
1662 3071 1712 3124 in
1739 3079 1809 3134 te,
1839 3081 1887 3124 et
1920 3075 2080 3124 virtus
2107 3070 2201 3124 Al-

614 3163 798 3218 tissimi
824 3160 1145 3214 obumbrabit
1177 3161 1300 3225 tibi;
1350 3150 1563 3233 idecque
1605 3163 1739 3232 quod
1777 3170 2017 3216 nascetur
2048 3179 2113 3216 ea;
2153 3171 2200 3218 te

613 3263 844 3309 sanctum
873 3252 1134 3306 vocabitur
1163 3250 1331 3306 Filius
1362 3252 1457 3307 Dei
1491 3252 1640 3325 (Luc.
1675 3267 1709 3319 t,
1743 3253 1856 3325 35).

684 3343 738 3399 6.
767 3343 846 3398 Ad
878 3345 982 3398 hoc
1005 3345 1240 3414 pertinet
1264 3345 1452 3399 salutis
1475 3354 1670 3400 nostra!
1697 3347 2027 3418 mysterium,
2051 3345 2195 3414 quod

615 3442 766 3504 pater
812 3443 998 3489 noster
1047 3435 1314 3489 Abraham
1364 3432 1791 3506 dispensatorem
1840 3439 2034 3490 domus
2088 3451 2199 3490 sure

615 3525 868 3596 praecepit
895 3526 998 3580 sub
1041 3525 1155 3594 ejus
1185 3525 1388 3581 femore
1417 3521 1635 3581 manum
1665 3537 1890 3597 ponere,
1935 3535 1990 3581 et
2013 3525 2199 3594 jnrare

615 3632 714 3687 per
729 3616 892 3671 Deum
924 3617 1044 3672 caeli
1062 3614 1268 3687 (Cenes.
1300 3635 1445 3683 XXIV,
1461 3617 1706 3688 ‘2).Quod
1724 3617 1946 3672 nonnisi
1971 3617 2201 3686 prophe-

616 3709 723 3761 lico
759 3716 783 3744 ⁸
833 3707 1020 3778 spiritu
1073 3706 1263 3763 fecisse
1306 3708 1607 3764 credendus
1654 3716 1769 3772 est,
1823 3716 1949 3762 tunc
1997 3708 2200 3762 sciiicet

616 3799 831 3867 quando
857 3800 1034 3854 omnia
1062 3801 1112 3855 in
1160 3802 1324 3869 ligura
1349 3803 1640 3872 contigisse
1672 3801 1776 3856 Vas
1806 3801 2083 3855 electionis
2115 3801 2198 3854 in-

615 3892 792 3944 sinuat
818 3889 872 3962 (ι
900 3889 1017 3945 Cor.
1049 3907 1101 3956 κ,
1134 3892 1244 3962 l7).
1273 3891 1406 3948 lllud
1437 3893 1749 3962 igitur‘ideo
1775 3901 1990 3948 sanctus
2019 3892 2162 3946 ΑΙ)ιέ
2183 3922 2198 3934 -

615 3980 740 4036 bam
780 3991 934 4052 pater
960 3983 1199 4052 gentium
1229 3985 1391 4054 290
1419 3984 1564 4051 fecit,
1619 4001 1727 4040 non
1757 3985 1881 4057 quia
1911 3985 2058 4042 carni
2090 3998 2200 4037 sua:

615 4071 873 4146 credebat
911 4072 1127 4142 aliquod
1170 4075 1281 4142 jam
1326 4068 1448 4128 esse
1496 4091 1619 4130 cum
1651 4075 1762 4130 Deo
1787 4075 1908 4130 caeli
1957 4073 2201 4128 naturale

615 4163 966 4228 consortium,
989 4164 1082 4219 sed
1114 4173 1172 4217 ut
1193 4165 1503 4219 ostenderet
1528 4165 1693 4220 Deum
1714 4166 1838 4221 (ξαεΙὶ
1861 4181 1930 4220 ex
1956 4179 2018 4219 ea
2039 4179 2202 4218 carne

617 4253 943 4312 nasciturum
975 4253 1247 4306 hominem
1273 4268 1394 4322 qua:
1425 4254 1518 4324 (at.
1554 4254 1668 4326 qui)
1696 4255 1764 4308 de
1801 4254 2008 4309 semine
2036 4253 2204 4323 ipsius

615 4345 842 4410 Abram:
860 4344 1171 4414 propaginis
1194 4343 1415 4398 duceret
1437 4347 1736 4400 veritatem.
1765 4344 1913 4401 Unus
1935 4355 2017 4402 est
2043 4347 2205 4416 igitur

615 4433 859 4496 Christus
879 4434 973 4487 Dei
1003 4432 1168 4487 Filius
1195 4432 1246 4485 in
1279 4441 1468 4486 natura
1502 4434 1798 4488 divinitatis
1819 4444 1875 4489 et
1901 4436 2096 4502 carnis,
2147 4437 2201 4490 in

614 4540 722 4594 quo
751 4524 1096 4593 singularitas
1139 4523 1438 4592 perso‘nalis
1467 4539 1574 4579 non
1602 4525 1884 4581 confundit
1912 4527 2199 4581 humanam

2302 1975 2510 2045 paginis
2552 1972 2675 2028 inde
2716 1973 2977 2052 inciperet
3021 1974 3261 2040 abolere,
3296 1972 3448 2028 unde
3495 1973 3551 2027 in
3579 1983 3869 2040 unoquoque
3909 1967 3920 1972 “

2300 2070 2633 2124 nocentium
2659 2069 2945 2124 videbatur
2966 2070 3221 2125 existere.

2371 2161 2500 2216 CAP.
2535 2179 2605 2216 tv.
2636 2162 2718 2215 Ad
2745 2162 3017 2216 delendum
3043 2165 3258 2234 originis
3289 2171 3587 2234 peccatum,
3612 2161 3702 2216 Dei
3732 2160 3769 2212 Γ
3773 2161 3867 2214 ilius

2303 2255 2579 2307 Immauam
2608 2253 2705 2306 sibi
2728 2262 2970 2307 naturam
2992 2253 3390 2307 immaculatum
3412 2254 3764 2307 immaculatum
3781 2251 3868 2302 uni-

2301 2349 2388 2398 uit.
2417 2377 2487 2385 ——
2509 2343 2561 2397 8.
2588 2344 2719 2398 Nam
2742 2344 2868 2414 quia
2890 2359 3080 2399 omnes
3104 2344 3356 2399 homines
3382 2359 3452 2398 ex
3473 2344 3620 2399 coitu
3650 2341 3795 2396 maris
3810 2339 3864 2392 fe»

2302 2435 2571 2505 ininmque
2625 2443 2911 2490 nascentes
2971 2435 3138 2505 ipsius
3189 2434 3578 2505 conceptionis
3623 2432 3863 2488 exordium

2303 2525 2578 2594 originalis
2608 2525 2813 2595 peccati
2844 2525 3046 2578 habent
3074 2524 3405 2592 contagione
3430 2538 3744 2594 respersum,
3763 2521 3862 2591 quia

2302 2629 2582 2691 peccatum
2599 2621 2742 2691 quod
2758 2620 2961 2691 primus
2983 2619 3170 2686 homo,
3184 2634 3307 2674 cum
3331 2627 3480 2674 esset
3504 2627 3685 2670 natura
3702 2617 3862 2678 bonus,

2303 2713 2567 2769 diabolica
2589 2713 2918 2782 malignitate
2929 2711 3182 2766 seductus
3208 2710 3432 2765 admisit
3455 2711 3506 2764 in
3520 2717 3862 2780 posterosqno-

2303 2820 2407 2875 que
2423 2819 2543 2861 cum
2572 2820 2751 2874 poma,
2779 2805 2883 2859 hoc
2905 2812 2989 2858 est
3013 2815 3148 2872 cum‘
3167 2811 3350 2857 morte
3377 2801 3429 2868 δ,
3460 2801 3700 2855 transivit
3727 2794 3861 2866 (quod

2299 2896 2359 2965 in
2388 2894 2613 2949 veritate
2636 2902 2852 2948 sanctus
2883 2892 3047 2946 Dairid
3071 2892 3339 2956 enuntiat,
3363 2891 3552 2946 dicens
3579 2908 3591 2941 :
3611 2887 3732 2941 Ecce
3748 2887 3859 2939 enim

2303 2984 2358 3036 in
2384 2981 2736 3055 iniquitazibus
2759 2992 3032 3053 conceptus
3053 2997 3187 3045 sum,
3205 2991 3256 3034 et
3287 2983 3344 3034 in
3375 2981 3581 3034 delictis
3601 2976 3775 3049 peperit
3796 2989 3855 3026 nu

2303 3083 2470 3128 mater
2490 3090 2605 3127 mea
2631 3070 2858 3146 [Psalm.
2883 3087 2935 3148 ιτ,
2958 3068 3066 3141 7]);
3103 3071 3472 3124 necessarium
3499 3070 3676 3138 utique
3697 3064 3853 3118 admo-

2305 3162 2431 3216 dum
2464 3162 2561 3215 fnit
2590 3168 2646 3214 ut
2687 3161 2998 3215 misericors
3025 3158 3283 3213 Dominus
3307 3160 3588 3228 etjustush
3603 3152 3857 3224 iniquitatis

2228 3273 2273 3333 ρ
2307 3255 2551 3306 humamr
2567 3251 2786 3319 vestigia
2804 3250 3099 3314 deletnrus,
3121 3249 3172 3303 in
3188 3250 3306 3320 ipso
3323 3257 3588 3318 conceptu
3603 3246 3695 3300 sibi
3709 3244 3858 3297 buma-

2305 3359 2428 3397 nam
2459 3351 2702 3397 naturam
2745 3341 3055 3410 dignaretur
3085 3341 3492 3396 immaculatam
3523 3334 3854 3393 itnmaculatus

2303 3433 2406 3485 uni
2425 3447 2472 3496 e,
2509 3432 2596 3485 ubi
2626 3445 2745 3485 eum
2771 3411 3127 3484 consueverat
3149 3445 3243 3500 per
3268 3431 3528 3484 intlictam
3551 3421 3743 3496 peccati
3767 3418 3853 3473 ori-

2301 3522 2492 3590 ginalis
2515 3523 2777 3577 maculam
2802 3539 2912 3578 sum
2937 3525 3075 3594 parti
3122 3522 3474 3591 dominioque
3503 3516 3732 3576 diabolus
3755 3510 3850 3563 vin-

2301 3613 2502 3667 dicare.
2522 3612 2734 3667 Natura:
2751 3614 2912 3683 igitur
2940 3615 3206 3678 humanm,
3233 3613 3393 3682 cujus
3425 3611 3693 3666 veritatem
3711 3596 3852 3673 pleni“

2304 3703 2652 3774 tudinemque
2679 3704 2841 3771 Deus,
2883 3704 3197 3774 Unigcnitus
3239 3716 3522 3759 assumere
3559 3696 3713 3761 voluit
3737 3704 3845 3746 oon-

2304 3805 2520 3864 ceptum
2549 3811 2764 3866 quoque
2810 3796 2925 3865 ejus
2962 3797 3412 3865 nativitatemque
3457 3790 3702 3859 suscepit.
3730 3781 3852 3836 Absit

2305 3887 2448 3940 enim
2480 3898 2539 3940 ut
2567 3888 2852 3956 quisquam
2881 3887 3184 3942 catholicus
3213 3886 3409 3942 credat
3437 3892 3528 3939 aut
3566 3881 3700 3937 dicat
3733 3866 3848 3943 quod

2308 3977 2622 4046 Unigenitus
2652 3981 2812 4046 Deus,
2843 3994 2943 4034 suo
2989 3994 3090 4034 nos
3128 3979 3392 4047 sanguine
3434 3975 3782 4042 redempturus
3804 3961 3847 4014 in

2304 4085 2368 4125 ea
2397 4087 2558 4126 carne
2586 4087 2690 4141 qua
2723 4071 2863 4126 idem
2914 4071 3053 4124 Deus
3084 4069 3256 4123 factus
3283 4079 3370 4123 est
3397 4068 3579 4128 homo,
3625 4050 3866 4126 respuerit

2303 4163 2548 4218 humanae
2591 4163 2961 4234 conceptionis
3005 4161 3176 4225 initia,
3233 4176 3360 4216 cum
3409 4160 3462 4213 in
3492 4155 3672 4211 eadem
3714 4154 3846 4201 cath

2306 4254 2448 4310 Dens
2477 4255 2590 4325 ipse
2620 4255 2936 4309 immortalis
2959 4267 3282 4324 permanens
3312 4237 3846 4307 humanaemortalita-

2306 4346 2374 4400 tis
2403 4355 2547 4401 esset
2571 4361 2826 4416 passurus
2857 4344 3013 4416 291
3037 4330 3302 4400 extrema.
3348 4343 3499 4396 Sicut
3525 4335 3671 4392 venint
3715 4335 3847 4382 came

2306 4441 2543 4496 moriens
2571 4439 3061 4494 incommutabilem
3111 4447 3272 4506 atque
3303 4429 3692 4493 inamissibilem
3905 4437 3912 4445 '

2306 4532 2470 4586 ralem
2495 4531 2576 4585 sui
2605 4538 2804 4584 statum
2835 4529 2974 4584 Dens
3002 4545 3162 4584 verus
3188 4529 3452 4596 vivusque
3481 4537 3585 4578 non
3624 4507 3844 4587 perdidit;

614 4615 956 4683 divinumque
993 4622 1259 4678 naturam,
1291 4621 1346 4667 et
1376 4613 1653 4670 inconfusa
1683 4616 1854 4671 unitio
1889 4625 2198 4671 naturarum
2233 4640 2280 4700 ι)
2306 4619 2382 4678 'sic
2413 4623 2552 4678 idem
2574 4622 2714 4677 Deus
2743 4623 3033 4676 immensus
3058 4634 3079 4657 ιε
3104 4621 3423 4675 naturaliter
3440 4625 3496 4672 et
3519 4609 3844 4669 mternuscum

617 4721 726 4760 non
758 4705 884 4758 facit
925 4704 1192 4771 geminam
1242 4704 1420 4760 inesse
1465 4721 1752 4775 personam
1787 4725 1798 4759 :
1831 4708 2029 4762 veritas
2053 4707 2198 4761 enim

617 4804 905 4866 propterea
946 4805 1143 4850 nostra:
1181 4798 1636 4854 reconciliationis
1669 4809 1952 4870 permanet
1971 4808 2027 4854 et
2055 4799 2201 4854 salu—

617 4885 707 4952 tis,
754 4885 878 4954 quia
909 4895 964 4940 et
987 4886 1128 4941 Deus
1158 4885 1474 4956 Unigenitus
1505 4904 1664 4945 verus
1705 4891 1867 4944 homo
1916 4907 2015 4960 pro
2047 4889 2202 4944 nobis

617 4985 702 5031 est
731 4976 921 5043 factus,
953 4986 1007 5032 et
1037 4977 1176 5034 idem
1206 4979 1369 5036 homo
1408 4996 1515 5036 non
1542 4982 1677 5036 alius
1705 4992 1999 5051 conceptus
2025 4990 2078 5035 et
2101 4997 2198 5035 na-

617 5077 702 5123 tus
731 5077 814 5123 est
839 5085 999 5138 quam
1033 5068 1346 5139 Unige'nitus
1369 5072 1523 5127 Deus.
1984 5093 1992 5100 ·
2031 5133 2033 5136 ,

687 5159 740 5215 7.
773 5161 939 5217 Beata
987 5163 1147 5230 igitur
1185 5161 1357 5218 Maria
1400 5164 1568 5219 Deum
1610 5161 1866 5232 Verbum,
1905 5166 2197 5221 secundum

615 5253 761 5325 quod
788 5271 914 5311 caro
947 5254 1146 5310 factum
1175 5265 1278 5324 est,
1311 5267 1365 5311 et
1389 5257 1638 5325 concepit
1682 5265 1736 5309 et
1764 5257 1974 5325 peperit
2001 5274 2012 5308 :
2047 5257 2200 5325 tujus

617 5353 773 5400 utero
801 5345 1034 5401 Verbum
1066 5347 1208 5402 Deus
1235 5359 1344 5401 non
1373 5359 1592 5401 carnem
1640 5345 1692 5398 in
1748 5361 1854 5413 qua
1884 5346 2199 5416 conciperes

615 5447 704 5493 tur
745 5439 951 5504 intulit;
983 5455 1083 5494 nec
1112 5455 1178 5493 ex
1221 5454 1285 5492 ea
1315 5437 1897 5506 materiam‘conceptze
1948 5438 2060 5492 sive
2088 5436 2192 5491 for-

614 5539 771 5586 mata:
797 5533 976 5587 carnis
1003 5546 1111 5585 non
1138 5524 1413 5599 ipseIDeus
1439 5527 1848 5598 concipiendus,
1871 5528 1966 5583 sed
1995 5535 2198 5582 tantum

618 5623 921 5679 nasciturus
947 5620 1265 5690 assumpsit;
1296 5620 1391 5676 sed
1419 5637 1481 5676 ex
1505 5621 1692 5677 eadem
1723 5630 1779 5675 et
1804 5622 1856 5677 in
1884 5621 2072 5677 eadem
2101 5623 2200 5676 vir-

689 5767 712 5793 ⁸
763 5757 875 5811 Non
928 5755 1122 5824 legitur
1177 5755 1231 5809 in
1285 5755 1441 5811 editis
1487 5773 1589 5813 vox
1637 5757 1952 5829 prophetico,
2003 5760 2195 5831 legitur

614 5826 669 5883 In
701 5843 798 5880 nis.

688 5899 715 5936 υ
745 5895 834 5950 Sic
859 5912 987 5960 ηις..
1018 5901 1072 5950 at
1095 5894 1240 5962 cdd.,
1275 5911 1335 5952 ac
1364 5915 1474 5952 cum
1507 5911 1686 5971 morte.

780 6085 808 6108 α

2308 4729 2473 4785 parva
2502 4729 2666 4768 carne
2691 4713 3089 4782 conciperetur,
3139 4711 3495 4766 immensitate
3523 4694 3732 4758 naturali
3757 4701 3840 4744 non

2309 4805 2509 4865 caruit;
2543 4814 2597 4859 et
2625 4821 2747 4860 cum
2772 4793 3142 4875 temporaliter
3171 4818 3336 4858 carne
3375 4801 3690 4856 nasceretur,
3714 4789 3842 4875 retere

2309 4897 2530 4950 nitatem
2560 4872 2901 4964 naturalem;
2933 4895 2984 4949 in
3016 4911 3120 4964 qua
3147 4893 3213 4948 de
3244 4894 3401 4946 Patre
3454 4896 3608 4955 atque
3642 4880 3687 4932 in
3713 4872 3842 4925 Patre

2309 4987 2668 5055 sempiternus
2696 4985 2833 5042 Deus
2861 4995 2964 5053 est,
2984 5001 3090 5039 non
3121 4985 3300 5038 amisit
3325 5002 3337 5035 :
3363 4981 3486 5052 quia
3503 4977 3606 5029 vita
3625 4968 3701 5024 illa
3715 4969 3840 5016 suum

2310 5075 2480 5130 voluit
2507 5091 2624 5130 esse
2644 5092 2804 5145 quem
2833 5076 2884 5129 in
2925 5091 3086 5129 carne
3114 5075 3352 5142 suscepit
3392 5070 3612 5130 obitum,
3639 5063 3689 5113 et
3711 5057 3834 5105 reter-

2311 5169 2451 5222 nitas
2477 5168 2562 5222 illa
2591 5185 2745 5223 suum
2777 5169 2966 5222 habuit
2997 5167 3050 5222 in
3077 5175 3248 5221 matre
3273 5169 3605 5231 conceptum;
3659 5239 3684 5244 _
3725 5233 3735 5244 ⁸
3768 5225 3811 5244 οἳ

2381 5257 2434 5311 9.
2478 5257 2708 5312 Verbum
2763 5257 2924 5326 igitur
2951 5257 3110 5320 Deus,
3138 5256 3190 5311 id
3205 5265 3305 5311 .est
3335 5225 3633 5319 Unigenitus
3655 5233 3741 5326 Det
3767 5225 3836 5326 ﬁ"

2311 5348 2433 5412 lius,
2463 5349 2554 5417 qui
2580 5357 2662 5402 est
2683 5349 2735 5402 in
2760 5321 3009 5402 omnibus
3035 5347 3197 5417 (sicut
3225 5346 3339 5415 ipse
3383 5333 3618 5403 testatur)
3646 5322 3784 5420 9'qu
3801 5321 3841 5420 cf

2311 5410 2512 5510 omega,
2539 5439 2742 5492 initium
2788 5448 2836 5492 et
2882 5438 3003 5508 ﬁnis
3032 5410 3213 5509 (Apoc.
3247 5410 3285 5499 ἰ,
3321 5434 3379 5487 Η
3403 5435 3442 5503 ),
3489 5428 3562 5482 sic
3605 5410 3839 5510 initialit-el'

2309 5531 2602 5588 secundum
2630 5531 2938 5586 .humanam
2965 5539 3210 5585 naturam
3235 5525 3444 5595 concipi
3464 5531 3616 5577 came
3640 5523 3734 5567 non
3759 5498 3838 5554 ab—

2311 5624 2443 5685 nuit,
2469 5621 2606 5676 sicut
2646 5620 2833 5675 eadcm
2878 5636 3039 5676 carne
3067 5621 3302 5675 moriens
3357 5618 3489 5670 Deus
3514 5610 3733 5664 humanm
3755 5603 3809 5644 1³³

2313 5831 2324 5842 ,
2379 5774 2398 5799 ⁸
2442 5763 2603 5824 ΕιΙίιί,
2637 5765 2966 5818 ηηὶι·ι’νδ’·ει..
3007 5765 3359 5828 mtirersitute;
3391 5771 3487 5812 tns.
3531 5746 3830 5805 immensus..-

2306 5837 2665 5888 immensitate.
