4124 6476
284 410 382 465 45⁸1

1664 397 1995 456 EPISTOLA
2034 392 2190 449 XVII.

3463 373 3568 441 t58

286 533 415 578 Iurat
453 522 694 577 debitum
742 521 899 577 finale
947 519 1223 591 persolvit.
1276 516 1591 573 Nullatenus
1645 525 1877 581 namque
1905 519 1951 572 Α
2053 507 2137 562 l2.
2171 506 2288 561 Hoc
2329 475 2510 571 iiaque
2546 500 2731 555 habuit
2773 499 2864 553 Dei
2923 499 3262 567 hominisque
3310 499 3569 554 mirabilis

285 614 516 667 humana
544 621 732 666 natura
762 611 828 665 ad
856 609 1203 665 auferendum
1239 614 1523 677 peceatum
1552 604 1738 659 mundi
1762 601 1874 657 suf-

285 701 465 756 tieieos
491 708 654 771 atque
701 701 893 777 idonea
934 700 1109 764 fieret,
1160 699 1262 753 nisi
1318 698 1370 751 in
1425 696 1679 749 unionem
1707 692 1874 747 Verbi

286 793 374 849 Dci
407 801 457 857 ⁸,
479 809 588 849 non
614 793 859 868 naturali,
884 790 1232 868 confusione,
1271 789 1367 844 sed
1394 787 1573 844 solum
1601 783 1873 857 personati

283 886 488 941 unitate
517 887 773 941 transiret
805 900 819 937 :
850 866 1083 940 Verbum
1120 866 1322 953 quippe
1367 896 1489 937 cum
1527 894 1654 935 caro
1696 877 1871 943 fieret,

283 978 523 1033 unitione
553 978 781 1032 mirabili
809 992 960 1032 suam
990 985 1236 1030 naturam
1286 973 1415 1029 fecit
1439 987 1600 1041 quam
1624 986 1690 1024 ex
1716 968 1873 1023 nobis

279 1071 509 1141 accepit.
539 1069 594 1123 In
620 1085 721 1139 qua
751 1077 930 1123 tamen
958 1067 1200 1122 unitione
1222 1064 1410 1120 deillca
1437 1069 1494 1116 et
1523 1060 1745 1116 omnino
1771 1056 1873 1110 mi-

276 1163 433 1216 rabili
464 1162 626 1217 Verbi
653 1161 907 1216 divinitas
951 1166 1158 1214 mutata
1182 1172 1290 1211 non
1319 1164 1401 1209 est
1435 1154 1487 1207 in
1515 1165 1755 1215 carnem,
1780 1163 1872 1203 ve-

276 1267 446 1322 raque
476 1252 641 1307 Verbi
665 1251 970 1306 humanitas
1000 1247 1299 1303 naturalem
1324 1260 1547 1317 prorsus
1574 1242 1747 1297 tenuit
1771 1257 1870 1294 no-

277 1343 375 1398 stri
397 1344 612 1412 generis
638 1343 945 1398 veritatem.
983 1340 1143 1409 Virgo
1173 1340 1334 1407 igitur
1353 1335 1533 1406 (quod
1554 1347 1697 1403 saepe
1717 1348 1869 1387 com-

274 1441 688 1489 metuerandutn
735 1434 850 1503 est)
882 1433 1055 1502 ipsum
1080 1430 1249 1485 Deum
1280 1422 1535 1492 Verbum,
1577 1423 1869 1480 secundum

274 1524 381 1580 hoc
408 1523 553 1592 quod
576 1525 627 1578 in
671 1539 731 1578 ea
761 1539 889 1579 caro
918 1524 1117 1577 factum
1141 1529 1244 1585 est,
1270 1529 1324 1575 ct
1352 1517 1601 1586 concepit
1627 1524 1683 1570 et
1705 1529 1872 1585 pepe-

273 1616 367 1679 rit,
419 1625 477 1671 et
504 1615 654 1669 illum
687 1614 1029 1684 Unigenitum
1074 1615 1272 1677 Deum,
1298 1612 1552 1666 virtutem
1579 1607 1787 1663 scilicet
1815 1614 1873 1661 et

270 1707 595 1776 sapientiam
625 1707 739 1772 Dei,
768 1706 1065 1761 candorem
1093 1705 1226 1759 lueis
1246 1710 1563 1781 :cterngc,‘ct
1590 1699 1869 1770 speculum

269 1798 394 1853 sine
430 1799 638 1852 macula
670 1798 763 1853 Dei
803 1794 1122 1866 majestatis,
1172 1805 1229 1851 et
1274 1795 1556 1863 imaginem
1613 1792 1871 1847 bonitatis

1975 601 2215 672 quidem,
2238 598 2333 652 sed
2383 611 2540 651 verus
2570 595 2658 648 ille
2683 592 2977 648 secundum
3026 606 3244 646 carnem
3274 602 3570 662 conceptus

1975 670 2030 745 et
2068 698 2274 758 partus,
2302 703 2410 756 quo
2436 685 2604 744 Deum
2651 684 2772 739 cucli
2824 670 2973 753 virgo
3004 680 3343 736 inelfabilitcr
3371 698 3569 738 conce-

1974 783 2052 852 pit
2071 790 2127 836 et
2158 781 2387 852 peperit,
2419 787 2475 833 et
2503 779 2654 846 virgo
2695 775 2928 846 genitrix
2951 775 3207 829 inviolata
3236 776 3564 844 permansit;

1974 874 2063 927 illa
2092 872 2300 928 scilicet
2324 872 2496 943 gratia
2536 870 2691 939 plena
2735 877 2783 922 et
2826 867 3089 921 benedicta
3117 866 3141 903 ά
3174 867 3228 920 iu
3269 867 3567 920 mulieribus

1976 960 2129 1032 (Luc.
2164 977 2200 1027 ι,
2231 960 2323 1032 28)
2356 959 2623 1015 veraciter
2675 958 2744 1012 ab
2785 956 2978 1025 angelo
3035 965 3375 1027 nuncupata;
3419 958 3567 1026 quod

1973 1051 2158 1129 gratia:
2188 1050 2565 1121 prmvenientis
2590 1063 2716 1118 ope,
2748 1055 2911 1116 atque
2935 1062 3100 1116 opere
3121 1046 3355 1120 Spiritus
3390 1050 3569 1105 sancti

1931 1171 1942 1180 ·
1973 1142 2389 1212 superveniente
2415 1142 2469 1195 in
2496 1156 2579 1206 se,
2606 1149 2662 1196 et
2690 1141 2890 1195 virtute
2918 1140 3176 1196 Altissimi
3205 1141 3567 1200 obumbrante

1973 1233 2095 1297 sibi,
2128 1233 2317 1288 Deum.
2349 1231 2446 1286 Dei
2487 1230 2679 1285 Filium
2709 1237 3058 1300 conceptura,
3088 1231 3187 1285 viri
3231 1232 3432 1287 coitum
3465 1248 3567 1288 nec

1972 1323 2193 1394 pertulit
2214 1323 2457 1387 omnino,
2484 1337 2585 1377 nec
2606 1321 2794 1385 voluit,
2817 1320 2913 1375 sed
2940 1321 3299 1395 virginitatem
3324 1324 3566 1379 retinens

1973 1424 2029 1470 et
2049 1414 2244 1469 mentis
2269 1424 2326 1468 et
2352 1412 2620 1483 corporis,
2647 1412 2715 1465 ab
2743 1426 2809 1465 eo
2844 1426 3003 1479 quem
3027 1392 3356 1482 conceptura
3383 1420 3437 1467 et
3465 1429 3565 1484 pa-
3622 1452 3631 1459 .
3660 1392 3661 1395 η

1973 1508 2140 1562 ritura
2162 1513 2298 1570 erat,
2322 1505 2522 1560 donum
2552 1505 2875 1572 incorruptae
2895 1501 3234 1557 fecunditatis
3255 1503 3565 1560 etfeeundze

1973 1599 2301 1669 integritatis
2348 1599 2578 1667 accepit.
2630 1596 2708 1650 Ita
2754 1595 2921 1649 Deum
2974 1594 3203 1650 Verbum
3268 1597 3566 1653 secundum

1971 1690 2118 1759 quod
2137 1705 2268 1745 caro
2290 1687 2489 1743 factum
2511 1694 2614 1751 est,
2648 1687 2796 1755 virgo
2821 1696 3007 1741 sancta
3036 1688 3316 1756 concepit,
3346 1689 3567 1756 angelo-

1972 1795 2089 1834 rum
2120 1779 2507 1845 hominumque
2537 1777 2812 1838 factorem,
2837 1776 3193 1845 eumdemque
3220 1778 3567 1833 nihilominus

270 1889 422 1959 illius
460 1890 614 1963 (Sep.
648 1908 740 1957 vu,
767 1865 899 1960 90).
925 1890 1268 1961 splendorem
1315 1889 1529 1956 gloria},
1561 1894 1617 1940 et
1647 1886 1868 1954 figuram

1981 1871 2126 1937 virgo
2155 1869 2368 1938 peperit
2413 1867 2687 1921 hominum
2739 1865 3176 1936 Redemptorem.
3208 1866 3393 1937 Neque
3421 1870 3565 1923 enim

269 1983 592 2038 substantiae
619 1983 753 2052 ejus,
778 1999 938 2052 quem
967 1984 1084 2037 sine
1112 1983 1223 2037 ullo
1265 1981 1419 2035 initio
1441 1980 1510 2034 de
1549 1994 1646 2032 sua
1674 1985 1867 2031 natura

269 2074 665 2143 sempiternum
695 2083 859 2145 atq-ie
903 2073 1397 2129 incommutabilem
1443 2070 1626 2139 genuit
1662 2070 1870 2123 incom-

269 2167 551 2220 mutabilis
579 2181 643 2221 ae
664 2167 988 2236 sempiterna
1014 2164 1267 2219 divinitas
1295 2162 1489 2228 Patris,
1539 2160 1788 2215 eumdem
1816 2159 1867 2212 in

270 2261 514 2315 humana
540 2269 731 2315 natura
764 2270 934 2315 totum
965 2260 1292 2329 plenumque
1316 2257 1484 2310 Deum
1518 2264 1573 2309 et
1593 2253 1868 2308 hominem

266 2350 559 2406 initialiter
586 2351 858 2420 concepit,
890 2359 946 2405 et
974 2349 1186 2419 peperit
1216 2356 1402 2401 uterus
1430 2345 1725 2413 virginalis.

342 2440 479 2497 Car.
513 2460 562 2497 v.
601 2442 737 2496 Deus
766 2452 816 2497 et
845 2442 997 2496 honre
1018 2444 1069 2495 in
1097 2440 1301 2494 Christo
1323 2456 1425 2493 non
1447 2438 1577 2492 duas
1598 2453 1868 2508 personas,

262 2533 370 2587 sed
418 2533 552 2587 duas
593 2543 808 2587 naturas
836 2535 948 2587 sine
990 2532 1293 2602 confusione
1338 2530 1657 2599 signiﬁcant.
1681 2526 1870 2579 -10,

264 2622 414 2680 Cum
437 2632 617 2679 autem
651 2623 934 2677 Dominum
963 2622 1239 2676 Christum
1285 2619 1456 2675 Deum
1495 2618 1875 2684 hominemque

265 2713 536 2781 dicimus,
569 2729 675 2769 non
715 2713 1053 2782 personalem
1102 2712 1436 2771 dualitatem,
1468 2708 1565 2764 sed
1596 2709 1876 2776 utriusque

264 2813 489 2860 natura:
519 2805 815 2860 unitioncm
846 2804 1179 2859 verissimam
1227 2804 1344 2858 sine
1376 2802 1484 2857 ulla
1513 2801 1655 2855 facta
1689 2800 1876 2854 confu-

265 2898 436 2953 sione
491 2904 873 2951 monstramus.
919 2893 1065 2949 Idem
1107 2895 1304 2964 quippe
1350 2892 1493 2946 Deus
1543 2890 1635 2959 qui
1689 2889 1875 2955 homo,

268 2987 428 3043 idem
451 2987 615 3041 homo
642 3000 733 3055 qui
783 2985 921 3040 Deus
951 2996 1034 3040 est
1066 3003 1079 3037 :
1104 2984 1228 3053 quia
1257 2983 1337 3038 sic
1364 2981 1477 3036 Deo
1504 2980 1686 3035 Verbo
1715 2981 1880 3033 mira—

270 3078 467 3135 biliter
498 3078 646 3132 unita
678 3084 761 3132 est
787 3076 1019 3130 humana
1060 3083 1270 3145 natura,
1315 3087 1378 3126 ut
1408 3072 1521 3141 ipse
1554 3086 1712 3125 verus
1736 3068 1878 3125 Deus

272 3183 448 3225 verus
466 3168 632 3223 homo
678 3167 849 3232 fieret,
878 3167 1105 3222 alteram
1134 3181 1265 3220 vero
1292 3178 1581 3234 personam
1611 3162 1878 3219 inearnati

1973 1968 2159 2014 sancta
2186 1957 2345 2025 Virgo
2375 1956 2540 2010 Maria
2584 1956 2752 2010 Deum
2791 1956 2909 2009 sine
2955 1955 3133 2009 carnis
3173 1956 3563 2026 assumptione,

1974 2062 2065 2105 aut
2084 2066 2302 2107 carnem
2331 2052 2449 2104 sine
2480 2048 2572 2102 Dei
2604 2049 2847 2102 unitione
2868 2049 3137 2116 concepit,
3170 2048 3295 2116 quia
3318 2049 3407 2103 ille
3432 2065 3566 2105 con-

1973 2154 2162 2215 ceptus
2191 2143 2409 2211 virginis
2430 2141 2543 2207 Deo
2568 2140 2665 2195 fuit
2686 2141 2942 2207 cernique
2971 2140 3292 2193 communis.
3562 2130 3567 2133 ’

2047 2234 2133 2287 l5.
2168 2233 2291 2287 llaec
2319 2242 2402 2285 est
2431 2231 2602 2299 gratia
2631 2244 2735 2297 qua
2761 2227 2957 2282 factum
2980 2236 3061 2282 est
3093 2236 3150 2281 ut
3170 2228 3329 2293 Deus,
3360 2230 3453 2298 qui
3485 2245 3570 2285 vc-

1974 2324 2054 2377 nit
2082 2331 2302 2393 peceata
2351 2322 2567 2386 tollere,
2611 2320 2737 2388 quia
2786 2327 3064 2390 peccatum
3098 2319 3151 2373 in
3199 2334 3265 2373 eo
3311 2337 3419 2376 non
3462 2332 3565 2388 est,

1977 2415 2141 2468 homo
2180 2413 2558 2482 conciperetur
2587 2421 2751 2478 atque
2792 2419 3111 2464 nasceretur
3136 2410 3189 2463 in
3210 2410 3568 2467 similitudine

1977 2508 2152 2561 carnis
2182 2505 2407 2577 peccati.
2432 2504 2498 2559 de
2527 2518 2693 2558 carne
2719 2502 2945 2572 peccati.
2979 2501 3118 2561 Caro
3146 2502 3345 2573 quippe
3366 2502 3570 2573 Mariae,

1978 2612 2097 2667 qum
2123 2597 2176 2649 in
2202 2595 2573 2665 iniquitatibus
2608 2593 2845 2647 humana
2866 2591 3042 2645 fuerat
3069 2592 3413 2647 solemnitate
3428 2608 3570 2648 con-

1981 2666 2160 2757 cepta,
2194 2703 2321 2740 caro
2358 2684 2459 2739 fuit
2488 2686 2671 2752 utique
2699 2684 2929 2754 peccati,
2963 2698 3083 2751 qua:
3128 2682 3317 2736 Filium
3351 2666 3445 2737 Dei
3473 2698 3570 2752 ge-

1983 2782 2100 2835 nuit
2130 2782 2183 2835 in
2211 2778 2616 2834 similitudinem
2661 2777 2837 2831 carnis
2890 2776 3118 2845 peccati.
3148 2774 3400 2829 Testatur
3425 2776 3571 2833 enim

1982 2871 2308 2943 Apostolus:
2341 2868 2477 2933 Quia
2505 2869 2645 2922 misit
2674 2866 2811 2921 Deus
2836 2865 3027 2919 Filium
3049 2882 3196 2919 suum
3234 2868 3289 2919 in
3328 2867 3573 2920 simiiitu—

1982 2963 2154 3016 dinem
2200 2961 2375 3014 csrnis
2422 2959 2617 3030 peccati
2669 2957 2846 3027 (Rom.
2878 2972 2993 3023 vui,
3039 2956 3105 3025 5)
3136 2974 3148 3007 :
3182 2957 3328 3010 iilum
3369 2956 3576 3012 scilicet

1984 3056 2086 3125 qui,
2119 3069 2235 3106 cum
2275 3053 2329 3105 in
2372 3053 2540 3122 [emta
2569 3048 2667 3102 Dei
2705 3062 2856 3113 esset,
2891 3065 2992 3103 non
3023 3050 3266 3120 rapinam
3293 3050 3576 3103 arbitratus

1983 3154 2060 3199 est
2097 3161 2207 3198 esse
2234 3160 2288 3197 se
2309 3141 2557 3212 (aqualem
2582 3139 2713 3206 Deo,
2741 3140 2831 3192 sed
2854 3140 3183 3209 semetipsum
3216 3150 3239 3175 ε
3271 3138 3575 3201 ε.τὶηαηὶιιὶι,

276 3242 453 3318 Verbi
475 3276 601 3315 vera
622 3261 929 3315 humanitas
952 3276 1059 3315 non
1085 3257 1581 3314 haberet.Aecessit
1600 3256 1745 3310 enim
1764 3254 1877 3309 Deo

1984 3238 2206 3306 formam
2234 3235 2364 3288 servi
2391 3233 2666 3301 accipiens,
2691 3229 3102 3307 insimilitudine
3122 3229 3385 3283 hominum
3409 3230 3580 3298 [actus

277 3352 524 3406 humana
569 3349 891 3417 substantia,
926 3365 1034 3404 non
1075 3362 1325 3419 persona.
1359 3346 1501 3401 Deus
1531 3347 1712 3414 itaque
1759 3359 1880 3399 cum

277 3457 386 3499 sua
415 3455 578 3496 carne
628 3457 766 3499 unus
794 3450 877 3495 est
903 3441 1170 3503 Christus,
1200 3438 1367 3493 Filius
1395 3437 1489 3492 Dei
1520 3444 1575 3491 et
1613 3434 1751 3491 filius
1778 3435 1880 3490 ho-

227 3572 231 3575 -
280 3534 476 3601 minis,
518 3533 661 3588 idem
702 3533 936 3589 Verbum
984 3532 1144 3587 simul
1181 3539 1238 3587 et
1258 3546 1411 3597 caro,
1442 3531 1550 3585 imo
1580 3530 1720 3585 idem
1748 3528 1884 3584 Ver-

281 3627 419 3681 bum
446 3640 573 3680 caro
602 3624 655 3695 b,
679 3625 805 3695 quia
835 3624 974 3679 idem
997 3624 1139 3679 Deus
1158 3633 1213 3677 et
1232 3622 1417 3677 homo.

360 3717 489 3773 Car.
518 3734 589 3773 vr.
608 3716 732 3771 Non
761 3725 836 3771 est
864 3715 1000 3769 Deus
1016 3717 1071 3769 in
1086 3714 1311 3778 Christo,
1337 3714 1536 3767 sieutin
1566 3713 1883 3781 patriarchis

284 3822 344 3867 et
371 3811 659 3882 prophetis.
691 3809 826 3865 Caro
850 3808 1039 3863 Maria:
1062 3824 1186 3861 caro
1204 3807 1400 3877 peccati
1429 3807 1547 3876 fuit.
1569 3836 1641 3846 --
1664 3805 1719 3857 Η
1735 3844 1748 3857 .
1768 3803 1884 3857 Non

285 3912 476 3958 autem
497 3903 575 3957 sic
602 3901 744 3957 Deus
764 3900 1001 3957 Verbum
1029 3913 1247 3955 carnem
1269 3898 1498 3966 accepit,
1537 3902 1595 3949 ut
1623 3910 1752 3951 caro
1779 3911 1887 3948 non

287 3994 471 4058 fleret,
502 4009 624 4049 eum
673 3991 999 4061 evangelista
1048 3990 1195 4045 dicat
1226 4007 1240 4041 :
1284 3986 1508 4042 Verbum
1545 4003 1666 4041 caro
1697 3988 1889 4057 factum

286 4095 374 4143 est
400 4084 582 4157 (Ioan.
607 4101 644 4152 ι,
675 4083 784 4154 ib).
812 4083 996 4154 Neque
1023 4091 1272 4137 naturam
1297 4079 1474 4135 carnis
1496 4079 1568 4131 ita
1581 4076 1722 4132 Deus
1744 4092 1888 4131 sum-

289 4193 418 4235 mus
445 4185 607 4247 atque
626 4177 920 4230 immensus
944 4184 965 4212 α
998 4171 1306 4241 assumpsit,
1327 4177 1386 4223 ut
1417 4177 1671 4237 tanquam
1701 4167 1753 4221 in
1783 4180 1890 4220 uno

290 4271 368 4327 de
394 4267 716 4339 patriarchis
743 4273 838 4320 aut
876 4264 1174 4335 prophetis,
1209 4263 1262 4316 in
1307 4258 1401 4315 illo
1424 4259 1641 4330 quidem
1673 4257 1892 4312 homine

295 4363 445 4417 Deus
471 4366 634 4420 esset,
658 4357 754 4413 sed
791 4356 933 4411 idem
965 4356 1106 4410 Deus
1134 4355 1297 4409 homo
1325 4368 1433 4408 non
1465 4359 1626 4407 esset.
1659 4350 1813 4404 Absit
1833 4357 1893 4403 ut

296 4453 407 4506 hoc
433 4449 738 4505 Christiana
766 4447 1094 4503 conscientia
1147 4452 1350 4505 teneat,
1383 4450 1476 4496 aut
1511 4456 1569 4497 se
1608 4441 1890 4511 quisquam

297 4542 540 4598 ﬁdelium
565 4539 837 4612 profanari
869 4547 1017 4593 tanta
1074 4538 1354 4607 impietate
1399 4535 1697 4606 permittat.
1730 4536 1889 4605 292

297 4634 437 4690 Cum
466 4633 610 4688 enim
648 4631 868 4685 Verbum
899 4648 1021 4683 caro
1051 4632 1243 4700 factum
1271 4637 1367 4689 est,
1399 4628 1481 4682 sic
1506 4626 1757 4680 divinitas
1786 4625 1889 4679 hu-
1917 4637 1970 4695 υ

297 4726 615 4781 manitatem
630 4724 731 4779 sibi
752 4721 1069 4777 mirabiliter
1085 4720 1237 4773 unire
1251 4718 1466 4786 dignata
1479 4725 1581 4781 est,
1597 4726 1673 4782 ut,
1700 4717 1892 4771 utrius-

298 4832 409 4889 que
436 4823 641 4871 natum:
667 4814 898 4868 veritate
926 4818 1162 4875 servata,
1211 4810 1265 4863 in
1313 4825 1422 4863 uno
1452 4809 1752 4878 eodemque
1778 4806 1891 4861 Deo

301 4922 466 4983 atque
485 4910 703 4965 homine
728 4907 945 4962 Christo
969 4921 1067 4976 pro
1096 4905 1204 4958 vita
1235 4903 1418 4957 mundi
1448 4902 1625 4956 divina
1656 4902 1750 4974 (al.
1774 4901 1890 4954 vic-

302 5005 458 5072 tima)
482 5001 635 5057 fieret
663 5001 750 5056 illa
782 4990 899 5069 ejus
928 4998 1254 5053 humanitas.
1280 4995 1421 5048 Deus
1447 4994 1590 5048 enim
1620 5009 1723 5047 non
1770 5009 1895 5046 con-

303 5098 470 5150 tinens
494 5096 548 5148 in
574 5094 655 5147 ira
676 5091 1058 5147 misericordias
1088 5104 1207 5142 suas
1229 5085 1400 5157 (Psat.
1452 5100 1635 5148 Lxxvl,
1692 5083 1805 5154 10),
1829 5084 1893 5137 ad

301 5188 409 5241 hoc
435 5186 601 5239 homo
622 5183 795 5238 factus
814 5190 917 5249 est,
940 5189 997 5235 ut
1017 5177 1275 5250 quidquid
1302 5178 1357 5231 in
1378 5176 1595 5231 homine
1617 5180 1896 5230 creaverat

305 5288 595 5354 integrum,
627 5284 769 5339 idem
813 5282 956 5337 Deus
999 5281 1052 5335 in
1080 5297 1138 5335 se
1166 5287 1338 5334 totum
1383 5275 1778 5343 redintegraret
1803 5289 1891 5330 as-

298 5382 599 5447 sumptum.
626 5388 627 5391 ‘

378 5606 402 5633 ⁸·
443 5594 520 5648 Ita
557 5608 658 5647 ms.
686 5599 744 5645 et
771 5586 955 5649 Basil.;
988 5594 1045 5638 at
1084 5582 1215 5637 Lov.
1249 5592 1304 5636 ct
1331 5580 1479 5645 Ant.,
1509 5581 1702 5633 unione
1738 5574 1891 5631 Verbi

313 5666 427 5776 De:
447 5701 633 5792 Verba.
650 5733 784 5793 haec,
811 5731 913 5781 imo
933 5727 1068 5780 idem
1105 5712 1320 5777 Verbum
1346 5739 1487 5786 caro,
1510 5735 1627 5791 qum
1650 5719 1895 5785 leguntur

309 5824 361 5864 .n
391 5808 512 5862 edd.
547 5805 741 5857 absunt
770 5817 798 5854 a
826 5814 926 5852 ms.

383 5890 403 5917 ε
446 5875 601 5939 Edd.,
625 5873 911 5928 universus;
946 5883 1066 5929 ms.,
1097 5869 1391 5919 immensus.

661 5969 926 6026 νημαι..
977 5958 1171 6022 LXV.

1987 3327 2207 3397 (Philip.
2235 3342 2292 3388 ιι,
2322 3325 2376 3388 6,
2408 3325 2483 3394 7).
2521 3325 2809 3394 Propterea
2840 3336 2969 3376 vero
3001 3321 3054 3375 in
3084 3321 3430 3375 simiiitudine
3459 3335 3579 3374 car-

1986 3419 2068 3474 nis
2095 3418 2303 3490 peccati
2328 3417 2521 3471 missus
2550 3422 2635 3469 est
2666 3414 2757 3468 Dei
2801 3412 2987 3477 Filius,
3020 3412 3270 3483 idemque
3299 3420 3382 3466 est
3410 3412 3469 3475 in
3499 3411 3578 3465 si-

1985 3513 2342 3569 militudinem
2380 3509 2396 3548 ί
2429 3509 2705 3566 hominum
2728 3509 2931 3570 factus,
2964 3514 3021 3560 ut
3049 3514 3105 3559 et
3123 3506 3313 3561 similis
3338 3504 3577 3560 homini-

1984 3605 2086 3661 bus
2115 3606 2271 3660 fieret
2286 3605 2341 3659 in
2388 3600 2826 3667 veritate'carnis
2854 3615 3015 3669 quam
3046 3600 3162 3669 ipse
3200 3606 3498 3663 creaverat,
3524 3605 3581 3651 et

1985 3695 2472 3753 dissimilitudinem
2502 3702 2746 3749 nostram
2776 3691 2916 3745 Deus
2944 3691 2999 3744 in
3024 3706 3187 3745 carne
3213 3691 3329 3745 sine
3350 3697 3580 3760 peccato

1987 3796 2201 3845 creatus
2246 3786 2500 3849 auferret,
2555 3798 2717 3853 quam
2746 3789 2947 3836 nostris
2993 3782 3141 3836 carni
3168 3798 3278 3835 non
3318 3797 3385 3835 ex
3414 3795 3582 3851 opere

1988 3895 2106 3944 suo,
2138 3878 2235 3933 sed
2256 3893 2324 3932 ex
2350 3883 2534 3931 nostro
2564 3882 2788 3947 peccato
2817 3874 2995 3928 inesse
3024 3873 3302 3926 cernebat.
3335 3871 3393 3924 In
3423 3870 3580 3924 simi-

1988 3971 2212 4026 litudine
2242 3969 2404 4036 igitur
2425 3966 2603 4021 carnis
2642 3964 2850 4034 peccati
2876 3964 2971 4017 Dei
3000 3962 3166 4015 Filius
3195 3962 3389 4015 missus
3414 3974 3583 4030 appa-

1989 4063 2119 4126 ruit,
2148 4060 2273 4130 quia
2303 4059 2360 4114 in
2387 4056 2504 4127 ejus
2549 4072 2675 4110 vera
2706 4040 2941 4110 humana
2987 4067 3148 4108 carne
3174 4067 3282 4106 non
3327 4051 3582 4119 iniquitas

1990 4152 2246 4218 hominis,
2275 4149 2370 4204 sed
2400 4146 2703 4202 mortalitas
2748 4143 2864 4199 fuit.
2897 4140 3203 4212 similitudo
3232 4157 3362 4195 vero
3403 4140 3584 4195 carnis

1991 4246 2197 4319 peccati
2225 4259 2346 4300 cum
2388 4243 2443 4297 in
2475 4241 2570 4295 Dei
2600 4238 2757 4302 Filio,
2791 4237 2889 4292 vel-
2906 4236 3087 4307 potius
3117 4235 3210 4288 Dei
3238 4232 3403 4288 Filius
3432 4234 3485 4287 in
3508 4233 3583 4318 si-

1991 4314 2291 4392 militudine
2311 4333 2488 4390 carnis
2515 4330 2723 4402 peccati
2751 4344 2871 4384 cum
2901 4326 3116 4390 dicitur,
3146 4324 3474 4380 credendum
3500 4314 3586 4378 ρει

1994 4428 2336 4496 Unigenitum
2390 4424 2560 4479 Deum
2607 4422 2677 4476 de
2730 4419 2966 4488 Virginis
3022 4432 3185 4472 carne
3231 4416 3445 4471 mortali
3474 4430 3586 4471 non

1994 4520 2223 4574 traxisse
2242 4515 2449 4589 peccati
2478 4512 2716 4576 sordem,
2750 4510 2847 4567 sed
2876 4510 3149 4579 accepisse
3196 4517 3403 4560 natura:
3448 4507 3587 4559 inte-

1994 4621 2144 4675 gram
2172 4605 2477 4665 veritatem,
2504 4609 2562 4653 ut
2583 4597 2828 4652 veritatis
2857 4606 3008 4651 ortus
3034 4595 3101 4650 de
3132 4604 3275 4649 terra
3302 4594 3584 4661 existeret,

1994 4674 2155 4767 quem
2206 4691 2507 4767 prophetali
2549 4702 2799 4742 sermone
2828 4686 3018 4740 beatus
3042 4674 3210 4737 David
3239 4683 3476 4736 insinuat
3503 4678 3586 4734 di-

1993 4803 2123 4843 cens
2151 4805 2163 4839 :
2205 4785 2409 4839 Veritas
2431 4782 2494 4834 de
2516 4789 2653 4832 terra
2672 4786 2787 4832 arta
2827 4786 2900 4830 est
2934 4775 3103 4847 (Psal.
3133 4790 3277 4835 xxxv,
3310 4771 3421 4842 1‘2).
3447 4770 3587 4825 Vere

1995 4881 2157 4947 igitur
2196 4878 2363 4931 Deum
2394 4873 2629 4927 Verbum
2658 4868 2824 4922 Maria
2864 4866 3137 4937 concepit,
3162 4863 3310 4934 quod
3340 4864 3394 4917 in
3421 4876 3588 4918 carne

1997 4970 2203 5041 peccati
2231 4966 2460 5038 peperit,
2484 4976 2647 5031 quam
2678 4961 2820 5015 Deus
2842 4958 3068 5029 accepit.

2067 5088 2195 5141 Car.
2228 5101 2319 5138 vu.
2351 5055 2520 5135 Beata
2552 5079 2710 5149 Virgo
2739 5077 2903 5131 Deum
2927 5084 2974 5128 et
3013 5074 3269 5128 hominem
3297 5070 3586 5138 concipere,

1997 5195 2099 5232 non
2122 5174 2358 5229 humanis
2387 5172 2602 5233 meritis,
2631 5169 2721 5224 sed
2750 5167 2845 5221 Dei
2866 5166 3169 5236 dignatione
3196 5160 3589 5233 promeruit.—

2002 5272 2084 5324 Η.
2119 5268 2225 5323 Sed
2248 5266 2420 5338 ipsum
2442 5264 2610 5318 Deum
2649 5262 2924 5315 hominem
2967 5258 3165 5311 factum
3195 5264 3251 5309 et
3301 5248 3590 5324 concipere

1997 5371 2051 5417 et
2073 5374 2282 5433 parere,
2315 5373 2420 5411 non
2450 5355 2697 5410 humanis
2724 5351 2949 5415 meritis,
2972 5347 3066 5403 sed
3089 5346 3335 5417 concepti
3358 5358 3588 5399 nascen-

2071 5585 2094 5609 α
2136 5571 2290 5635 Edd.,
2321 5569 2507 5632 beata;
2537 5581 2660 5629 ms.,
2693 5561 2978 5615 benedicta.

2075 5655 2098 5681 ε
2138 5626 2295 5704 Edd.,
2321 5650 2369 5693 et
2413 5626 2770 5704 semetipsum;
2797 5648 2919 5697 ms.,
2946 5630 3038 5685 sed
3064 5631 3408 5701 semetipsum,
3433 5626 3587 5695 juxta

2004 5713 2248 5784 Aposﬁt‘oli
2266 5719 2505 5784 textum.

2081 5785 2097 5822 τ
2139 5782 2300 5843 Editi,
2328 5780 2464 5832 idem
2493 5776 2652 5846 quiin
2674 5772 3042 5846 simiiitudine;
3066 5771 3160 5828 sed
3184 5772 3373 5828 melius
3396 5770 3587 5839 legitur

2005 5861 2058 5917 in
2090 5872 2214 5920 ms.,
2240 5854 2471 5921 idemque
2491 5843 2565 5901 est
2595 5848 2647 5900 in
2670 5843 3079 5899 similitudinem.

3077 5931 3150 5992 15
