4108 6472
634 383 740 439 159

628 592 742 647 Nisi
771 593 911 647 enim
945 591 1177 646 Verbum
1209 590 1349 645 Deus
1373 591 1659 644 humanam
1687 592 1787 642 sibi
1817 602 2006 642 umens
2032 587 2216 655 singu-

630 684 819 737 lariter
868 690 1115 737 naturam
1145 696 1212 735 ex
1245 681 1449 748 virgine
1496 681 1658 735 homo
1696 694 1854 734 verus
1882 687 2213 743 nasceretur,

629 785 686 829 et
715 776 926 847 plenus,
948 786 1221 843 nunquam
1242 772 1397 826 nobis
1425 771 1713 826 carnaliter
1738 771 1883 824 natis
1908 770 2220 840 spiritaliter

631 886 696 922 ex
729 869 840 922 Deo
877 878 900 905 ³
930 866 1181 922 nascendi
1227 864 1567 920 conferretur
1596 873 1817 918 exortus
1845 881 1857 915 :
1886 862 1982 917 sed
2014 869 2071 916 ut
2100 877 2218 916 car-

630 959 843 1014 nalibus
871 959 1165 1014 donaretur
1188 957 1367 1011 divina
1395 956 1667 1017 nativilas.
1701 955 1849 1026 prius
1878 962 2137 1024 concepta
2163 960 2219 1006 et

632 1062 754 1108 nata
780 1064 859 1108 est
892 1055 941 1107 in
973 1053 1199 1111 veritate
1230 1051 1407 1105 carnis
1438 1049 1707 1117 Unigeuiti
1758 1047 1875 1101 Filii
1899 1046 2074 1101 divina
2104 1060 2218 1099 ma-

627 1146 1025 1215 jeslas.‘Longe
1046 1144 1187 1197 enim
1237 1151 1355 1208 erat
1408 1143 1499 1211 (at.
1524 1141 1645 1207 fuit)
1679 1155 1709 1193 a
1737 1138 2110 1210 peccatoribus
2127 1152 2217 1190 sa-

627 1209 714 1291 lus
759 1236 929 1308 (l'sal.
963 1209 1143 1298 cxvtu,
1178 1219 1303 1301 l55)
1335 1251 1347 1285 :
1377 1209 1432 1286 et
1461 1209 1772 1299 iniquitatss
1804 1238 1998 1282 nostra:
2027 1240 2218 1294 magna

628 1344 729 1383 nos
757 1344 785 1382 a
814 1327 924 1382 Deo
958 1326 1297 1396 separatione
1342 1323 1709 1393 disjunxcraut
1738 1319 1874 1393 (lsa.
1909 1336 2014 1384 1.1x,
2043 1318 2119 1387 2).
2151 1318 2221 1374 Ει

627 1421 752 1491 quia
806 1420 856 1474 in
889 1420 997 1488 ipsa
1022 1417 1300 1471 nativitate
1326 1416 1502 1471 carnis
1527 1422 1745 1477 nostm,
1777 1411 1967 1466 mortis
2004 1409 2219 1465 vinculo

628 1512 945 1566 tenebamur
973 1509 1240 1575 obstricti,
1272 1523 1299 1561 a
1324 1522 1432 1577 quo
1467 1506 1635 1559 solius
1680 1502 1946 1557 beneﬁcio
1966 1500 2221 1570 spiritalis

628 1601 929 1656 nativitatis
967 1614 1249 1669 possemus
1297 1596 1523 1657 absolvi,
1558 1595 1698 1648 Deus
1722 1600 1884 1646 natus
1911 1600 1994 1646 est
2023 1607 2089 1645 ex
2118 1591 2218 1645 ho-

619 1694 791 1759 mnine,
827 1701 881 1747 ut
902 1693 1151 1747 homines
1181 1699 1529 1744 nascerentur
1558 1702 1623 1741 ex
1671 1686 1802 1739 Deo.
1832 1683 1958 1740 Ideo
1986 1699 2220 1753 namque

623 1784 874 1839 Christus
901 1783 1066 1838 Filius
1094 1782 1207 1846 Dei,
1236 1782 1285 1835 id
1317 1790 1398 1835 est
1426 1794 1586 1835 verus
1615 1778 1752 1833 Deus
1775 1786 1831 1831 et
1859 1778 1965 1830 vita
1994 1785 2215 1839 aeterna,

1664 383 1719 439 S.
1763 381 2130 438 FULGENTII
2170 380 2473 440 EPISCOPI
2513 382 2883 440 RUSPENSIS
3226 337 3233 345 υ
3829 395 3910 450 ιιο

623 502 807 569 νῑὶεψιθ
841 516 906 554 ex
940 516 1001 554 ea
1025 497 1218 553 summi
1250 499 1344 553 Dei
1371 497 1681 567 dignatione
1703 456 1861 569 ξεῖ-ἱ
1892 496 2207 569 promeruit.
2242 504 2287 560 Α
2317 495 2459 549 dedit
2479 504 2527 548 et
2560 493 2700 549 Filio
2721 496 2877 549 vitam
2899 495 3089 550 habere
3110 497 3163 551 in
3192 500 3493 568 semetipso
3511 496 3697 571 [Ιοαιι.
3721 502 3876 576 v,26])

2322 584 2462 637 idem
2482 584 2596 654 ipse
2626 584 2725 638 Dei
2750 583 2914 640 Filius
2940 586 2994 640 in
3015 594 3208 641 natura
3233 553 3429 642 carnis
3457 553 3565 658 per
3592 553 3809 657 gratiam
3833 553 3909 663 pit;

2322 678 2549 729 mortuis
2594 686 2751 731 natus
2789 686 2873 732 est
2913 678 2980 732 ad
3006 687 3261 747 mortem,
3293 689 3363 733 ut
3402 697 3514 736 nos
3565 692 3691 751 post
3715 696 3909 743 mortem

2320 769 2507 837 primae
2538 770 2834 825 nativitatis
2872 786 3036 839 quam
3066 770 3333 827 habemus
3369 788 3446 827 ex
3477 788 3669 838 carne,
3701 775 3752 829 in
3771 780 3912 845 gratia

2319 861 2552 931 Spiritus
2580 876 2992 917 renasceremur
3039 863 3107 917 ad
3150 864 3341 918 vitam.
3380 864 3499 919 Sed
3530 865 3680 921 Deus
3707 882 3847 925 verus
3868 882 3911 925 et

2318 958 2493 1024 vivus,
2518 957 2624 1011 imo
2648 956 2789 1011 Deus
2810 957 3012 1011 veritas
3040 970 3096 1011 et.
3127 958 3233 1013 vita
3260 968 3510 1022 attenta,
3547 961 3665 1015 nisi.
3692 961 3822 1016 idem
3838 980 3908 1018 ve-

2318 1065 2411 1102 rus
2439 1049 2603 1103 homo
2631 1046 2807 1114 ﬁeret,
2830 1056 3060 1102 mortem
3089 1057 3307 1117 gustare
3334 1065 3458 1103 non
3490 1058 3703 1121 posset,
3726 1061 3780 1107 et
3797 1052 3908 1108 idem

2271 1154 2284 1163 '
2320 1143 2485 1198 homo
2513 1144 2606 1211 qui
2651 1151 2883 1199 mortem
2912 1144 3180 1213 gustavit,
3240 1145 3285 1199 si
3318 1160 3498 1200 verus
3528 1145 3699 1216 294
3723 1145 3908 1203 Demet

2318 1237 2429 1290 vita
2467 1245 2669 1290 aeterna
2713 1252 2820 1291 non
2850 1244 3014 1301 esset,
3048 1238 3549 1291 mortemvincere
3579 1253 3689 1291 non
3718 1239 3904 1295 valeret.

2320 1326 2573 1382 Escae-ro
2612 1344 2738 1383 eam
2767 1343 2891 1382 ιι.ιο
2941 1328 3033 1397 qui
3087 1330 3168 1382 sic
3213 1327 3388 1383 homo
3437 1338 3548 1393 est,
3599 1339 3662 1383 ut
3690 1330 3821 1385 idem
3852 1334 3909 1386 sit

2321 1417 2479 1480 Deus,
2524 1417 2645 1486 quis
2673 1423 2759 1471 est
2799 1417 3085 1485 hom0'qui
3116 1427 3289 1471 morte
3332 1415 3363 1454 ά
3425 1418 3768 1474 destruxerit
3792 1436 3905 1475 mor-

2321 1508 2467 1561 tem?
2505 1514 2598 1560 aut
2618 1507 2740 1575 quis
2767 1507 2912 1561 eruit
2958 1507 3193 1561 animam
3245 1523 3409 1562 suam
3461 1508 3536 1563 de
3582 1525 3745 1564 manu
3780 1511 3905 1567 inferi

2322 1599 2493 1670 (I’sal.
2530 1614 2790 1667 Lxxxvtn,
2823 1597 2959 1666 49)?
2993 1598 3223 1653 Proinde
3246 1598 3595 1669 Unigenitus
3618 1600 3758 1656 Deus
3782 1603 3904 1659 virus

2318 1700 2376 1747 et
2404 1707 2585 1757 verus,
2617 1692 2916 1747 secundum
2955 1707 3174 1746 carnem
3204 1707 3371 1762 quam
3415 1709 3491 1747 ex
3521 1694 3684 1749 nobis
3710 1698 3899 1766 accepit,

2320 1785 2460 1840 sicut
2479 1794 2778 1855 conceptus
2799 1793 2856 1839 et
2881 1792 3039 1840 natus
3062 1793 3167 1853 est,
3190 1785 3262 1839 ita
3285 1787 3468 1840 etiam
3489 1797 3742 1842 mortuus
3765 1804 3904 1845 resar-

618 1885 782 1931 natus
820 1885 875 1931 et
901 1885 1141 1929 mortuus
1169 1882 1251 1928 est
1279 1873 1329 1926 in
1356 1873 1581 1926 veritate
1611 1870 1809 1932 carnis,
1845 1879 1901 1923 ut
1932 1883 2029 1923 nos
2060 1869 2220 1937 spiri-
2252 1875 2297 1936 Β
2324 1875 2501 1929 rexit:
2533 1875 2658 1943 quia
2688 1874 2910 1929 veniens
2930 1891 3160 1945 quwrere
3186 1884 3235 1928 et
3255 1876 3467 1930 saluum
3490 1879 3671 1948 facere
3688 1880 3812 1949 quod
3833 1897 3900 1949 pe-

619 1966 806 2022 talitcr
854 1968 906 2020 in
964 1982 1071 2019 uno
1120 1964 1397 2018 Trinitatis
1449 1962 1667 2016 nomine
1713 1974 2122 2014 renasceretnur
2164 1958 2215 2012 in

624 2065 963 2113 sacramento
986 2054 1344 2126 baptismatis.
1362 2052 1474 2107 lloc
1488 2054 1649 2107 docet
1668 2051 1978 2121 Apostolus,
2008 2050 2212 2105 dicens:

562 2182 567 2187 -
627 2147 928 2219 Quicunque
950 2146 1200 2216 ba'plizati
1229 2161 1406 2199 sumus
1452 2145 1504 2197 in
1553 2144 1757 2197 Clu-isto
1802 2141 1949 2207 Iesu,
1975 2144 2217 2196 inmorte

624 2239 789 2308 ipsius
818 2237 1064 2308 baptismi
1104 2252 1276 2290 attritus
1310 2234 1489 2304 (liam.
1531 2250 1643 2299 vui,
1674 2235 1750 2303 5).

696 2329 786 2383 15.
819 2327 1017 2383 Christi
1044 2340 1173 2395 ergo
1200 2325 1321 2380 Filii
1369 2326 1462 2380 Dei
1495 2326 1665 2395 prima
1710 2324 1964 2379 nativitas
1985 2339 2051 2379 ex
2084 2322 2213 2386 Deo,

623 2423 855 2479 secunda
887 2438 953 2477 ex
987 2420 1206 2475 homine
1234 2440 1244 2472 :
1278 2428 1461 2475 nostra
1492 2435 1622 2474 vero
1652 2420 1822 2489 prima
1869 2419 2121 2472 nativitas
2149 2432 2216 2471 ex

622 2514 864 2575 homine,
889 2511 1122 2589 sccupda
1154 2525 1219 2565 ex
1252 2509 1381 2564 Deo.
1409 2509 1476 2563 Et
1497 2509 1620 2578 quia
1652 2509 1793 2565 Deus
1819 2509 2121 2563 nasciturus
2149 2522 2213 2561 ex

625 2597 785 2656 ntero‘
807 2601 1088 2655 veritatem
1116 2600 1295 2655 carnis
1324 2600 1555 2669 accepit,
1600 2598 1722 2654 ideo
1756 2599 1913 2654 nobis
1941 2598 2141 2652 renatis
2162 2598 2214 2651 in

623 2693 894 2765 laaptismo
942 2691 1189 2762 spiritmn
1235 2690 1539 2759 adoptionis
1577 2689 1815 2744 indulsit.
1850 2690 1941 2744 lllc
1978 2690 2216 2759 quodex

622 2781 797 2854 prima
828 2781 1109 2836 nativitate
1140 2789 1328 2835 natura
1372 2797 1476 2834 non
1509 2780 1626 2848 fuit,
1674 2780 1909 2835 secunda
1938 2781 2216 2834 nativitate

620 2886 721 2945 per
739 2872 968 2942 gratiam
1002 2871 1173 2927 lactus
1195 2887 1296 2936 est,
1326 2884 1381 2926 ut
1409 2889 1509 2927 nos
1538 2883 1684 2942 quou
1713 2873 1898 2944 primm
1924 2874 2216 2929 nativitatis

620 2952 811 3019 natura
859 2980 963 3019 non
1013 2963 1228 3027 ﬁtimns,
1260 2964 1431 3031 gratia
1462 2964 1711 3019 secunda:
1756 2962 2049 3018 nativitatis
2072 2979 2217 3019 csse-

620 3071 756 3110 mus.
782 3054 885 3109 Sed
903 3055 1061 3123 Deus.
1096 3064 1151 3108 ιιι
1172 3070 1236 3110 ex
1270 3055 1486 3110 homine
1508 3063 1835 3118 nasceretur,
1860 3056 2085 3123 gratiam
2115 3072 2214 3111 uo-

619 3147 703 3201 bis
740 3146 939 3213 attttlit,
963 3160 1062 3200 nos
1091 3155 1269 3200 autem
1300 3146 1524 3215 gratiatn
1549 3144 1714 3213 gratis
1742 3146 2038 3215 accipimus
2066 3144 2116 3210 ι’,
2159 3154 2217 3199 ιιι

2321 1965 2481 2017 rierat
2507 1963 2657 2033 (Luc.
2691 1980 2802 2029 six,
2832 1965 2942 2034 10),
2977 1965 3197 2019 traditus
3227 1976 3305 2020 est
3346 1977 3578 2037 prapter
3624 1967 3805 2022 delicta
3826 1986 3899 2023 no-

2316 2067 2450 2122 stra,
2499 2066 2550 2109 et
2616 2060 2899 2111 resurrexit
2945 2068 3154 2128 propter
3192 2060 3648 2128 justiﬁcatiouem
3703 2072 3896 2116 nostram

2321 2148 2500 2210 (Rom.
2536 2165 2606 2214 Iv,
2626 2148 2900 2220 25).Mors
2929 2161 3110 2205 autem
3127 2150 3248 2205 Filii
3276 2150 3403 2216 Dei,
3437 2167 3607 2222 quam
3638 2154 3748 2209 sola
3768 2170 3897 2208 carne

2316 2239 2577 2309 suscepit,
2601 2248 2887 2310 utramque
2927 2242 2983 2296 in
3010 2243 3169 2297 nobis
3207 2252 3479 2313 mortem,
3509 2245 3702 2300 animae
3729 2246 3894 2302 scilicet

2319 2329 2625 2398 carnisque,
2666 2329 2963 2396 destruxit;
2988 2340 3045 2386 et
3072 2335 3409 2389 resurrectio
3450 2337 3641 2390 carnis
3668 2336 3776 2405 ejus
3797 2350 3894 2404 gra-

2320 2419 2449 2473 tiam
2479 2421 2636 2475 nobis
2662 2430 2719 2475 et
2763 2422 3022 2492 spiritalis
3066 2431 3120 2477 et
3159 2426 3474 2494 corporalis
3525 2429 3890 2484 resurrectionis

2319 2516 2597 2582 attribuit;
2629 2526 2705 2582 ut,
2739 2518 2888 2586 prius
2913 2515 3192 2586 iustiﬁcati
3216 2534 3316 2591 per
3342 2519 3514 2576 ﬁdem
3541 2523 3731 2577 mortis
3749 2537 3803 2576 ac
3824 2537 3890 2575 re-

2317 2609 2668 2667 surrectionis
2698 2608 2816 2664 Filii
2857 2609 2974 2675 Dei,
2999 2612 3463 2668 resuscitaremur
3491 2614 3562 2669 ab
3599 2614 3885 2669 inﬁdelitatis

2318 2709 2522 2764 morte;
2551 2716 2655 2769 qua
2677 2694 2799 2757 cum
2838 2704 3155 2759 naturaliter
3178 2720 3431 2761 essemus
3453 2706 3548 2761 ﬁlii
3574 2707 3689 2774 iraa,
3712 2707 3831 2761 sicut
3845 2715 3887 2760 et

2317 2791 2497 2845 ceteri
2524 2790 2740 2863 (Ep/tes.
2767 2809 2824 2859 ιι,
2850 2793 2930 2865 5),
2954 2796 3269 2851 tenebamur
3289 2797 3566 2861 obstricti,
3596 2806 3652 2851 et
3674 2805 3783 2869 post
3800 2798 3883 2868 pri-

2317 2897 2461 2936 mam
2484 2884 2955 2950 resurrectionem,
2972 2885 3528 2953 scilicetanimarum,
3554 2903 3673 2958 quae
3694 2887 3827 2942 nobis
3842 2887 3883 2941 in

2320 2971 2423 3028 ﬁde
2445 2974 2640 3028 collata
2669 2982 2773 3042 est,
2814 2976 2978 3030 etiam
3005 2975 3105 3030 ista
3128 2991 3293 3031 carne
3315 2979 3372 3031 in
3395 2993 3505 3046 qua
3533 2993 3676 3033 nunc
3695 2977 3880 3031 Vivimus

2319 3079 2683 3134 resurgamus,
2715 3081 2992 3135 nunquam
3031 3066 3209 3121 denuo
3242 3070 3522 3124 morituri.
3555 3069 3665 3123 Nec
3689 3068 3751 3122 ob
3764 3066 3881 3120 aliud

2320 3156 2462 3212 Deus
2484 3172 2645 3212 verus
2665 3165 2722 3212 et
2765 3158 2875 3211 vita
2903 3167 3104 3211 teterna
3132 3166 3363 3213 mortem
3400 3167 3648 3214 nostram
3675 3158 3879 3226 dignatus

620 3238 810 3291 divina:
831 3246 1114 3292 consortes
1144 3244 1367 3299 natura,
1400 3236 1491 3290 Dei
1518 3251 1583 3289 ex
1607 3250 1768 3289 carne
1798 3236 2067 3289 nascentis
2097 3251 2215 3288 tnu-

2321 3256 2408 3303 cst
2443 3247 2692 3318 accipere
2718 3245 3126 3311 destruendam,
3173 3247 3275 3301 nisi
3308 3256 3369 3302 ut
3400 3249 3562 3304 nobis
3604 3249 3655 3301 in
3690 3246 3791 3314 ejus
3811 3260 3877 3299 re-

620 3344 770 3391 nere,
803 3328 1072 3382 liercmus.
1105 3326 1238 3393 Quia
1269 3340 1398 3394 ergo
1448 3314 1614 3381 Filius
1641 3326 1731 3380 Dei
1764 3325 1936 3381 factus
1964 3335 2048 3382 est
2074 3325 2214 3383 ﬁlius

620 3420 875 3483 hominis,
911 3429 1217 3491 propterea,
1266 3430 1510 3490 quotquot
1558 3430 1855 3488 rereperunt
1893 3436 2008 3473 eum
2039 3422 2215 3490 (sicut

621 3514 811 3567 beatus
838 3510 1076 3565 Joannes
1092 3510 1416 3579 evangelista
1449 3514 1695 3580 testatur)
1725 3510 1865 3564 dedit
1886 3512 1961 3564 eis
1989 3521 2215 3579 potesta-

623 3613 722 3657 tem
747 3602 885 3671 ﬁlios
918 3600 1011 3656 Dei
1065 3602 1199 3672 ﬁeri,
1249 3603 1339 3655 Iu's‘
1378 3603 1461 3674 qui
1491 3603 1703 3656 credunt
1748 3604 1802 3657 in
1844 3604 2051 3659 nomine
2079 3605 2212 3675 ejus,

623 3697 706 3765 qui
737 3711 837 3749 non
869 3711 934 3750 ex
980 3694 1341 3767 sanguiuibus,
1392 3711 1555 3766 neque
1607 3711 1672 3749 ex
1702 3695 1962 3750 voluntate
2017 3697 2214 3762 carnis,

624 3803 784 3859 neque
804 3803 869 3842 ex
899 3790 1159 3842 voluntate
1188 3787 1301 3853 riri,
1326 3787 1415 3841 sed
1440 3803 1505 3840 ea:
1536 3785 1643 3841 Deo
1672 3788 1782 3840 nati
1811 3796 1931 3841 sunt
1961 3786 2140 3859 (.loun.
2174 3803 2212 3853 ι,

621 3879 734 3949 15).
766 3878 820 3935 Si
845 3895 972 3935 vero
999 3878 1311 3949 Uuigenilus
1342 3878 1526 3945 Filius,
1559 3880 1650 3950 qui
1681 3888 1763 3934 cst
1788 3879 1840 3934 in
1869 3881 1987 3935 sinu
2018 3879 2210 3944 l’atris,

621 3981 743 4036 post
768 3982 1025 4028 aeternam
1048 3971 1407 4035 nativitatem,
1432 3986 1594 4040 quam
1624 3985 1691 4026 cx
1719 3980 1925 4027 mterno
1956 3969 2113 4025 Patre
2127 3969 2214 4024 Fi-

620 4062 725 4118 lius
754 4073 1056 4118 coarternus
1077 4063 1262 4127 habet,
1286 4062 1579 4119 secundam
1616 4063 1957 4119 nativitatem
1980 4061 2214 4119 sanctiﬁ-

623 4154 777 4209 caudi
805 4164 826 4192 ο
862 4154 1095 4208 hominis
1123 4154 1295 4222 gratia
1325 4170 1432 4208 non
1473 4152 1793 4222 susciperet,
1821 4155 1985 4208 homo
2016 4154 2070 4207 in
2111 4154 2212 4207 iiii-

622 4245 917 4313 quitatibus
953 4256 1247 4316 conceptus
1299 4246 1485 4316 minue
1536 4245 1831 4301 nativitatis
1860 4241 2087 4302 nexibus
2108 4264 2215 4302 non

624 4344 856 4391 careret.
880 4334 986 4391 Sed
1014 4337 1164 4403 quia,
1187 4335 1481 4390 secundum
1503 4336 1647 4390 beati
1674 4334 1895 4391 Joannis
1919 4336 2211 4404 eloquium,

624 4431 678 4482 in
709 4428 805 4482 hoc
845 4430 1087 4498 apparuit
1110 4426 1281 4482 Filius
1319 4426 1439 4493 Dei,
1461 4439 1518 4481 ut
1545 4428 1711 4482 solvat
1737 4444 1895 4498 opera
1923 4429 2118 4484 diaboli
2147 4438 2162 4497 ζ
2186 4429 2214 4484 1

624 4521 783 4574 Joan.
810 4535 886 4585 ιιι,
917 4518 1012 4590 8);
1044 4518 1135 4574 ille
1154 4519 1247 4588 qui
1277 4519 1331 4573 iu
1361 4520 1532 4591 prima
1564 4519 1863 4586 nativitate,
1891 4536 1999 4591 qua
2027 4522 2096 4578 de
2120 4521 2218 4577 Pa-

2317 3340 2655 3395 surrectione
2674 3339 3023 3394 credentibus
3042 3340 3207 3394 vitam
3228 3355 3385 3395 suam
3415 3341 3651 3397 donaret
3672 3339 3774 3393 sine
3795 3336 3876 3389 line

2316 3442 2646 3482 mansuram.
2666 3426 2926 3482 Dominus
2944 3442 3160 3499 quoque
3180 3428 3364 3497 gloriae
3391 3429 3519 3486 ideo
3541 3427 3873 3485 contumeliam

2316 3518 2573 3574 sustinuit
2614 3519 2806 3583 crucis,
2837 3527 2896 3573 ut
2934 3521 3163 3587 gloriam
3203 3535 3356 3576 suam
3403 3522 3639 3577 donaret
3676 3517 3874 3572 ﬁdelibus

2315 3612 2447 3677 suis,
2476 3611 2617 3667 sicut
2635 3612 2750 3681 ipse
2783 3621 3008 3667 testatus
3033 3620 3118 3667 est
3136 3611 3327 3669 dicens
3357 3631 3371 3666 z
3408 3613 3482 3668 Et
3509 3630 3601 3683 ego
3629 3611 3871 3665 claritatem

2315 3718 2469 3774 quum
2489 3701 2676 3755 dedisti
2705 3702 2850 3765 milii,
2882 3701 3001 3755 dedi
3028 3701 3134 3755 illis
3162 3701 3345 3770 (Joan.
3378 3719 3515 3767 xvu,
3533 3700 3648 3771 22).
3679 3696 3868 3753 Verbum

2318 3793 2480 3861 igitur
2505 3807 2634 3847 caro
2655 3790 2852 3847 factum
2875 3806 3012 3846 unus
3040 3799 3096 3847 et
3117 3792 3307 3861 plenus
3327 3800 3416 3847 est
3435 3776 3695 3847 Christus.
3720 3784 3870 3842 Carnis

2317 3894 2497 3939 autem
2542 3884 2758 3939 nomine
2789 3892 2934 3938 totus
2983 3883 3069 3938 hic
3097 3883 3447 3953 accipiendos
3494 3891 3579 3939 est
3604 3883 3751 3936 homo
3777 3871 3870 3938 ’,ἰὰ

2317 3985 2401 4029 est
2430 3976 2607 4029 anima
2638 3976 2918 4030 rationalis
2933 3982 2987 4029 et
3008 3989 3155 4030 caro.
3179 3975 3430 4031 Christus
3451 3976 3595 4032 enim
3616 3972 3704 4028 Dei
3719 3967 3866 4029 Filius.

2317 4067 2457 4122 sicut
2476 4082 2657 4121 veram
2688 4075 2744 4121 et
2768 4067 2885 4121 sine
2916 4074 3142 4135 peccato
3161 4067 3371 4136 accepit
3403 4079 3621 4122 carnem
3649 4065 3867 4115 nostram.

2317 4157 2395 4211 sic
2418 4171 2598 4210 veram
2630 4162 2684 4209 et
2735 4156 2853 4211 sine
2879 4164 3106 4226 peccato
3134 4156 3344 4226 accepit
3379 4158 3617 4213 animam
3643 4164 3794 4206 suam.
3815 4141 3867 4195 Et

2317 4263 2537 4303 carnem
2594 4246 2811 4317 quidem
2855 4254 3097 4301 nostram
3142 4262 3264 4302 cum
3312 4247 3627 4302 conditione
3662 4243 3867 4297 Imma"?-

2317 4338 2665 4394 mortaiitatis
2689 4337 2881 4401 induit,
2914 4338 3149 4391 animam
3179 4353 3311 4393 vero
3337 4347 3580 4393 nostram
3608 4346 3719 4388 cum
3746 4321 3863 4380 inﬁr-

2318 4429 2596 4486 mitatibus
2636 4428 2753 4483 sine
2780 4429 2988 4482 macula
3017 4429 3266 4483 humanae
3295 4427 3595 4498 iniquitatis
3627 4424 3643 4461 ί
3677 4412 3863 4483 accepit.

2318 4529 2377 4574 ut
2400 4518 2652 4574 divinitas
2698 4516 2899 4573 Christi
2925 4534 3023 4588 per
3068 4534 3221 4575 suam
3242 4520 3500 4574 virtutem
3528 4517 3580 4571 in
3606 4512 3765 4568 anima
3787 4516 3861 4557 sua

624 4612 724 4666 tris
747 4618 937 4666 natura
967 4624 1128 4665 verus
1166 4609 1310 4665 Deus
1354 4611 1437 4665 eSt
1481 4618 1538 4666 et
1585 4610 1694 4665 vita
1740 4620 1962 4680 mterna,
2010 4612 2214 4668 nullum
2249 4627 2296 4686 ι)
2320 4610 2662 4667 inﬁrmitates
2715 4617 2931 4666 nostras
2967 4618 3211 4679 portans,
3243 4612 3360 4665 sine
3400 4614 3625 4681 peccato
3644 4595 3862 4673 justitiam

624 4703 791 4759 habet
810 4700 1107 4756 nativitatis
1146 4700 1379 4769 initium,
1410 4701 1552 4757 idem
1587 4700 1728 4756 Deus
1751 4716 1819 4756 ex
1845 4701 2051 4770 virgine
2075 4710 2215 4757 tem-

624 4792 885 4864 poraliter
909 4793 1137 4861 sumpsit
1162 4792 1411 4847 secunda:
1439 4791 1735 4847 nativitatis
1769 4794 2069 4848 exordium.

612 4942 619 4947 _
695 4882 825 4939 Car.
860 4900 970 4939 vui.
994 4881 1140 4938 Mors
1163 4882 1355 4939 Christi
1394 4883 1674 4938 secundum
1699 4901 1907 4939 carnem
1948 4894 2217 4957 utramque

623 4985 840 5030 mortem
861 4977 916 5029 in
956 4974 1103 5030 nobis
1132 4975 1406 5030 destruxit.
1454 4973 1680 5030 Nomine
1708 4976 2043 5030 carnistotus
2064 4976 2216 5030 homo

621 5064 949 5139 intelligitur.
977 5097 1050 5108 —
1078 5068 1166 5123 l6.
1212 5068 1308 5123 llle
1337 5069 1518 5138 itaque
1556 5069 1709 5122 vivus
1735 5082 1915 5123 sermo
1945 5067 2059 5131 Dei,
2091 5069 2214 5123 vita)

620 5174 734 5213 sine
762 5167 906 5213 statu
929 5158 1441 5215 incommutabiliter
1462 5166 1829 5229 permanente,
1849 5167 1971 5229 post
1990 5159 2215 5230 primam

624 5251 963 5307 nativitatem
984 5263 1105 5307 cum
1137 5250 1299 5306 Patre
1324 5250 1393 5306 de
1419 5265 1528 5319 quo
1556 5258 1733 5315 natus,
1766 5268 1870 5306 una
1902 5248 2220 5306 naturaliter

552 5356 555 5359 '
624 5341 736 5394 vita
760 5350 845 5396 est
873 5344 1021 5413 (quia
1041 5340 1174 5398 sicut
1196 5341 1349 5396 habet
1377 5340 1538 5396 Pater
1561 5344 1714 5397 vitam
1736 5344 1790 5397 in
1822 5343 2117 5412 semetipso,
2144 5344 2219 5395 sic

700 5531 724 5557 ι
767 5520 891 5575 Ηιρο
918 5522 1079 5574 verba
1106 5537 1170 5574 ea:
1193 5519 1300 5575 Deo
1323 5536 1431 5575 non
1473 5519 1722 5589 leguntur
1747 5520 1799 5574 in
1821 5517 1970 5585 edd.,
1995 5517 2088 5573 sed
2117 5518 2213 5572 ha-

626 5592 822 5647 bentur
850 5593 903 5645 in
935 5606 1032 5645 ms.

700 5661 725 5700 δ
769 5661 1075 5731 Legendum
1123 5660 1258 5715 forte
1287 5663 1596 5730 accepimus,
1631 5658 2212 5731 proptersubsequen-

624 5734 700 5788 tia
732 5729 926 5793 verba;
951 5730 1074 5785 edd.
1106 5749 1293 5787 omnes
1315 5741 1369 5787 et
1399 5729 1499 5787 ms.
1524 5731 1726 5785 habent
1765 5729 2067 5799 accipimus.

702 5816 723 5841 ε
764 5801 887 5871 Ms.,
901 5802 1248 5873 justiﬁcandi.

694 5874 721 5918 ά
759 5873 855 5933 Sic
876 5870 1103 5943 uis.;'at
1148 5872 1272 5934 edd.
1316 5888 1423 5931 non
1454 5870 1655 5929 habent
1700 5879 1886 5940 morte,
1919 5870 2208 5941 legumque

2319 4702 2638 4767 custodiret,
2660 4709 2715 4757 et
2736 4716 2835 4772 per
2861 4716 2984 4756 eam
3010 4702 3173 4757 etiam
3202 4702 3272 4757 ab
3302 4703 3418 4772 ipsa
3448 4713 3611 4756 carne
3632 4708 3718 4749 sua
3748 4697 3862 4741 mof‘

2320 4796 2544 4851 talitatis
2574 4795 2895 4865 supplicium
2924 4794 3069 4850 dono
3092 4795 3505 4851 resurrectionis
3517 4787 3748 4846 auferret.
3765 4776 3860 4832 Ideo

2318 4885 2553 4940 Christus
2597 4902 2812 4957 surgens
2849 4901 2914 4940 ea:
2947 4887 3164 4940 mortuis
3204 4895 3229 4934 κ
3256 4889 3371 4957 jam
3420 4901 3527 4940 non
3582 4875 3802 4933 moritur;
3822 4866 3862 4916 ⁸⁸

2317 4994 2457 5034 mors
2477 4977 2554 5032 illi
2578 4975 2716 5031 ultra
2742 4993 2844 5031 non
2870 4972 3219 5039 dominabitur
3240 4976 3417 5048 (Rom.
3446 4992 3518 5040 vr,
3547 4970 3619 5041 9).
3801 5047 3812 5058 '

2390 5069 2520 5123 CAP.
2546 5084 2620 5123 ιιι.
2654 5068 2952 5124 Secundum
2975 5066 3261 5138 Scriptum
3275 5064 3678 5122 consuetudinem
3693 5059 3860 5138 ποιηξξσ

2321 5162 2494 5215 carnis
2523 5170 2613 5214 aut
2639 5160 2831 5214 animo?
2860 5175 2998 5225 saepe
3026 5133 3162 5214 totus
3191 5159 3342 5214 homo
3366 5153 3678 5226 intelligitur.
3704 5172 3767 5187 ——
3789 5133 3855 5226 ‘7-

2322 5251 2457 5318 Quia
2498 5266 2630 5305 vero
2679 5224 2945 5304 familiare
2987 5258 3075 5304 est
3116 5249 3311 5304 divinis
3361 5224 3586 5317 eloquiis
3639 5224 3857 5293 vocabulo

2322 5343 2500 5397 carnis
2514 5341 2681 5395 simul
2704 5341 2756 5396 in
2780 5341 2999 5396 homine
3019 5356 3236 5397 carnem
3265 5350 3426 5411 atque
3450 5338 3671 5394 animam
3690 5328 3856 5379 tum“?

2320 5529 2407 5573 aut
2427 5521 2539 5589 quis
2561 5531 2718 5573 eruet.

2392 5600 2417 5668 εξ
2459 5590 2746 5668 ills.,_totus
2768 5590 3400 5668 accipiendns_est_homo._
3526 5652 3713 5668 "id"
3769 5630 3848 5668 gn...

2394 5665 2412 5701 ί
2457 5646 2620 5729 Ειιίίί,
2654 5646 2890 5716 Ιιιιηιαηίέ
2917 5662 3278 5733 inﬁrmitatis;
3309 5658 3403 5713 sed
3431 5652 3620 5711 rectius
3641 5646 3830 5705 ωεοιέεί

2317 5735 2548 5803 quitalis.

2391 5816 2414 5852 ε
2456 5804 2576 5871 515.,
2608 5820 2671 5859 ea:
2700 5806 2914 5860 mortuis
2930 5802 3120 5871 ;,editi,
3147 5818 3177 5856 a
3201 5800 3435 5855 mortuis.
