4108 6480
316 385 417 439 461

1695 379 2026 436 EPISTULA
2055 379 2210 436 XVII.

3491 377 3593 434 8οξ

311 511 468 568 pare,
498 495 634 552 sicut
685 495 942 564 scriptum
973 500 1054 548 est
1097 511 1109 544 :
1155 458 1439 561 Effundam
1485 491 1548 544 de
1575 492 1758 563 spiritu
1790 508 1899 546 meo
1929 489 2241 556 AVerhum
2296 489 2477 557 itaque
2532 502 2661 543 caro
2709 488 2906 543 factum
2973 503 3110 542 unus
3165 497 3248 541 est
3306 484 3591 549 Christus;

309 606 468 659 super
491 604 691 642 omnem
721 602 928 640 carnem
959 584 1114 654 (Joel.
1148 599 1203 649 ιι,
1231 582 1321 654 28)
1342 601 1355 649 ;
1380 592 1434 638 et
1461 601 1472 636 :
1517 582 1718 637 Videbit
1739 583 1904 636 omnis

313 696 438 734 caro
485 678 713 732 salutare
766 676 863 729 Dei
915 677 932 745 (
960 675 1085 728 Luc.
1121 691 1195 738 ιιι,
1227 674 1318 744 6);
1349 683 1405 728 et
1437 691 1448 725 :
1484 673 1630 728 Sicut
1651 673 1838 726 dedisti
1858 673 1906 730 ei

313 779 619 840 potestatem
667 769 832 821 omnis
871 767 1046 820 carnis
1104 765 1122 835 (
1147 765 1306 819 Joau.
1360 780 1488 830 xvii,
1517 763 1622 831 2);
1654 772 1708 816 et
1740 780 1752 814 :
1784 760 1905 816 Nisi

313 861 528 914 breviati
557 861 775 929 fuissent
806 859 912 911 dies
943 857 1039 921 illi,
1069 873 1172 909 non
1212 856 1354 909 salva
1391 856 1536 924 ﬁeret
1577 856 1744 908 omnis
1783 870 1904 906 caro

315 949 531 1020 (Matth.
564 949 708 1012 xxxv,
739 946 864 1015 22);
895 962 962 1000 ex
986 946 1086 1000 hac
1116 945 1298 1014 utique
1323 943 1714 998 consuetudine
1743 943 1821 998 sic
1849 942 1904 995 in

314 1039 618 1111 Scripturis
636 1037 836 1092 sanctis
859 1045 1004 1090 totus
1032 1036 1197 1090 homo
1226 1034 1405 1089 carnis
1429 1033 1796 1102 appellatione
1824 1031 1906 1084 di-

314 1133 475 1196 citur,
506 1132 646 1186 sicut
671 1129 871 1184 ibidem
894 1143 1078 1182 rursus
1119 1129 1283 1182 homo
1327 1132 1473 1180 totus
1507 1124 1674 1179 solius
1714 1123 1904 1176 animm

315 1222 715 1292 nuncupatione
743 1226 1092 1274 monstratur.
1125 1216 1394 1272 Abraham
1423 1229 1655 1282 namque
1676 1213 1906 1284 patriar-

314 1314 414 1368 cha
441 1313 508 1367 de
557 1321 697 1365 terra
726 1325 840 1371 sua,
868 1317 922 1364 et
966 1308 1032 1362 de
1062 1308 1385 1377 cognatione
1409 1321 1523 1370 sua,
1551 1312 1606 1359 et
1630 1305 1698 1359 de
1743 1303 1905 1358 domo

314 1403 485 1474 patris
505 1403 606 1467 sui,
633 1408 900 1471 praecepto
927 1407 1089 1467 atque
1111 1398 1312 1452 auxilio
1341 1396 1436 1450 Dei
1460 1396 1719 1460 vocantis,
1752 1408 1906 1460 egre—

312 1493 466 1547 diens
499 1491 706 1560 (Cenes.
742 1507 832 1555 xu,
867 1489 919 1560 1)
947 1490 1144 1559 (neque
1164 1488 1314 1559 enim.
1332 1487 1474 1557 quod
1501 1487 1643 1541 Deus
1659 1485 1904 1555 jubebat,

312 1586 581 1640 ullatenus
610 1582 831 1653 implere
853 1589 1058 1651 posset,
1083 1579 1182 1634 nisi
1208 1595 1331 1634 eum
1354 1579 1442 1633 ille
1462 1579 1553 1646 qui
1576 1587 1908 1648 praeceperat

313 1673 653 1743 adjuvaret);
685 1687 808 1725 cum
834 1686 1015 1726 secum
1046 1669 1292 1724 homines
1311 1683 1450 1737 quos
1477 1667 1666 1721 habuit
1697 1679 1718 1703 ο
1745 1667 1905 1737 295

312 1765 539 1820 duceret
562 1765 822 1829 exiturus,
856 1765 1062 1817 animas
1089 1777 1223 1832 quas
1251 1762 1578 1830 acquisierat
1607 1761 1660 1815 in
1689 1759 1904 1816 Charan

2008 582 2104 638 sed
2131 581 2366 637 Verbum
2395 580 2526 636 illud
2552 581 2667 636 sine
2696 595 2858 635 carne
2887 579 3028 634 Deus
3053 585 3288 633 aeternus
3315 578 3432 645 fuit,
3463 594 3592 634 caro

2008 682 2190 727 autem
2220 673 2423 728 Christi
2455 673 2572 727 sine
2605 670 2780 726 Verbo
2811 686 2919 724 non
2963 669 3139 725 solum
3189 669 3436 724 Christus
3491 670 3593 723 ali-

2008 763 2225 832 quando
2254 779 2361 818 non
2386 762 2515 829 fuit,
2547 762 2645 816 sed
2673 777 2772 816 nec
2802 759 3158 830 personaliter
3184 766 3445 829 concepta
3472 759 3590 814 fuit.

2009 858 2242 913 Verbum
2272 871 2402 924 ergo
2428 856 2574 926 quod
2603 871 2731 910 caro
2761 854 2964 908 iactum
2983 860 3087 920 est,
3133 863 3423 920 antequam
3465 868 3595 906 caro

2008 949 2178 1011 ﬁeret,
2233 949 2430 1002 mansit
2470 956 2752 1009 mternum,
2804 962 2933 1000 caro
2972 952 3153 998 autem
3182 943 3345 998 Verbi
3386 944 3437 998 in
3477 944 3595 1013 ipso

2007 1044 2118 1097 Deo
2146 1042 2324 1098 Verbo
2354 1043 2381 1080 ι’
2431 1041 2717 1110 personale
2765 1038 2995 1108 sumpsit
3040 1038 3271 1091 initium.
3315 1036 3424 1090 Sed
3461 1036 3588 1106 quia

2009 1136 2243 1201 Verbum
2273 1150 2402 1190 caro
2431 1134 2629 1188 factum
2664 1148 2802 1187 unus
2827 1133 3072 1187 Christus
3097 1140 3178 1186 est
3209 1131 3302 1185 Dei
3333 1139 3388 1186 et
3417 1131 3595 1185 homi-

2007 1228 2090 1281 n's
2116 1223 2309 1291 Filius,
2342 1240 2441 1280 nec
2471 1225 2610 1279 alter
2637 1232 2720 1279 est
2745 1223 3001 1286 Verbum,
3034 1223 3174 1277 alter
3201 1232 3284 1278 est
3314 1238 3465 1290 caro,
3495 1222 3595 1278 sed

2009 1317 2149 1373 i'lem
2177 1332 2314 1371 unus
2344 1316 2576 1370 Verbum
2607 1330 2736 1370 caro
2765 1331 2780 1380 ;
2833 1321 3123 1384 propterea
3155 1313 3294 1368 idem
3328 1329 3462 1368 linus
3491 1323 3594 1377 est,

2008 1411 2097 1479 qui
2128 1409 2338 1464 initium
2386 1423 2495 1462 non
2540 1408 2706 1462 habet
2748 1415 2983 1461 aeternus
3009 1405 3148 1460 Deus
3195 1414 3480 1473 generatus
3527 1420 3598 1460 ex

2008 1501 2188 1565 Patre,
2222 1507 2276 1555 et
2304 1499 2396 1569 qui
2440 1498 2651 1552 initium
2694 1497 2856 1551 habet
2897 1496 3268 1565 temporaliter
3303 1495 3596 1550 secundum

2010 1609 2251 1656 carnem,
2303 1592 2444 1646 idem
2457 1591 2616 1657 .Deus
2644 1591 2808 1645 homo
2834 1596 3049 1644 creatus
3085 1603 3155 1642 ex
3182 1588 3409 1656 virgine,
3459 1602 3596 1640 unus

2012 1683 2330 1752 Uuigenitus
2357 1681 2452 1737 Dei
2482 1681 2648 1736 Filius
2668 1696 2735 1735 ex
2763 1681 3068 1734 aeternitate
3097 1679 3410 1741 divinitatis,
3442 1686 3496 1731 et
3524 1693 3595 1732 ex

2010 1776 2162 1830 initio
2189 1775 2384 1829 carnis.
2427 1773 2508 1826 Ex
2534 1773 2836 1827 mternitate
2863 1772 3070 1826 scilicet
3089 1770 3404 1834 divinitatis,
3437 1761 3594 1824 crea-

311 1875 496 1914 δευυω
525 1860 709 1913 tulisse
759 1866 1024 1910 narratur-
1057 1855 1221 1910 JaCOb
1268 1871 1484 1926 quoque
1531 1857 1585 1909 in
1609 1855 1902 1927 ίΕεγριυηι
1934 1871 1981 1930 Β
2009 1874 2094 1920 tor
2118 1865 2404 1921 visibilium
2451 1863 2901 1932 iuvisibiliumque
2948 1878 3126 1917 rerum
3153 1878 3166 1924 ;
3218 1876 3286 1915 ex
3316 1861 3471 1915 initio
3499 1877 3592 1914 au-

312 1947 694 2011 descendente,
725 1947 1063 2015 septuaginta
1089 1946 1328 2014 quinque
1355 1946 1562 1999 animas
1590 1945 1642 1998 in
1665 1947 1784 2013 ejus
1808 1961 1908 1998 co-

315 2037 508 2090 mitatu
531 2036 696 2090 fuisse
720 2035 994 2104 Scriptura
1025 2044 1211 2090 sancta
1255 2045 1650 2090 commemorat
1690 2034 1904 2106 (Cenes.

315 2141 460 2189 xcvi,
492 2126 605 2195 27).
637 2127 835 2196 Beatus
854 2128 1016 2181 etiam
1040 2125 1230 2180 Petrus
1257 2128 1536 2196 ap0stolus
1556 2135 1682 2182 octo
1704 2129 1910 2184 animas

314 2217 447 2272 dicit
499 2217 683 2271 diluvii
715 2226 958 2287 tempore
1013 2233 1110 2287 per
1139 2233 1334 2286 aquam
1375 2217 1539 2272 fuisse
1587 2219 1908 2289 salvatas_(l

315 2306 458 2361 Petr.
494 2323 569 2369 ιιι,
599 2307 712 2375 20).
744 2307 800 2361 ln
830 2307 1056 2362 Actibus
1094 2322 1308 2376 quoque
1337 2307 1738 2376 apostolorum,
1785 2323 1908 2362 cum

313 2397 543 2452 fuissent
585 2396 750 2452 Judrei
794 2399 1074 2467 repentina
1103 2397 1457 2465 mirandaque
1484 2397 1725 2466 ejusdem
1765 2397 1909 2453 beati

315 2487 460 2541 Petri
490 2488 872 2556 prmdicatione
900 2487 1232 2556 compuncti,
1257 2495 1312 2540 et
1346 2479 1644 2541 mutatione
1670 2488 1908 2541 dextere

316 2579 529 2635 Excelsi
558 2579 624 2633 ad
651 2579 809 2634 [idem
857 2595 923 2634 ex
971 2579 1285 2633 infidelitate
1334 2579 1616 2644 conversi,
1649 2579 1907 2648 scriptum

313 2680 398 2727 est
429 2687 445 2725 :
475 2670 599 2738 quia
628 2671 902 2740 applicata:
929 2679 1048 2723 sunt
1070 2670 1122 2722 in
1145 2669 1239 2722 illa
1268 2669 1350 2722 die
1372 2671 1559 2723 anima:
1578 2670 1781 2722 circiter
1807 2670 1910 2721 tria

314 2764 484 2818 millia
513 2763 649 2831 (Act.
681 2778 741 2828 ιι,
771 2760 895 2824 41).
931 2759 1024 2814 His
1053 2761 1235 2827 itaque
1288 2760 1610 2814 testimoniis
1657 2760 1907 2828 agnosci-

315 2871 437 2909 mus
475 2862 531 2908 et
557 2853 736 2909 carnis
768 2853 935 2907 solius
989 2860 1045 2906 et
1081 2852 1273 2904 animle
1320 2851 1539 2908 nomine
1591 2849 1908 2919 plerumque

315 2953 523 3000 naturae
579 2947 829 2998 humana:
868 2942 1260 3012 plenitudinem
1309 2943 1626 3011 nuncupari.
1670 2942 1908 2998 Verbum

315 3052 444 3107 ergo
472 3053 601 3092 caro
635 3036 833 3092 factum
883 3052 1022 3091 unus
1051 3045 1107 3089 et
1135 3035 1326 3104 plenus
1351 3044 1436 3089 est
1462 3035 1737 3098 Christus;
1771 3053 1908 3092 unus

317 3145 386 3182 ex
409 3136 634 3197 utraque
663 3135 826 3196 atque
855 3127 910 3180 in
948 3134 1194 3194 utraque,
1221 3126 1274 3180 id
1299 3134 1382 3179 est
1404 3126 1456 3180 in
1501 3126 1734 3180 humana
1764 3125 1909 3180 divi-

2013 1965 2120 2011 tem
2147 1958 2346 2022 carnis,
2374 1957 2579 2010 salvum
2612 1955 2813 2010 faciens
2836 1955 3092 2025 populum
3121 1969 3274 2008 suum
3301 1969 3332 2007 a
3362 1952 3599 2023 peccatis

2011 2060 2220 2100 eorum.
2253 2045 2330 2098 Ex
2359 2046 2662 2100 mternitate
2687 2044 2978 2098 divinitatis
3008 2044 3148 2098 idem
3176 2050 3478 2098 coaeternus
3505 2041 3606 2096 Pa-'

2011 2138 2100 2202 tri,
2125 2137 2192 2191 de
2222 2152 2331 2205 quo
2361 2144 2521 2191 natus
2547 2144 2630 2191 est
2657 2150 2873 2205 semper
2898 2135 3054 2189 vivus
3081 2151 3096 2200 ;
3127 2149 3194 2187 ex
3236 2134 3388 2187 initio
3418 2142 3597 2188 autem

2011 2229 2191 2283 carnis
2219 2228 2359 2283 idem
2400 2228 2668 2298 posterior
2711 2235 2907 2290 matre,
2955 2227 3023 2281 de
3068 2241 3174 2293 qua
3224 2225 3598 2294 temporaliter

2012 2329 2167 2375 natus
2196 2330 2278 2376 est
2308 2323 2360 2375 in
2385 2331 2627 2390 tempore
2655 2321 2966 2374 moriturus.
2993 2319 3154 2388 293
3176 2316 3434 2374 Testatur
3454 2317 3600 2370 enim

2012 2413 2301 2482 Apostolus
2353 2409 2487 2475 Quia
2518 2411 2750 2464 Christus
2778 2409 3058 2463 secundum
3085 2416 3282 2476 tempus
3303 2423 3398 2476 pro
3426 2407 3598 2475 impiis

2011 2513 2244 2557 mortuus
2273 2512 2349 2556 est
2383 2502 2559 2571 (Rom.
2597 2518 2650 2564 v,
2683 2500 2762 2568 6).

2083 2595 2148 2647 18
2181 2595 2277 2647 bis.
2317 2594 2483 2661 igitur
2509 2610 2616 2648 non
2648 2592 2902 2658 Trinitas,
2927 2591 3103 2653 idest,
3129 2606 3237 2645 non
3261 2589 3418 2643 simul
3441 2587 3599 2640 Pater

2011 2693 2066 2740 et
2095 2684 2259 2738 Filius
2288 2692 2343 2737 ct
2363 2684 2595 2752 Spiritus
2622 2691 2860 2744 sanctus,
2890 2696 2990 2735 nec
3017 2681 3166 2735 solus
3185 2680 3363 2743 Pater,
3393 2686 3487 2732 aut
3505 2693 3599 2732 so-

2011 2777 2094 2830 lus
2118 2775 2349 2845 Spiritus
2377 2782 2632 2835 sanctus;
2668 2757 2740 2826 id
2769 2779 2872 2836 est,
2907 2787 3015 2825 non
3047 2758 3134 2824 ille
3162 2772 3253 2840 qui
3283 2769 3477 2822 Filium
3506 2781 3600 2834 ge-

2011 2867 2148 2930 nuit,
2182 2880 2280 2919 nec
2310 2865 2399 2918 ille
2427 2863 2518 2932 qui
2547 2864 2614 2917 de
2644 2863 2803 2916 Patre
2824 2861 3088 2931 procedit,
3122 2862 3217 2915 sed
3236 2860 3382 2914 solus
3409 2858 3596 2920 Filius,

2011 2958 2064 3012 id
2092 2965 2174 3010 est
2203 2957 2289 3009 ille
2316 2969 2478 3023 quem
2509 2954 2561 3006 in
2605 2953 2810 3006 unitate
2837 2959 3045 3004 natura:
3076 2949 3236 3003 Pater
3265 2957 3598 3003 comternum

2011 3050 2110 3104 sibi
2142 3049 2333 3102 Filium
2363 3054 2420 3100 et
2446 3045 2772 3114 cumqualem
2803 3043 3008 3111 genuit,
3042 3043 3094 3095 id
3122 3049 3205 3095 est
3236 3057 3341 3094 una
3370 3055 3438 3094 ex
3469 3039 3593 3092 Tri-

2012 3141 2180 3194 nitate
2208 3153 2437 3208 persona
2465 3136 2709 3190 Christus
2732 3135 2826 3189 Dei
2848 3134 3014 3188 Filius
3042 3133 3250 3190 unicus.
3285 3139 3342 3185 ut
3368 3146 3469 3185 nos
3497 3131 3599 3185 sal-

318 3236 494 3290 ηπίιυθ
520 3230 733 3288 natura.
765 3221 819 3275 ίη
863 3236 974 3290 (1υο
1021 3221 1099 3274 Sic
1128 3219 1408 3287 υιτίυείιιιθ
1451 3227 1655 3273 "amr-'1‘
1683 3235 1906 3289 PYOI‘SUS
1933 3237 1976 3296 (ζ
2010 3245 2106 3283 vos
2134 3229 2354 3293 faceret,
2381 3242 2543 3281 carne
2573 3233 2871 3294 conceptus
2909 3231 2964 3276 et
3001 3231 3160 3276 natus
3204 3229 3287 3280 est
3315 3221 3381 3275 de
3408 3229 3600 3276 ventre

318 3313 492 3366 unitio
511 3312 744 3381 gloriosa
774 3311 1033 3380 persistit,
1065 3318 1125 3364 ut
1152 3311 1267 3364 sive
1293 3309 1561 3364 divinitati
1583 3308 1782 3364 Christi
1807 3311 1911 3364 hu-

319 3405 630 3458 manitatem
682 3404 803 3472 quis
837 3404 1036 3465 demat,
1069 3403 1183 3456 sive
1214 3403 1534 3456 humanitati
1575 3402 1910 3456 divinitatem

315 3492 585 3561 detrahat,
602 3492 870 3548 Christum
893 3495 1152 3562 sacrilega
1176 3493 1493 3548 inﬁdelitate
1513 3501 1571 3548 et
1596 3494 1910 3563 blasphema

318 3584 699 3654 prmdicatione
764 3585 1045 3639 dissolvat.
1085 3583 1320 3638 Joannes
1359 3593 1540 3638 autem
1609 3585 1906 3652 apostolus,

318 3674 510 3744 plenus
538 3675 783 3737 veritate,
842 3682 1070 3728 testatur
1097 3676 1216 3744 quia
1245 3675 1408 3727 omnis
1446 3675 1656 3743 spiritus
1687 3677 1770 3744 qui
1800 3675 1909 3728 sol-

321 3765 389 3816 uit
433 3761 612 3817 Iesum
640 3779 705 3816 ea:
750 3762 860 3816 Deo
912 3780 1013 3816 non
1042 3772 1137 3830 est,
1161 3773 1211 3816 et
1242 3764 1321 3816 hic
1360 3773 1435 3816 est
1463 3764 1807 3818 Antichrislus
1834 3766 1851 3837 (
1880 3761 1906 3817 Ι

318 3857 479 3911 Joan.
512 3872 583 3921 IV,
617 3857 650 3910 5
670 3866 708 3925 ).
1630 3926 1634 3930 ν

389 3949 519 4004 CAP.
552 3965 606 4002 ιι.
655 3947 875 4002 Verbum
901 3991 913 4014 ,
938 3950 1240 4018 priusquam
1287 3963 1406 4001 caro
1450 3948 1618 4016 ﬁeret,
1665 3963 1768 4000 non
1797 3957 1911 4001 erat

323 4042 577 4098 Christus.
618 4073 691 4084 —-
739 4041 825 4094 l8.
859 4040 993 4094 Illud
1040 4054 1169 4094 vero
1199 4039 1320 4108 quis
1369 4039 1523 4094 facile
1569 4039 1910 4094 Christianus

323 4143 416 4188 aut
444 4135 655 4202 ignoret
684 4143 776 4187 aut
806 4133 1012 4186 dubitet
1037 4172 1052 4198 ,
1103 4131 1248 4201 quod
1281 4119 1517 4187 Verbum
1548 4133 1690 4187 Deus
1737 4135 1911 4202 prius-

324 4241 484 4295 quam
537 4241 664 4281 caro
723 4225 876 4279 fieret
935 4239 1041 4302 non
1089 4222 1187 4278 fuit
1233 4224 1508 4288 Christus,
1556 4223 1653 4278 sed
1703 4233 1910 4278 tantum

326 4318 510 4376 Deus?
539 4318 690 4372 Tunc
718 4325 898 4371 autem
923 4314 1065 4370 idem
1097 4316 1237 4372 Deus
1250 4317 1504 4381 Verbum,
1522 4316 1666 4386 quod
1696 4333 1912 4386 semper

323 4411 379 4464 in
408 4408 578 4463 forma
605 4409 697 4463 Dei
728 4416 883 4475 erat,
926 4406 1171 4464 Christus
1200 4423 1319 4462 esse
1366 4409 1550 4477 cmpit,
1601 4423 1722 4461 cum
1771 4409 1910 4463 Deus

321 4498 676 4568 semetipsum
704 4498 1018 4552 cxinaniens
1044 4497 1270 4552 formam
1315 4500 1456 4553 servi
1487 4500 1692 4568 absque
1745 4500 1908 4554 dirui-

327 4591 547 4644 nutione
595 4589 942 4659 plenitudinis
995 4589 1260 4644 naturalis
1301 4591 1530 4655 accepit.
1593 4592 1734 4647 Deus
1776 4608 1907 4661 ergo
1941 4618 1988 4676 ι)

325 4685 494 4738 factus
519 4691 600 4737 est
625 4681 894 4748 Christus,
924 4688 984 4734 ut
1010 4678 1256 4736 Christus
1281 4691 1426 4738 esset
1446 4684 1588 4738 Deus
1637 4685 1910 4755 homoque

323 4772 595 4844 perfectus
621 4791 634 4826 :
666 4773 790 4842 quia
825 4772 1056 4827 Verbum
1085 4772 1364 4840 dignatum
1393 4783 1477 4828 est
1503 4791 1631 4829 caro
1662 4775 1797 4838 ﬁeri,
1850 4791 1910 4830 ut

325 4878 456 4920 earo
485 4872 670 4934 posset
697 4862 880 4926 Verbi,
922 4862 1027 4916 hoc
1055 4870 1137 4916 εει
1181 4861 1316 4928 Dei,
1346 4865 1566 4918 nomine
1589 4869 1907 4936 nuncupari.

323 4954 512 5026 Neque
535 4954 677 5009 enim
705 4968 832 5007 caro
854 4951 1073 5016 Christi,
1107 4951 1421 5022 priusquam
1466 4968 1500 5005 a
1518 4954 1696 5009 Verbo
1737 4957 1911 5011 susci-

326 5053 546 5115 peretur
574 5043 764 5101 eadem
789 5058 937 5107 caro,
969 5039 1211 5096 Christus
1240 5042 1370 5108 fuit;
1415 5057 1593 5113 neque
1620 5045 1732 5114 ipsa
1760 5062 1908 5110 caro,

327 5138 377 5192 id
408 5146 491 5192 est
520 5139 634 5208 ipse
661 5137 848 5201 homo,
879 5135 930 5188 in
946 5150 1005 5190 se
1023 5133 1250 5188 formam
1277 5133 1374 5190 Dei
1409 5137 1632 5192 viventis
1657 5139 1865 5208 accepit
1889 5157 1903 5205 ;

326 5229 425 5283 sed
456 5229 615 5294 Drus,
646 5230 734 5298 qui
767 5229 819 5283 in
846 5223 1012 5283 forma
1044 5225 1140 5281 Dei
1165 5235 1303 5292 erat,
1324 5227 1550 5282 formam
1579 5229 1717 5282 servi
1750 5244 1906 5283 acce-

331 5321 430 5390 pit,
461 5330 515 5375 et
563 5320 702 5374 Deus
749 5322 970 5388 mqualis
1001 5318 1167 5379 Patri,
1218 5321 1273 5372 in
1306 5320 1695 5374 similitudinem
1739 5323 1909 5375 homi-

319 5427 441 5465 num
471 5413 659 5482 factus,
709 5411 885 5463 habitu
910 5421 988 5466 est
1015 5413 1253 5466 iuventus
1283 5421 1337 5462 ut
1367 5411 1518 5464 homo
1569 5409 1790 5481 (Philip.
1844 5427 1901 5478 ιι,

319 5505 370 5568 ti,
403 5503 482 5572 7),
515 5511 571 5558 et
597 5504 688 5572 qui
724 5503 873 5556 dives
902 5511 1056 5566 erat,
1101 5513 1329 5574 propter
1355 5517 1454 5555 nos
1483 5517 1688 5571 pauper
1733 5501 1906 5557 factus

315 5607 418 5654 est,
439 5602 496 5648 ut
523 5594 663 5648 illius
678 5602 996 5663 paupertate
1012 5609 1110 5647 nos
1139 5592 1466 5665 ditaremur(
1474 5592 1538 5646 ΙΙ
1553 5591 1672 5646 Cor.
1693 5609 1798 5657 vni,
1826 5593 1902 5664 9).

393 5736 410 5761 ί
452 5724 635 5790 Basil.,
658 5741 783 5794 quos
799 5725 1017 5786 amavit;
1048 5723 1246 5794 cmteri,
1278 5726 1471 5783 habuit.

331 5868 363 5922 Ι
393 5795 516 5915 “lita
549 5811 648 5849 ms.
671 5791 690 5860 ’;
743 5802 797 5870 at
825 5793 948 5848 edd.
983 5803 1180 5863 praue:
1209 5793 1366 5852 Basil.
1391 5841 1404 5868 ,
1452 5803 1505 5855 in
1541 5800 1710 5868 ipsum
1749 5791 1908 5847 Deum

333 5878 339 5888 '
368 5883 422 5918 er
460 5881 566 5918 ιωιι.
747 5881 750 5886 ·

2010 3320 2244 3388 Virginis
2286 3318 2492 3382 matris,
2538 3317 2626 3385 qui
2676 3331 2834 3370 verus
2875 3323 2931 3368 et
2969 3329 3210 3368 summus
3239 3313 3380 3366 Deus
3409 3320 3589 3367 estex

2010 3420 2164 3466 utero
2195 3410 2287 3464 Dei
2319 3409 2510 3463 Patris.
2546 3407 2662 3462 Non
2685 3406 2938 3470 Trinitas,
2971 3404 3064 3460 sed
3090 3403 3404 3474 Unigeuitus
3427 3418 3457 3456 a
3492 3401 3596 3456 Pa-

2012 3509 2092 3557 tre
2118 3500 2490 3557 Christus-Dei
2513 3499 2697 3565 Filius,
2727 3513 2889 3552 carne
2919 3496 3176 3566 parvulus
3204 3494 3322 3558 fuit,
3353 3501 3407 3547 et
3434 3508 3599 3548 carne

2009 3593 2197 3648 crevit.
2241 3593 2411 3657 Quem
2439 3589 2708 3669 perfectus
2735 3595 2898 3656 atque
2928 3587 2999 3639 im
3014 3600 3231 3640 mensus
3249 3594 3270 3622 ε
3291 3585 3468 3648 Pater,
3502 3598 3600 3652 per

2011 3686 2271 3740 unitatem
2302 3681 2618 3745 divinitatis,
2650 3681 2913 3750 aequalem
2950 3694 3060 3733 sua:
3089 3677 3406 3748 perfectioni
3436 3685 3601 3746 atque

2012 3774 2358 3829 immensitati
2388 3773 2685 3840 cognoscit.
2727 3771 2846 3825 Non
2877 3770 3132 3836 Trinitas,
3160 3769 3253 3823 sed
3277 3771 3379 3835 via,
3410 3771 3601 3822 veritas

2010 3876 2060 3920 et
2089 3867 2192 3919 vita
2225 3864 2405 3934 (Joun.
2433 3879 2545 3929 xw,
2576 3863 2669 3928 6),
2711 3860 2955 3916 Christus
2989 3861 3084 3914 Dei
3115 3860 3280 3914 Filius
3307 3875 3406 3930 per
3429 3860 3602 3915 curri.

2011 3958 2129 4012 cula
2161 3966 2482 4025 temporum,
2512 3957 2580 4010 ab
2616 3955 2843 4008 infantia
2885 3969 3055 4022 usque
3094 3953 3160 4007 ad
3189 3952 3482 4022 perfectam
3506 3951 3598 4021 ju-

2011 4054 2328 4110 ventutem,
2403 4047 2664 4100 humanas
2724 4053 2910 4098 mtates
2956 4058 3119 4098 carne
3175 4042 3600 4099 misericorditer

2012 4136 2348 4202 transcurrit,
2378 4136 2468 4206 qui
2497 4149 2819 4204 permanens
2847 4135 2898 4187 in
2930 4133 3133 4186 unitate
3163 4140 3402 4202 paternm
3431 4142 3595 4187 natu-

2013 4240 2085 4279 rm
2110 4225 2487 4293 sempiternus,
2532 4223 2726 4279 saecula
2757 4223 3073 4276 mirabiliter
3100 4220 3246 4284 fecit,
3300 4231 3354 4276 et
3389 4221 3602 4276 incom-

2013 4316 2284 4370 mutabilis
2353 4322 2657 4384 temporum
2720 4313 3105 4367 mutabilitates
3168 4313 3419 4366 instituit.
3482 4312 3600 4366 Non

2015 4405 2271 4472 Trinitas,
2303 4406 2398 4461 sed
2425 4405 2684 4474 splendor
2711 4414 2952 4474 paternae
2981 4403 3164 4469 gloriae
3192 4401 3467 4467 Christus,
3501 4419 3601 4471 pro

2013 4499 2170 4554 nobis
2198 4507 2283 4553 est
2309 4513 2469 4553 carne
2499 4512 2705 4566 passus,
2733 4496 2824 4565 qui
2851 4495 2918 4550 de
2947 4495 3107 4549 Patre
3136 4495 3249 4550 Deo
3278 4494 3424 4548 solus
3445 4503 3602 4548 natus

2014 4599 2096 4646 est
2125 4590 2466 4660 impassibilis
2498 4589 2659 4643 Deus.
2701 4587 2879 4658 Ipsum
2912 4588 3129 4656 utique,
3172 4587 3318 4655 quod
3347 4586 3602 4641 dubitan-

2012 4682 2142 4736 dum
2167 4697 2274 4736 non
2303 4689 2408 4747 est,
2459 4679 2730 4734 Christum
2761 4678 2954 4733 Filium
2984 4677 3080 4732 Dei
3110 4693 3210 4747 pro
3257 4677 3415 4732 nobis
3450 4693 3601 4731 mor-

2015 4782 2125 4830 tem
2154 4789 2316 4829 carne
2343 4781 2616 4841 gustasse,
2660 4772 2808 4825 salva
2863 4771 3265 4826 immortalitate
3311 4769 3602 4825 divinitatis

2013 4865 2152 4935 ejus,
2177 4865 2442 4919 veraciter
2469 4863 2755 4928 credimus,
2787 4878 2946 4931 quem
2976 4877 3158 4917 verum
3187 4861 3282 4916 Dei
3308 4859 3482 4916 Patris
3508 4860 3600 4913 Fi-

2015 4957 2168 5024 lium,
2192 4970 2486 5025 verumque
2511 4954 2704 5020 Deum,
2757 4964 2813 5009 et
2856 4956 3020 5010 vitam
3048 4963 3306 5010 aeternam
3336 4953 3599 5024 praedica-

2017 5048 2164 5103 tione
2209 5045 2442 5101 veridica
2490 5047 2662 5101 sancti
2711 5046 2941 5116 apostoli
2987 5043 3206 5099 Joannis
3252 5042 3498 5097 audimus
3546 5041 3600 5109 (1

2010 5135 2168 5192 Joan.
2197 5153 2252 5199 v,
2284 5134 2396 5203 20),
2439 5135 2555 5191 Non
2585 5135 2838 5202 Trinitas,
2867 5135 2961 5190 sed
2991 5135 3220 5190 Verbum
3245 5149 3372 5187 caro
3403 5132 3600 5189 factum

2011 5229 2255 5284 Christus
2283 5227 2378 5282 Dei
2409 5227 2596 5294 Filius,
2648 5228 2838 5284 eadem
2887 5243 3052 5282 carne
3099 5242 3203 5295 qua
3253 5224 3492 5293 cruciligi
3545 5236 3601 5283 ct

2014 5320 2152 5374 mori
2179 5319 2428 5387 dignatus
2457 5329 2558 5385 est,
2589 5319 2906 5384 resurrexit,
2953 5317 3045 5384 qui
3074 5317 3140 5370 de
3169 5316 3419 5384 sepulcro
3449 5333 3601 5371 eam-

2010 5411 2134 5465 dem
2164 5426 2382 5466 carnem
2413 5426 2584 5475 suam,
2633 5411 2743 5464 vita
2774 5422 3114 5479 permanens,
3141 5407 3438 5461 suscitavit.
3482 5407 3599 5464 Non

2013 5501 2281 5568 Trinitas,
2331 5503 2426 5558 sed
2457 5505 2481 5540 ά
2511 5503 2755 5557 Christus
2781 5501 2873 5569 qui
2918 5509 3001 5553 est
3028 5515 3192 5569 super
3219 5501 3401 5554 omnia
3436 5501 3596 5562 Deus,

2012 5594 2316 5650 videntibus
2346 5610 2468 5649 eum
2496 5594 2792 5663 discipulis,
2825 5607 2988 5646 carne
3015 5592 3066 5646 in
3097 5592 3316 5660 caelum,
3349 5607 3512 5648 carne
3535 5593 3598 5649 de

2092 5735 2113 5760 ο·
2149 5722 2302 5788 Edd,
2329 5725 2614 5777 uniuersus.

2088 5793 2112 5829 ἀ
2146 5791 2269 5847 Haec
2307 5795 2470 5848 verba
2503 5792 2622 5847 Non
2648 5794 2900 5863 Trinitas,
2947 5797 3038 5853 sed
3065 5797 3290 5852 aberant
3322 5794 3389 5850 ah
3419 5794 3576 5848 editis

2021 5863 2338 5933 legebantur
2363 5873 2542 5920 autem
2567 5866 2618 5920 in
2646 5882 2743 5920 lllS.
