4108 6472
583 374 688 430 ωδ

581 583 806 634 interra
838 594 1054 634 carnem
1104 578 1333 649 accepit.
1384 586 1440 633 et
1485 592 1648 634 carne
1692 574 2062 632 conscendens
2107 575 2162 629 in

580 670 774 731 emtum
803 682 932 724 suos
959 670 1013 723 in
1040 676 1182 723 terra
1211 668 1489 723 divinitate
1520 684 1625 722 non
1653 666 1891 721 deseruit
1945 667 2038 735 (at.
2070 665 2166 719 de-

578 762 755 827 serit].
774 758 910 815 Hoc
936 760 1079 816 enim
1103 759 1368 830 promisit,
1395 759 1608 814 dicens:
1637 756 1772 811 Ecce
1791 773 1885 828 ego
1906 755 2165 812 vobiscum

580 869 694 907 sum
718 851 956 906 omnibus
983 851 1160 906 diebus
1182 866 1339 923 usque
1367 850 1437 903 ad
1463 850 1953 904 consummationem
1989 847 2164 901 sccculi

581 942 799 1012 (Matth.
826 960 1011 1004 x-xvut,
1036 942 1152 1012 20).
1204 943 1346 998 Deus
1372 955 1502 1010 ergo
1532 942 1623 997 ille
1654 942 1814 1012 quiin
1843 940 2014 995 forma
2042 938 2160 1004 Dei,

580 1035 874 1089 secundum
928 1034 1071 1088 beati
1101 1033 1386 1088 Hieremiae
1407 1033 1757 1101 vaticiniumf,
1800 1030 2026 1100 Magnus
2064 1038 2162 1094 est,

578 1132 629 1176 et
655 1140 759 1177 non
795 1122 944 1176 habet
972 1124 1161 1193 ﬁnem,
1210 1124 1445 1177 excelsus
1483 1132 1533 1175 et
1575 1124 1894 1184 immensus;
1944 1120 2013 1174 de
2053 1134 2163 1188 quo

518 1208 529 1215 ’
582 1216 745 1270 etiam
778 1216 940 1285 paulo
970 1224 1090 1284 post
1119 1215 1260 1269 idem
1292 1216 1558 1286 pr0pheta
1585 1216 1746 1270 dicit:
1783 1214 1884 1268 Itic
1918 1223 1995 1267 est
2028 1213 2164 1267 Deus

581 1318 773 1371 noster,
804 1318 854 1360 et
885 1323 988 1361 non
1017 1305 1356 1361 ccstimabitur
1385 1309 1519 1362 alius
1552 1308 1621 1361 ad
1645 1324 1760 1361 eum
1783 1324 1801 1359 :
1830 1306 2096 1360 adinvenit
2137 1314 2164 1342 '|

581 1418 783 1456 omnem
811 1403 944 1455 uiam
963 1400 1277 1470 disciplinae,
1300 1408 1348 1454 et
1388 1400 1531 1453 dedit
1549 1416 1662 1454 eam
1682 1398 1845 1453 Iacob
1866 1416 2024 1470 puero
2049 1414 2160 1462 suo,

579 1503 629 1546 et
658 1491 826 1546 Israel
854 1491 1040 1545 dilecto
1078 1506 1169 1544 suo
1204 1489 1457 1557 (Baruch,
1483 1507 1560 1556 Ill,
1595 1490 1684 1554 36,
1730 1490 1820 1559 37)
1850 1506 1863 1541 :
1917 1489 2055 1558 ipse,
2085 1504 2167 1545 se-

579 1584 810 1637 cundum
842 1584 1067 1636 lormam
1095 1582 1256 1646 servi,
1309 1582 1361 1635 in
1389 1597 1493 1652 qua
1532 1582 1832 1635 minoratus
1877 1589 1960 1635 est
2003 1580 2164 1650 paulo

579 1675 755 1728 minus
800 1674 867 1727 ab
916 1668 1149 1742 angelis,
1185 1672 1452 1726 Posthac
1477 1713 1491 1734 ,
1544 1673 1681 1725 sicut
1730 1672 1873 1725 idem
1900 1672 2162 1739 propheta

578 1765 725 1828 dicit,
740 1766 806 1818 'in
841 1766 989 1817 terris
1018 1764 1154 1819 risus
1183 1773 1280 1827 est,
1309 1775 1492 1818 et-cum
1517 1762 1806 1818 hominibus
1836 1773 2163 1825 conversatus

1593 374 1650 430 S.
1691 374 2051 430 FULGENTII
2092 365 2394 431 EPISCOPI
2435 374 2805 433 RUSPENSIS

580 487 722 543 caelo
743 492 1020 553 venturus,
1037 485 1308 540 ascendit:
1334 486 1425 555 qui
1447 501 1548 541 nec
1571 486 1809 541 deseruit
1827 484 2021 541 caelum
2040 500 2163 540 cum
2193 493 2240 549 Α
2267 488 2606 555 passionibus
2634 497 2795 558 atque
2822 491 3105 546 virtutibus
3125 506 3228 547 nec
3250 493 3555 549 confundit
3576 494 3710 552 ﬁdes
3732 515 3843 555 vera

3772 390 3863 443 ιω

2267 592 2367 630 nec
2396 578 2604 644 dividit,
2632 582 2756 646 quia
2808 583 3108 650 personalis
3137 585 3313 639 unitas
3344 586 3404 638 in
3439 600 3516 639 eo
3559 544 3863 645 divisioneui

2268 686 2374 723 non
2406 672 2613 739 recipit,
2661 681 2715 725 et
2755 674 3034 743 utriusque
3081 684 3287 730 natura:
3327 678 3551 730 veritas
3600 677 3863 737 ineonfusa

2268 761 2524 828 persistit.
2569 760 2811 817 Traditus
2831 773 2918 818 est.
2937 768 3079 819 enim
3106 767 3244 822 Deus
3263 766 3535 823 Christus
3552 779 3765 839 propter
3787 776 3864 826 de-

2266 852 2388 905 licta
2415 864 2613 919 nostra,
2643 856 2770 924 quia
2791 872 2951 911 verus
2981 858 3145 913 homo
3173 846 3293 923 est;
3323 869 3388 914 et
3420 863 3717 915 resurrexit
3739 863 3862 918 idem

2266 945 2429 1000 homo
2455 945 2701 1001 Christus
2726 961 2937 1020 propter
2947 952 3382 1021 justiﬁcationem
3419 963 3668 1007 nostram
3700 953 3860 1025 (Bent.

2265 1051 2341 1100 tv,
2375 1034 2489 1106 25),
2522 1036 2646 1105 quia
2677 1037 2819 1093 Deus
2844 1054 3004 1095 verus
3034 1050 3136 1095 est.
3178 1036 3289 1096 Nisi
3328 1043 3490 1095 enim
3529 1042 3679 1097 idem
3721 1060 3861 1100 verus

2265 1123 2407 1181 Deus
2435 1126 2462 1163 ἰ
2503 1126 2667 1182 homo
2688 1141 2847 1184 verus
2863 1141 3027 1197 esset,
3051 1131 3185 1184 tradi
3214 1132 3473 1200 morique
3519 1148 3634 1186 non
3661 1142 3859 1202 posset;

2266 1226 2322 1271 et
2350 1217 2492 1273 idem
2520 1234 2680 1275 verus
2706 1220 2888 1285 homo,
2920 1220 2963 1275 si
2996 1237 3153 1275 verus
3181 1220 3324 1276 Deus
3352 1238 3472 1276 non
3497 1233 3670 1285 esset,
3700 1240 3860 1280 resus-

2266 1311 2436 1365 citare
2462 1297 2809 1381 semetipsum
2831 1313 3024 1367 solutis
3056 1312 3246 1366 inferni
3275 1312 3576 1367 doloribus
3604 1315 3857 1382 nequivis-

2267 1407 2369 1453 set.
2411 1398 2516 1455 Sed
2545 1401 2671 1470 quia
2702 1415 2810 1455 non
2839 1409 2923 1455 est
2949 1402 3088 1455 alter
3135 1402 3294 1465 Deus,
3340 1402 3492 1456 alter
3543 1402 3733 1469 homo,
3778 1406 3857 1459 sed

2267 1489 2407 1545 idem
2439 1506 2575 1545 unus
2605 1501 2689 1546 est
2712 1489 2956 1547 Christus
2984 1484 3126 1547 Deiis
3153 1501 3207 1546 et
3235 1493 3427 1560 homo,
3459 1494 3713 1562 proiecto
3733 1496 3855 1550 idem

2266 1578 2408 1635 Deus
2434 1578 2682 1636 Christus
2708 1590 2791 1636 est
2817 1581 2909 1650 qui
2936 1589 3165 1636 mortem
3199 1597 3292 1635 sua
3316 1596 3494 1636 carne
3523 1584 3780 1651 suscepit,
3806 1592 3855 1638 et

2268 1670 2406 1727 idem
2435 1672 2601 1727 homo
2629 1671 2875 1743 Christus
2914 1680 2999 1727 est
3033 1673 3124 1741 qui
3155 1680 3387 1727 mortem
3442 1688 3548 1727 sua
3595 1673 3853 1729 divinitate

2266 1763 2550 1818 destruxit.
2593 1762 2739 1819 Idem
2771 1765 2970 1835 quippe
2995 1762 3241 1819 Christus
3262 1764 3357 1819 Dei
3389 1764 3593 1829 Filius,
3622 1766 3715 1833 qui
3736 1765 3853 1818 divi-
3894 1802 3904 1812 .

577 1865 655 1910 est
683 1854 872 1925 (Ibid,
906 1856 1016 1923 ΞΝ).
1062 1855 1238 1925 Ipsum
1266 1856 1536 1909 hominem
1560 1855 1842 1910 mortalem
1863 1860 2024 1921 atque
2041 1869 2163 1906 mu-
2197 1863 2241 1920 Β
2269 1854 2439 1909 nitate
2466 1854 2604 1909 mori
2634 1869 2740 1908 non
2786 1856 2992 1923 potuit,
3037 1869 3201 1910 carne
3248 1862 3505 1909 mortuus
3541 1861 3627 1909 est
3649 1895 3664 1920 ,
3710 1868 3850 1922 quam

579 1946 798 2001 tabllent
830 1945 1072 1999 iulideles
1113 1946 1393 2010 viderunt,
1442 1960 1603 2013 quem
1634 1944 1801 1999 Deum
1850 1944 2166 1998 naturaliter

577 2036 936 2090 immortalem
968 2044 1129 2103 atque
1157 2036 1648 2090 incommutabilem
1690 2028 1765 2088 illi
1813 2033 2015 2089 mundo
2044 2049 2166 2090 cor-

578 2132 645 2184 de
675 2132 839 2186 visuri
869 2139 1013 2194 sunt,
1065 2131 1158 2198 qui
1189 2145 1331 2182 nunc
1372 2129 1427 2182 in
1468 2142 1590 2183 eum
1624 2128 1890 2181 veraciter
1918 2126 2161 2180 credunt.

580 2220 737 2275 Fides
770 2221 915 2275 enim
938 2235 1074 2273 »νει-ει
1103 2235 1244 2273 nunc
1269 2218 1430 2273 corda
1462 2218 1738 2272 hominum
1765 2216 2006 2279 mundat,
2046 2231 2164 2283 qua:

579 2312 796 2381 capacia
866 2311 1100 2365 videndo
1148 2310 1257 2363 Deo
1304 2309 1473 2377 gloria
1520 2309 1710 2364 futura:
1758 2308 2166 2363 resurrectionis

581 2404 833 2457 exhibeat
865 2403 914 2457 ι’.

654 2499 810 2567 297
836 2496 967 2551 Car.
1007 2514 1075 2551 χι.
1121 2497 1256 2550 Vera
1286 2498 1417 2566 ﬁdes
1454 2512 1612 2550 unum
1650 2495 1977 2563 eamdemque
2015 2492 2165 2547 ειη-ί-

582 2598 738 2651 stum,
777 2605 947 2641 rerum
1001 2586 1161 2640 Deum
1206 2599 1254 2640 et
1297 2605 1471 2641 verum
1517 2587 1777 2641 hominem
1817 2586 2000 2637 credit.
2058 2584 2165 2636 Ilo-

583 2695 741 2732 mana
781 2678 1014 2732 Ecclesia
1060 2680 1237 2732 mundi
1266 2695 1527 2732 cacumen.
1571 2707 1639 2717 —
1689 2674 1764 2729 il).
1805 2674 1933 2741 Qua:
1962 2683 2043 2728 est
2072 2689 2170 2727 au-

587 2784 694 2823 tem
738 2782 867 2822 vera
922 2771 1080 2833 titles,
1133 2772 1235 2838 nisi
1280 2787 1444 2825 unum
1493 2770 1850 2837 eamdemque
1894 2768 2165 2822 Christum

586 2878 767 2916 verum
803 2863 965 2916 Deum
1026 2879 1319 2933 verumque
1346 2864 1617 2918 hominem
1647 2862 1763 2915 sine
1800 2860 1978 2930 aliqua
2014 2860 2169 2914 hzesi-

586 2963 789 3016 tatione
840 2962 1103 3026 credere;
1162 2978 1327 3016 unum
1374 2961 1730 3029 eumdemque
1771 2960 1839 3013 de
1869 2958 2027 3013 Pal-re
2058 2959 2169 3012 Deo

585 3054 876 3109 secundum
905 3056 1255 3119 divinitatem,
1308 3065 1364 3108 et
1393 3054 1458 3108 de
1488 3054 1705 3121 Virgine
1756 3051 1922 3105 Maria
1971 3066 2169 3105 secun-

586 3147 712 3200 dutn
731 3163 968 3210 carnem,
987 3147 1225 3214 genitum
1256 3145 1551 3215 prtedicare
1568 3154 1589 3181 ε
1603 3146 1628 3195 ?
1650 3142 1955 3211 Apostolica
1971 3144 2170 3209 quippe

2271 1940 2553 1999 mortalem
2575 1943 2715 1999 Deus
2746 1945 3064 1999 immortalis
3084 1946 3312 2014 accepit.
3354 1943 3429 1998 Et
3449 1945 3600 2000 idem
3628 1944 3851 2000 Christus

2272 2037 2364 2091 Dei
2387 2036 2554 2091 Filius
2580 2051 2745 2091 carne
2774 2046 3020 2091 mortuus
3050 2038 3381 2103 resurrexit,
3413 2038 3550 2105 quia
3592 2037 3848 2092 immorta-

2267 2127 2473 2182 litatem
2502 2143 2613 2182 sua:
2639 2129 2931 2182 divinitatis
2962 2143 3122 2184 carne
3152 2137 3403 2183 mortuus
3427 2143 3543 2184 non
3565 2130 3758 2183 amisit.

2340 2219 2429 2273 20.
2472 2218 2608 2274 llinc
2628 2228 2711 2275 est
2730 2220 2874 2287 quod
2897 2219 3060 2274 etiam
3084 2229 3207 2289 post
3227 2202 3845 2274 resurrectioncm‘suaat

2268 2314 2407 2367 sicut
2438 2312 2491 2366 in
2518 2312 2855 2365 cicatricibus
2884 2312 3045 2379 veris,
3075 2319 3130 2364 et
3151 2312 3203 2363 in
3232 2326 3359 2365 vera
3385 2310 3729 2366 connestione
3753 2311 3846 2379 pis-

2268 2406 2346 2458 cis
2375 2413 2429 2458 et
2467 2402 2641 2456 mellis
2674 2402 3001 2457 soliditatem
3032 2402 3085 2455 in
3120 2417 3178 2455 se
3211 2417 3352 2455 verte
3378 2402 3571 2455 carnis
3609 2400 3806 2455 edocuit
3828 2440 3842 2465 ,

2270 2499 2341 2551 ita
2369 2496 2568 2550 clausis
2597 2493 2804 2549 foribus
2833 2493 3160 2560 ingrediens,
3206 2508 3392 2546 veram
3431 2494 3489 2547 in
3525 2507 3588 2546 se
3617 2492 3842 2545 virtutem

2269 2587 2615 2663 sempiternae
2643 2585 2937 2639 divinitatis
2972 2585 3244 2638 ostendit:
3300 2591 3361 2637 ut
3393 2590 3842 2653 agnoscereturet

2271 2678 2529 2732 naturalis
2556 2676 2716 2731 fuisse
2744 2673 2940 2729 Christi
2970 2676 3248 2730 morientis
3272 2675 3586 2739 inﬁrmitas,
3612 2682 3669 2729 et
3692 2673 3841 2728 eidem

2272 2770 2572 2838 resurgeuti
2617 2768 2877 2822 naturalis
2923 2767 3098 2822 inesse
3125 2766 3402 2835 majestas.
3447 2767 3582 2821 Inde
3611 2766 3838 2826 Thomas;

2271 2863 2400 2916 dum
2432 2860 2632 2928 injecta
2663 2875 2825 2913 manu
2846 2858 3073 2927 .jubetur
3100 2860 3153 2912 in
3186 2859 3354 2913 latere
3380 2860 3588 2913 mortui
3608 2872 3672 2913 ac
3694 2872 3837 2911 resur-

2272 2952 2447 3019 gentis
2475 2950 2674 3005 Christi
2704 2950 2985 3003 veritatem
3015 2949 3252 3004 vulneris
3278 2950 3548 3019 ex'periri,
3590 2963 3759 3003 veram
3795 2947 3838 3001 ia

2273 3044 2378 3097 illis
2406 3043 2749 3098 cicatricibus
2778 3042 3034 3112 patientis
3060 3052 3124 3095 a’c
3151 3044 3490 3110 resurgentis
3514 3043 3755 3096 virtutem
3771 3038 3835 3093 di-

2274 3134 2511 3189 vinitatis
2539 3146 2857 3200 agnoscens,
2907 3132 2960 3185 in
2989 3146 3097 3200 quo
3125 3133 3289 3202 293
3312 3130 3542 3199 iubetur
3584 3138 3642 3184 ut
3679 3128 3837 3185 clavo-

588 3245 813 3291 testatur
865 3236 1155 3290 auctoritas
1204 3237 1329 3304 quia
1387 3251 1524 3288 unus
1574 3234 1822 3300 idemque
1873 3241 1957 3287 est
2013 3231 2165 3286 Chri-
2195 3228 2241 3290 C
2274 3242 2392 3280 rum
2423 3224 2539 3279 loca
2581 3223 2762 3292 digitis
2793 3229 2995 3290 tangat,
3047 3222 3219 3290 ipsum
3271 3221 3560 3276 Dominum
3603 3235 3665 3274 ac
3690 3219 3831 3273 Deum

585 3335 699 3381 stus
738 3343 801 3379 ex
844 3326 1077 3395 patribus
1111 3325 1391 3378 secundum
1439 3339 1645 3376 carnem
1671 3363 1685 3383 ,
1737 3323 1828 3391 qui
1877 3332 1958 3375 est
2012 3339 2168 3391 super

585 3418 762 3470 omnia
795 3415 932 3468 Deus
963 3415 1257 3469 benedictus
1280 3416 1333 3467 in
1360 3414 1550 3468 smcula
1587 3411 1763 3481 (Rom.
1802 3430 1875 3476 Ix,
1910 3413 1999 3483 5);
2032 3429 2169 3468 unus

588 3506 837 3578 idemque
868 3509 1146 3578 cruciﬁxus
1168 3524 1234 3561 ea:
1259 3508 1578 3577 inﬁrmitate,
1613 3506 1706 3559 sed
1730 3508 1899 3559 uiuens
1918 3523 1985 3560 e.c
2010 3508 2169 3559 virtu-

589 3610 635 3651 te
672 3598 765 3651 Dei
831 3584 892 3651 ΙῙ
918 3596 1037 3651 Cor.
1070 3614 1183 3662 xm,
1219 3596 1320 3666 4);
1372 3613 1506 3651 unus
1536 3596 1783 3663 idemque
1827 3607 1882 3650 et
1918 3597 2020 3665 .(al.
2063 3600 2168 3664 est)

586 3686 788 3741 iaciens
823 3690 873 3741 in
906 3688 1209 3743 hominibus
1241 3687 1499 3750 virtutes,
1548 3695 1601 3740 et
1630 3687 1899 3740 sustineas
1918 3702 2023 3755 pro
2044 3686 2169 3739 ’1ιο-

587 3778 820 3832 minibus
849 3779 1123 3847 passiones
1148 3797 1158 3829 :
1194 3778 1315 3847 quia
1349 3793 1468 3832 cum
1498 3777 1753 3830 miracula
1775 3779 2070 3830 secundum
2091 3776 2170 3829 di-

586 3872 869 3924 vinitatent
903 3868 1104 3923 laceret
1132 3869 1377 3923 Christus
1416 3868 1507 3922 Dei
1535 3867 1719 3931 Fiiius,
1754 3868 1805 3920 in
1840 3867 2172 3921 eodcmDeo

585 3962 683 4014 luit
712 3961 977 4029 passibilis
1006 3960 1312 4014 humanitas
1350 3976 1445 4015 sua
1478 3977 1491 4023 ;
1524 3968 1577 4012 et
1614 3975 1735 4013 ctuu
1774 3966 2049 4028 pateretur
2084 3972 2174 4011 se-

584 4052 817 4120 cundum
843 4079 1059 4116 carnem
1088 4064 1226 4116 idem
1255 4060 1503 4116 Christus
1534 4060 1631 4114 Dei
1656 4059 1851 4122 Filius,
1887 4060 1939 4112 in
1969 4057 2165 4112 eodem

586 4154 806 4208 homine
846 4152 943 4206 luit
986 4149 1329 4221 impassibilis
1371 4148 1622 4203 divinitas
1672 4163 1788 4201 sua.
1832 4146 1965 4211 Quia
2011 4146 2175 4213 igitur

584 4244 643 4298 in
672 4243 885 4298 Christo
936 4244 1026 4295 Dei
1082 4242 1356 4309 unigenito
1406 4240 1543 4294 Filio
1570 4252 1856 4307 personam
1896 4252 2003 4290 non
2033 4236 2174 4289 divi-

590 4339 725 4391 dunt
757 4335 968 4405 propria
1001 4343 1343 4396 naturarum,
1390 4345 1565 4399 neque
1599 4330 1776 4382 unitas
1802 4341 2046 4397 persona:
2076 4341 2174 4394 po-
2216 4344 2219 4347 λ

590 4438 695 4483 test
720 4429 995 4495 utriusque
1018 4435 1218 4478 naturce
1239 4423 1453 4494 propria
1476 4418 1908 4476 confundere-vel
1930 4417 2171 4482 auferre;

590 4520 717 4588 quia
764 4518 852 4572 ille
902 4519 993 4586 qui
1043 4531 1102 4569 sc
1148 4529 1267 4568 esse
1323 4511 1602 4565 veritatem
1651 4508 1973 4561 naturaliter
2020 4506 2169 4568 dicit,

2268 3318 2424 3369 suum
2459 3313 2599 3368 tideli
2627 3312 2965 3368 confessione
2992 3312 3323 3382 pronuntiat,
3352 3312 3583 3370 dicens:
3617 3309 3833 3364 Dominus

2273 3424 2435 3472 nicas,
2465 3415 2513 3459 et
2541 3404 2679 3457 Deus
2701 3420 2842 3457 meus
2868 3405 2886 3457 .'
2930 3404 3161 3471 Agnovit
3188 3404 3331 3457 enim
3367 3419 3481 3459 non
3511 3403 3729 3456 alterum
3753 3413 3832 3468 per

2273 3498 2573 3552 naturalem
2611 3496 2906 3551 divinitatis
2935 3510 3044 3550 suae
3090 3496 3345 3550 virtutem
3394 3495 3749 3551 resurrexisse
3786 3491 3830 3544 in

2272 3604 2434 3644 carne
2457 3603 2550 3642 sua
2581 3596 2627 3653 ν,
2679 3587 2779 3640 nisi
2805 3601 2931 3640 eum
2961 3585 3051 3653 qui
3080 3584 3149 3639 de
3175 3593 3364 3639 natura
3396 3585 3496 3640 Dei
3525 3584 3692 3639 Patris
3714 3582 3829 3636 Deus

2273 3694 2431 3735 verus
2454 3689 2558 3745 est,
2589 3686 2645 3732 et
2670 3678 2777 3732 vita
2802 3686 3001 3732 aeterna
3030 3676 3209 3743 (Joan.
3243 3692 3336 3741 xx,
3366 3675 3487 3745 28).

2345 3770 2432 3825 ει.
2476 3768 2643 3838 Hujus
2672 3768 2793 3821 lidei
2823 3766 2978 3821 nobis
3005 3766 3259 3819 intimans
3286 3767 3577 3820 veritatem
3607 3764 3715 3833 ipse
3741 3760 3824 3813 hu—

2275 3864 2417 3917 mani
2447 3862 2659 3929 generis
2685 3859 2934 3915 conditor
2963 3874 3025 3913 ac
3055 3855 3395 3926 redemptor,
3448 3857 3626 3927 opifex
3663 3859 3827 3907 nostra

2276 3956 2650 4027 particepsque
2679 3961 2885 4006 natura:
2904 3993 2917 4014 .
2942 3959 3227 4019 postquam
3257 3965 3446 4003 veram
3478 3951 3530 4003 in
3559 3964 3617 4002 se
3642 3955 3824 4027 carnem

2275 4024 2617 4100 cicatricibus
2648 4042 2811 4105 veris,
2856 4054 3149 4108 veramque
3185 4039 3526 4094 divinitatem
3557 4024 3825 4091 virtute're-

2275 4134 2624 4191 surrectionis
2645 4132 2880 4187 ostendit
2904 4149 2917 4194 ;
2947 4139 3005 4183 ut
3027 4146 3190 4185 unum
3216 4131 3579 4199 eumdemque
3604 4143 3661 4181 se
3684 4125 3823 4178 Deum

2277 4237 2331 4284 et
2363 4228 2634 4282 hominem
2666 4223 2992 4280 credendum
3044 4222 3573 4305 pragdicaudumque
3595 4223 3826 4275 monstra-

2273 4329 2377 4384 ret,
2402 4320 2559 4374 simul
2587 4319 2638 4372 in
2669 4332 2727 4372 se
2756 4316 2990 4371 divinam
3014 4297 3411 4383 humanamque
3434 4297 3674 4371 naturam
3696 4306 3825 4362 unius

2279 4411 2394 4464 Filii
2426 4410 2643 4463 nomine
2664 4408 2992 4476 nuncupavit
3020 4407 3204 4461 dicens
3232 4408 3496 4475 apostolis
3519 4424 3531 4459 :
3556 4403 3650 4466 Ite,
3678 4400 3825 4453 docete

2276 4517 2454 4553 omnes
2480 4508 2675 4570 gentes,
2700 4496 3024 4567 baptizantes
3051 4515 3138 4551 eos
3168 4500 3220 4552 in
3242 4499 3451 4553 nomine
3472 4497 3662 4555 Patris,
3688 4500 3732 4544 et
3746 4485 3826 4540 Fi-

589 4575 876 4678 utrumque
908 4575 958 4661 in
988 4621 1045 4660 se
1070 4621 1207 4668 uno,
1239 4609 1491 4656 manente
1523 4599 1750 4653 naturali
1784 4598 2026 4661 veritate,
2057 4612 2173 4651 ser-
2205 4605 2249 4662 υ
2278 4591 2357 4654 lii,
2379 4598 2426 4643 et
2458 4589 2688 4659 Spiritus
2719 4589 2886 4675 sancti
2915 4587 3126 4657 (Matth.
3169 4604 3354 4652 xxvnt,
3387 4588 3498 4657 19).
3541 4587 3724 4640 Doctor
3747 4575 3825 4643 igi-

584 4696 773 4764 'vavit;
805 4706 1090 4767 propterea
1117 4707 1293 4761 neque
1324 4692 1374 4744 in
1404 4688 1743 4760 passionibus
1768 4687 1836 4740 ab
1866 4687 1955 4741 illa
1988 4687 2174 4739 huma-

593 4794 761 4846 nitate
791 4789 989 4843 Christi
1024 4786 1361 4841 divinitatem
1390 4796 1540 4837 suam
1580 4779 1963 4849 impassibilem
1992 4778 2175 4845 sejun—

589 4887 785 4955 gimus,
834 4896 1008 4949 neque
1037 4880 1104 4933 ab
1150 4877 1242 4931 illa
1288 4874 1565 4928 divinitate
1593 4871 1979 4925 humanitatem
2022 4884 2175 4924 suam

594 4978 861 5030 ullatenus
933 4967 1284 5041 separandum
1352 4966 1404 5018 in
1474 4962 1758 5017 virtutibus
1823 4961 2167 5014 aestimamus.

591 5073 778 5143 Neque
803 5083 931 5138 ergo
959 5066 1265 5127 dividimus,
1300 5075 1474 5128 neque
1511 5056 1886 5113 contundimus
1922 5055 1975 5108 in
2006 5054 2174 5107 virtu-

593 5165 737 5219 tibus
759 5173 814 5217 et
842 5158 1185 5231 passionibus
1212 5154 1503 5215 Christum,
1524 5166 1682 5220 quem
1712 5149 1903 5203 Filium
1922 5147 2012 5201 Dei
2044 5146 2167 5211 vivi,

598 5255 871 5310 revelante
895 5251 1074 5312 Patre,
1108 5249 1298 5301 beatus
1311 5243 1500 5297 Petrus
1530 5241 1805 5295 confessus
1832 5246 1933 5299 est,
1963 5252 2085 5291 eum
2115 5251 2174 5289 se

560 5336 778 5399 l'tamen
807 5344 952 5414 prius
993 5340 1157 5393 lilium
1209 5335 1437 5389 hominis
1485 5332 1747 5384 verat-iter
1773 5329 1813 5381 Ε
1858 5330 2017 5381 ristus
2065 5328 2176 5395 ipse

598 5435 821 5491 dixisset
861 5431 1076 5504 (Matth.
1111 5442 1215 5487 va,
1252 5424 1360 5494 lli).
1399 5422 1523 5476 ideo
1569 5436 1755 5475 verum
1802 5416 2072 5470 Christum
2125 5416 2175 5466 in

673 5577 698 5604 ⁸
733 5565 862 5636 Ms,
891 5566 977 5636 qui
1008 5560 1289 5636 adinvenit.

673 5639 698 5674 δ
728 5618 930 5690 Locum
962 5634 1104 5700 hunc
1131 5628 1559 5700 restituimusex
1579 5639 1735 5700 _ms_.__;
1766 5619 1894 5700 editi
1922 5618 2064 5700 enim
2091 5618 2183 5700 lia:

600 5686 801 5764 bebaht
956 5686 1112 5777 corda
1148 5700 1357 5769 capacia
1403 5695 1621 5777 videtth
1669 5690 1852 5777 (Iliasil.
1899 5686 2182 5755 reddendo)

600 5760 714 5836 hac
730 5760 957 5846 gloriam
982 5776 1091 5845 [um
1100 5788 1167 5824 me
1178 5760 1577 5847 resurrectionis
1607 5760 1866 5816 exhibeat.

677 5829 705 5887 ί
730 5829 819 5903 sic
845 5830 948 5901 ins.
1025 5853 1075 5898 at
1098 5837 1297 5903 excusi,
1332 5836 1556 5897 credere,
1584 5849 1737 5885 unum
1764 5829 2180 5899 eamdemque?”

2278 4690 2365 4735 tur
2393 4689 2447 4735 et
2476 4680 2698 4748 largitor
2725 4668 2940 4733 ceterum
2969 4679 3158 4733 salutis
3179 4678 3318 4733 hanc
3347 4678 3469 4734 ideo
3496 4677 3705 4737 formam
3723 4680 3825 4722 san:

2277 4771 2350 4826 eti
2376 4769 2717 4839 baptismatis
2738 4767 3002 4833 dedit,‘ne
3029 4768 3150 4836 quis
3179 4768 3230 4820 in
3263 4767 3459 4821 eodem
3486 4765 3578 4819 Dei
3605 4760 3725 4815 Filio
3746 4766 3822 4808 na-

2281 4870 2430 4916 turas
2451 4859 2717 4919 dividens.
2751 4859 3029 4915 mortifero
3060 4858 3444 4927 illaquearetur
3467 4870 3660 4915 errore,
3694 4846 3733 4901 si
3750 4849 3825 4897 aut

2283 4956 2570 5010 humanam
2596 4953 2713 5007 Filii
2746 4952 2838 5006 Dei
2883 4958 3131 5007 naturam
3160 4950 3228 5003 ah
3269 4964 3437 5019 opere
3483 4933 3821 5011 redemptionis

2286 5047 2531 5101 humana:
2560 5045 2790 5099 alienam
2812 5044 2865 5098 in
2887 5046 3227 5097 sacramento
3248 5038 3578 5108 baptismatis
3596 5028 3819 5088 crederet.

2277 5151 2369 5215 aut
2389 5142 2523 5193 duas
2549 5140 2601 5193 in
2623 5138 2840 5192 Christo
2868 5133 3171 5190 conlitendo
3196 5148 3471 5202 personas,
3503 5144 3602 5182 non
3622 5124 3720 5193 jam
3743 5129 3820 5215 νς·

2280 5212 2376 5288 ras
2408 5233 2686 5286 Trinitatis
2713 5230 2910 5291 cultor,
2940 5226 3035 5282 sed
3066 5226 3300 5280 nefarius
3327 5233 3471 5279 esset
3493 5212 3818 5291 quaterni“!lis

2284 5336 2537 5389 aSsertor,
2571 5342 2635 5378 ac
2659 5339 2756 5393 per
2784 5323 2889 5376 hoc
2914 5337 3035 5375 eum
3067 5319 3226 5372 Patre
3254 5325 3310 5372 et
3330 5317 3525 5387 Spiritu
3546 5313 3713 5365 sancto
3731 5310 3814 5398 nil"

2287 5416 2326 5469 F
2334 5418 2499 5479 ilium,
2547 5415 2641 5470 sed
2674 5413 2810 5467 lilios
2844 5410 3069 5473 coleret,
3108 5408 3350 5478 quisquis
3379 5408 3429 5460 in
3458 5401 3657 5458 Christo
3693 5397 3819 5446 unm!

2285 5550 2448 5603 Deum
2480 5550 2597 5620 geni
2605 5546 3041 5620 tum‘prwdicare.

2276 5638 2279 5641 '
2355 5622 2378 5655 δ
2416 5603 2689 5674 Hadbeutur
2718 5603 2834 5671 time
2863 5616 3024 5669 verba
3061 5633 3205 5669 verus
3236 5615 3372 5668 Deus
3410 5629 3475 5669 ex
3504 5622 3618 5668 msa
3644 5612 3735 5657 που
3762 5603 3816 5645 ει

2283 5690 2383 5743 ctltl
2394 5730 2404 5741 .

2362 5776 2382 5794 ν
2417 5759 2536 5824 Msa,
2572 5759 2622 5811 in
2648 5773 2801 5809 carne
2832 5773 2921 5808 sua
2948 5773 2966 5820 ;
3000 5756 3147 5823 editi,
3182 5772 3337 5809 carne
3367 5770 3479 5808 sua.
