4108 6486
357 424 461 485 ἅδε

1738 418 2063 479 EPISTOLA
2106 422 2264 479 XVII.

3539 418 3660 473 466’

359 562 604 620 persona:
632 543 1012 616 repudiandum
1047 541 1201 598 ﬁdem
1249 541 1584 610 aliquatenus
1613 543 1942 596 :estimaret:
1975 549 2020 605 Λ
2052 551 2261 604 natura,
2297 557 2399 594 una
2431 547 2513 594 est
2554 537 2672 592 Filii
2721 538 2815 592 Dei
2865 536 2988 592 Jesu
3021 536 3216 592 Christi
3265 537 3315 591 in
3363 527 3643 608 utriusque

359 657 484 698 cum
515 639 657 695 idem
695 638 764 695 sit
794 653 928 692 unus
958 636 1123 690 Filius
1153 635 1203 688 in
1237 625 1497 689 Trinitate
1527 649 1646 689 eum
1690 631 1846 687 Patre
1892 642 1949 687 et

360 749 485 788 eum
529 730 731 802 Spiritu
772 736 960 784 sancto
1001 718 1247 783 Christus
1287 725 1480 786 Jesus,
1544 726 1634 794 qui
1695 724 1950 778 mundum

364 823 570 880 crearit
617 833 672 878 et
721 838 816 894 pro
869 821 1024 876 nobis
1065 819 1379 887 sanguinem
1439 816 1591 870 fudit.
1657 816 1951 884 Propterea

365 916 543 971 omnis
589 915 681 984 qui
722 916 774 968 in
827 913 1046 968 nomine
1087 909 1288 975 Patris,
1345 917 1401 963 et
1447 908 1603 971 Filii,
1663 917 1717 961 et
1775 906 1951 976 Spiri-

368 1017 454 1062 tus
495 1007 665 1061 sancti
694 1011 1032 1059 sacramento
1073 1011 1270 1056 sancta:
1315 998 1738 1068 regenerationis
1784 998 1957 1051 ablui-

367 1111 490 1164 tur,
536 1112 644 1151 non
697 1095 798 1149 nisi
848 1095 900 1148 in
929 1093 1126 1148 Christi
1167 1099 1342 1145 morte
1372 1106 1434 1144 ac
1462 1084 1679 1143 nomine
1718 1089 1958 1158 baptiza-

368 1198 478 1251 tur,
527 1196 585 1242 ut
613 1186 891 1240 evidenter
927 1191 1186 1254 appareat
1220 1183 1297 1235 illi
1326 1197 1425 1236 nos
1464 1180 1813 1249 consepultos
1841 1196 1959 1235 esse

370 1297 468 1352 per
487 1281 812 1350 baptismum
843 1279 895 1332 in
923 1285 1098 1332 morte
1128 1273 1302 1344 (Rom.
1339 1289 1417 1334 v1,
1452 1271 1539 1342 ι),
1571 1273 1623 1326 in
1654 1271 1809 1342 cujus
1850 1289 1959 1326 uno

338 1361 339 1364 η
371 1390 492 1429 cum
518 1373 695 1429 Patris
720 1382 775 1428 et
795 1372 1025 1441 Spiritus
1054 1368 1227 1423 sancti
1256 1374 1470 1422 constat
1519 1366 1735 1420 nomine
1783 1366 1961 1435 bapti-

372 1474 544 1521 zatos.
585 1464 737 1531 Quod
767 1464 994 1519 duorum
1035 1475 1350 1530 magnorum
1395 1446 1764 1521 luminarium,
1816 1457 1960 1512 Petri

372 1558 577 1624 scilicet
606 1555 884 1624 Paulique,
920 1553 1124 1616 verbis,
1157 1561 1410 1620 tanquam
1434 1549 1839 1620 splendentibus
1870 1564 1960 1601 ra-

373 1620 784 1719 diisil'lustrata,
812 1659 1106 1711 eorumque
1131 1643 1388 1697 decorata
1411 1640 1751 1710 corporibus,
1779 1638 1959 1694 Rom-

373 1758 464 1806 ru,
485 1754 603 1802 ουλε
627 1753 787 1792 λευκοί
817 1751 1059 1791 ελοωιεκ
1091 1751 1211 1799 esr,
1245 1741 1390 1788 tenet
1431 1740 1486 1786 et
1509 1730 1669 1786 docet
1693 1728 1959 1795 Ecclesia,

375 1842 629 1900 totusque
659 1846 779 1884 cum
825 1845 888 1883 ea
917 1827 1254 1881 Christianus
1283 1825 1460 1890 orbis,
1511 1833 1566 1878 et
1603 1822 1671 1877 ad
1696 1822 1961 1890 justitiam

2053 643 2258 687 natura:
2290 633 2517 687 veritate
2548 646 2795 701 persona.

2126 744 2308 799 Carur
2366 761 2455 798 xu.
2486 743 2591 798 Per
2617 743 2876 798 Christum
2909 761 3011 798 non
3033 745 3194 798 solum
3227 745 3422 798 deletur
3450 745 3642 815 iniqui-

2057 847 2156 898 tas,
2197 837 2286 888 sed
2325 837 2476 888 etiam
2517 837 2844 906 cogitationis
2890 845 3084 890 sanctae
3131 838 3376 905 recipitur
3425 839 3646 907 facultas

2057 944 2211 998 quam
2242 925 2381 980 Deus
2409 927 2575 994 primo
2603 927 2798 980 homini
2825 929 2878 980 in
2915 945 3007 980 sua
3037 927 3297 981 creatione
3333 927 3643 984 contulerat.

2059 1048 2130 1058 -—
2157 1015 2244 1070 25.
2273 1014 2361 1070 Sic
2386 1015 2620 1070 humano
2664 1017 2845 1084 generi
2881 1018 3164 1087 gratuitam
3213 1017 3439 1085 gratiam
3469 1018 3646 1072 divina

2061 1110 2274 1164 bonitas
2301 1109 2546 1171 contulit,
2599 1124 2694 1177 per
2721 1123 2880 1178 quam
2909 1109 2959 1161 in
2989 1109 3296 1163 hominibus
3325 1124 3432 1162 non
3473 1108 3646 1163 solum

2063 1201 2372 1271 propaginis
2432 1201 2759 1268 obligatione
2814 1210 3089 1256 contracta
3141 1211 3195 1257 et
3240 1203 3372 1257 vitio
3421 1203 3650 1274 proprize

2062 1290 2351 1344 voluntatis
2399 1289 2609 1357 adjecta
2657 1290 2928 1344 deleretur
2975 1294 3152 1347 omnis
3199 1292 3470 1360 iniquitas,
3522 1293 3650 1361 quin

2063 1382 2224 1434 etiam
2256 1381 2600 1448 cogitationis
2628 1390 2827 1435 sancta:
2856 1382 3051 1437 amissa
3094 1384 3300 1452 pridem
3341 1384 3392 1437 in
3431 1383 3652 1439 homine

2065 1469 2237 1540 primo
2269 1484 2364 1540 per
2392 1470 2660 1524 hominem
2689 1471 2980 1528 secundum
3028 1475 3359 1542 reciperetur
3402 1475 3650 1539 t'acultas,

2067 1575 2130 1614 ac
2157 1561 2233 1614 sic
2265 1561 2479 1615 homine
2512 1561 2620 1616 Deo
2664 1561 2717 1616 in
2746 1577 2907 1616 carne
2937 1563 3031 1630 (al.
3062 1572 3244 1634 carne)
3277 1579 3374 1636 pro
3422 1565 3653 1620 hornini-

2067 1649 2166 1703 bus
2197 1659 2411 1705 mortuo
2440 1666 2503 1706 ac
2532 1660 2846 1721 resurgenle
2881 1654 3264 1722 captivaretur,
3315 1669 3434 1725 qua:
3463 1656 3514 1709 in
3558 1672 3657 1710 no-

2067 1750 2180 1794 stro
2209 1757 2437 1812 corpore
2467 1753 2722 1810 regnante
2744 1753 2972 1814 peccato
2995 1756 3348 1801 consueverat
3368 1746 3659 1815 dominari,

2071 1831 2369 1902 captivitas,
2422 1841 2475 1886 et
2507 1833 2595 1887 ubi
2640 1834 2932 1888 abundavit
2977 1845 3256 1906 peceatum
3298 1837 3658 1908 delinquentis

374 1920 509 1975 nihil
541 1920 790 1973 hatsitans
817 1917 1006 1981 credit,
1041 1926 1094 1969 et
1123 1917 1189 1970 ad
1216 1915 1445 1969 salutem
1469 1929 1574 1967 non
1603 1913 1814 1967 dubitat
1838 1927 1964 1966 cou-
1993 1923 2040 1981 Β
2068 1923 2321 1987 hominis,
2371 1925 2831 1996 superabundant
2859 1927 3028 1994 gratia
3071 1927 3446 1998 Redemptoris
3475 1926 3654 2001 (ηοω,

377 2011 538 2066 fitcri.
581 2009 714 2064 Nam
745 2009 884 2062 beati
915 2006 1059 2061 Petri
1089 2007 1286 2061 .ludaeis
1312 2006 1506 2060 Filium
1540 2005 1634 2060 Dei
1664 2003 1960 2074 prtedican-

377 2103 448 2156 tis
475 2101 590 2155 htcc
613 2101 775 2154 verba
801 2109 927 2152 sunt
952 2119 962 2151 :
998 2097 1369 2152 Paenitentiam
1396 2100 1560 2168 agite,
1593 2108 1643 2151 et
1673 2096 1962 2165 baptizetur

377 2185 724 2264 unusquisque
751 2203 974 2246 vestrum
1016 2193 1068 2243 in
1095 2191 1302 2244 nomine
1329 2188 1453 2243 Jesu
1481 2188 1672 2243 Christi
1701 2189 1755 2241 in
1785 2189 1965 2242 remis-

379 2287 576 2338 sionem
606 2292 932 2353 peccatorum
960 2281 1099 2351 (Act.
1135 2297 1193 2342 ιι,
1217 2279 1330 2349 58).
1365 2279 1562 2334 Beatus
1591 2293 1806 2348 quoque
1836 2276 1966 2332 Pau-

380 2374 483 2437 lus,
537 2383 594 2427 ut
636 2373 688 2426 in
720 2379 892 2425 morte
920 2368 1118 2424 Christi
1168 2385 1267 2424 nos
1309 2369 1612 2439 baptizatos
1665 2367 1967 2423 firmissime

379 2463 742 2528 crederemus,
797 2463 848 2516 in
896 2477 958 2514 ea
989 2476 1147 2530 quam
1178 2460 1436 2514 Romanis
1483 2459 1671 2514 scribit
1714 2459 1966 2530 epistola,

381 2555 486 2608 hoc
506 2553 691 2608 salutis
720 2561 914 2606 hostire
940 2551 1270 2622 mysterium,
1299 2559 1553 2618 tanquam
1578 2551 1631 2604 in
1655 2550 1968 2605 eminentis-

382 2647 516 2700 sima
545 2646 750 2700 cunctis
778 2645 843 2698 ad
866 2644 1147 2698 videndum
1166 2645 1382 2714 specula
1406 2645 1712 2710 collocavit,
1739 2644 1926 2700 dicens
1954 2665 1964 2696 :

387 2735 686 2806 Quicunque
716 2737 768 2790 in
797 2734 1001 2790 Christo
1032 2737 1279 2804 baptizati
1309 2752 1505 2800 sumus,
1533 2736 1586 2788 in
1618 2745 1780 2790 morte
1809 2737 1972 2806 ipsius

385 2829 632 2898 Daptisati
662 2843 876 2890 sumus;
922 2826 1205 2896 consepulti
1251 2827 1389 2879 enim
1415 2843 1590 2880 sumus
1621 2843 1732 2879 cum
1763 2827 1853 2880 illo
1882 2843 1974 2896 per

384 2919 693 2990 baptismum
721 2921 772 2972 in
802 2928 1017 2972 mortem
1047 2929 1069 2952 ει
1098 2917 1274 2985 (Rom.
1305 2935 1380 2984 vi,
1405 2918 1480 2985 5).

457 3007 543 3061 9.2.
588 3008 840 3077 Quisquis
869 3007 1028 3076 igitur
1049 3007 1181 3062 duas
1201 3023 1445 3064 asserere
1469 3009 1653 3063 nititur
1675 3009 1726 3064 in
1757 3007 1974 3063 Christo

387 3115 666 3172 personas,
686 3111 740 3154 et
762 3109 959 3164 tamen,
987 3101 1278 3156 secundum
1308 3102 1546 3169 regulam
1572 3117 1667 3156 ore
1687 3109 1847 3172 atque
1876 3103 1974 3156 im-

389 3194 540 3262 perio
571 3191 780 3247 Domini
811 3195 1182 3260 constitutam,
1232 3195 1286 3247 in
1318 3210 1424 3249 uno
1463 3211 1522 3249 se
1571 3193 1745 3249 Patris
1774 3203 1828 3248 et
1853 3193 1974 3248 Filii

2068 2034 2119 2081 v,
2150 2017 2264 2086 2‘1),
2289 2027 2451 2086 atque
2481 2019 2554 2072 ita
2585 2018 2819 2072 hominis
2847 2019 3148 2083 arbitrium,
3167 2019 3312 2087 quod
3333 2021 3432 2074 sub
3453 2019 3659 2074 ditione

2067 2110 2275 2180 peccati
2306 2110 2446 2163 male
2472 2109 2698 2165 liberum
2725 2108 2843 2174 fuit,
2869 2124 3012 2163 vera:
3033 2110 3370 2180 salubrisque
3400 2111 3661 2165 libertatis

2068 2201 2338 2272 reciperet
2365 2199 2543 2254 denuo
2574 2209 2796 2268 statum,
2828 2201 3206 2272 prtevenientis
3231 2200 3418 2270 gratia:
3440 2216 3670 2267 munere,

2071 2291 2374 2346 liberatum.
2429 2291 2504 2348 De
2528 2306 2632 2360 qua
2664 2293 2833 2360 gratia
2867 2293 2982 2358 Dei,
3014 2308 3122 2348 non
3160 2308 3266 2362 qua
3296 2293 3542 2349 homines
3567 2309 3662 2347 na-

2070 2383 2288 2444 scimur,
2320 2381 2415 2438 sed
2446 2381 2599 2452 cujus
2628 2398 2792 2453 opere
2819 2399 2916 2456 per
2941 2382 3096 2438 fidem
3126 2385 3436 2438 mediatoris
3464 2384 3656 2438 vincu-

2071 2475 2136 2528 lis
2157 2474 2363 2545 peccati
2392 2473 2668 2541 originalis
2691 2482 2854 2542 atque
2878 2474 3108 2528 actualis
3129 2473 3474 2539 absolvimur,
3499 2489 3663 2542 quan.
3699 2538 3705 2542 _

2075 2575 2184 2620 tum
2228 2581 2510 2638 possumus
2535 2567 2810 2638 epistolari
2849 2567 3136 2630 brevitate,
3185 2575 3242 2621 ut
3271 2568 3433 2622 etiam
3483 2568 3534 2621 in
3564 2567 3664 2621 hac

2073 2658 2371 2726 qutestioue
2443 2657 2850 2724 interrogationi
2937 2658 3023 2710 vel
3079 2657 3258 2728 potius
3344 2655 3665 2729 professioni

2074 2755 2266 2802 vestra:
2295 2747 2574 2818 responsio
2604 2756 2785 2801 nostra
2819 2763 2926 2802 non
2953 2747 3111 2814 desit,
3145 2748 3312 2817 ipsius
3333 2749 3518 2816 gratize
3548 2747 3663 2802 fulti

2071 2838 2345 2906 juvamine
2377 2838 2720 2894 disseremus.

2148 2929 2235 2983 24.
2268 2927 2520 2996 Quisquis
2552 2930 2714 2998 igitur
2741 2931 3060 2987 Christiana:
3106 2948 3380 3003 religionis
3420 2951 3524 2989 non
3556 2935 3668 2989 vult

2078 3024 2328 3087 inaniter,
2361 3023 2469 3076 imo
2497 3009 2876 3080 damnabiliter
2913 3037 3130 3095 portare
3162 3028 3500 3090 vocabulum,
3551 3043 3666 3082 cre-

2077 3113 2173 3168 dat
2203 3113 2504 3170 firmissime
2534 3115 2701 3169 Deum
2728 3125 2990 3184 nostrum,
3035 3119 3085 3172 id
3109 3128 3193 3172 est
3221 3128 3462 3174 sanctam
3494 3119 3670 3172 Trini-

2078 3216 2265 3273 tatem,
2295 3224 2414 3279 quze
2442 3224 2579 3264 unus
2606 3225 2846 3267 summus
2876 3219 2931 3266 et
2979 3226 3136 3281 verus
3165 3219 3247 3265 est
3286 3211 3445 3276 Deus,
3495 3213 3670 3282 primo

388 3292 442 3338 et
471 3284 701 3352 Spiritus
727 3286 896 3339 sancti
922 3285 1252 3354 baptizatum
1283 3286 1501 3339 nomine
1528 3283 1853 3350 confitetur;
1882 3294 1974 3339 aut

2079 3299 2302 3366 homini,
2345 3316 2504 3370 quem
2551 3301 2616 3356 ad
2646 3318 2798 3357 suam
2829 3303 3112 3372 imaginem
3157 3303 3385 3372 gratuita
3428 3281 3692 3357 bonitate‘

389 3375 788 3431 evidentissima
823 3376 1152 3446 blasphemia
1183 3391 1242 3431 se
1279 3377 1333 3430 in
1365 3384 1539 3432 morte
1567 3376 1766 3431 Christi
1796 3377 1973 3446 bapti-

390 3478 568 3524 zatum
599 3477 796 3537 neget,
850 3477 908 3523 ut
938 3469 1184 3525 inimicus
1221 3470 1535 3539 apostolicae
1578 3469 1976 3538 praedicationis

391 3569 648 3628 appareat
674 3577 688 3623 ;
720 3569 812 3612 aut
838 3561 1099 3615 cultorem
1128 3577 1187 3615 se
1216 3576 1324 3615 non
1349 3561 1658 3627 Trinitatis,
1692 3565 1854 3632 239
1881 3562 1977 3616 sed

393 3649 769 3719 quaternitatis
799 3659 1072 3719 agnoscat.
1117 3649 1173 3704 Si
1205 3666 1333 3706 vero
1361 3653 1639 3722 utriusque
1665 3654 1858 3708 metuit
1878 3654 1978 3708 im~

393 3739 610 3808 pietatis
638 3739 923 3808 abruptum
945 3781 958 3804 ,
992 3748 1192 3794 rectam
1224 3741 1502 3796 catholiczc
1534 3742 1656 3797 ﬁdei
1685 3751 1868 3798 teneat
1895 3753 1979 3799 to-

396 3841 452 3886 to
483 3832 646 3887 corde
671 3833 1012 3899 sententiam,
1041 3847 1143 3887 nec
1169 3849 1228 3888 se
1257 3832 1463 3887 dubitet
1501 3835 1551 3888 in
1578 3832 1779 3890 Christi
1802 3836 1981 3906 bapti-

395 3931 575 3979 zatum
616 3935 809 3985 morte,
863 3925 917 3978 in
965 3925 1118 3994 cujus
1166 3934 1248 3980 est
1294 3927 1596 3995 baptizatus
1643 3935 1698 3980 et
1741 3928 1979 3982 nomine.

398 4013 571 4069 Unum
588 4031 800 4084 quoque
819 4014 994 4072 Patris
1013 4016 1199 4071 etFilii
1223 4025 1277 4072 et
1292 4016 1522 4086 Spiritus
1543 4018 1717 4073 sancti
1740 4018 1987 4072 naturale

401 4123 596 4162 nomen
628 4122 946 4175 agnoscens,
1007 4125 1173 4179 seque
1205 4111 1256 4164 in
1286 4111 1428 4165 illius
1459 4121 1632 4167 morte
1663 4127 1727 4168 ac
1767 4111 1986 4166 nomine

401 4199 728 4269 baptizatum
743 4216 861 4256 esse
877 4201 1247 4270 considerans,
1260 4202 1326 4256 de
1338 4203 1490 4270 cujus
1505 4202 1675 4257 latere
1689 4202 1990 4258 sacramen-

402 4297 513 4343 tum
537 4290 698 4346 fontis
728 4301 780 4345 et
810 4293 989 4347 calicis
1006 4295 1242 4349 manavit
1261 4293 1569 4365 (Joan.xrx,
1590 4294 1679 4364 54)
1708 4295 1990 4364 pendentis

358 4429 360 4432 ,
403 4381 455 4434 in
475 4397 662 4446 cruce,
689 4383 836 4436 illum
869 4401 966 4454 pro
996 4385 1152 4439 nobis
1180 4387 1493 4441 cruciﬁxum
1525 4395 1804 4455 agnoscat,
1827 4402 1988 4454 quem

403 4468 496 4524 Dei
527 4471 780 4526 virtutem
809 4472 1012 4544 Deique
1042 4477 1360 4546 sapientiam
1393 4476 1588 4532 Paulus
1627 4487 1682 4532 et
1721 4478 1895 4533 credit
1937 4488 1993 4533 et

404 4562 677 4632 praedicat,
727 4565 950 4620 dicens:
990 4565 1104 4620 Nos
1135 4578 1306 4621 autent
1336 4569 1678 4637 prtedicamus
1729 4567 1991 4623 Christum

2079 3391 2280 3447 bonum
2308 3393 2454 3458 fecit,
2480 3395 2566 3449 cui
2597 3393 2909 3450 facultatem
2957 3411 3174 3465 quoque
3215 3411 3322 3449 sua:
3351 3396 3676 3465 cognitionis

2080 3502 2144 3542 ac
2183 3487 2486 3542 dilectionis
2513 3488 2757 3552 inseruit,
2805 3504 2914 3544 non
2961 3488 3136 3542 solum
3184 3488 3338 3542 bonae
3384 3488 3676 3544 voluntatis

2081 3579 2302 3646 donum,
2352 3581 2481 3648 quin
2513 3580 2679 3634 etiam
2710 3579 2778 3634 ad
2813 3581 3111 3635 habendam
3159 3581 3677 3654 custodiendamque

2078 3675 2336 3742 justitiam
2369 3675 2632 3742 integrum
2664 3689 2962 3744 senumque
2989 3690 3201 3730 creasse
3231 3675 3493 3731 libertatis
3530 3678 3675 3732 arbi-

2085 3765 2245 3818 trium
2277 3782 2289 3816 :
2321 3773 2380 3818 ut
2407 3765 2632 3820 facultas
2662 3775 2821 3833 atque
2866 3772 3044 3820 motus
3089 3764 3268 3819 indita:
3327 3767 3606 3822 libertatis-
3634 3771 3679 3823 si

2045 3886 2050 3890 ι
2081 3854 2356 3922 juvantem
2387 3871 2446 3910 se
2489 3856 2714 3924 gratiam
2765 3856 2857 3909 Dei
2898 3872 3006 3910 non
3054 3855 3346 3922 desereret,
3400 3859 3678 3929 praemium

2089 3946 2209 3999 vitze
2236 3953 2450 4000 teternre
2491 3946 2748 4000 tribueret
2772 3945 2864 3999 Dei
2896 3946 3111 4000 bonitas
3141 3946 3372 4011 homini;
3424 3948 3468 4000 si
3499 3955 3678 4002 autem

2083 4037 2344 4106 justitiam
2390 4037 2622 4091 divinam
2673 4044 3027 4092 contemnrns
3075 4053 3104 4092 a
3151 4037 3323 4106 gratia
3371 4037 3694 4102 excidisset,

2089 4128 2406 4200 supplicium
2433 4128 2760 4182 retribueret
2798 4128 3002 4196 justitia
3050 4130 3340 4198 peccatori.
3393 4127 3682 4186 Proindea

2089 4219 2234 4273 bono
2259 4219 2515 4287 justoque
2543 4229 2788 4275 creatore
2817 4219 2891 4273 illi
2922 4221 3146 4285 homini,
3177 4235 3337 4292 quem
3371 4221 3422 4274 in
3453 4235 3683 4294 corpore

2093 4309 2308 4362 animali
2337 4309 2612 4364 conditum
2642 4308 2835 4364 ditavit
2861 4309 3227 4379 intelligentia}
3253 4325 3316 4364 ac
3333 4308 3555 4378 justitiae
3585 4309 3685 4365 do-

2093 4416 2182 4466 no,
2209 4399 2353 4468 justa
2383 4407 2465 4454 est
2495 4399 2745 4468 utrinque
2770 4409 2971 4456 statuta
3017 4400 3276 4466 conditio,
3324 4409 3382 4454 ut
3409 4402 3616 4456 scilicet
3639 4403 3686 4456 si
3709 4438 3724 4450 .

2093 4490 2476 4554 obedientiam,
2507 4503 2625 4557 quae
2647 4490 2812 4560 300
2841 4490 3008 4561 prima
3037 4491 3208 4544 virtus
3237 4501 3339 4552 est,
3366 4490 3682 4554 custodiret,

2095 4595 2162 4633 ex
2192 4578 2428 4644 animali,
2479 4579 2530 4632 in
2560 4594 2667 4648 qua
2696 4589 2912 4634 creatus
2959 4587 3097 4645 erat,
3143 4581 3388 4652 corporis
3426 4580 3686 4650 qualitate

403 4661 728 4729 cruci/istum,
772 4661 972 4716 Judteis
1001 4665 1207 4734 quidem
1257 4665 1583 4726 scandalum,
1627 4665 1860 4736 gentibus
1890 4683 1987 4718 au-
2020 4697 2071 4755 Β
2095 4671 2161 4723 ad
2209 4671 2505 4740 spiritalem
2537 4669 3004 4737 immortalemque
3053 4679 3253 4724 statum
3285 4670 3404 4723 sine
3441 4671 3687 4742 corporis

405 4758 507 4804 tem
527 4752 817 4816 stultitiam,
851 4754 977 4821 ipsis
999 4763 1168 4806 autem
1192 4756 1379 4807 vocatis
1401 4755 1600 4809 Judteis
1624 4766 1773 4826 atque
1795 4753 1989 4810 ercis

406 4840 666 4912 Christum
694 4842 790 4896 Dci
815 4853 1048 4897 virtutem
1069 4852 1116 4896 et
1146 4843 1238 4896 Dei
1261 4845 1565 4912 sapientiam
1596 4844 1652 4917 (1.
1673 4844 1793 4899 Cor.
1821 4863 1855 4909 ι,
1879 4845 1992 4912 25).

409 4931 524 4988 Hoc
553 4943 636 4990 est
683 4949 931 5003 magnum
962 4935 1178 5004 pietatis
1206 4943 1601 4988 sacramentum
1622 4977 1637 5001 ,
1692 4952 1798 5006 quo
1846 4937 1992 4991 scili-

407 5032 496 5078 cet
528 5022 843 5091 Unigenitus
874 5025 1014 5080 Deus
1044 5040 1220 5086 verus,
1256 5027 1417 5078 homo
1443 5039 1604 5079 verus
1633 5025 1884 5093 dignatus
1913 5036 1997 5080 est

364 5171 366 5174 ,
411 5112 546 5179 tieri,
586 5123 639 5167 et
668 5124 902 5170 :eternus
946 5114 1316 5184 temporaliter
1345 5115 1520 5178 nasci,
1556 5122 1613 5168 et
1653 5115 1998 5185 impassibilis

409 5204 540 5270 pati,
591 5213 646 5256 et
690 5204 1247 5274 incomprehensibilis
1277 5202 1542 5271 cruciligi,
1593 5213 1646 5258 et
1678 5205 1997 5260 immortalis

411 5296 568 5358 mori,
602 5305 658 5349 et
687 5297 980 5352 immensus
1021 5296 1329 5351 nonsolum
1359 5295 1614 5364 praesepis
1643 5312 1765 5350 cum
1805 5312 1995 5351 nascc-

411 5395 581 5454 retur,
628 5403 812 5441 verum
843 5389 1006 5442 etiam
1035 5388 1266 5456 sepulcri
1296 5403 1418 5442 cum
1449 5396 1768 5452 moreretur,
1821 5381 1998 5458 parvi-

413 5488 522 5532 tate
551 5477 820 5534 concludi.
870 5479 999 5544 Quae
1025 5481 1203 5532 omnia
1247 5480 1540 5534 secundum
1570 5479 1851 5534 veritatem
1882 5495 1997 5534 car-

411 5574 492 5626 nis
520 5590 648 5628 vera
671 5583 797 5628 sunt
822 5573 873 5630 in
906 5574 997 5626 Dei
1021 5572 1156 5626 Filio
1180 5615 1194 5637 ,
1221 5574 1344 5641 quia
1370 5582 1623 5629 manente
1648 5573 1701 5626 in
1724 5588 1790 5627 eo
1813 5575 2001 5627 incon-

413 5665 697 5720 fusibiliter
750 5675 912 5735 atque
963 5664 1395 5734 inseparabiliter
1439 5668 1672 5722 humana
1715 5664 2000 5734 divinaque

487 5849 508 5874 ι
543 5840 630 5895 Sic
665 5858 764 5897 ms.
797 5841 945 5910 juxta
988 5849 1192 5896 textum
1239 5841 1522 5917 Apostoli;
1571 5839 1694 5900 edd.
1748 5855 1896 5904 vero,
1941 5842 1994 5894 in

415 5920 594 5964 morte.

2096 4769 2270 4814 morte
2311 4760 2459 4828 (quia
2501 4759 2616 4813 sine
2646 4759 2837 4812 animm
2869 4759 3173 4829 iniquitate)
3214 4761 3491 4824 transiret;
3532 4774 3689 4814 acce-

2099 4852 2369 4920 pissetque
2407 4850 2589 4904 divino
2619 4865 2858 4915 munere,
2893 4851 2936 4904 si
2968 4862 3239 4924 praecepta
3267 4860 3553 4915 servasset,
3581 4867 3689 4906 non

2097 4931 2270 4985 solum
2319 4929 2612 4999 perfectam
2644 4938 2805 4997 atque
2855 4930 3259 4985 inamissibilem
3301 4931 3544 5002 corporis
3590 4931 3690 4985 im-

2102 5022 2514 5083 mortalitatem,
2575 5037 2759 5076 verum
2805 5021 2966 5076 etiam
3018 5023 3070 5076 in
3127 5025 3302 5077 anima
3356 5023 3515 5075 talem
3576 5037 3714 5089 gra--

2103 5117 2230 5169 tiam
2279 5125 2461 5168 sancte
2497 5114 2747 5185 justeque
2779 5116 3010 5178 vivendi,
3064 5124 3123 5169 ut
3169 5129 3392 5186 peccare
3433 5114 3690 5188 deinceps

2104 5209 2327 5262 omnino
2359 5223 2466 5262 non
2505 5217 2707 5278 posset,
2751 5199 2801 5262 lsi
2834 5223 2940 5262 non
2973 5216 3221 5276 peccaret
3260 5207 3433 5260 donec
3467 5223 3691 5278 peccare

2103 5302 2385 5372 potuisset.
3373 5352 3376 5356 .

2175 5391 2264 5445 25.
2294 5391 2520 5446 Creatus
2568 5407 2697 5460 ergo
2740 5395 2934 5462 primus
2977 5392 3126 5444 homo
3172 5392 3236 5444 de
3276 5401 3417 5446 terra
3463 5403 3692 5447 terrenus

2104 5480 2160 5552 (Ι
2184 5482 2302 5536 Cor.
2331 5499 2420 5546 xv,
2455 5481 2568 5550 47),
2599 5483 2808 5552 accepit
2854 5479 3072 5548 quidem
3119 5483 3346 5548 gratiam
3377 5498 3478 5550 qua
3511 5492 3693 5554 posset

2105 5590 2211 5629 non
2236 5589 2486 5646 peccare,
2520 5573 2545 5610 ι’
2571 5575 2615 5626 si
2648 5574 2840 5631 vellet;
2892 5570 3127 5626 nondum
3157 5581 3337 5627 tamen
3371 5582 3570 5628 tantum
3601 5590 3692 5626 ac.-

2105 5673 2322 5734 ceperat
2351 5663 2597 5732 gratiam,
2630 5678 2734 5730 qua
2761 5678 2859 5716 nec
2889 5677 3119 5731 peccare
3148 5663 3307 5720 vellet
3329 5667 3566 5726 omnino,
3597 5681 3692 5719 nec

2177 5839 2203 5877 δ
2235 5839 2486 5963 Sicums.;
2521 5847 2573 5894 at
2603 5840 2746 5906 edd.,
2781 5858 2880 5909 qua
2910 5857 3006 5894 non
3038 5854 3210 5913 posset
3238 5857 3470 5910 peccare,
3504 5856 3548 5891 si
3570 5857 3691 5905 pec-

2177 5925 2223 5963 re
2245 5925 2308 5963 no
2355 5921 2424 5963 s’l.

2096 5924 2223 5970 .care
2245 5921 2424 5965 "Olls’l.
