  <div class='ocr_page' id='page_1' title='image "/cluster/home/n/w/nwhite01/storage/ocr_20150623/65/hvd.32044015469315/241.png"; bbox 0 0 4108 6470; ppageno 0'>
   <div class='ocr_carea' id='block_1_1' title="bbox 1914 276 1941 290">
    <p class='ocr_par' dir='ltr' id='par_1_1' title="bbox 1914 276 1941 290">
     <span class='ocr_line' id='line_1_1' title="bbox 1914 276 1941 290; baseline 0 0"><span class='ocrx_word' id='word_1_1' title='bbox 1914 276 1941 290; x_wconf 48' lang='grc' dir='ltr'>Ο</span> 
     </span>
    </p>
   </div>
   <div class='ocr_carea' id='block_1_2' title="bbox 603 375 708 429">
    <p class='ocr_par' dir='ltr' id='par_1_2' title="bbox 603 375 708 429">
     <span class='ocr_line' id='line_1_2' title="bbox 603 375 708 429; baseline 0 0"><span class='ocrx_word' id='word_1_2' title='bbox 603 375 708 429; x_wconf 65' lang='grc'><strong>467</strong></span> 
     </span>
    </p>
   </div>
   <div class='ocr_carea' id='block_1_3' title="bbox 1641 361 2173 443">
    <p class='ocr_par' dir='ltr' id='par_1_3' title="bbox 1641 371 2173 429">
     <span class='ocr_line' id='line_1_3' title="bbox 1641 371 2173 429; baseline -0.002 0"><span class='ocrx_word' id='word_1_3' title='bbox 1641 373 1696 429; x_wconf 89' lang='lat' dir='ltr'><strong>S.</strong></span> <span class='ocrx_word' id='word_1_4' title='bbox 1738 371 2099 429; x_wconf 77' lang='lat' dir='ltr'><strong>FULGENTII</strong></span> <span class='ocrx_word' id='word_1_5' title='bbox 2139 374 2173 428; x_wconf 86' lang='lat' dir='ltr'><strong>E</strong></span> 
     </span>
    </p>
   </div>
   <div class='ocr_carea' id='block_1_4' title="bbox 2276 361 3892 443">
    <p class='ocr_par' dir='ltr' id='par_1_4' title="bbox 2276 361 3892 443">
     <span class='ocr_line' id='line_1_4' title="bbox 2276 361 3892 443; baseline 0.008 -13"><span class='ocrx_word' id='word_1_6' title='bbox 2276 374 2443 431; x_wconf 76' lang='lat' dir='ltr'><strong>iCOPl</strong></span> <span class='ocrx_word' id='word_1_7' title='bbox 2481 361 2852 436; x_wconf 73' lang='lat' dir='ltr'><strong>nusrensis</strong></span> <span class='ocrx_word' id='word_1_8' title='bbox 3802 387 3892 443; x_wconf 71' lang='lat' dir='ltr'><strong>sui</strong></span> 
     </span>
    </p>
   </div>
   <div class='ocr_carea' id='block_1_5' title="bbox 602 486 3888 574">
    <p class='ocr_par' dir='ltr' id='par_1_5' title="bbox 602 486 3888 574">
     <span class='ocr_line' id='line_1_5' title="bbox 602 486 3888 574; baseline 0.006 -31"><span class='ocrx_word' id='word_1_9' title='bbox 602 496 787 560; x_wconf 91' lang='lat' dir='ltr'><strong>posset</strong></span> <span class='ocrx_word' id='word_1_10' title='bbox 812 506 841 545; x_wconf 71' lang='lat'><strong>.&#39;</strong></span> <span class='ocrx_word' id='word_1_11' title='bbox 873 495 932 543; x_wconf 90' lang='lat' dir='ltr'><strong>ut</strong></span> <span class='ocrx_word' id='word_1_12' title='bbox 975 486 1183 543; x_wconf 74' lang='lat' dir='ltr'><strong>scilicet</strong></span> <span class='ocrx_word' id='word_1_13' title='bbox 1224 502 1255 542; x_wconf 88' lang='lat' dir='ltr'><strong>a</strong></span> <span class='ocrx_word' id='word_1_14' title='bbox 1294 488 1438 543; x_wconf 91' lang='lat' dir='ltr'><strong>bono</strong></span> <span class='ocrx_word' id='word_1_15' title='bbox 1484 486 1741 574; x_wconf 85' lang='lat' dir='ltr'><strong>justoque</strong></span> <span class='ocrx_word' id='word_1_16' title='bbox 1786 486 2014 574; x_wconf 86' lang='lat' dir='ltr'><strong>Domino</strong></span> <span class='ocrx_word' id='word_1_17' title='bbox 2067 494 2189 574; x_wconf 88' lang='lat' dir='ltr'><strong>post</strong></span> <span class='ocrx_word' id='word_1_18' title='bbox 2218 492 2262 548; x_wconf 79' lang='grc' dir='ltr'><strong>Α</strong></span> <span class='ocrx_word' id='word_1_19' title='bbox 2296 487 2470 544; x_wconf 81' lang='lat' dir='ltr'><strong>Homo</strong></span> <span class='ocrx_word' id='word_1_20' title='bbox 2502 501 2657 546; x_wconf 83' lang='lat' dir='ltr'><strong>natus</strong></span> <span class='ocrx_word' id='word_1_21' title='bbox 2689 494 2758 548; x_wconf 81' lang='lat' dir='ltr'><strong>de</strong></span> <span class='ocrx_word' id='word_1_22' title='bbox 2778 493 2992 574; x_wconf 61' lang='lat' dir='ltr'><strong>audiere</strong></span> <span class='ocrx_word' id='word_1_23' title='bbox 3031 495 3194 552; x_wconf 71' lang='lat' dir='ltr'><strong>brevis</strong></span> <span class='ocrx_word' id='word_1_24' title='bbox 3223 499 3367 564; x_wconf 60' lang='lat' dir='ltr'><strong>vitas,</strong></span> <span class='ocrx_word' id='word_1_25' title='bbox 3402 498 3607 572; x_wconf 81' lang='lat' dir='ltr'><strong>plenus</strong></span> <span class='ocrx_word' id='word_1_26' title='bbox 3636 501 3733 557; x_wconf 72' lang='lat' dir='ltr'><strong>ire</strong></span> <span class='ocrx_word' id='word_1_27' title='bbox 3766 504 3888 574; x_wconf 78' lang='lat' dir='ltr'><strong>(Job.</strong></span> 
     </span>
    </p>
   </div>
   <div class='ocr_carea' id='block_1_6' title="bbox 600 573 2185 645">
    <p class='ocr_par' dir='ltr' id='par_1_6' title="bbox 600 573 2185 645">
     <span class='ocr_line' id='line_1_6' title="bbox 600 573 2185 645; baseline -0.003 -12"><span class='ocrx_word' id='word_1_28' title='bbox 600 585 745 634; x_wconf 82' lang='lat' dir='ltr'><strong>esset</strong></span> <span class='ocrx_word' id='word_1_29' title='bbox 778 575 907 631; x_wconf 90' lang='lat' dir='ltr'><strong>illud</strong></span> <span class='ocrx_word' id='word_1_30' title='bbox 935 591 1159 631; x_wconf 90' lang='lat' dir='ltr'><strong>munere</strong></span> <span class='ocrx_word' id='word_1_31' title='bbox 1187 574 1546 645; x_wconf 81' lang='lat' dir='ltr'><strong>largiendum,</strong></span> <span class='ocrx_word' id='word_1_32' title='bbox 1577 575 1622 629; x_wconf 90' lang='lat' dir='ltr'><strong>si</strong></span> <span class='ocrx_word' id='word_1_33' title='bbox 1662 573 1965 643; x_wconf 67' lang='lat' dir='ltr'><strong>voluntarie</strong></span> <span class='ocrx_word' id='word_1_34' title='bbox 1995 573 2185 630; x_wconf 80' lang='lat' dir='ltr'><strong>fui’sset</strong></span> 
     </span>
    </p>
   </div>
   <div class='ocr_carea' id='block_1_7' title="bbox 600 665 2186 740">
    <p class='ocr_par' dir='ltr' id='par_1_7' title="bbox 600 665 2186 740">
     <span class='ocr_line' id='line_1_7' title="bbox 600 665 2186 740; baseline -0.004 -14"><span class='ocrx_word' id='word_1_35' title='bbox 600 673 707 726; x_wconf 92' lang='lat' dir='ltr'><strong>hoc</strong></span> <span class='ocrx_word' id='word_1_36' title='bbox 735 686 766 725; x_wconf 87' lang='lat' dir='ltr'><strong>a</strong></span> <span class='ocrx_word' id='word_1_37' title='bbox 791 685 953 725; x_wconf 88' lang='lat' dir='ltr'><strong>servo</strong></span> <span class='ocrx_word' id='word_1_38' title='bbox 982 670 1128 739; x_wconf 90' lang='lat' dir='ltr'><strong>prius</strong></span> <span class='ocrx_word' id='word_1_39' title='bbox 1156 669 1208 723; x_wconf 92' lang='lat' dir='ltr'><strong>in</strong></span> <span class='ocrx_word' id='word_1_40' title='bbox 1237 683 1402 740; x_wconf 80' lang='lat' dir='ltr'><strong>Opere</strong></span> <span class='ocrx_word' id='word_1_41' title='bbox 1423 666 1769 722; x_wconf 85' lang='lat' dir='ltr'><strong>custoditum.</strong></span> <span class='ocrx_word' id='word_1_42' title='bbox 1793 665 1949 732; x_wconf 86' lang='lat' dir='ltr'><strong>Quod</strong></span> <span class='ocrx_word' id='word_1_43' title='bbox 1977 667 2024 723; x_wconf 90' lang='lat' dir='ltr'><strong>si</strong></span> <span class='ocrx_word' id='word_1_44' title='bbox 2042 666 2186 723; x_wconf 84' lang='lat' dir='ltr'><strong>bono</strong></span> 
     </span>
    </p>
   </div>
   <div class='ocr_carea' id='block_1_8' title="bbox 595 755 2184 833">
    <p class='ocr_par' dir='ltr' id='par_1_8' title="bbox 595 755 2184 833">
     <span class='ocr_line' id='line_1_8' title="bbox 595 755 2184 833; baseline -0.002 -20"><span class='ocrx_word' id='word_1_45' title='bbox 595 759 852 830; x_wconf 84' lang='lat' dir='ltr'><strong>justeque</strong></span> <span class='ocrx_word' id='word_1_46' title='bbox 881 758 1207 828; x_wconf 77' lang='lat' dir='ltr'><strong>neglexisset</strong></span> <span class='ocrx_word' id='word_1_47' title='bbox 1234 757 1455 833; x_wconf 27' lang='lat' dir='ltr'><strong>oboedire</strong></span> <span class='ocrx_word' id='word_1_48' title='bbox 1485 755 1757 821; x_wconf 88' lang='lat' dir='ltr'><strong>mandato,</strong></span> <span class='ocrx_word' id='word_1_49' title='bbox 1790 764 1913 829; x_wconf 87' lang='lat' dir='ltr'><strong>post</strong></span> <span class='ocrx_word' id='word_1_50' title='bbox 1955 764 2184 811; x_wconf 89' lang='lat' dir='ltr'><strong>mortem</strong></span> 
     </span>
    </p>
   </div>
   <div class='ocr_carea' id='block_1_9' title="bbox 599 847 2182 921">
    <p class='ocr_par' dir='ltr' id='par_1_9' title="bbox 599 847 2182 921">
     <span class='ocr_line' id='line_1_9' title="bbox 599 847 2182 921; baseline -0.003 -15"><span class='ocrx_word' id='word_1_51' title='bbox 599 852 790 906; x_wconf 69' lang='lat' dir='ltr'><strong>anima:</strong></span> <span class='ocrx_word' id='word_1_52' title='bbox 817 866 979 921; x_wconf 90' lang='lat' dir='ltr'><strong>quam</strong></span> <span class='ocrx_word' id='word_1_53' title='bbox 1009 849 1369 919; x_wconf 68' lang='lat' dir='ltr'><strong>delinquendi:</strong></span> <span class='ocrx_word' id='word_1_54' title='bbox 1398 849 1513 918; x_wconf 83' lang='lat' dir='ltr'><strong>ipse</strong></span> <span class='ocrx_word' id='word_1_55' title='bbox 1554 848 1653 902; x_wconf 84' lang='lat' dir='ltr'><strong>sibi</strong></span> <span class='ocrx_word' id='word_1_56' title='bbox 1675 847 1870 902; x_wconf 79' lang='lat' dir='ltr'><strong>noxius</strong></span> <span class='ocrx_word' id='word_1_57' title='bbox 1898 848 2182 913; x_wconf 84' lang='lat' dir='ltr'><strong>intulisset,</strong></span> 
     </span>
    </p>
   </div>
   <div class='ocr_carea' id='block_1_10' title="bbox 599 939 2187 1015">
    <p class='ocr_par' dir='ltr' id='par_1_10' title="bbox 599 939 2187 1015">
     <span class='ocr_line' id='line_1_10' title="bbox 599 939 2187 1015; baseline -0.003 -17"><span class='ocrx_word' id='word_1_58' title='bbox 599 945 762 999; x_wconf 88' lang='lat' dir='ltr'><strong>etiam</strong></span> <span class='ocrx_word' id='word_1_59' title='bbox 792 958 891 1015; x_wconf 89' lang='lat' dir='ltr'><strong>per</strong></span> <span class='ocrx_word' id='word_1_60' title='bbox 931 942 1176 1013; x_wconf 84' lang='lat' dir='ltr'><strong>corporis</strong></span> <span class='ocrx_word' id='word_1_61' title='bbox 1203 948 1433 995; x_wconf 87' lang='lat' dir='ltr'><strong>mortem</strong></span> <span class='ocrx_word' id='word_1_62' title='bbox 1472 939 1594 994; x_wconf 72' lang='lat' dir='ltr'><strong>vitze</strong></span> <span class='ocrx_word' id='word_1_63' title='bbox 1622 939 1901 1010; x_wconf 65' lang='lat' dir='ltr'><strong>praesentis</strong></span> <span class='ocrx_word' id='word_1_64' title='bbox 1928 939 2187 994; x_wconf 87' lang='lat' dir='ltr'><strong>multare-</strong></span> 
     </span>
    </p>
   </div>
   <div class='ocr_carea' id='block_1_11' title="bbox 599 1028 2187 1102">
    <p class='ocr_par' dir='ltr' id='par_1_11' title="bbox 599 1028 2187 1102">
     <span class='ocr_line' id='line_1_11' title="bbox 599 1028 2187 1102; baseline -0.001 -16"><span class='ocrx_word' id='word_1_65' title='bbox 599 1042 687 1086; x_wconf 87' lang='lat' dir='ltr'><strong>tur</strong></span> <span class='ocrx_word' id='word_1_66' title='bbox 707 1033 799 1101; x_wconf 87' lang='lat' dir='ltr'><strong>(at.</strong></span> <span class='ocrx_word' id='word_1_67' title='bbox 828 1031 1148 1102; x_wconf 85' lang='lat' dir='ltr'><strong>mutaretur)</strong></span> <span class='ocrx_word' id='word_1_68' title='bbox 1166 1028 1543 1093; x_wconf 89' lang='lat' dir='ltr'><strong>incommodo;</strong></span> <span class='ocrx_word' id='word_1_69' title='bbox 1574 1045 1677 1084; x_wconf 89' lang='lat' dir='ltr'><strong>nee</strong></span> <span class='ocrx_word' id='word_1_70' title='bbox 1705 1038 1892 1084; x_wconf 90' lang='lat' dir='ltr'><strong>tenere</strong></span> <span class='ocrx_word' id='word_1_71' title='bbox 1919 1029 2187 1087; x_wconf 82' lang='lat' dir='ltr'><strong>sineretur</strong></span> 
     </span>
    </p>
   </div>
   <div class='ocr_carea' id='block_1_12' title="bbox 520 1108 2187 1194">
    <p class='ocr_par' dir='ltr' id='par_1_12' title="bbox 520 1108 2187 1194">
     <span class='ocr_line' id='line_1_12' title="bbox 520 1108 2187 1194; baseline -0.001 -15"><span class='ocrx_word' id='word_1_72' title='bbox 520 1108 527 1126; x_wconf 54' lang='grc'><strong><em>³</em></strong></span> <span class='ocrx_word' id='word_1_73' title='bbox 594 1125 803 1194; x_wconf 77' lang='lat' dir='ltr'><strong>iugiter</strong></span> <span class='ocrx_word' id='word_1_74' title='bbox 823 1124 876 1179; x_wconf 93' lang='lat' dir='ltr'><strong>in</strong></span> <span class='ocrx_word' id='word_1_75' title='bbox 900 1139 1062 1179; x_wconf 89' lang='lat' dir='ltr'><strong>carne</strong></span> <span class='ocrx_word' id='word_1_76' title='bbox 1089 1122 1294 1193; x_wconf 83' lang='lat' dir='ltr'><strong>peccati</strong></span> <span class='ocrx_word' id='word_1_77' title='bbox 1335 1122 1695 1181; x_wconf 88' lang='lat' dir='ltr'><strong>damnabilem</strong></span> <span class='ocrx_word' id='word_1_78' title='bbox 1751 1122 1911 1176; x_wconf 88' lang='lat' dir='ltr'><strong>vitam</strong></span> <span class='ocrx_word' id='word_1_79' title='bbox 1959 1123 2048 1191; x_wconf 91' lang='lat' dir='ltr'><strong>qui</strong></span> <span class='ocrx_word' id='word_1_80' title='bbox 2086 1138 2187 1178; x_wconf 90' lang='lat' dir='ltr'><strong>no-</strong></span> 
     </span>
    </p>
   </div>
   <div class='ocr_carea' id='block_1_13' title="bbox 596 1214 2185 1285">
    <p class='ocr_par' dir='ltr' id='par_1_13' title="bbox 596 1214 2185 1285">
     <span class='ocr_line' id='line_1_13' title="bbox 596 1214 2185 1285; baseline 0 -16"><span class='ocrx_word' id='word_1_81' title='bbox 596 1215 781 1273; x_wconf 87' lang='lat' dir='ltr'><strong>luisset</strong></span> <span class='ocrx_word' id='word_1_82' title='bbox 811 1217 865 1270; x_wconf 93' lang='lat' dir='ltr'><strong>in</strong></span> <span class='ocrx_word' id='word_1_83' title='bbox 893 1216 1057 1272; x_wconf 91' lang='lat' dir='ltr'><strong>corde</strong></span> <span class='ocrx_word' id='word_1_84' title='bbox 1077 1229 1293 1269; x_wconf 88' lang='lat' dir='ltr'><strong>servare</strong></span> <span class='ocrx_word' id='word_1_85' title='bbox 1311 1214 1604 1282; x_wconf 88' lang='lat' dir='ltr'><strong>justitiam;</strong></span> <span class='ocrx_word' id='word_1_86' title='bbox 1628 1222 1881 1283; x_wconf 86' lang='lat' dir='ltr'><strong>essetque</strong></span> <span class='ocrx_word' id='word_1_87' title='bbox 1902 1215 2185 1285; x_wconf 71' lang='lat' dir='ltr'><strong>pmdaliter</strong></span> 
     </span>
    </p>
   </div>
   <div class='ocr_carea' id='block_1_14' title="bbox 598 1304 2181 1377">
    <p class='ocr_par' dir='ltr' id='par_1_14' title="bbox 598 1304 2181 1377">
     <span class='ocr_line' id='line_1_14' title="bbox 598 1304 2181 1377; baseline -0.001 -17"><span class='ocrx_word' id='word_1_88' title='bbox 598 1306 759 1360; x_wconf 89' lang='lat' dir='ltr'><strong>etiam</strong></span> <span class='ocrx_word' id='word_1_89' title='bbox 788 1320 1062 1377; x_wconf 66' lang='lat' dir='ltr'><strong>corporeae</strong></span> <span class='ocrx_word' id='word_1_90' title='bbox 1101 1305 1293 1360; x_wconf 86' lang='lat' dir='ltr'><strong>mortis</strong></span> <span class='ocrx_word' id='word_1_91' title='bbox 1321 1304 1573 1375; x_wconf 90' lang='lat' dir='ltr'><strong>deinceps</strong></span> <span class='ocrx_word' id='word_1_92' title='bbox 1601 1305 1924 1360; x_wconf 88' lang='lat' dir='ltr'><strong>necessitate</strong></span> <span class='ocrx_word' id='word_1_93' title='bbox 1953 1306 2181 1360; x_wconf 81' lang='lat' dir='ltr'><strong>constri-</strong></span> 
     </span>
    </p>
   </div>
   <div class='ocr_carea' id='block_1_15' title="bbox 595 1396 2178 1466">
    <p class='ocr_par' dir='ltr' id='par_1_15' title="bbox 595 1396 2178 1466">
     <span class='ocr_line' id='line_1_15' title="bbox 595 1396 2178 1466; baseline -0.003 -15"><span class='ocrx_word' id='word_1_94' title='bbox 595 1407 734 1461; x_wconf 84' lang='lat' dir='ltr'><strong>ctus,</strong></span> <span class='ocrx_word' id='word_1_95' title='bbox 756 1399 869 1466; x_wconf 88' lang='lat' dir='ltr'><strong>qui,</strong></span> <span class='ocrx_word' id='word_1_96' title='bbox 901 1396 1291 1453; x_wconf 90' lang='lat' dir='ltr'><strong>contumaciter</strong></span> <span class='ocrx_word' id='word_1_97' title='bbox 1314 1396 1552 1450; x_wconf 88' lang='lat' dir='ltr'><strong>salubria</strong></span> <span class='ocrx_word' id='word_1_98' title='bbox 1578 1396 1725 1465; x_wconf 89' lang='lat' dir='ltr'><strong>jussa</strong></span> <span class='ocrx_word' id='word_1_99' title='bbox 1759 1397 2178 1465; x_wconf 68' lang='lat' dir='ltr'><strong>transgrediens,</strong></span> 
     </span>
    </p>
   </div>
   <div class='ocr_carea' id='block_1_16' title="bbox 593 1487 2181 1561">
    <p class='ocr_par' dir='ltr' id='par_1_16' title="bbox 593 1487 2181 1561">
     <span class='ocr_line' id='line_1_16' title="bbox 593 1487 2181 1561; baseline -0.001 -19"><span class='ocrx_word' id='word_1_100' title='bbox 593 1487 821 1561; x_wconf 84' lang='lat' dir='ltr'><strong>spiritali</strong></span> <span class='ocrx_word' id='word_1_101' title='bbox 864 1488 1022 1542; x_wconf 85' lang='lat' dir='ltr'><strong>morti</strong></span> <span class='ocrx_word' id='word_1_102' title='bbox 1068 1495 1261 1556; x_wconf 89' lang='lat' dir='ltr'><strong>sponte</strong></span> <span class='ocrx_word' id='word_1_103' title='bbox 1309 1487 1498 1542; x_wconf 80' lang='lat' dir='ltr'><strong>fuisset</strong></span> <span class='ocrx_word' id='word_1_104' title='bbox 1543 1488 1829 1545; x_wconf 82' lang='lat' dir='ltr'><strong>obnoxius.</strong></span> <span class='ocrx_word' id='word_1_105' title='bbox 1880 1487 1991 1542; x_wconf 82' lang='lat' dir='ltr'><strong>Nisi</strong></span> <span class='ocrx_word' id='word_1_106' title='bbox 2036 1489 2181 1542; x_wconf 88' lang='lat' dir='ltr'><strong>enim</strong></span> 
     </span>
    </p>
   </div>
   <div class='ocr_carea' id='block_1_17' title="bbox 593 1578 2182 1647">
    <p class='ocr_par' dir='ltr' id='par_1_17' title="bbox 593 1578 2182 1647">
     <span class='ocr_line' id='line_1_17' title="bbox 593 1578 2182 1647; baseline -0.002 -13"><span class='ocrx_word' id='word_1_107' title='bbox 593 1578 953 1647; x_wconf 59' lang='lat' dir='ltr'><strong>praecessisset</strong></span> <span class='ocrx_word' id='word_1_108' title='bbox 982 1579 1036 1633; x_wconf 92' lang='lat' dir='ltr'><strong>in</strong></span> <span class='ocrx_word' id='word_1_109' title='bbox 1068 1585 1294 1647; x_wconf 89' lang='lat' dir='ltr'><strong>peccato</strong></span> <span class='ocrx_word' id='word_1_110' title='bbox 1325 1593 1470 1632; x_wconf 83' lang='lat' dir='ltr'><strong>mors</strong></span> <span class='ocrx_word' id='word_1_111' title='bbox 1507 1578 1717 1641; x_wconf 71' lang='lat' dir='ltr'><strong>animm,</strong></span> <span class='ocrx_word' id='word_1_112' title='bbox 1760 1592 2030 1646; x_wconf 85' lang='lat' dir='ltr'><strong>nunquam</strong></span> <span class='ocrx_word' id='word_1_113' title='bbox 2060 1594 2182 1631; x_wconf 79' lang='lat' dir='ltr'><strong>cor—</strong></span> 
     </span>
    </p>
   </div>
   <div class='ocr_carea' id='block_1_18' title="bbox 591 1669 2177 1743">
    <p class='ocr_par' dir='ltr' id='par_1_18' title="bbox 591 1669 2177 1743">
     <span class='ocr_line' id='line_1_18' title="bbox 591 1669 2177 1743; baseline 0 -19"><span class='ocrx_word' id='word_1_114' title='bbox 591 1671 739 1742; x_wconf 89' lang='lat' dir='ltr'><strong>poris</strong></span> <span class='ocrx_word' id='word_1_115' title='bbox 767 1687 913 1726; x_wconf 91' lang='lat' dir='ltr'><strong>mors</strong></span> <span class='ocrx_word' id='word_1_116' title='bbox 952 1672 1003 1725; x_wconf 91' lang='lat' dir='ltr'><strong>in</strong></span> <span class='ocrx_word' id='word_1_117' title='bbox 1054 1670 1321 1742; x_wconf 87' lang='lat' dir='ltr'><strong>supplicio</strong></span> <span class='ocrx_word' id='word_1_118' title='bbox 1348 1679 1683 1739; x_wconf 82' lang='lat' dir='ltr'><strong>sequeretur.</strong></span> <span class='ocrx_word' id='word_1_119' title='bbox 1736 1669 1851 1724; x_wconf 89' lang='lat' dir='ltr'><strong>lloc</strong></span> <span class='ocrx_word' id='word_1_120' title='bbox 1883 1669 2177 1743; x_wconf 87' lang='lat' dir='ltr'><strong>apostolica</strong></span> 
     </span>
    </p>
   </div>
   <div class='ocr_carea' id='block_1_19' title="bbox 590 1758 2176 1832">
    <p class='ocr_par' dir='ltr' id='par_1_19' title="bbox 590 1758 2176 1832">
     <span class='ocr_line' id='line_1_19' title="bbox 590 1758 2176 1832; baseline 0 -19"><span class='ocrx_word' id='word_1_121' title='bbox 590 1760 750 1815; x_wconf 90' lang='lat' dir='ltr'><strong>docet</strong></span> <span class='ocrx_word' id='word_1_122' title='bbox 791 1760 1086 1815; x_wconf 85' lang='lat' dir='ltr'><strong>auctoritas</strong></span> <span class='ocrx_word' id='word_1_123' title='bbox 1113 1774 1234 1828; x_wconf 73' lang='lat' dir='ltr'><strong>qum</strong></span> <span class='ocrx_word' id='word_1_124' title='bbox 1282 1760 1358 1814; x_wconf 85' lang='lat' dir='ltr'><strong>ait</strong></span> <span class='ocrx_word' id='word_1_125' title='bbox 1390 1758 1627 1832; x_wconf 78' lang='lat' dir='ltr'><strong>:Corpus</strong></span> <span class='ocrx_word' id='word_1_126' title='bbox 1670 1761 1871 1830; x_wconf 80' lang='lat' dir='ltr'><strong>quidem</strong></span> <span class='ocrx_word' id='word_1_127' title='bbox 1918 1768 2176 1815; x_wconf 82' lang='lat' dir='ltr'><strong>mortuum</strong></span> 
     </span>
    </p>
   </div>
   <div class='ocr_carea' id='block_1_20' title="bbox 2289 565 3889 660">
    <p class='ocr_par' dir='ltr' id='par_1_20' title="bbox 2289 565 3889 660">
     <span class='ocr_line' id='line_1_20' title="bbox 2289 565 3889 660; baseline 0.01 -27"><span class='ocrx_word' id='word_1_128' title='bbox 2289 596 2399 644; x_wconf 71' lang='grc' dir='ltr'><strong>ην,</strong></span> <span class='ocrx_word' id='word_1_129' title='bbox 2429 582 2481 647; x_wconf 81' lang='lat' dir='ltr'><strong>l)</strong></span> <span class='ocrx_word' id='word_1_130' title='bbox 2518 601 2531 636; x_wconf 87' lang='lat'><strong>:</strong></span> <span class='ocrx_word' id='word_1_131' title='bbox 2563 574 2684 653; x_wconf 80' lang='lat' dir='ltr'><strong>qua:</strong></span> <span class='ocrx_word' id='word_1_132' title='bbox 2712 583 2779 638; x_wconf 89' lang='lat' dir='ltr'><strong>ad</strong></span> <span class='ocrx_word' id='word_1_133' title='bbox 2804 565 3115 642; x_wconf 69' lang='lat' dir='ltr'><strong>secundam</strong></span> <span class='ocrx_word' id='word_1_134' title='bbox 3152 603 3378 660; x_wconf 88' lang='lat' dir='ltr'><strong>quoque</strong></span> <span class='ocrx_word' id='word_1_135' title='bbox 3402 565 3683 646; x_wconf 28' lang='lat' dir='ltr'><strong>Vmortem</strong></span> <span class='ocrx_word' id='word_1_136' title='bbox 3728 565 3889 649; x_wconf 78' lang='lat' dir='ltr'><strong>natum</strong></span> 
     </span>
    </p>
   </div>
   <div class='ocr_carea' id='block_1_21' title="bbox 2286 673 3889 751">
    <p class='ocr_par' dir='ltr' id='par_1_21' title="bbox 2286 673 3889 751">
     <span class='ocr_line' id='line_1_21' title="bbox 2286 673 3889 751; baseline 0.012 -26"><span class='ocrx_word' id='word_1_137' title='bbox 2286 673 2589 729; x_wconf 89' lang='lat' dir='ltr'><strong>mortaliter</strong></span> <span class='ocrx_word' id='word_1_138' title='bbox 2640 675 2897 741; x_wconf 91' lang='lat' dir='ltr'><strong>traheret,</strong></span> <span class='ocrx_word' id='word_1_139' title='bbox 2945 677 2991 732; x_wconf 93' lang='lat' dir='ltr'><strong>si</strong></span> <span class='ocrx_word' id='word_1_140' title='bbox 3040 693 3199 748; x_wconf 88' lang='lat' dir='ltr'><strong>quem</strong></span> <span class='ocrx_word' id='word_1_141' title='bbox 3249 681 3506 737; x_wconf 90' lang='lat' dir='ltr'><strong>alienum</strong></span> <span class='ocrx_word' id='word_1_142' title='bbox 3540 698 3572 736; x_wconf 87' lang='lat' dir='ltr'><strong>a</strong></span> <span class='ocrx_word' id='word_1_143' title='bbox 3616 684 3788 751; x_wconf 80' lang='lat' dir='ltr'><strong>gratia</strong></span> <span class='ocrx_word' id='word_1_144' title='bbox 3812 685 3889 745; x_wconf 76' lang='lat' dir='ltr'><strong>Dei</strong></span> 
     </span>
    </p>
   </div>
   <div class='ocr_carea' id='block_1_22' title="bbox 2286 762 3860 837">
    <p class='ocr_par' dir='ltr' id='par_1_22' title="bbox 2286 762 3860 837">
     <span class='ocr_line' id='line_1_22' title="bbox 2286 762 3860 837; baseline 0.01 -22"><span class='ocrx_word' id='word_1_145' title='bbox 2286 762 2644 835; x_wconf 89' lang='lat' dir='ltr'><strong>redemptoris</strong></span> <span class='ocrx_word' id='word_1_146' title='bbox 2670 766 2794 821; x_wconf 80' lang='lat' dir='ltr'><strong>vita:</strong></span> <span class='ocrx_word' id='word_1_147' title='bbox 2823 767 2981 837; x_wconf 88' lang='lat' dir='ltr'><strong>hujus</strong></span> <span class='ocrx_word' id='word_1_148' title='bbox 3008 770 3329 827; x_wconf 89' lang='lat' dir='ltr'><strong>miserabilis</strong></span> <span class='ocrx_word' id='word_1_149' title='bbox 3360 772 3563 827; x_wconf 82' lang='lat' dir='ltr'><strong>obitus</strong></span> <span class='ocrx_word' id='word_1_150' title='bbox 3587 773 3860 831; x_wconf 72' lang='lat' dir='ltr'><strong>inveniret.</strong></span> 
     </span>
    </p>
   </div>
   <div class='ocr_carea' id='block_1_23' title="bbox 2357 852 3887 938">
    <p class='ocr_par' dir='ltr' id='par_1_23' title="bbox 2357 852 3887 938">
     <span class='ocr_line' id='line_1_23' title="bbox 2357 852 3887 938; baseline 0.01 -33"><span class='ocrx_word' id='word_1_151' title='bbox 2357 852 2447 906; x_wconf 70' lang='lat'><strong>27.</strong></span> <span class='ocrx_word' id='word_1_152' title='bbox 2483 852 2551 909; x_wconf 93' lang='lat' dir='ltr'><strong>Ut</strong></span> <span class='ocrx_word' id='word_1_153' title='bbox 2594 869 2724 925; x_wconf 83' lang='lat' dir='ltr'><strong>ergo</strong></span> <span class='ocrx_word' id='word_1_154' title='bbox 2766 859 2975 927; x_wconf 88' lang='lat' dir='ltr'><strong>peccati</strong></span> <span class='ocrx_word' id='word_1_155' title='bbox 3022 859 3300 929; x_wconf 83' lang='lat' dir='ltr'><strong>originalis</strong></span> <span class='ocrx_word' id='word_1_156' title='bbox 3348 863 3616 929; x_wconf 88' lang='lat' dir='ltr'><strong>vinculo,</strong></span> <span class='ocrx_word' id='word_1_157' title='bbox 3664 878 3771 933; x_wconf 91' lang='lat' dir='ltr'><strong>quo</strong></span> <span class='ocrx_word' id='word_1_158' title='bbox 3809 883 3887 938; x_wconf 83' lang='lat' dir='ltr'><strong>per</strong></span> 
     </span>
    </p>
   </div>
   <div class='ocr_carea' id='block_1_24' title="bbox 2286 942 3888 1020">
    <p class='ocr_par' dir='ltr' id='par_1_24' title="bbox 2286 942 3888 1020">
     <span class='ocr_line' id='line_1_24' title="bbox 2286 942 3888 1020; baseline 0.009 -25"><span class='ocrx_word' id='word_1_159' title='bbox 2286 942 2559 999; x_wconf 82' lang='lat' dir='ltr'><strong>hominem</strong></span> <span class='ocrx_word' id='word_1_160' title='bbox 2605 946 2837 1020; x_wconf 85' lang='lat' dir='ltr'><strong>primum</strong></span> <span class='ocrx_word' id='word_1_161' title='bbox 2888 948 3209 1004; x_wconf 82' lang='lat' dir='ltr'><strong>tenebamur</strong></span> <span class='ocrx_word' id='word_1_162' title='bbox 3250 951 3556 1016; x_wconf 87' lang='lat' dir='ltr'><strong>obstricti,</strong></span> <span class='ocrx_word' id='word_1_163' title='bbox 3603 954 3888 1011; x_wconf 80' lang='lat' dir='ltr'><strong>miserantis</strong></span> 
     </span>
    </p>
   </div>
   <div class='ocr_carea' id='block_1_25' title="bbox 2285 1031 3883 1103">
    <p class='ocr_par' dir='ltr' id='par_1_25' title="bbox 2285 1031 3883 1103">
     <span class='ocr_line' id='line_1_25' title="bbox 2285 1031 3883 1103; baseline 0.008 -17"><span class='ocrx_word' id='word_1_164' title='bbox 2285 1031 2380 1087; x_wconf 88' lang='lat' dir='ltr'><strong>Dei</strong></span> <span class='ocrx_word' id='word_1_165' title='bbox 2408 1035 2577 1103; x_wconf 77' lang='lat' dir='ltr'><strong>gratia</strong></span> <span class='ocrx_word' id='word_1_166' title='bbox 2626 1036 2986 1101; x_wconf 88' lang='lat' dir='ltr'><strong>solveremur,</strong></span> <span class='ocrx_word' id='word_1_167' title='bbox 3026 1056 3158 1095; x_wconf 86' lang='lat' dir='ltr'><strong>unus</strong></span> <span class='ocrx_word' id='word_1_168' title='bbox 3187 1043 3401 1097; x_wconf 76' lang='lat' dir='ltr'><strong>exstitit</strong></span> <span class='ocrx_word' id='word_1_169' title='bbox 3431 1044 3707 1098; x_wconf 77' lang='lat' dir='ltr'><strong>mediator</strong></span> <span class='ocrx_word' id='word_1_170' title='bbox 3732 1044 3826 1099; x_wconf 79' lang='lat' dir='ltr'><strong>Dei</strong></span> <span class='ocrx_word' id='word_1_171' title='bbox 3841 1059 3883 1100; x_wconf 84' lang='lat' dir='ltr'><strong>ct</strong></span> 
     </span>
    </p>
   </div>
   <div class='ocr_carea' id='block_1_26' title="bbox 2286 1121 3885 1202">
    <p class='ocr_par' dir='ltr' id='par_1_26' title="bbox 2286 1121 3885 1202">
     <span class='ocr_line' id='line_1_26' title="bbox 2286 1121 3885 1202; baseline 0.008 -28"><span class='ocrx_word' id='word_1_172' title='bbox 2286 1121 2567 1187; x_wconf 78' lang='lat' dir='ltr'><strong>hominum,</strong></span> <span class='ocrx_word' id='word_1_173' title='bbox 2617 1123 2773 1179; x_wconf 82' lang='lat' dir='ltr'><strong>homo</strong></span> <span class='ocrx_word' id='word_1_174' title='bbox 2799 1124 3037 1181; x_wconf 76' lang='lat' dir='ltr'><strong>Christus</strong></span> <span class='ocrx_word' id='word_1_175' title='bbox 3076 1126 3230 1184; x_wconf 75' lang='lat' dir='ltr'><strong>Iesus</strong></span> <span class='ocrx_word' id='word_1_176' title='bbox 3269 1128 3322 1202; x_wconf 86' lang='grc'><strong>(1</strong></span> <span class='ocrx_word' id='word_1_177' title='bbox 3362 1130 3515 1186; x_wconf 80' lang='lat' dir='ltr'><strong>Tim.</strong></span> <span class='ocrx_word' id='word_1_178' title='bbox 3554 1147 3614 1197; x_wconf 84' lang='lat' dir='ltr'><strong>tt,</strong></span> <span class='ocrx_word' id='word_1_179' title='bbox 3647 1131 3725 1201; x_wconf 82' lang='lat'><strong>5).</strong></span> <span class='ocrx_word' id='word_1_180' title='bbox 3770 1133 3885 1187; x_wconf 75' lang='lat' dir='ltr'><strong>Nam</strong></span> 
     </span>
    </p>
   </div>
   <div class='ocr_carea' id='block_1_27' title="bbox 2284 1211 3882 1287">
    <p class='ocr_par' dir='ltr' id='par_1_27' title="bbox 2284 1211 3882 1287">
     <span class='ocr_line' id='line_1_27' title="bbox 2284 1211 3882 1287; baseline 0.007 -22"><span class='ocrx_word' id='word_1_181' title='bbox 2284 1212 2410 1280; x_wconf 91' lang='lat' dir='ltr'><strong>quia</strong></span> <span class='ocrx_word' id='word_1_182' title='bbox 2442 1211 2582 1268; x_wconf 88' lang='lat' dir='ltr'><strong>Deus</strong></span> <span class='ocrx_word' id='word_1_183' title='bbox 2628 1213 2948 1273; x_wconf 87' lang='lat' dir='ltr'><strong>immortalis</strong></span> <span class='ocrx_word' id='word_1_184' title='bbox 2988 1225 3046 1272; x_wconf 92' lang='lat' dir='ltr'><strong>et</strong></span> <span class='ocrx_word' id='word_1_185' title='bbox 3068 1216 3250 1287; x_wconf 89' lang='lat' dir='ltr'><strong>justus</strong></span> <span class='ocrx_word' id='word_1_186' title='bbox 3289 1228 3399 1281; x_wconf 85' lang='lat' dir='ltr'><strong>est.</strong></span> <span class='ocrx_word' id='word_1_187' title='bbox 3438 1236 3551 1275; x_wconf 87' lang='lat' dir='ltr'><strong>nos</strong></span> <span class='ocrx_word' id='word_1_188' title='bbox 3580 1229 3761 1276; x_wconf 87' lang='lat' dir='ltr'><strong>autem</strong></span> <span class='ocrx_word' id='word_1_189' title='bbox 3798 1223 3882 1277; x_wconf 83' lang='lat' dir='ltr'><strong>ini-</strong></span> 
     </span>
    </p>
   </div>
   <div class='ocr_carea' id='block_1_28' title="bbox 2283 1304 3880 1380">
    <p class='ocr_par' dir='ltr' id='par_1_28' title="bbox 2283 1304 3880 1380">
     <span class='ocr_line' id='line_1_28' title="bbox 2283 1304 3880 1380; baseline 0.009 -25"><span class='ocrx_word' id='word_1_190' title='bbox 2283 1317 2422 1370; x_wconf 89' lang='lat' dir='ltr'><strong>quos</strong></span> <span class='ocrx_word' id='word_1_191' title='bbox 2449 1312 2505 1357; x_wconf 89' lang='lat' dir='ltr'><strong>et</strong></span> <span class='ocrx_word' id='word_1_192' title='bbox 2534 1304 2794 1359; x_wconf 88' lang='lat' dir='ltr'><strong>mortales</strong></span> <span class='ocrx_word' id='word_1_193' title='bbox 2824 1307 2987 1377; x_wconf 82' lang='lat' dir='ltr'><strong>primi</strong></span> <span class='ocrx_word' id='word_1_194' title='bbox 3011 1309 3241 1365; x_wconf 84' lang='lat' dir='ltr'><strong>hominis</strong></span> <span class='ocrx_word' id='word_1_195' title='bbox 3269 1313 3653 1380; x_wconf 82' lang='lat' dir='ltr'><strong>transgressio</strong></span> <span class='ocrx_word' id='word_1_196' title='bbox 3684 1314 3880 1377; x_wconf 79' lang='lat' dir='ltr'><strong>iecerat,</strong></span> 
     </span>
    </p>
   </div>
   <div class='ocr_carea' id='block_1_29' title="bbox 2284 1397 3874 1471">
    <p class='ocr_par' dir='ltr' id='par_1_29' title="bbox 2284 1397 3874 1471">
     <span class='ocr_line' id='line_1_29' title="bbox 2284 1397 3874 1471; baseline 0.008 -23"><span class='ocrx_word' id='word_1_197' title='bbox 2284 1409 2344 1448; x_wconf 82' lang='lat' dir='ltr'><strong>ut</strong></span> <span class='ocrx_word' id='word_1_198' title='bbox 2371 1408 2608 1463; x_wconf 83' lang='lat' dir='ltr'><strong>congrua</strong></span> <span class='ocrx_word' id='word_1_199' title='bbox 2651 1398 2848 1454; x_wconf 87' lang='lat' dir='ltr'><strong>nostris</strong></span> <span class='ocrx_word' id='word_1_200' title='bbox 2887 1397 3236 1456; x_wconf 84' lang='lat' dir='ltr'><strong>adhiberetur</strong></span> <span class='ocrx_word' id='word_1_201' title='bbox 3282 1402 3513 1457; x_wconf 84' lang='lat' dir='ltr'><strong>medela</strong></span> <span class='ocrx_word' id='word_1_202' title='bbox 3557 1405 3874 1471; x_wconf 86' lang='lat' dir='ltr'><strong>vulneribus,</strong></span> 
     </span>
    </p>
   </div>
   <div class='ocr_carea' id='block_1_30' title="bbox 2283 1486 3877 1566">
    <p class='ocr_par' dir='ltr' id='par_1_30' title="bbox 2283 1486 3877 1566">
     <span class='ocr_line' id='line_1_30' title="bbox 2283 1486 3877 1566; baseline 0.008 -27"><span class='ocrx_word' id='word_1_203' title='bbox 2283 1493 2441 1539; x_wconf 90' lang='lat' dir='ltr'><strong>natus</strong></span> <span class='ocrx_word' id='word_1_204' title='bbox 2467 1495 2552 1541; x_wconf 88' lang='lat' dir='ltr'><strong>est</strong></span> <span class='ocrx_word' id='word_1_205' title='bbox 2573 1486 2647 1543; x_wconf 85' lang='lat' dir='ltr'><strong>&#39;de</strong></span> <span class='ocrx_word' id='word_1_206' title='bbox 2677 1488 2895 1543; x_wconf 90' lang='lat' dir='ltr'><strong>homine</strong></span> <span class='ocrx_word' id='word_1_207' title='bbox 2943 1490 3106 1545; x_wconf 90' lang='lat' dir='ltr'><strong>homo</strong></span> <span class='ocrx_word' id='word_1_208' title='bbox 3138 1490 3470 1563; x_wconf 80' lang='lat' dir='ltr'><strong>Unigenitus</strong></span> <span class='ocrx_word' id='word_1_209' title='bbox 3502 1492 3671 1557; x_wconf 87' lang='lat' dir='ltr'><strong>Deus,</strong></span> <span class='ocrx_word' id='word_1_210' title='bbox 3711 1495 3795 1566; x_wconf 88' lang='lat' dir='ltr'><strong>qui</strong></span> <span class='ocrx_word' id='word_1_211' title='bbox 3819 1497 3877 1551; x_wconf 88' lang='lat' dir='ltr'><strong>de</strong></span> 
     </span>
    </p>
   </div>
   <div class='ocr_carea' id='block_1_31' title="bbox 2285 1574 3876 1650">
    <p class='ocr_par' dir='ltr' id='par_1_31' title="bbox 2285 1574 3876 1650">
     <span class='ocr_line' id='line_1_31' title="bbox 2285 1574 3876 1650; baseline 0.008 -24"><span class='ocrx_word' id='word_1_212' title='bbox 2285 1574 2446 1628; x_wconf 79' lang='lat' dir='ltr'><strong>Patre</strong></span> <span class='ocrx_word' id='word_1_213' title='bbox 2475 1584 2633 1631; x_wconf 88' lang='lat' dir='ltr'><strong>natus</strong></span> <span class='ocrx_word' id='word_1_214' title='bbox 2664 1586 2749 1631; x_wconf 88' lang='lat' dir='ltr'><strong>est</strong></span> <span class='ocrx_word' id='word_1_215' title='bbox 2777 1578 3099 1635; x_wconf 87' lang='lat' dir='ltr'><strong>immortalis</strong></span> <span class='ocrx_word' id='word_1_216' title='bbox 3124 1589 3180 1635; x_wconf 91' lang='lat' dir='ltr'><strong>et</strong></span> <span class='ocrx_word' id='word_1_217' title='bbox 3204 1581 3407 1650; x_wconf 89' lang='lat' dir='ltr'><strong>justus.</strong></span> <span class='ocrx_word' id='word_1_218' title='bbox 3446 1581 3556 1637; x_wconf 89' lang='lat' dir='ltr'><strong>llic</strong></span> <span class='ocrx_word' id='word_1_219' title='bbox 3587 1584 3644 1638; x_wconf 91' lang='lat' dir='ltr'><strong>in</strong></span> <span class='ocrx_word' id='word_1_220' title='bbox 3670 1583 3876 1639; x_wconf 77' lang='lat' dir='ltr'><strong>lmmana</strong></span> 
     </span>
    </p>
   </div>
   <div class='ocr_carea' id='block_1_32' title="bbox 2283 1668 3873 1741">
    <p class='ocr_par' dir='ltr' id='par_1_32' title="bbox 2283 1668 3873 1741">
     <span class='ocr_line' id='line_1_32' title="bbox 2283 1668 3873 1741; baseline 0.004 -19"><span class='ocrx_word' id='word_1_221' title='bbox 2283 1674 2499 1734; x_wconf 72' lang='lat' dir='ltr'><strong>natura,</strong></span> <span class='ocrx_word' id='word_1_222' title='bbox 2531 1668 2582 1721; x_wconf 92' lang='lat' dir='ltr'><strong>in</strong></span> <span class='ocrx_word' id='word_1_223' title='bbox 2607 1683 2711 1739; x_wconf 91' lang='lat' dir='ltr'><strong>qua</strong></span> <span class='ocrx_word' id='word_1_224' title='bbox 2741 1670 3009 1727; x_wconf 86' lang='lat' dir='ltr'><strong>mediator</strong></span> <span class='ocrx_word' id='word_1_225' title='bbox 3034 1670 3127 1727; x_wconf 87' lang='lat' dir='ltr'><strong>Dei</strong></span> <span class='ocrx_word' id='word_1_226' title='bbox 3157 1683 3212 1728; x_wconf 92' lang='lat' dir='ltr'><strong>et</strong></span> <span class='ocrx_word' id='word_1_227' title='bbox 3241 1674 3537 1730; x_wconf 88' lang='lat' dir='ltr'><strong>hominum</strong></span> <span class='ocrx_word' id='word_1_228' title='bbox 3581 1674 3751 1732; x_wconf 81' lang='lat' dir='ltr'><strong>factus</strong></span> <span class='ocrx_word' id='word_1_229' title='bbox 3786 1688 3873 1741; x_wconf 88' lang='lat' dir='ltr'><strong>est,</strong></span> 
     </span>
    </p>
   </div>
   <div class='ocr_carea' id='block_1_33' title="bbox 2280 1750 3874 1840">
    <p class='ocr_par' dir='ltr' id='par_1_33' title="bbox 2280 1750 3874 1840">
     <span class='ocr_line' id='line_1_33' title="bbox 2280 1750 3874 1840; baseline 0.007 -29"><span class='ocrx_word' id='word_1_230' title='bbox 2280 1759 2544 1828; x_wconf 85' lang='lat' dir='ltr'><strong>justitiam</strong></span> <span class='ocrx_word' id='word_1_231' title='bbox 2578 1761 2768 1820; x_wconf 85' lang='lat' dir='ltr'><strong>habuit</strong></span> <span class='ocrx_word' id='word_1_232' title='bbox 2795 1778 2865 1817; x_wconf 83' lang='lat' dir='ltr'><strong>ex</strong></span> <span class='ocrx_word' id='word_1_233' title='bbox 2884 1762 3069 1830; x_wconf 80' lang='lat' dir='ltr'><strong>Patre,</strong></span> <span class='ocrx_word' id='word_1_234' title='bbox 3098 1750 3329 1821; x_wconf 79' lang='lat' dir='ltr'><strong>munem</strong></span> <span class='ocrx_word' id='word_1_235' title='bbox 3361 1783 3436 1821; x_wconf 84' lang='lat' dir='ltr'><strong>ex</strong></span> <span class='ocrx_word' id='word_1_236' title='bbox 3469 1776 3685 1831; x_wconf 89' lang='lat' dir='ltr'><strong>matre;</strong></span> <span class='ocrx_word' id='word_1_237' title='bbox 3718 1776 3771 1822; x_wconf 90' lang='lat' dir='ltr'><strong>ut</strong></span> <span class='ocrx_word' id='word_1_238' title='bbox 3796 1786 3874 1840; x_wconf 82' lang='lat' dir='ltr'><strong>per</strong></span> 
     </span>
    </p>
   </div>
   <div class='ocr_carea' id='block_1_34' title="bbox 588 1850 3867 1927">
    <p class='ocr_par' dir='ltr' id='par_1_34' title="bbox 588 1850 3867 1927">
     <span class='ocr_line' id='line_1_34' title="bbox 588 1850 3867 1927; baseline 0.002 -21"><span class='ocrx_word' id='word_1_239' title='bbox 588 1860 666 1906; x_wconf 79' lang='lat' dir='ltr'><strong>est</strong></span> <span class='ocrx_word' id='word_1_240' title='bbox 693 1861 901 1922; x_wconf 81' lang='lat' dir='ltr'><strong>propter</strong></span> <span class='ocrx_word' id='word_1_241' title='bbox 925 1860 1189 1921; x_wconf 82' lang='lat' dir='ltr'><strong>peccatum</strong></span> <span class='ocrx_word' id='word_1_242' title='bbox 1208 1850 1386 1917; x_wconf 82' lang='lat' dir='ltr'><strong>(Rom.</strong></span> <span class='ocrx_word' id='word_1_243' title='bbox 1417 1869 1527 1917; x_wconf 85' lang='lat' dir='ltr'><strong>vm,</strong></span> <span class='ocrx_word' id='word_1_244' title='bbox 1559 1852 1668 1923; x_wconf 80' lang='lat' dir='ltr'><strong>lli).</strong></span> <span class='ocrx_word' id='word_1_245' title='bbox 1688 1852 1813 1907; x_wconf 81' lang='lat' dir='ltr'><strong>[deo</strong></span> <span class='ocrx_word' id='word_1_246' title='bbox 1837 1861 1958 1922; x_wconf 91' lang='lat' dir='ltr'><strong>post</strong></span> <span class='ocrx_word' id='word_1_247' title='bbox 1982 1866 2175 1922; x_wconf 88' lang='lat' dir='ltr'><strong>pecca-</strong></span> <span class='ocrx_word' id='word_1_248' title='bbox 2208 1856 2255 1915; x_wconf 89' lang='lat' dir='ltr'><strong>B</strong></span> <span class='ocrx_word' id='word_1_249' title='bbox 2285 1852 2458 1920; x_wconf 88' lang='lat' dir='ltr'><strong>ipsum</strong></span> <span class='ocrx_word' id='word_1_250' title='bbox 2502 1851 2853 1908; x_wconf 80' lang='lat' dir='ltr'><strong>liberaremur</strong></span> <span class='ocrx_word' id='word_1_251' title='bbox 2899 1854 2967 1911; x_wconf 84' lang='lat' dir='ltr'><strong>ab</strong></span> <span class='ocrx_word' id='word_1_252' title='bbox 2996 1856 3142 1910; x_wconf 90' lang='lat' dir='ltr'><strong>omni</strong></span> <span class='ocrx_word' id='word_1_253' title='bbox 3190 1866 3445 1926; x_wconf 88' lang='lat' dir='ltr'><strong>peccato,</strong></span> <span class='ocrx_word' id='word_1_254' title='bbox 3488 1858 3585 1927; x_wconf 82' lang='lat' dir='ltr'><strong>qui</strong></span> <span class='ocrx_word' id='word_1_255' title='bbox 3615 1867 3867 1927; x_wconf 85' lang='lat' dir='ltr'><strong>peccatum</strong></span> 
     </span>
    </p>
   </div>
   <div class='ocr_carea' id='block_1_35' title="bbox 588 1944 2179 2014">
    <p class='ocr_par' dir='ltr' id='par_1_35' title="bbox 588 1944 2179 2014">
     <span class='ocr_line' id='line_1_35' title="bbox 588 1944 2179 2014; baseline 0 -18"><span class='ocrx_word' id='word_1_256' title='bbox 588 1953 704 1998; x_wconf 86' lang='lat' dir='ltr'><strong>tum</strong></span> <span class='ocrx_word' id='word_1_257' title='bbox 738 1945 1037 2001; x_wconf 80' lang='lat' dir='ltr'><strong>voluntaria</strong></span> <span class='ocrx_word' id='word_1_258' title='bbox 1092 1944 1533 2014; x_wconf 65' lang='lat' dir='ltr'><strong>praevaricatione</strong></span> <span class='ocrx_word' id='word_1_259' title='bbox 1572 1945 1916 1999; x_wconf 88' lang='lat' dir='ltr'><strong>commissum</strong></span> <span class='ocrx_word' id='word_1_260' title='bbox 1957 1951 2179 1999; x_wconf 63' lang='lat' dir='ltr'><strong>sentem</strong></span> 
     </span>
    </p>
   </div>
   <div class='ocr_carea' id='block_1_36' title="bbox 589 2032 2179 2107">
    <p class='ocr_par' dir='ltr' id='par_1_36' title="bbox 589 2032 2179 2107">
     <span class='ocr_line' id='line_1_36' title="bbox 589 2032 2179 2107; baseline 0.001 -21"><span class='ocrx_word' id='word_1_261' title='bbox 589 2034 720 2087; x_wconf 90' lang='lat' dir='ltr'><strong>tiam</strong></span> <span class='ocrx_word' id='word_1_262' title='bbox 760 2032 853 2088; x_wconf 89' lang='lat' dir='ltr'><strong>Dei</strong></span> <span class='ocrx_word' id='word_1_263' title='bbox 882 2034 1151 2107; x_wconf 87' lang='lat' dir='ltr'><strong>punientis</strong></span> <span class='ocrx_word' id='word_1_264' title='bbox 1179 2035 1284 2090; x_wconf 92' lang='lat' dir='ltr'><strong>hoc</strong></span> <span class='ocrx_word' id='word_1_265' title='bbox 1313 2034 1498 2088; x_wconf 89' lang='lat' dir='ltr'><strong>audire</strong></span> <span class='ocrx_word' id='word_1_266' title='bbox 1538 2034 1734 2086; x_wconf 90' lang='lat' dir='ltr'><strong>meruit</strong></span> <span class='ocrx_word' id='word_1_267' title='bbox 1760 2048 2010 2087; x_wconf 88' lang='lat' dir='ltr'><strong>sermone</strong></span> <span class='ocrx_word' id='word_1_268' title='bbox 2052 2048 2179 2102; x_wconf 88' lang='lat' dir='ltr'><strong>pec-</strong></span> 
     </span>
    </p>
   </div>
   <div class='ocr_carea' id='block_1_37' title="bbox 588 2121 2174 2193">
    <p class='ocr_par' dir='ltr' id='par_1_37' title="bbox 588 2121 2174 2193">
     <span class='ocr_line' id='line_1_37' title="bbox 588 2121 2174 2193; baseline -0.003 -15"><span class='ocrx_word' id='word_1_269' title='bbox 588 2132 783 2178; x_wconf 86' lang='lat' dir='ltr'><strong>cator:</strong></span> <span class='ocrx_word' id='word_1_270' title='bbox 815 2122 975 2176; x_wconf 85' lang='lat' dir='ltr'><strong>Terra</strong></span> <span class='ocrx_word' id='word_1_271' title='bbox 1011 2139 1095 2188; x_wconf 88' lang='lat' dir='ltr'><strong>es,</strong></span> <span class='ocrx_word' id='word_1_272' title='bbox 1147 2133 1196 2175; x_wconf 88' lang='lat' dir='ltr'><strong>et</strong></span> <span class='ocrx_word' id='word_1_273' title='bbox 1242 2124 1293 2177; x_wconf 92' lang='lat' dir='ltr'><strong>in</strong></span> <span class='ocrx_word' id='word_1_274' title='bbox 1326 2132 1517 2175; x_wconf 87' lang='lat' dir='ltr'><strong>terram</strong></span> <span class='ocrx_word' id='word_1_275' title='bbox 1558 2121 1653 2175; x_wconf 84' lang='lat' dir='ltr'><strong>ibis</strong></span> <span class='ocrx_word' id='word_1_276' title='bbox 1702 2121 1913 2190; x_wconf 69' lang='lat' dir='ltr'><strong>(Cenes.</strong></span> <span class='ocrx_word' id='word_1_277' title='bbox 1957 2122 2174 2193; x_wconf 73' lang='lat'><strong>111,19).</strong></span> 
     </span>
    </p>
   </div>
   <div class='ocr_carea' id='block_1_38' title="bbox 542 2210 2178 2284">
    <p class='ocr_par' dir='ltr' id='par_1_38' title="bbox 542 2210 2178 2284">
     <span class='ocr_line' id='line_1_38' title="bbox 542 2210 2178 2284; baseline 0.001 -16"><span class='ocrx_word' id='word_1_278' title='bbox 542 2264 550 2274; x_wconf 90' lang='grc'><em>,</em></span> <span class='ocrx_word' id='word_1_279' title='bbox 590 2210 766 2268; x_wconf 78' lang='grc' dir='ltr'><strong>Ηόιιιο</strong></span> <span class='ocrx_word' id='word_1_280' title='bbox 796 2213 955 2281; x_wconf 76' lang='lat' dir='ltr'><strong>igitur</strong></span> <span class='ocrx_word' id='word_1_281' title='bbox 999 2213 1055 2271; x_wconf 89' lang='lat' dir='ltr'><strong>in</strong></span> <span class='ocrx_word' id='word_1_282' title='bbox 1084 2220 1278 2267; x_wconf 87' lang='lat' dir='ltr'><strong>terram</strong></span> <span class='ocrx_word' id='word_1_283' title='bbox 1308 2227 1470 2268; x_wconf 89' lang='lat' dir='ltr'><strong>carne</strong></span> <span class='ocrx_word' id='word_1_284' title='bbox 1499 2229 1608 2266; x_wconf 85' lang='lat' dir='ltr'><strong>non</strong></span> <span class='ocrx_word' id='word_1_285' title='bbox 1651 2214 1771 2279; x_wconf 88' lang='lat' dir='ltr'><strong>iret,</strong></span> <span class='ocrx_word' id='word_1_286' title='bbox 1803 2214 1849 2267; x_wconf 91' lang='lat' dir='ltr'><strong>si</strong></span> <span class='ocrx_word' id='word_1_287' title='bbox 1883 2222 2024 2269; x_wconf 89' lang='lat' dir='ltr'><strong>terra</strong></span> <span class='ocrx_word' id='word_1_288' title='bbox 2052 2229 2178 2284; x_wconf 88' lang='lat' dir='ltr'><strong>pec-</strong></span> 
     </span>
    </p>
   </div>
   <div class='ocr_carea' id='block_1_39' title="bbox 589 2301 1101 2359">
    <p class='ocr_par' dir='ltr' id='par_1_39' title="bbox 589 2301 1101 2359">
     <span class='ocr_line' id='line_1_39' title="bbox 589 2301 1101 2359; baseline -0.006 0"><span class='ocrx_word' id='word_1_289' title='bbox 589 2303 764 2359; x_wconf 88' lang='lat' dir='ltr'><strong>cando</strong></span> <span class='ocrx_word' id='word_1_290' title='bbox 791 2318 897 2357; x_wconf 92' lang='lat' dir='ltr'><strong>non</strong></span> <span class='ocrx_word' id='word_1_291' title='bbox 929 2301 1101 2357; x_wconf 83' lang='lat' dir='ltr'><strong>ﬁeret.</strong></span> 
     </span>
    </p>
   </div>
   <div class='ocr_carea' id='block_1_40' title="bbox 660 2390 2180 2463">
    <p class='ocr_par' dir='ltr' id='par_1_40' title="bbox 660 2390 2180 2463">
     <span class='ocr_line' id='line_1_40' title="bbox 660 2390 2180 2463; baseline 0.003 -17"><span class='ocrx_word' id='word_1_292' title='bbox 660 2391 842 2446; x_wconf 64' lang='lat' dir='ltr'><strong>Carm</strong></span> <span class='ocrx_word' id='word_1_293' title='bbox 872 2408 984 2446; x_wconf 81' lang='lat' dir='ltr'><strong>xm.</strong></span> <span class='ocrx_word' id='word_1_294' title='bbox 1031 2390 1204 2447; x_wconf 85' lang='lat' dir='ltr'><strong>Homo</strong></span> <span class='ocrx_word' id='word_1_295' title='bbox 1250 2410 1341 2462; x_wconf 85' lang='lat' dir='ltr'><strong>per</strong></span> <span class='ocrx_word' id='word_1_296' title='bbox 1386 2401 1651 2460; x_wconf 83' lang='lat' dir='ltr'><strong>peccatum</strong></span> <span class='ocrx_word' id='word_1_297' title='bbox 1694 2394 1992 2463; x_wconf 74' lang='lat' dir='ltr'><strong>facultatem</strong></span> <span class='ocrx_word' id='word_1_298' title='bbox 2031 2395 2180 2450; x_wconf 78' lang='lat' dir='ltr'><strong>bona:</strong></span> 
     </span>
    </p>
   </div>
   <div class='ocr_carea' id='block_1_41' title="bbox 590 2478 2175 2551">
    <p class='ocr_par' dir='ltr' id='par_1_41' title="bbox 590 2478 2175 2551">
     <span class='ocr_line' id='line_1_41' title="bbox 590 2478 2175 2551; baseline 0.003 -17"><span class='ocrx_word' id='word_1_299' title='bbox 590 2480 922 2551; x_wconf 80' lang='lat' dir='ltr'><strong>cogitationis</strong></span> <span class='ocrx_word' id='word_1_300' title='bbox 966 2489 1014 2531; x_wconf 90' lang='lat' dir='ltr'><strong>et</strong></span> <span class='ocrx_word' id='word_1_301' title='bbox 1051 2480 1200 2535; x_wconf 80' lang='lat' dir='ltr'><strong>bona:</strong></span> <span class='ocrx_word' id='word_1_302' title='bbox 1227 2480 1505 2534; x_wconf 82' lang='lat' dir='ltr'><strong>voluntatis</strong></span> <span class='ocrx_word' id='word_1_303' title='bbox 1540 2481 1736 2534; x_wconf 83' lang='lat' dir='ltr'><strong>antisit.</strong></span> <span class='ocrx_word' id='word_1_304' title='bbox 1768 2478 1985 2536; x_wconf 85' lang='lat' dir='ltr'><strong>Initium</strong></span> <span class='ocrx_word' id='word_1_305' title='bbox 2026 2483 2175 2540; x_wconf 80' lang='lat' dir='ltr'><strong>bona:</strong></span> 
     </span>
    </p>
   </div>
   <div class='ocr_carea' id='block_1_42' title="bbox 589 2567 2176 2642">
    <p class='ocr_par' dir='ltr' id='par_1_42' title="bbox 589 2567 2176 2642">
     <span class='ocr_line' id='line_1_42' title="bbox 589 2567 2176 2642; baseline 0.004 -20"><span class='ocrx_word' id='word_1_306' title='bbox 589 2567 868 2622; x_wconf 71' lang='lat' dir='ltr'><strong>voluntatis</strong></span> <span class='ocrx_word' id='word_1_307' title='bbox 915 2584 1017 2620; x_wconf 87' lang='lat' dir='ltr'><strong>non</strong></span> <span class='ocrx_word' id='word_1_308' title='bbox 1049 2570 1147 2621; x_wconf 83' lang='lat' dir='ltr'><strong>nisi</strong></span> <span class='ocrx_word' id='word_1_309' title='bbox 1182 2585 1214 2621; x_wconf 87' lang='lat' dir='ltr'><strong>a</strong></span> <span class='ocrx_word' id='word_1_310' title='bbox 1247 2568 1353 2621; x_wconf 85' lang='lat' dir='ltr'><strong>Deo</strong></span> <span class='ocrx_word' id='word_1_311' title='bbox 1388 2578 1481 2622; x_wconf 81' lang='lat' dir='ltr'><strong>est.</strong></span> <span class='ocrx_word' id='word_1_312' title='bbox 1513 2600 1585 2611; x_wconf 90' lang='grc'><strong>--</strong></span> <span class='ocrx_word' id='word_1_313' title='bbox 1611 2568 1700 2622; x_wconf 75' lang='grc'><strong>26.</strong></span> <span class='ocrx_word' id='word_1_314' title='bbox 1734 2570 1973 2626; x_wconf 90' lang='lat' dir='ltr'><strong>Peccans</strong></span> <span class='ocrx_word' id='word_1_315' title='bbox 1994 2573 2176 2642; x_wconf 84' lang='lat' dir='ltr'><strong>itaque</strong></span> 
     </span>
    </p>
   </div>
   <div class='ocr_carea' id='block_1_43' title="bbox 590 2652 2178 2729">
    <p class='ocr_par' dir='ltr' id='par_1_43' title="bbox 590 2652 2178 2729">
     <span class='ocr_line' id='line_1_43' title="bbox 590 2652 2178 2729; baseline 0.005 -18"><span class='ocrx_word' id='word_1_316' title='bbox 590 2658 681 2712; x_wconf 80' lang='lat' dir='ltr'><strong>ille</strong></span> <span class='ocrx_word' id='word_1_317' title='bbox 723 2658 812 2728; x_wconf 87' lang='lat' dir='ltr'><strong>qui</strong></span> <span class='ocrx_word' id='word_1_318' title='bbox 842 2652 957 2713; x_wconf 84' lang='lat' dir='ltr'><strong>sine</strong></span> <span class='ocrx_word' id='word_1_319' title='bbox 983 2659 1239 2729; x_wconf 86' lang='lat' dir='ltr'><strong>peccandi</strong></span> <span class='ocrx_word' id='word_1_320' title='bbox 1270 2660 1591 2714; x_wconf 87' lang='lat' dir='ltr'><strong>necessitate</strong></span> <span class='ocrx_word' id='word_1_321' title='bbox 1636 2670 1852 2717; x_wconf 86' lang='lat' dir='ltr'><strong>creatus</strong></span> <span class='ocrx_word' id='word_1_322' title='bbox 1881 2672 1981 2728; x_wconf 88' lang='lat' dir='ltr'><strong>est,</strong></span> <span class='ocrx_word' id='word_1_323' title='bbox 2032 2664 2087 2718; x_wconf 92' lang='lat' dir='ltr'><strong>in</strong></span> <span class='ocrx_word' id='word_1_324' title='bbox 2109 2679 2178 2719; x_wconf 89' lang='lat' dir='ltr'><strong>eo</strong></span> 
     </span>
    </p>
   </div>
   <div class='ocr_carea' id='block_1_44' title="bbox 589 2749 2177 2824">
    <p class='ocr_par' dir='ltr' id='par_1_44' title="bbox 589 2749 2177 2824">
     <span class='ocr_line' id='line_1_44' title="bbox 589 2749 2177 2824; baseline 0.005 -22"><span class='ocrx_word' id='word_1_325' title='bbox 589 2749 735 2817; x_wconf 90' lang='lat' dir='ltr'><strong>quod</strong></span> <span class='ocrx_word' id='word_1_326' title='bbox 763 2750 955 2806; x_wconf 65' lang='lat' dir='ltr'><strong>animae</strong></span> <span class='ocrx_word' id='word_1_327' title='bbox 993 2749 1278 2822; x_wconf 77' lang='lat' dir='ltr'><strong>sanitatem</strong></span> <span class='ocrx_word' id='word_1_328' title='bbox 1325 2749 1688 2819; x_wconf 86' lang='lat' dir='ltr'><strong>delinquendo</strong></span> <span class='ocrx_word' id='word_1_329' title='bbox 1729 2752 1982 2824; x_wconf 87' lang='lat' dir='ltr'><strong>perdidit,</strong></span> <span class='ocrx_word' id='word_1_330' title='bbox 2012 2756 2177 2810; x_wconf 89' lang='lat' dir='ltr'><strong>etiam</strong></span> 
     </span>
    </p>
   </div>
   <div class='ocr_carea' id='block_1_45' title="bbox 589 2839 2178 2914">
    <p class='ocr_par' dir='ltr' id='par_1_45' title="bbox 589 2839 2178 2914">
     <span class='ocr_line' id='line_1_45' title="bbox 589 2839 2178 2914; baseline 0.005 -21"><span class='ocrx_word' id='word_1_331' title='bbox 589 2839 683 2893; x_wconf 90' lang='lat' dir='ltr'><strong>illa</strong></span> <span class='ocrx_word' id='word_1_332' title='bbox 709 2839 979 2908; x_wconf 82' lang='lat' dir='ltr'><strong>cogitandi</strong></span> <span class='ocrx_word' id='word_1_333' title='bbox 1004 2856 1122 2910; x_wconf 72' lang='lat' dir='ltr'><strong>qua:</strong></span> <span class='ocrx_word' id='word_1_334' title='bbox 1146 2841 1211 2894; x_wconf 90' lang='lat' dir='ltr'><strong>ad</strong></span> <span class='ocrx_word' id='word_1_335' title='bbox 1236 2840 1400 2895; x_wconf 90' lang='lat' dir='ltr'><strong>Deum</strong></span> <span class='ocrx_word' id='word_1_336' title='bbox 1432 2842 1704 2911; x_wconf 90' lang='lat' dir='ltr'><strong>pertinent</strong></span> <span class='ocrx_word' id='word_1_337' title='bbox 1728 2843 1905 2903; x_wconf 89' lang='lat' dir='ltr'><strong>amisit</strong></span> <span class='ocrx_word' id='word_1_338' title='bbox 1930 2847 2178 2914; x_wconf 81' lang='lat' dir='ltr'><strong>protinus</strong></span> 
     </span>
    </p>
   </div>
   <div class='ocr_carea' id='block_1_46' title="bbox 589 2926 2177 3003">
    <p class='ocr_par' dir='ltr' id='par_1_46' title="bbox 589 2926 2177 3003">
     <span class='ocr_line' id='line_1_46' title="bbox 589 2926 2177 3003; baseline 0.005 -20"><span class='ocrx_word' id='word_1_339' title='bbox 589 2926 918 2985; x_wconf 76' lang='lat' dir='ltr'><strong>facultatem.</strong></span> <span class='ocrx_word' id='word_1_340' title='bbox 946 2930 1155 2984; x_wconf 89' lang='lat' dir='ltr'><strong>Oblitus</strong></span> <span class='ocrx_word' id='word_1_341' title='bbox 1175 2939 1259 2986; x_wconf 87' lang='lat' dir='ltr'><strong>est</strong></span> <span class='ocrx_word' id='word_1_342' title='bbox 1286 2931 1428 2989; x_wconf 89' lang='lat' dir='ltr'><strong>enim</strong></span> <span class='ocrx_word' id='word_1_343' title='bbox 1458 2933 1783 2989; x_wconf 88' lang='lat' dir='ltr'><strong>manducare</strong></span> <span class='ocrx_word' id='word_1_344' title='bbox 1808 2949 2000 3003; x_wconf 85' lang='lat' dir='ltr'><strong>panem</strong></span> <span class='ocrx_word' id='word_1_345' title='bbox 2021 2952 2177 2991; x_wconf 89' lang='lat' dir='ltr'><strong>suum</strong></span> 
     </span>
    </p>
   </div>
   <div class='ocr_carea' id='block_1_47' title="bbox 592 3017 2175 3093">
    <p class='ocr_par' dir='ltr' id='par_1_47' title="bbox 592 3017 2175 3093">
     <span class='ocr_line' id='line_1_47' title="bbox 592 3017 2175 3093; baseline 0.008 -23"><span class='ocrx_word' id='word_1_346' title='bbox 592 3017 763 3088; x_wconf 84' lang='lat' dir='ltr'><strong>(Psal.</strong></span> <span class='ocrx_word' id='word_1_347' title='bbox 789 3036 861 3084; x_wconf 74' lang='grc' dir='ltr'><strong>ει,</strong></span> <span class='ocrx_word' id='word_1_348' title='bbox 890 3017 944 3089; x_wconf 82' lang='grc'><strong>5)</strong></span> <span class='ocrx_word' id='word_1_349' title='bbox 984 3028 1039 3074; x_wconf 93' lang='lat' dir='ltr'><strong>et</strong></span> <span class='ocrx_word' id='word_1_350' title='bbox 1063 3020 1397 3093; x_wconf 84' lang='lat' dir='ltr'><strong>exspolialus</strong></span> <span class='ocrx_word' id='word_1_351' title='bbox 1423 3023 1745 3077; x_wconf 89' lang='lat' dir='ltr'><strong>vestimento</strong></span> <span class='ocrx_word' id='word_1_352' title='bbox 1792 3024 1934 3090; x_wconf 88' lang='lat' dir='ltr'><strong>lidei,</strong></span> <span class='ocrx_word' id='word_1_353' title='bbox 1979 3041 2175 3081; x_wconf 85' lang='lat' dir='ltr'><strong>carna-</strong></span> 
     </span>
    </p>
   </div>
   <div class='ocr_carea' id='block_1_48' title="bbox 588 3110 2177 3186">
    <p class='ocr_par' dir='ltr' id='par_1_48' title="bbox 588 3110 2177 3186">
     <span class='ocr_line' id='line_1_48' title="bbox 588 3110 2177 3186; baseline 0.008 -22"><span class='ocrx_word' id='word_1_354' title='bbox 588 3110 825 3180; x_wconf 91' lang='lat' dir='ltr'><strong>liumque</strong></span> <span class='ocrx_word' id='word_1_355' title='bbox 848 3113 1405 3184; x_wconf 87' lang='lat' dir='ltr'><strong>concupiscentiarum</strong></span> <span class='ocrx_word' id='word_1_356' title='bbox 1437 3114 1747 3170; x_wconf 86' lang='lat' dir='ltr'><strong>vulneribus</strong></span> <span class='ocrx_word' id='word_1_357' title='bbox 1774 3119 2065 3186; x_wconf 90' lang='lat' dir='ltr'><strong>sauciatus,</strong></span> <span class='ocrx_word' id='word_1_358' title='bbox 2098 3121 2177 3176; x_wconf 88' lang='lat' dir='ltr'><strong>sic</strong></span> 
     </span>
    </p>
   </div>
   <div class='ocr_carea' id='block_1_49' title="bbox 2280 1943 3874 2020">
    <p class='ocr_par' dir='ltr' id='par_1_49' title="bbox 2280 1943 3874 2020">
     <span class='ocr_line' id='line_1_49' title="bbox 2280 1943 3874 2020; baseline 0.006 -25"><span class='ocrx_word' id='word_1_359' title='bbox 2280 1957 2383 1997; x_wconf 83' lang='lat' dir='ltr'><strong>nec</strong></span> <span class='ocrx_word' id='word_1_360' title='bbox 2410 1943 2681 1999; x_wconf 90' lang='lat' dir='ltr'><strong>nascendo</strong></span> <span class='ocrx_word' id='word_1_361' title='bbox 2709 1959 2811 2000; x_wconf 91' lang='lat' dir='ltr'><strong>nec</strong></span> <span class='ocrx_word' id='word_1_362' title='bbox 2837 1945 3069 2001; x_wconf 89' lang='lat' dir='ltr'><strong>vivendo</strong></span> <span class='ocrx_word' id='word_1_363' title='bbox 3095 1949 3395 2016; x_wconf 84' lang='lat' dir='ltr'><strong>contraxit,</strong></span> <span class='ocrx_word' id='word_1_364' title='bbox 3420 1957 3483 2004; x_wconf 91' lang='lat' dir='ltr'><strong>ct</strong></span> <span class='ocrx_word' id='word_1_365' title='bbox 3512 1949 3585 2003; x_wconf 93' lang='lat' dir='ltr'><strong>ab</strong></span> <span class='ocrx_word' id='word_1_366' title='bbox 3612 1948 3727 2020; x_wconf 82' lang='lat' dir='ltr'><strong>ipso</strong></span> <span class='ocrx_word' id='word_1_367' title='bbox 3752 1951 3874 2005; x_wconf 63' lang='lat' dir='ltr'><strong>acci~</strong></span> 
     </span>
    </p>
   </div>
   <div class='ocr_carea' id='block_1_50' title="bbox 2280 2035 3865 2109">
    <p class='ocr_par' dir='ltr' id='par_1_50' title="bbox 2280 2035 3865 2109">
     <span class='ocr_line' id='line_1_50' title="bbox 2280 2035 3865 2109; baseline 0.006 -21"><span class='ocrx_word' id='word_1_368' title='bbox 2280 2049 2531 2103; x_wconf 76' lang='lat' dir='ltr'><strong>paremus</strong></span> <span class='ocrx_word' id='word_1_369' title='bbox 2553 2035 2835 2106; x_wconf 87' lang='lat' dir='ltr'><strong>justitiam,</strong></span> <span class='ocrx_word' id='word_1_370' title='bbox 2867 2053 2966 2109; x_wconf 89' lang='lat' dir='ltr'><strong>per</strong></span> <span class='ocrx_word' id='word_1_371' title='bbox 2992 2054 3153 2108; x_wconf 89' lang='lat' dir='ltr'><strong>quam</strong></span> <span class='ocrx_word' id='word_1_372' title='bbox 3182 2042 3378 2097; x_wconf 87' lang='lat' dir='ltr'><strong>mortis</strong></span> <span class='ocrx_word' id='word_1_373' title='bbox 3407 2051 3640 2097; x_wconf 74' lang='lat' dir='ltr'><strong>:eternze</strong></span> <span class='ocrx_word' id='word_1_374' title='bbox 3680 2043 3865 2097; x_wconf 87' lang='lat' dir='ltr'><strong>vinculo</strong></span> 
     </span>
    </p>
   </div>
   <div class='ocr_carea' id='block_1_51' title="bbox 2280 2110 3866 2203">
    <p class='ocr_par' dir='ltr' id='par_1_51' title="bbox 2280 2110 3866 2203">
     <span class='ocr_line' id='line_1_51' title="bbox 2280 2110 3866 2203; baseline 0.004 -23"><span class='ocrx_word' id='word_1_375' title='bbox 2280 2120 2636 2195; x_wconf 85' lang='lat' dir='ltr'><strong>solv&#39;eremur,</strong></span> <span class='ocrx_word' id='word_1_376' title='bbox 2664 2110 2723 2181; x_wconf 82' lang='lat' dir='ltr'><strong>ut</strong></span> <span class='ocrx_word' id='word_1_377' title='bbox 2744 2142 2844 2198; x_wconf 89' lang='lat' dir='ltr'><strong>per</strong></span> <span class='ocrx_word' id='word_1_378' title='bbox 2868 2144 2991 2184; x_wconf 90' lang='lat' dir='ltr'><strong>eum</strong></span> <span class='ocrx_word' id='word_1_379' title='bbox 3022 2139 3079 2185; x_wconf 91' lang='lat' dir='ltr'><strong>et</strong></span> <span class='ocrx_word' id='word_1_380' title='bbox 3122 2130 3173 2184; x_wconf 90' lang='lat' dir='ltr'><strong>in</strong></span> <span class='ocrx_word' id='word_1_381' title='bbox 3206 2131 3306 2187; x_wconf 86' lang='lat' dir='ltr'><strong>hac</strong></span> <span class='ocrx_word' id='word_1_382' title='bbox 3333 2133 3454 2187; x_wconf 86' lang='lat' dir='ltr'><strong>vita</strong></span> <span class='ocrx_word' id='word_1_383' title='bbox 3480 2132 3642 2202; x_wconf 87' lang='lat' dir='ltr'><strong>justi,</strong></span> <span class='ocrx_word' id='word_1_384' title='bbox 3689 2141 3741 2195; x_wconf 82' lang='lat' dir='ltr'><strong>et</strong></span> <span class='ocrx_word' id='word_1_385' title='bbox 3767 2142 3866 2203; x_wconf 86' lang='lat' dir='ltr'><strong>post</strong></span> 
     </span>
    </p>
   </div>
   <div class='ocr_carea' id='block_1_52' title="bbox 2280 2220 3860 2297">
    <p class='ocr_par' dir='ltr' id='par_1_52' title="bbox 2280 2220 3860 2297">
     <span class='ocr_line' id='line_1_52' title="bbox 2280 2220 3860 2297; baseline 0.003 -23"><span class='ocrx_word' id='word_1_386' title='bbox 2280 2220 2420 2276; x_wconf 85' lang='lat' dir='ltr'><strong>hanc</strong></span> <span class='ocrx_word' id='word_1_387' title='bbox 2443 2221 2604 2275; x_wconf 89' lang='lat' dir='ltr'><strong>vitam</strong></span> <span class='ocrx_word' id='word_1_388' title='bbox 2637 2223 2970 2280; x_wconf 85' lang='lat' dir='ltr'><strong>immortales</strong></span> <span class='ocrx_word' id='word_1_389' title='bbox 2997 2239 3117 2280; x_wconf 91' lang='lat' dir='ltr'><strong>esse</strong></span> <span class='ocrx_word' id='word_1_390' title='bbox 3147 2241 3457 2296; x_wconf 84' lang='lat' dir='ltr'><strong>possemus.</strong></span> <span class='ocrx_word' id='word_1_391' title='bbox 3502 2226 3623 2297; x_wconf 88' lang='lat' dir='ltr'><strong>lpse</strong></span> <span class='ocrx_word' id='word_1_392' title='bbox 3651 2226 3799 2295; x_wconf 79' lang='lat' dir='ltr'><strong>igitur</strong></span> <span class='ocrx_word' id='word_1_393' title='bbox 3821 2227 3860 2279; x_wconf 89' lang='lat' dir='ltr'><strong>in</strong></span> 
     </span>
    </p>
   </div>
   <div class='ocr_carea' id='block_1_53' title="bbox 2280 2313 3858 2389">
    <p class='ocr_par' dir='ltr' id='par_1_53' title="bbox 2280 2313 3858 2389">
     <span class='ocr_line' id='line_1_53' title="bbox 2280 2313 3858 2389; baseline 0.001 -22"><span class='ocrx_word' id='word_1_394' title='bbox 2280 2313 2629 2369; x_wconf 86' lang='lat' dir='ltr'><strong>similitudine</strong></span> <span class='ocrx_word' id='word_1_395' title='bbox 2657 2315 2835 2370; x_wconf 90' lang='lat' dir='ltr'><strong>carnis</strong></span> <span class='ocrx_word' id='word_1_396' title='bbox 2862 2317 3067 2385; x_wconf 91' lang='lat' dir='ltr'><strong>peccati</strong></span> <span class='ocrx_word' id='word_1_397' title='bbox 3096 2317 3446 2384; x_wconf 84' lang='lat' dir='ltr'><strong>mirabiliter,</strong></span> <span class='ocrx_word' id='word_1_398' title='bbox 3490 2333 3618 2389; x_wconf 88' lang='lat' dir='ltr'><strong>qma</strong></span> <span class='ocrx_word' id='word_1_399' title='bbox 3646 2317 3858 2387; x_wconf 82' lang='lat' dir='ltr'><strong>singula-</strong></span> 
     </span>
    </p>
   </div>
   <div class='ocr_carea' id='block_1_54' title="bbox 2279 2405 3858 2480">
    <p class='ocr_par' dir='ltr' id='par_1_54' title="bbox 2279 2405 3858 2480">
     <span class='ocr_line' id='line_1_54' title="bbox 2279 2405 3858 2480; baseline 0.002 -23"><span class='ocrx_word' id='word_1_400' title='bbox 2279 2405 2433 2468; x_wconf 88' lang='lat' dir='ltr'><strong>riter,</strong></span> <span class='ocrx_word' id='word_1_401' title='bbox 2477 2414 2653 2470; x_wconf 90' lang='lat' dir='ltr'><strong>natus,</strong></span> <span class='ocrx_word' id='word_1_402' title='bbox 2707 2406 2853 2462; x_wconf 91' lang='lat' dir='ltr'><strong>solus</strong></span> <span class='ocrx_word' id='word_1_403' title='bbox 2891 2416 2975 2462; x_wconf 65' lang='lat' dir='ltr'><strong>est</strong></span> <span class='ocrx_word' id='word_1_404' title='bbox 3004 2409 3274 2463; x_wconf 78' lang='lat' dir='ltr'><strong>masculus</strong></span> <span class='ocrx_word' id='word_1_405' title='bbox 3318 2408 3657 2480; x_wconf 87' lang='lat' dir='ltr'><strong>adaperiens</strong></span> <span class='ocrx_word' id='word_1_406' title='bbox 3678 2409 3858 2463; x_wconf 85' lang='lat' dir='ltr'><strong>vulvam</strong></span> 
     </span>
    </p>
   </div>
   <div class='ocr_carea' id='block_1_55' title="bbox 2279 2495 3858 2563">
    <p class='ocr_par' dir='ltr' id='par_1_55' title="bbox 2279 2495 3858 2563">
     <span class='ocr_line' id='line_1_55' title="bbox 2279 2495 3858 2563; baseline 0.003 -16"><span class='ocrx_word' id='word_1_407' title='bbox 2279 2495 2370 2563; x_wconf 91' lang='lat' dir='ltr'><strong>qui</strong></span> <span class='ocrx_word' id='word_1_408' title='bbox 2420 2495 2474 2549; x_wconf 89' lang='lat' dir='ltr'><strong>in</strong></span> <span class='ocrx_word' id='word_1_409' title='bbox 2505 2496 2731 2550; x_wconf 85' lang='lat' dir='ltr'><strong>veritate</strong></span> <span class='ocrx_word' id='word_1_410' title='bbox 2779 2506 2994 2552; x_wconf 89' lang='lat' dir='ltr'><strong>sanctus</strong></span> <span class='ocrx_word' id='word_1_411' title='bbox 3043 2497 3268 2557; x_wconf 88' lang='lat' dir='ltr'><strong>Domino</strong></span> <span class='ocrx_word' id='word_1_412' title='bbox 3308 2510 3631 2554; x_wconf 86' lang='lat' dir='ltr'><strong>vocaretur.</strong></span> <span class='ocrx_word' id='word_1_413' title='bbox 3666 2497 3858 2552; x_wconf 71' lang='lat' dir='ltr'><strong>Vulvam</strong></span> 
     </span>
    </p>
   </div>
   <div class='ocr_carea' id='block_1_56' title="bbox 2278 2585 3855 2661">
    <p class='ocr_par' dir='ltr' id='par_1_56' title="bbox 2278 2585 3855 2661">
     <span class='ocr_line' id='line_1_56' title="bbox 2278 2585 3855 2661; baseline 0.001 -24"><span class='ocrx_word' id='word_1_414' title='bbox 2278 2585 2475 2655; x_wconf 88' lang='lat' dir='ltr'><strong>quippe</strong></span> <span class='ocrx_word' id='word_1_415' title='bbox 2505 2587 2693 2642; x_wconf 89' lang='lat' dir='ltr'><strong>matris</strong></span> <span class='ocrx_word' id='word_1_416' title='bbox 2741 2587 2857 2657; x_wconf 90' lang='lat' dir='ltr'><strong>ejus</strong></span> <span class='ocrx_word' id='word_1_417' title='bbox 2902 2604 3010 2643; x_wconf 92' lang='lat' dir='ltr'><strong>non</strong></span> <span class='ocrx_word' id='word_1_418' title='bbox 3048 2591 3501 2661; x_wconf 86' lang='lat' dir='ltr'><strong>concupiscentia</strong></span> <span class='ocrx_word' id='word_1_419' title='bbox 3540 2589 3713 2644; x_wconf 80' lang='lat' dir='ltr'><strong>nutriti</strong></span> <span class='ocrx_word' id='word_1_420' title='bbox 3751 2603 3855 2643; x_wconf 87' lang='lat' dir='ltr'><strong>cou-</strong></span> 
     </span>
    </p>
   </div>
   <div class='ocr_carea' id='block_1_57' title="bbox 2280 2678 3853 2750">
    <p class='ocr_par' dir='ltr' id='par_1_57' title="bbox 2280 2678 3853 2750">
     <span class='ocr_line' id='line_1_57' title="bbox 2280 2678 3853 2750; baseline -0.001 -18"><span class='ocrx_word' id='word_1_421' title='bbox 2280 2678 2603 2742; x_wconf 83' lang='lat' dir='ltr'><strong>eumbentis,</strong></span> <span class='ocrx_word' id='word_1_422' title='bbox 2636 2679 2729 2733; x_wconf 91' lang='lat' dir='ltr'><strong>sed</strong></span> <span class='ocrx_word' id='word_1_423' title='bbox 2757 2680 3151 2750; x_wconf 86' lang='lat' dir='ltr'><strong>omnipotentia</strong></span> <span class='ocrx_word' id='word_1_424' title='bbox 3178 2681 3295 2735; x_wconf 83' lang='lat' dir='ltr'><strong>Filii</strong></span> <span class='ocrx_word' id='word_1_425' title='bbox 3342 2682 3626 2737; x_wconf 88' lang='lat' dir='ltr'><strong>nascentis</strong></span> <span class='ocrx_word' id='word_1_426' title='bbox 3653 2679 3853 2749; x_wconf 82' lang='lat' dir='ltr'><strong>aperuit.</strong></span> 
     </span>
    </p>
   </div>
   <div class='ocr_carea' id='block_1_58' title="bbox 2279 2768 3852 2844">
    <p class='ocr_par' dir='ltr' id='par_1_58' title="bbox 2279 2768 3852 2844">
     <span class='ocr_line' id='line_1_58' title="bbox 2279 2768 3852 2844; baseline 0.001 -23"><span class='ocrx_word' id='word_1_427' title='bbox 2279 2768 2405 2823; x_wconf 84' lang='lat' dir='ltr'><strong>hlco</strong></span> <span class='ocrx_word' id='word_1_428' title='bbox 2434 2771 2581 2825; x_wconf 92' lang='lat' dir='ltr'><strong>solus</strong></span> <span class='ocrx_word' id='word_1_429' title='bbox 2607 2779 2689 2825; x_wconf 91' lang='lat' dir='ltr'><strong>est</strong></span> <span class='ocrx_word' id='word_1_430' title='bbox 2721 2772 2773 2825; x_wconf 94' lang='lat' dir='ltr'><strong>in</strong></span> <span class='ocrx_word' id='word_1_431' title='bbox 2802 2787 2910 2842; x_wconf 92' lang='lat' dir='ltr'><strong>quo</strong></span> <span class='ocrx_word' id='word_1_432' title='bbox 2938 2773 3187 2843; x_wconf 89' lang='lat' dir='ltr'><strong>princeps</strong></span> <span class='ocrx_word' id='word_1_433' title='bbox 3230 2775 3417 2829; x_wconf 86' lang='lat' dir='ltr'><strong>mundi</strong></span> <span class='ocrx_word' id='word_1_434' title='bbox 3464 2774 3626 2844; x_wconf 80' lang='lat' dir='ltr'><strong>hujus</strong></span> <span class='ocrx_word' id='word_1_435' title='bbox 3666 2772 3852 2826; x_wconf 86' lang='lat' dir='ltr'><strong>veniens</strong></span> 
     </span>
    </p>
   </div>
   <div class='ocr_carea' id='block_1_59' title="bbox 2281 2861 3850 2938">
    <p class='ocr_par' dir='ltr' id='par_1_59' title="bbox 2281 2861 3850 2938">
     <span class='ocr_line' id='line_1_59' title="bbox 2281 2861 3850 2938; baseline -0.001 -23"><span class='ocrx_word' id='word_1_436' title='bbox 2281 2861 2409 2915; x_wconf 84' lang='lat' dir='ltr'><strong>nihil</strong></span> <span class='ocrx_word' id='word_1_437' title='bbox 2438 2861 2662 2928; x_wconf 83' lang='lat' dir='ltr'><strong>invenit,</strong></span> <span class='ocrx_word' id='word_1_438' title='bbox 2696 2864 2842 2929; x_wconf 74' lang='lat' dir='ltr'><strong>solus</strong></span> <span class='ocrx_word' id='word_1_439' title='bbox 2866 2864 3030 2920; x_wconf 90' lang='lat' dir='ltr'><strong>homo</strong></span> <span class='ocrx_word' id='word_1_440' title='bbox 3055 2867 3166 2921; x_wconf 84' lang='lat' dir='ltr'><strong>sine</strong></span> <span class='ocrx_word' id='word_1_441' title='bbox 3194 2867 3467 2938; x_wconf 84' lang='lat' dir='ltr'><strong>adjutorio</strong></span> <span class='ocrx_word' id='word_1_442' title='bbox 3498 2868 3631 2919; x_wconf 57' lang='lat' dir='ltr'><strong>inter</strong></span> <span class='ocrx_word' id='word_1_443' title='bbox 3658 2874 3850 2919; x_wconf 80' lang='lat' dir='ltr'><strong>mortuos</strong></span> 
     </span>
    </p>
   </div>
   <div class='ocr_carea' id='block_1_60' title="bbox 2277 2953 3851 3030">
    <p class='ocr_par' dir='ltr' id='par_1_60' title="bbox 2277 2953 3851 3030">
     <span class='ocr_line' id='line_1_60' title="bbox 2277 2953 3851 3030; baseline 0.001 -23"><span class='ocrx_word' id='word_1_444' title='bbox 2277 2953 2405 3007; x_wconf 87' lang='lat' dir='ltr'><strong>liber</strong></span> <span class='ocrx_word' id='word_1_445' title='bbox 2436 2953 2617 3025; x_wconf 82' lang='lat' dir='ltr'><strong>(loan.</strong></span> <span class='ocrx_word' id='word_1_446' title='bbox 2651 2970 2758 3021; x_wconf 75' lang='lat' dir='ltr'><strong>xrv,</strong></span> <span class='ocrx_word' id='word_1_447' title='bbox 2786 2956 2900 3026; x_wconf 82' lang='lat'><strong>&#39;50),</strong></span> <span class='ocrx_word' id='word_1_448' title='bbox 2945 2957 3093 3012; x_wconf 90' lang='lat' dir='ltr'><strong>solus</strong></span> <span class='ocrx_word' id='word_1_449' title='bbox 3120 2958 3205 3030; x_wconf 87' lang='lat' dir='ltr'><strong>qui</strong></span> <span class='ocrx_word' id='word_1_450' title='bbox 3235 2960 3336 3013; x_wconf 86' lang='lat' dir='ltr'><strong>non</strong></span> <span class='ocrx_word' id='word_1_451' title='bbox 3370 2969 3591 3014; x_wconf 69' lang='lat' dir='ltr'><strong>noverat</strong></span> <span class='ocrx_word' id='word_1_452' title='bbox 3621 2967 3851 3027; x_wconf 70' lang='lat' dir='ltr'><strong>peccatum</strong></span> 
     </span>
    </p>
   </div>
   <div class='ocr_carea' id='block_1_61' title="bbox 2281 3044 3849 3121">
    <p class='ocr_par' dir='ltr' id='par_1_61' title="bbox 2281 3044 3849 3121">
     <span class='ocr_line' id='line_1_61' title="bbox 2281 3044 3849 3121; baseline 0.003 -25"><span class='ocrx_word' id='word_1_453' title='bbox 2281 3044 2452 3113; x_wconf 67' lang='lat' dir='ltr'><strong>(I’aal.</strong></span> <span class='ocrx_word' id='word_1_454' title='bbox 2481 3060 2720 3111; x_wconf 81' lang='lat' dir='ltr'><strong>Lxxxvn,</strong></span> <span class='ocrx_word' id='word_1_455' title='bbox 2752 3045 2841 3117; x_wconf 84' lang='lat'><strong>5);</strong></span> <span class='ocrx_word' id='word_1_456' title='bbox 2885 3055 2941 3102; x_wconf 92' lang='lat' dir='ltr'><strong>et</strong></span> <span class='ocrx_word' id='word_1_457' title='bbox 2968 3048 3038 3104; x_wconf 90' lang='lat' dir='ltr'><strong>ob</strong></span> <span class='ocrx_word' id='word_1_458' title='bbox 3068 3049 3171 3105; x_wconf 92' lang='lat' dir='ltr'><strong>hoc</strong></span> <span class='ocrx_word' id='word_1_459' title='bbox 3218 3049 3422 3105; x_wconf 80' lang='lat' dir='ltr'><strong>suflicit</strong></span> <span class='ocrx_word' id='word_1_460' title='bbox 3473 3059 3532 3105; x_wconf 89' lang='lat' dir='ltr'><strong>ut</strong></span> <span class='ocrx_word' id='word_1_461' title='bbox 3581 3066 3677 3121; x_wconf 89' lang='lat' dir='ltr'><strong>pro</strong></span> <span class='ocrx_word' id='word_1_462' title='bbox 3721 3048 3849 3103; x_wconf 86' lang='lat' dir='ltr'><strong>nobis</strong></span> 
     </span>
    </p>
   </div>
   <div class='ocr_carea' id='block_1_62' title="bbox 2277 3134 3848 3211">
    <p class='ocr_par' dir='ltr' id='par_1_62' title="bbox 2277 3134 3848 3211">
     <span class='ocr_line' id='line_1_62' title="bbox 2277 3134 3848 3211; baseline 0.003 -28"><span class='ocrx_word' id='word_1_463' title='bbox 2277 3143 2560 3203; x_wconf 83' lang='lat' dir='ltr'><strong>peccatum</strong></span> <span class='ocrx_word' id='word_1_464' title='bbox 2591 3134 2763 3201; x_wconf 84' lang='lat' dir='ltr'><strong>ﬁeret,</strong></span> <span class='ocrx_word' id='word_1_465' title='bbox 2813 3137 2864 3191; x_wconf 88' lang='lat' dir='ltr'><strong>id</strong></span> <span class='ocrx_word' id='word_1_466' title='bbox 2894 3146 2977 3192; x_wconf 92' lang='lat' dir='ltr'><strong>est</strong></span> <span class='ocrx_word' id='word_1_467' title='bbox 3023 3137 3343 3195; x_wconf 79' lang='lat' dir='ltr'><strong>sacriﬁcium</strong></span> <span class='ocrx_word' id='word_1_468' title='bbox 3376 3156 3489 3210; x_wconf 92' lang='lat' dir='ltr'><strong>pro</strong></span> <span class='ocrx_word' id='word_1_469' title='bbox 3529 3139 3765 3211; x_wconf 83' lang='lat' dir='ltr'><strong>peccatis.</strong></span> <span class='ocrx_word' id='word_1_470' title='bbox 3804 3145 3848 3188; x_wconf 71' lang='lat' dir='ltr'><strong>at</strong></span> 
     </span>
    </p>
   </div>
   <div class='ocr_carea' id='block_1_63' title="bbox 584 3201 2173 3302">
    <p class='ocr_par' dir='ltr' id='par_1_63' title="bbox 584 3201 2173 3291">
     <span class='ocr_line' id='line_1_63' title="bbox 584 3201 2173 3291; baseline 0.008 -36"><span class='ocrx_word' id='word_1_471' title='bbox 584 3201 753 3277; x_wconf 29' lang='lat' dir='ltr'><strong>jacui&#39;t</strong></span> <span class='ocrx_word' id='word_1_472' title='bbox 798 3218 1087 3274; x_wconf 90' lang='lat' dir='ltr'><strong>oppressus</strong></span> <span class='ocrx_word' id='word_1_473' title='bbox 1114 3205 1322 3291; x_wconf 74' lang='lat' dir='ltr'><strong>ditione</strong></span> <span class='ocrx_word' id='word_1_474' title='bbox 1367 3208 1599 3275; x_wconf 86' lang='lat' dir='ltr'><strong>peccati,</strong></span> <span class='ocrx_word' id='word_1_475' title='bbox 1641 3216 1698 3261; x_wconf 92' lang='lat' dir='ltr'><strong>ut</strong></span> <span class='ocrx_word' id='word_1_476' title='bbox 1738 3209 2046 3269; x_wconf 90' lang='lat' dir='ltr'><strong>nullatenus</strong></span> <span class='ocrx_word' id='word_1_477' title='bbox 2073 3214 2173 3267; x_wconf 90' lang='lat' dir='ltr'><strong>ali-</strong></span> 
     </span>
    </p>
   </div>
   <div class='ocr_carea' id='block_1_64' title="bbox 2276 3201 3843 3302">
    <p class='ocr_par' dir='ltr' id='par_1_64' title="bbox 2283 3229 3843 3302">
     <span class='ocr_line' id='line_1_64' title="bbox 2283 3229 3843 3302; baseline 0.001 -22"><span class='ocrx_word' id='word_1_478' title='bbox 2283 3244 2374 3280; x_wconf 72' lang='lat' dir='ltr'><strong>nos</strong></span> <span class='ocrx_word' id='word_1_479' title='bbox 2405 3244 2633 3282; x_wconf 86' lang='lat' dir='ltr'><strong>essemus</strong></span> <span class='ocrx_word' id='word_1_480' title='bbox 2653 3230 2861 3300; x_wconf 87' lang='lat' dir='ltr'><strong>justitia</strong></span> <span class='ocrx_word' id='word_1_481' title='bbox 2886 3229 2981 3285; x_wconf 89' lang='lat' dir='ltr'><strong>Dei</strong></span> <span class='ocrx_word' id='word_1_482' title='bbox 3006 3231 3057 3284; x_wconf 73' lang='lat' dir='ltr'><strong>in</strong></span> <span class='ocrx_word' id='word_1_483' title='bbox 3090 3232 3201 3302; x_wconf 82' lang='lat' dir='ltr'><strong>ipso</strong></span> <span class='ocrx_word' id='word_1_484' title='bbox 3234 3231 3322 3301; x_wconf 85' lang='grc' dir='ltr'><strong>(ΙΙ</strong></span> <span class='ocrx_word' id='word_1_485' title='bbox 3342 3233 3471 3288; x_wconf 80' lang='lat' dir='ltr'><strong>Cor.</strong></span> <span class='ocrx_word' id='word_1_486' title='bbox 3501 3251 3555 3296; x_wconf 88' lang='lat' dir='ltr'><strong>v,</strong></span> <span class='ocrx_word' id='word_1_487' title='bbox 3587 3234 3691 3299; x_wconf 65' lang='lat' dir='ltr'><strong>Eii).</strong></span> <span class='ocrx_word' id='word_1_488' title='bbox 3714 3229 3843 3286; x_wconf 81' lang='lat' dir='ltr'><strong>Solus</strong></span> 
     </span>
    </p>
   </div>
   <div class='ocr_carea' id='block_1_65' title="bbox 514 3280 2175 3373">
    <p class='ocr_par' dir='ltr' id='par_1_65' title="bbox 514 3280 2175 3373">
     <span class='ocr_line' id='line_1_65' title="bbox 514 3280 2175 3373; baseline 0.008 -27"><span class='ocrx_word' id='word_1_489' title='bbox 514 3282 533 3305; x_wconf 76' lang='grc'><em>’</em></span> <span class='ocrx_word' id='word_1_490' title='bbox 587 3293 732 3362; x_wconf 88' lang='lat' dir='ltr'><strong>quod</strong></span> <span class='ocrx_word' id='word_1_491' title='bbox 761 3293 916 3347; x_wconf 80' lang='lat' dir='ltr'><strong>bona:</strong></span> <span class='ocrx_word' id='word_1_492' title='bbox 954 3280 1249 3349; x_wconf 76' lang='lat' dir='ltr'><strong>voluntatis</strong></span> <span class='ocrx_word' id='word_1_493' title='bbox 1276 3296 1485 3349; x_wconf 87' lang='lat' dir='ltr'><strong>initium</strong></span> <span class='ocrx_word' id='word_1_494' title='bbox 1527 3297 1725 3354; x_wconf 88' lang='lat' dir='ltr'><strong>habere</strong></span> <span class='ocrx_word' id='word_1_495' title='bbox 1750 3302 2033 3373; x_wconf 90' lang='lat' dir='ltr'><strong>potuisset,</strong></span> <span class='ocrx_word' id='word_1_496' title='bbox 2075 3306 2175 3361; x_wconf 69' lang='lat' dir='ltr'><strong>nisi</strong></span> 
     </span>
    </p>
   </div>
   <div class='ocr_carea' id='block_1_66' title="bbox 586 3381 2177 3466">
    <p class='ocr_par' dir='ltr' id='par_1_66' title="bbox 586 3381 2177 3466">
     <span class='ocr_line' id='line_1_66' title="bbox 586 3381 2177 3466; baseline 0.009 -30"><span class='ocrx_word' id='word_1_497' title='bbox 586 3382 693 3437; x_wconf 92' lang='lat' dir='ltr'><strong>hoc</strong></span> <span class='ocrx_word' id='word_1_498' title='bbox 718 3381 830 3436; x_wconf 88' lang='lat' dir='ltr'><strong>Deo</strong></span> <span class='ocrx_word' id='word_1_499' title='bbox 856 3384 1021 3451; x_wconf 79' lang='lat' dir='ltr'><strong>gratis</strong></span> <span class='ocrx_word' id='word_1_500' title='bbox 1065 3384 1300 3440; x_wconf 91' lang='lat' dir='ltr'><strong>donante</strong></span> <span class='ocrx_word' id='word_1_501' title='bbox 1347 3386 1685 3457; x_wconf 89' lang='lat' dir='ltr'><strong>sumpsisset.</strong></span> <span class='ocrx_word' id='word_1_502' title='bbox 1734 3389 1933 3449; x_wconf 86' lang='lat' dir='ltr'><strong>Servus</strong></span> <span class='ocrx_word' id='word_1_503' title='bbox 1978 3395 2177 3466; x_wconf 89' lang='lat' dir='ltr'><strong>quippe</strong></span> 
     </span>
    </p>
   </div>
   <div class='ocr_carea' id='block_1_67' title="bbox 586 3471 2171 3557">
    <p class='ocr_par' dir='ltr' id='par_1_67' title="bbox 586 3471 2171 3557">
     <span class='ocr_line' id='line_1_67' title="bbox 586 3471 2171 3557; baseline 0.009 -32"><span class='ocrx_word' id='word_1_504' title='bbox 586 3471 762 3526; x_wconf 82' lang='lat' dir='ltr'><strong>factus</strong></span> <span class='ocrx_word' id='word_1_505' title='bbox 782 3474 1009 3544; x_wconf 84' lang='lat' dir='ltr'><strong>peccati,</strong></span> <span class='ocrx_word' id='word_1_506' title='bbox 1040 3473 1178 3529; x_wconf 89' lang='lat' dir='ltr'><strong>liber</strong></span> <span class='ocrx_word' id='word_1_507' title='bbox 1199 3473 1370 3531; x_wconf 86' lang='lat' dir='ltr'><strong>factus</strong></span> <span class='ocrx_word' id='word_1_508' title='bbox 1391 3486 1476 3531; x_wconf 86' lang='lat' dir='ltr'><strong>est</strong></span> <span class='ocrx_word' id='word_1_509' title='bbox 1499 3480 1722 3548; x_wconf 71' lang='lat' dir='ltr'><strong>justitia:</strong></span> <span class='ocrx_word' id='word_1_510' title='bbox 1751 3480 1928 3551; x_wconf 86' lang='lat' dir='ltr'><strong>(Rom.</strong></span> <span class='ocrx_word' id='word_1_511' title='bbox 1952 3501 2023 3551; x_wconf 79' lang='lat' dir='ltr'><strong>vi,</strong></span> <span class='ocrx_word' id='word_1_512' title='bbox 2052 3485 2171 3557; x_wconf 86' lang='lat' dir='ltr'><strong>l8);</strong></span> 
     </span>
    </p>
   </div>
   <div class='ocr_carea' id='block_1_68' title="bbox 588 3560 2173 3649">
    <p class='ocr_par' dir='ltr' id='par_1_68' title="bbox 588 3560 2173 3649">
     <span class='ocr_line' id='line_1_68' title="bbox 588 3560 2173 3649; baseline 0.009 -33"><span class='ocrx_word' id='word_1_513' title='bbox 588 3570 645 3616; x_wconf 90' lang='lat' dir='ltr'><strong>et</strong></span> <span class='ocrx_word' id='word_1_514' title='bbox 661 3560 789 3617; x_wconf 81' lang='lat' dir='ltr'><strong>ideo</strong></span> <span class='ocrx_word' id='word_1_515' title='bbox 803 3562 1050 3631; x_wconf 87' lang='lat' dir='ltr'><strong>ajustitia</strong></span> <span class='ocrx_word' id='word_1_516' title='bbox 1073 3563 1245 3643; x_wconf 80' lang='lat' dir='ltr'><strong>factus</strong></span> <span class='ocrx_word' id='word_1_517' title='bbox 1257 3577 1339 3621; x_wconf 90' lang='lat' dir='ltr'><strong>est</strong></span> <span class='ocrx_word' id='word_1_518' title='bbox 1353 3568 1581 3634; x_wconf 81' lang='lat' dir='ltr'><strong>alienus,</strong></span> <span class='ocrx_word' id='word_1_519' title='bbox 1594 3569 1716 3639; x_wconf 88' lang='lat' dir='ltr'><strong>quia</strong></span> <span class='ocrx_word' id='word_1_520' title='bbox 1736 3572 1830 3641; x_wconf 81' lang='lat' dir='ltr'><strong>(at.</strong></span> <span class='ocrx_word' id='word_1_521' title='bbox 1846 3573 1959 3642; x_wconf 85' lang='lat' dir='ltr'><strong>qui)</strong></span> <span class='ocrx_word' id='word_1_522' title='bbox 1977 3586 2173 3649; x_wconf 88' lang='lat' dir='ltr'><strong>sponte</strong></span> 
     </span>
    </p>
   </div>
   <div class='ocr_carea' id='block_1_69' title="bbox 586 3652 2174 3731">
    <p class='ocr_par' dir='ltr' id='par_1_69' title="bbox 586 3652 2174 3731">
     <span class='ocr_line' id='line_1_69' title="bbox 586 3652 2174 3731; baseline 0.009 -24"><span class='ocrx_word' id='word_1_523' title='bbox 586 3652 829 3707; x_wconf 86' lang='lat' dir='ltr'><strong>dominio</strong></span> <span class='ocrx_word' id='word_1_524' title='bbox 850 3660 933 3708; x_wconf 89' lang='lat' dir='ltr'><strong>est</strong></span> <span class='ocrx_word' id='word_1_525' title='bbox 960 3654 1257 3723; x_wconf 85' lang='lat' dir='ltr'><strong>iniquitatis</strong></span> <span class='ocrx_word' id='word_1_526' title='bbox 1279 3656 1542 3711; x_wconf 90' lang='lat' dir='ltr'><strong>addictus.</strong></span> <span class='ocrx_word' id='word_1_527' title='bbox 1564 3658 1909 3717; x_wconf 81' lang='lat' dir='ltr'><strong>Vcnundatus</strong></span> <span class='ocrx_word' id='word_1_528' title='bbox 1922 3677 2053 3731; x_wconf 85' lang='lat' dir='ltr'><strong>ergo</strong></span> <span class='ocrx_word' id='word_1_529' title='bbox 2075 3668 2174 3721; x_wconf 90' lang='lat' dir='ltr'><strong>sub</strong></span> 
     </span>
    </p>
   </div>
   <div class='ocr_carea' id='block_1_70' title="bbox 586 3744 2173 3815">
    <p class='ocr_par' dir='ltr' id='par_1_70' title="bbox 586 3744 2173 3815">
     <span class='ocr_line' id='line_1_70' title="bbox 586 3744 2173 3815; baseline 0.009 -19"><span class='ocrx_word' id='word_1_530' title='bbox 586 3750 831 3811; x_wconf 89' lang='lat' dir='ltr'><strong>peccato,</strong></span> <span class='ocrx_word' id='word_1_531' title='bbox 871 3752 1118 3799; x_wconf 88' lang='lat' dir='ltr'><strong>cunctam</strong></span> <span class='ocrx_word' id='word_1_532' title='bbox 1150 3744 1201 3799; x_wconf 93' lang='lat' dir='ltr'><strong>in</strong></span> <span class='ocrx_word' id='word_1_533' title='bbox 1227 3760 1287 3800; x_wconf 89' lang='lat' dir='ltr'><strong>se</strong></span> <span class='ocrx_word' id='word_1_534' title='bbox 1329 3747 1534 3815; x_wconf 87' lang='lat' dir='ltr'><strong>prolem</strong></span> <span class='ocrx_word' id='word_1_535' title='bbox 1564 3750 1632 3804; x_wconf 86' lang='lat' dir='ltr'><strong>de</strong></span> <span class='ocrx_word' id='word_1_536' title='bbox 1671 3752 1849 3807; x_wconf 92' lang='lat' dir='ltr'><strong>carnis</strong></span> <span class='ocrx_word' id='word_1_537' title='bbox 1884 3756 2173 3811; x_wconf 90' lang='lat' dir='ltr'><strong>concubitu</strong></span> 
     </span>
    </p>
   </div>
   <div class='ocr_carea' id='block_1_71' title="bbox 584 3833 2169 3902">
    <p class='ocr_par' dir='ltr' id='par_1_71' title="bbox 584 3833 2169 3902">
     <span class='ocr_line' id='line_1_71' title="bbox 584 3833 2169 3902; baseline 0.007 -11"><span class='ocrx_word' id='word_1_538' title='bbox 584 3838 909 3891; x_wconf 89' lang='lat' dir='ltr'><strong>nascituram</strong></span> <span class='ocrx_word' id='word_1_539' title='bbox 964 3838 1191 3893; x_wconf 78' lang='lat' dir='ltr'><strong>nexibus</strong></span> <span class='ocrx_word' id='word_1_540' title='bbox 1229 3837 1520 3895; x_wconf 64' lang='lat' dir='ltr'><strong>mortifer-te</strong></span> <span class='ocrx_word' id='word_1_541' title='bbox 1547 3833 1825 3898; x_wconf 83' lang='lat' dir='ltr'><strong>servitutis</strong></span> <span class='ocrx_word' id='word_1_542' title='bbox 1863 3845 2169 3902; x_wconf 77' lang='lat' dir='ltr'><strong>obstrinxit.</strong></span> 
     </span>
    </p>
   </div>
   <div class='ocr_carea' id='block_1_72' title="bbox 586 3926 2168 3994">
    <p class='ocr_par' dir='ltr' id='par_1_72' title="bbox 586 3926 2168 3994">
     <span class='ocr_line' id='line_1_72' title="bbox 586 3926 2168 3994; baseline 0.009 -14"><span class='ocrx_word' id='word_1_543' title='bbox 586 3926 737 3993; x_wconf 87' lang='lat' dir='ltr'><strong>Quod</strong></span> <span class='ocrx_word' id='word_1_544' title='bbox 762 3929 951 3984; x_wconf 89' lang='lat' dir='ltr'><strong>beatus</strong></span> <span class='ocrx_word' id='word_1_545' title='bbox 979 3929 1176 3984; x_wconf 88' lang='lat' dir='ltr'><strong>Paulus</strong></span> <span class='ocrx_word' id='word_1_546' title='bbox 1218 3930 1499 3987; x_wconf 89' lang='lat' dir='ltr'><strong>evidenter</strong></span> <span class='ocrx_word' id='word_1_547' title='bbox 1541 3933 1625 3989; x_wconf 92' lang='lat' dir='ltr'><strong>his</strong></span> <span class='ocrx_word' id='word_1_548' title='bbox 1670 3936 1849 3992; x_wconf 89' lang='lat' dir='ltr'><strong>verbis</strong></span> <span class='ocrx_word' id='word_1_549' title='bbox 1893 3937 2168 3994; x_wconf 84' lang='lat' dir='ltr'><strong>insinuat:</strong></span> 
     </span>
    </p>
   </div>
   <div class='ocr_carea' id='block_1_73' title="bbox 582 4020 2170 4094">
    <p class='ocr_par' dir='ltr' id='par_1_73' title="bbox 582 4020 2170 4094">
     <span class='ocr_line' id='line_1_73' title="bbox 582 4020 2170 4094; baseline 0.007 -19"><span class='ocrx_word' id='word_1_550' title='bbox 582 4020 691 4075; x_wconf 82' lang='lat' dir='ltr'><strong>Per</strong></span> <span class='ocrx_word' id='word_1_551' title='bbox 717 4038 876 4076; x_wconf 88' lang='lat' dir='ltr'><strong>unum</strong></span> <span class='ocrx_word' id='word_1_552' title='bbox 905 4022 1162 4077; x_wconf 81' lang='lat' dir='ltr'><strong>hominem</strong></span> <span class='ocrx_word' id='word_1_553' title='bbox 1193 4033 1457 4094; x_wconf 83' lang='lat' dir='ltr'><strong>peccatum</strong></span> <span class='ocrx_word' id='word_1_554' title='bbox 1483 4027 1536 4079; x_wconf 86' lang='lat' dir='ltr'><strong>in</strong></span> <span class='ocrx_word' id='word_1_555' title='bbox 1565 4027 1697 4080; x_wconf 86' lang='lat' dir='ltr'><strong>hunc</strong></span> <span class='ocrx_word' id='word_1_556' title='bbox 1723 4029 1971 4083; x_wconf 83' lang='lat' dir='ltr'><strong>mundum</strong></span> <span class='ocrx_word' id='word_1_557' title='bbox 2000 4032 2170 4085; x_wconf 85' lang='lat' dir='ltr'><strong>intra-</strong></span> 
     </span>
    </p>
   </div>
   <div class='ocr_carea' id='block_1_74' title="bbox 581 4112 2170 4183">
    <p class='ocr_par' dir='ltr' id='par_1_74' title="bbox 581 4112 2170 4183">
     <span class='ocr_line' id='line_1_74' title="bbox 581 4112 2170 4183; baseline 0.008 -19"><span class='ocrx_word' id='word_1_558' title='bbox 581 4112 672 4177; x_wconf 78' lang='lat' dir='ltr'><strong>rit,</strong></span> <span class='ocrx_word' id='word_1_559' title='bbox 702 4122 751 4166; x_wconf 91' lang='lat' dir='ltr'><strong>et</strong></span> <span class='ocrx_word' id='word_1_560' title='bbox 788 4130 879 4181; x_wconf 86' lang='lat' dir='ltr'><strong>per</strong></span> <span class='ocrx_word' id='word_1_561' title='bbox 906 4123 1169 4183; x_wconf 87' lang='lat' dir='ltr'><strong>peccatum</strong></span> <span class='ocrx_word' id='word_1_562' title='bbox 1208 4131 1365 4179; x_wconf 83' lang='lat' dir='ltr'><strong>mors,</strong></span> <span class='ocrx_word' id='word_1_563' title='bbox 1415 4125 1463 4168; x_wconf 91' lang='lat' dir='ltr'><strong>et</strong></span> <span class='ocrx_word' id='word_1_564' title='bbox 1505 4117 1577 4169; x_wconf 87' lang='lat' dir='ltr'><strong>ita</strong></span> <span class='ocrx_word' id='word_1_565' title='bbox 1623 4117 1674 4170; x_wconf 86' lang='lat' dir='ltr'><strong>in</strong></span> <span class='ocrx_word' id='word_1_566' title='bbox 1719 4136 1896 4174; x_wconf 87' lang='lat' dir='ltr'><strong>omnes</strong></span> <span class='ocrx_word' id='word_1_567' title='bbox 1937 4120 2170 4176; x_wconf 86' lang='lat' dir='ltr'><strong>homines</strong></span> 
     </span>
    </p>
   </div>
   <div class='ocr_carea' id='block_1_75' title="bbox 582 4206 2166 4280">
    <p class='ocr_par' dir='ltr' id='par_1_75' title="bbox 582 4206 2166 4280">
     <span class='ocr_line' id='line_1_75' title="bbox 582 4206 2166 4280; baseline 0.008 -25"><span class='ocrx_word' id='word_1_568' title='bbox 582 4219 723 4257; x_wconf 84' lang='lat' dir='ltr'><strong>mors</strong></span> <span class='ocrx_word' id='word_1_569' title='bbox 759 4206 1080 4271; x_wconf 85' lang='lat' dir='ltr'><strong>pertransiit,</strong></span> <span class='ocrx_word' id='word_1_570' title='bbox 1116 4206 1168 4257; x_wconf 89' lang='lat' dir='ltr'><strong>in</strong></span> <span class='ocrx_word' id='word_1_571' title='bbox 1209 4222 1306 4276; x_wconf 82' lang='lat' dir='ltr'><strong>quo</strong></span> <span class='ocrx_word' id='word_1_572' title='bbox 1335 4223 1509 4260; x_wconf 88' lang='lat' dir='ltr'><strong>omnes</strong></span> <span class='ocrx_word' id='word_1_573' title='bbox 1550 4217 1882 4276; x_wconf 75' lang='lat' dir='ltr'><strong>peccaverunt</strong></span> <span class='ocrx_word' id='word_1_574' title='bbox 1912 4209 2093 4280; x_wconf 81' lang='lat' dir='ltr'><strong>(Rom.</strong></span> <span class='ocrx_word' id='word_1_575' title='bbox 2113 4228 2166 4279; x_wconf 82' lang='grc' dir='ltr'><strong>ν,</strong></span> 
     </span>
    </p>
   </div>
   <div class='ocr_carea' id='block_1_76' title="bbox 584 4291 2170 4373">
    <p class='ocr_par' dir='ltr' id='par_1_76' title="bbox 584 4291 2170 4373">
     <span class='ocr_line' id='line_1_76' title="bbox 584 4291 2170 4373; baseline 0.008 -27"><span class='ocrx_word' id='word_1_576' title='bbox 584 4291 695 4361; x_wconf 67' lang='lat'><strong>12).</strong></span> <span class='ocrx_word' id='word_1_577' title='bbox 748 4291 864 4347; x_wconf 83' lang='lat' dir='ltr'><strong>Hoc</strong></span> <span class='ocrx_word' id='word_1_578' title='bbox 894 4294 946 4346; x_wconf 90' lang='lat' dir='ltr'><strong>in</strong></span> <span class='ocrx_word' id='word_1_579' title='bbox 990 4294 1081 4348; x_wconf 81' lang='lat' dir='ltr'><strong>illo</strong></span> <span class='ocrx_word' id='word_1_580' title='bbox 1112 4295 1203 4364; x_wconf 91' lang='lat' dir='ltr'><strong>qui</strong></span> <span class='ocrx_word' id='word_1_581' title='bbox 1244 4296 1447 4368; x_wconf 88' lang='lat' dir='ltr'><strong>primus</strong></span> <span class='ocrx_word' id='word_1_582' title='bbox 1493 4296 1666 4352; x_wconf 80' lang='lat' dir='ltr'><strong>factus</strong></span> <span class='ocrx_word' id='word_1_583' title='bbox 1708 4307 1794 4353; x_wconf 89' lang='lat' dir='ltr'><strong>est</strong></span> <span class='ocrx_word' id='word_1_584' title='bbox 1827 4309 1981 4373; x_wconf 85' lang='lat' dir='ltr'><strong>patre</strong></span> <span class='ocrx_word' id='word_1_585' title='bbox 2023 4303 2170 4359; x_wconf 87' lang='lat' dir='ltr'><strong>orbis</strong></span> 
     </span>
    </p>
   </div>
   <div class='ocr_carea' id='block_1_77' title="bbox 582 4384 2167 4460">
    <p class='ocr_par' dir='ltr' id='par_1_77' title="bbox 582 4384 2167 4460">
     <span class='ocr_line' id='line_1_77' title="bbox 582 4384 2167 4460; baseline 0.008 -24"><span class='ocrx_word' id='word_1_586' title='bbox 582 4393 850 4437; x_wconf 87' lang='lat' dir='ltr'><strong>terrarum</strong></span> <span class='ocrx_word' id='word_1_587' title='bbox 888 4384 1120 4439; x_wconf 84' lang='lat' dir='ltr'><strong>universi</strong></span> <span class='ocrx_word' id='word_1_588' title='bbox 1152 4385 1490 4457; x_wconf 81' lang='lat' dir='ltr'><strong>pertulimus,</strong></span> <span class='ocrx_word' id='word_1_589' title='bbox 1535 4386 1588 4443; x_wconf 90' lang='lat' dir='ltr'><strong>in</strong></span> <span class='ocrx_word' id='word_1_590' title='bbox 1617 4402 1726 4458; x_wconf 88' lang='lat' dir='ltr'><strong>quo</strong></span> <span class='ocrx_word' id='word_1_591' title='bbox 1754 4404 1943 4447; x_wconf 87' lang='lat' dir='ltr'><strong>onmes</strong></span> <span class='ocrx_word' id='word_1_592' title='bbox 1972 4406 2167 4460; x_wconf 79' lang='lat' dir='ltr'><strong>pecca-</strong></span> 
     </span>
    </p>
   </div>
   <div class='ocr_carea' id='block_1_78' title="bbox 582 4462 2167 4556">
    <p class='ocr_par' dir='ltr' id='par_1_78' title="bbox 582 4462 2167 4556">
     <span class='ocr_line' id='line_1_78' title="bbox 582 4462 2167 4556; baseline 0.009 -29"><span class='ocrx_word' id='word_1_593' title='bbox 582 4481 775 4529; x_wconf 86' lang='lat' dir='ltr'><strong>verunt</strong></span> <span class='ocrx_word' id='word_1_594' title='bbox 802 4484 1086 4543; x_wconf 85' lang='lat' dir='ltr'><strong>antequam</strong></span> <span class='ocrx_word' id='word_1_595' title='bbox 1120 4476 1231 4541; x_wconf 86' lang='lat' dir='ltr'><strong>nati</strong></span> <span class='ocrx_word' id='word_1_596' title='bbox 1253 4462 1453 4542; x_wconf 72' lang='lat' dir='ltr'><strong>essent,</strong></span> <span class='ocrx_word' id='word_1_597' title='bbox 1478 4478 1568 4547; x_wconf 90' lang='lat' dir='ltr'><strong>qui</strong></span> <span class='ocrx_word' id='word_1_598' title='bbox 1590 4492 1686 4547; x_wconf 90' lang='lat' dir='ltr'><strong>per</strong></span> <span class='ocrx_word' id='word_1_599' title='bbox 1704 4479 1913 4548; x_wconf 89' lang='lat' dir='ltr'><strong>seipsos</strong></span> <span class='ocrx_word' id='word_1_600' title='bbox 1940 4497 2167 4556; x_wconf 89' lang='lat' dir='ltr'><strong>peccare</strong></span> 
     </span>
    </p>
   </div>
   <div class='ocr_carea' id='block_1_79' title="bbox 581 4565 2169 4647">
    <p class='ocr_par' dir='ltr' id='par_1_79' title="bbox 581 4565 2169 4647">
     <span class='ocr_line' id='line_1_79' title="bbox 581 4565 2169 4647; baseline 0.008 -28"><span class='ocrx_word' id='word_1_601' title='bbox 581 4580 689 4619; x_wconf 90' lang='lat' dir='ltr'><strong>non</strong></span> <span class='ocrx_word' id='word_1_602' title='bbox 716 4572 1025 4637; x_wconf 82' lang='lat' dir='ltr'><strong>potuerunt.</strong></span> <span class='ocrx_word' id='word_1_603' title='bbox 1050 4565 1186 4623; x_wconf 82' lang='lat' dir='ltr'><strong>llinc</strong></span> <span class='ocrx_word' id='word_1_604' title='bbox 1214 4566 1411 4621; x_wconf 72' lang='lat' dir='ltr'><strong>laetum</strong></span> <span class='ocrx_word' id='word_1_605' title='bbox 1442 4575 1523 4622; x_wconf 89' lang='lat' dir='ltr'><strong>est</strong></span> <span class='ocrx_word' id='word_1_606' title='bbox 1547 4578 1603 4624; x_wconf 93' lang='lat' dir='ltr'><strong>ut</strong></span> <span class='ocrx_word' id='word_1_607' title='bbox 1627 4569 1737 4638; x_wconf 85' lang='lat' dir='ltr'><strong>jam</strong></span> <span class='ocrx_word' id='word_1_608' title='bbox 1763 4570 1902 4629; x_wconf 85' lang='lat' dir='ltr'><strong>ﬁlios</strong></span> <span class='ocrx_word' id='word_1_609' title='bbox 1929 4574 2020 4630; x_wconf 65' lang='lat' dir='ltr'><strong>irae</strong></span> <span class='ocrx_word' id='word_1_610' title='bbox 2043 4593 2169 4647; x_wconf 90' lang='lat' dir='ltr'><strong>pro-</strong></span> 
     </span>
    </p>
   </div>
   <div class='ocr_carea' id='block_1_80' title="bbox 579 4656 2168 4737">
    <p class='ocr_par' dir='ltr' id='par_1_80' title="bbox 579 4656 2168 4737">
     <span class='ocr_line' id='line_1_80' title="bbox 579 4656 2168 4737; baseline 0.01 -30"><span class='ocrx_word' id='word_1_611' title='bbox 579 4664 799 4729; x_wconf 78' lang='lat' dir='ltr'><strong>pagaret</strong></span> <span class='ocrx_word' id='word_1_612' title='bbox 826 4670 1003 4710; x_wconf 87' lang='lat' dir='ltr'><strong>massa</strong></span> <span class='ocrx_word' id='word_1_613' title='bbox 1033 4656 1306 4722; x_wconf 84' lang='lat' dir='ltr'><strong>damnata,</strong></span> <span class='ocrx_word' id='word_1_614' title='bbox 1334 4673 1451 4727; x_wconf 56' lang='lat' dir='ltr'><strong>quas</strong></span> <span class='ocrx_word' id='word_1_615' title='bbox 1478 4660 1530 4714; x_wconf 91' lang='lat' dir='ltr'><strong>in</strong></span> <span class='ocrx_word' id='word_1_616' title='bbox 1562 4661 1701 4715; x_wconf 91' lang='lat' dir='ltr'><strong>illius</strong></span> <span class='ocrx_word' id='word_1_617' title='bbox 1730 4662 1958 4720; x_wconf 82' lang='lat' dir='ltr'><strong>hominis</strong></span> <span class='ocrx_word' id='word_1_618' title='bbox 1985 4677 2168 4737; x_wconf 80' lang='lat' dir='ltr'><strong>poste-</strong></span> 
     </span>
    </p>
   </div>
   <div class='ocr_carea' id='block_1_81' title="bbox 579 4746 2167 4825">
    <p class='ocr_par' dir='ltr' id='par_1_81' title="bbox 579 4746 2167 4825">
     <span class='ocr_line' id='line_1_81' title="bbox 579 4746 2167 4825; baseline 0.009 -25"><span class='ocrx_word' id='word_1_619' title='bbox 579 4762 671 4800; x_wconf 84' lang='lat' dir='ltr'><strong>ros</strong></span> <span class='ocrx_word' id='word_1_620' title='bbox 726 4754 781 4800; x_wconf 87' lang='lat' dir='ltr'><strong>et</strong></span> <span class='ocrx_word' id='word_1_621' title='bbox 828 4746 1165 4818; x_wconf 86' lang='lat' dir='ltr'><strong>iniquitatem</strong></span> <span class='ocrx_word' id='word_1_622' title='bbox 1194 4749 1351 4803; x_wconf 89' lang='lat' dir='ltr'><strong>simul</strong></span> <span class='ocrx_word' id='word_1_623' title='bbox 1384 4749 1665 4806; x_wconf 85' lang='lat' dir='ltr'><strong>transfudit</strong></span> <span class='ocrx_word' id='word_1_624' title='bbox 1709 4762 1764 4807; x_wconf 91' lang='lat' dir='ltr'><strong>et</strong></span> <span class='ocrx_word' id='word_1_625' title='bbox 1809 4766 2060 4825; x_wconf 88' lang='lat' dir='ltr'><strong>mortem,</strong></span> <span class='ocrx_word' id='word_1_626' title='bbox 2108 4770 2167 4815; x_wconf 92' lang='lat' dir='ltr'><strong>ut</strong></span> 
     </span>
    </p>
   </div>
   <div class='ocr_carea' id='block_1_82' title="bbox 580 4841 2166 4917">
    <p class='ocr_par' dir='ltr' id='par_1_82' title="bbox 580 4841 2166 4917">
     <span class='ocr_line' id='line_1_82' title="bbox 580 4841 2166 4917; baseline 0.009 -22"><span class='ocrx_word' id='word_1_627' title='bbox 580 4841 760 4897; x_wconf 89' lang='lat' dir='ltr'><strong>omnis</strong></span> <span class='ocrx_word' id='word_1_628' title='bbox 787 4842 876 4910; x_wconf 87' lang='lat' dir='ltr'><strong>qui</strong></span> <span class='ocrx_word' id='word_1_629' title='bbox 906 4858 1003 4912; x_wconf 88' lang='lat' dir='ltr'><strong>per</strong></span> <span class='ocrx_word' id='word_1_630' title='bbox 1029 4844 1200 4913; x_wconf 81' lang='lat' dir='ltr'><strong>legem</strong></span> <span class='ocrx_word' id='word_1_631' title='bbox 1232 4846 1436 4915; x_wconf 90' lang='lat' dir='ltr'><strong>peccati</strong></span> <span class='ocrx_word' id='word_1_632' title='bbox 1468 4848 1650 4917; x_wconf 87' lang='lat' dir='ltr'><strong>(quam</strong></span> <span class='ocrx_word' id='word_1_633' title='bbox 1680 4859 1887 4906; x_wconf 91' lang='lat' dir='ltr'><strong>certum</strong></span> <span class='ocrx_word' id='word_1_634' title='bbox 1916 4862 1997 4908; x_wconf 91' lang='lat' dir='ltr'><strong>est</strong></span> <span class='ocrx_word' id='word_1_635' title='bbox 2018 4870 2166 4909; x_wconf 88' lang='lat' dir='ltr'><strong>mor-</strong></span> 
     </span>
    </p>
   </div>
   <div class='ocr_carea' id='block_1_83' title="bbox 578 4931 2162 5015">
    <p class='ocr_par' dir='ltr' id='par_1_83' title="bbox 578 4931 2162 5015">
     <span class='ocr_line' id='line_1_83' title="bbox 578 4931 2162 5015; baseline 0.011 -31"><span class='ocrx_word' id='word_1_636' title='bbox 578 4931 776 4987; x_wconf 88' lang='lat' dir='ltr'><strong>talibus</strong></span> <span class='ocrx_word' id='word_1_637' title='bbox 798 4948 968 5000; x_wconf 90' lang='lat' dir='ltr'><strong>usque</strong></span> <span class='ocrx_word' id='word_1_638' title='bbox 996 4934 1065 4988; x_wconf 87' lang='lat' dir='ltr'><strong>ad</strong></span> <span class='ocrx_word' id='word_1_639' title='bbox 1094 4945 1323 4991; x_wconf 91' lang='lat' dir='ltr'><strong>mortem</strong></span> <span class='ocrx_word' id='word_1_640' title='bbox 1366 4938 1545 4993; x_wconf 89' lang='lat' dir='ltr'><strong>inesse</strong></span> <span class='ocrx_word' id='word_1_641' title='bbox 1573 4942 1911 5013; x_wconf 85' lang='lat' dir='ltr'><strong>corporibus)</strong></span> <span class='ocrx_word' id='word_1_642' title='bbox 1942 4944 2010 5000; x_wconf 90' lang='lat' dir='ltr'><strong>de</strong></span> <span class='ocrx_word' id='word_1_643' title='bbox 2035 4960 2162 5015; x_wconf 89' lang='lat' dir='ltr'><strong>pec-</strong></span> 
     </span>
    </p>
   </div>
   <div class='ocr_carea' id='block_1_84' title="bbox 576 5022 2162 5103">
    <p class='ocr_par' dir='ltr' id='par_1_84' title="bbox 576 5022 2162 5103">
     <span class='ocr_line' id='line_1_84' title="bbox 576 5022 2162 5103; baseline 0.009 -24"><span class='ocrx_word' id='word_1_644' title='bbox 576 5022 778 5079; x_wconf 89' lang='lat' dir='ltr'><strong>catoris</strong></span> <span class='ocrx_word' id='word_1_645' title='bbox 803 5025 1340 5083; x_wconf 80' lang='lat' dir='ltr'><strong>semine’nasciturus</strong></span> <span class='ocrx_word' id='word_1_646' title='bbox 1368 5030 1423 5085; x_wconf 88' lang='lat' dir='ltr'><strong>in</strong></span> <span class='ocrx_word' id='word_1_647' title='bbox 1450 5031 1568 5102; x_wconf 91' lang='lat' dir='ltr'><strong>ipso</strong></span> <span class='ocrx_word' id='word_1_648' title='bbox 1604 5035 1974 5103; x_wconf 83' lang='lat' dir='ltr'><strong>conceptionis</strong></span> <span class='ocrx_word' id='word_1_649' title='bbox 2002 5052 2162 5094; x_wconf 83' lang='lat' dir='ltr'><strong>exor-</strong></span> 
     </span>
    </p>
   </div>
   <div class='ocr_carea' id='block_1_85' title="bbox 575 5113 2159 5192">
    <p class='ocr_par' dir='ltr' id='par_1_85' title="bbox 575 5113 2159 5192">
     <span class='ocr_line' id='line_1_85' title="bbox 575 5113 2159 5192; baseline 0.009 -26"><span class='ocrx_word' id='word_1_650' title='bbox 575 5113 666 5167; x_wconf 88' lang='lat' dir='ltr'><strong>dio</strong></span> <span class='ocrx_word' id='word_1_651' title='bbox 713 5115 871 5185; x_wconf 83' lang='lat'><strong>301</strong></span> <span class='ocrx_word' id='word_1_652' title='bbox 928 5117 1230 5188; x_wconf 78' lang='lat' dir='ltr'><strong>excepisset</strong></span> <span class='ocrx_word' id='word_1_653' title='bbox 1278 5121 1487 5189; x_wconf 85' lang='lat' dir='ltr'><strong>peccati</strong></span> <span class='ocrx_word' id='word_1_654' title='bbox 1534 5125 1825 5192; x_wconf 85' lang='lat' dir='ltr'><strong>parentalis</strong></span> <span class='ocrx_word' id='word_1_655' title='bbox 1873 5128 2159 5190; x_wconf 86' lang='lat' dir='ltr'><strong>maculam,</strong></span> 
     </span>
    </p>
   </div>
   <div class='ocr_carea' id='block_1_86' title="bbox 576 5193 2163 5285">
    <p class='ocr_par' dir='ltr' id='par_1_86' title="bbox 576 5193 2163 5285">
     <span class='ocr_line' id='line_1_86' title="bbox 576 5193 2163 5285; baseline 0.008 -26"><span class='ocrx_word' id='word_1_656' title='bbox 576 5205 773 5259; x_wconf 76' lang='lat' dir='ltr'><strong>exinde</strong></span> <span class='ocrx_word' id='word_1_657' title='bbox 801 5193 900 5260; x_wconf 77' lang='lat' dir='ltr'><strong>sub</strong></span> <span class='ocrx_word' id='word_1_658' title='bbox 941 5211 1071 5275; x_wconf 81' lang='lat' dir='ltr'><strong>jugo</strong></span> <span class='ocrx_word' id='word_1_659' title='bbox 1099 5210 1246 5276; x_wconf 77' lang='lat' dir='ltr'><strong>gravi</strong></span> <span class='ocrx_word' id='word_1_660' title='bbox 1294 5202 1551 5281; x_wconf 71' lang='lat' dir='ltr'><strong>quodest</strong></span> <span class='ocrx_word' id='word_1_661' title='bbox 1596 5231 1750 5285; x_wconf 78' lang='lat' dir='ltr'><strong>super</strong></span> <span class='ocrx_word' id='word_1_662' title='bbox 1777 5217 1915 5285; x_wconf 80' lang='lat' dir='ltr'><strong>filios</strong></span> <span class='ocrx_word' id='word_1_663' title='bbox 1934 5217 2103 5272; x_wconf 83' lang='lat' dir='ltr'><strong>Adam</strong></span> <span class='ocrx_word' id='word_1_664' title='bbox 2129 5235 2163 5271; x_wconf 77' lang='grc' dir='ltr'><em>η</em></span> 
     </span>
    </p>
   </div>
   <div class='ocr_carea' id='block_1_87' title="bbox 535 5294 2159 5377">
    <p class='ocr_par' dir='ltr' id='par_1_87' title="bbox 535 5294 2159 5377">
     <span class='ocr_line' id='line_1_87' title="bbox 535 5294 2159 5377; baseline 0.012 -32"><span class='ocrx_word' id='word_1_665' title='bbox 535 5364 541 5370; x_wconf 26' lang='grc' dir='ltr'><strong><em>ι</em></strong></span> <span class='ocrx_word' id='word_1_666' title='bbox 578 5294 663 5347; x_wconf 88' lang='lat' dir='ltr'><strong>die</strong></span> <span class='ocrx_word' id='word_1_667' title='bbox 691 5297 855 5351; x_wconf 72' lang='lat' dir='ltr'><strong>exitus</strong></span> <span class='ocrx_word' id='word_1_668' title='bbox 884 5298 946 5351; x_wconf 75' lang='lat' dir='ltr'><strong>a&#39;e</strong></span> <span class='ocrx_word' id='word_1_669' title='bbox 975 5310 1145 5353; x_wconf 77' lang='lat' dir='ltr'><strong>ventre</strong></span> <span class='ocrx_word' id='word_1_670' title='bbox 1174 5303 1357 5355; x_wconf 82' lang='lat' dir='ltr'><strong>matris</strong></span> <span class='ocrx_word' id='word_1_671' title='bbox 1401 5320 1598 5368; x_wconf 86' lang='lat' dir='ltr'><strong>eorum,</strong></span> <span class='ocrx_word' id='word_1_672' title='bbox 1624 5304 1790 5377; x_wconf 75' lang='lat' dir='ltr'><strong>usque</strong></span> <span class='ocrx_word' id='word_1_673' title='bbox 1818 5309 1872 5361; x_wconf 83' lang='lat' dir='ltr'><strong>in</strong></span> <span class='ocrx_word' id='word_1_674' title='bbox 1902 5308 2039 5362; x_wconf 85' lang='lat' dir='ltr'><strong>diem</strong></span> <span class='ocrx_word' id='word_1_675' title='bbox 2075 5327 2159 5365; x_wconf 72' lang='lat' dir='ltr'><strong>se-</strong></span> 
     </span>
    </p>
   </div>
   <div class='ocr_carea' id='block_1_88' title="bbox 576 5384 2162 5466">
    <p class='ocr_par' dir='ltr' id='par_1_88' title="bbox 576 5384 2162 5466">
     <span class='ocr_line' id='line_1_88' title="bbox 576 5384 2162 5466; baseline 0.013 -31"><span class='ocrx_word' id='word_1_676' title='bbox 576 5384 799 5453; x_wconf 80' lang='lat' dir='ltr'><strong>pultura:</strong></span> <span class='ocrx_word' id='word_1_677' title='bbox 840 5387 889 5439; x_wconf 86' lang='lat' dir='ltr'><strong>in</strong></span> <span class='ocrx_word' id='word_1_678' title='bbox 938 5400 1155 5444; x_wconf 76' lang='lat' dir='ltr'><strong>matrem</strong></span> <span class='ocrx_word' id='word_1_679' title='bbox 1191 5394 1421 5446; x_wconf 86' lang='lat' dir='ltr'><strong>omnium</strong></span> <span class='ocrx_word' id='word_1_680' title='bbox 1454 5392 1639 5463; x_wconf 84' lang='lat' dir='ltr'><strong>(Eccti.</strong></span> <span class='ocrx_word' id='word_1_681' title='bbox 1673 5412 1761 5459; x_wconf 73' lang='grc' dir='ltr'><strong>λι.</strong></span> <span class='ocrx_word' id='word_1_682' title='bbox 1796 5397 1873 5466; x_wconf 84' lang='grc'><strong>1),</strong></span> <span class='ocrx_word' id='word_1_683' title='bbox 1901 5398 2162 5455; x_wconf 91' lang='lat' dir='ltr'><strong>ducturus</strong></span> 
     </span>
    </p>
   </div>
   <div class='ocr_carea' id='block_1_89' title="bbox 577 5481 2157 5555">
    <p class='ocr_par' dir='ltr' id='par_1_89' title="bbox 577 5481 2157 5555">
     <span class='ocr_line' id='line_1_89' title="bbox 577 5481 2157 5555; baseline 0.011 -27"><span class='ocrx_word' id='word_1_684' title='bbox 577 5482 726 5530; x_wconf 90' lang='lat' dir='ltr'><strong>esset</strong></span> <span class='ocrx_word' id='word_1_685' title='bbox 750 5492 1103 5534; x_wconf 72' lang='lat' dir='ltr'><strong>mruumnsam</strong></span> <span class='ocrx_word' id='word_1_686' title='bbox 1135 5481 1417 5555; x_wconf 81' lang='lat' dir='ltr'><strong>infeliciter</strong></span> <span class='ocrx_word' id='word_1_687' title='bbox 1444 5484 1627 5549; x_wconf 91' lang='lat' dir='ltr'><strong>vitam,</strong></span> <span class='ocrx_word' id='word_1_688' title='bbox 1658 5486 1905 5542; x_wconf 80' lang='lat' dir='ltr'><strong>brevitati</strong></span> <span class='ocrx_word' id='word_1_689' title='bbox 1933 5489 2157 5552; x_wconf 86' lang='lat' dir='ltr'><strong>scilicet,</strong></span> 
     </span>
    </p>
   </div>
   <div class='ocr_carea' id='block_1_90' title="bbox 578 5570 2156 5647">
    <p class='ocr_par' dir='ltr' id='par_1_90' title="bbox 578 5570 2156 5647">
     <span class='ocr_line' id='line_1_90' title="bbox 578 5570 2156 5647; baseline 0.008 -28"><span class='ocrx_word' id='word_1_690' title='bbox 578 5574 826 5634; x_wconf 86' lang='lat' dir='ltr'><strong>peccato,</strong></span> <span class='ocrx_word' id='word_1_691' title='bbox 873 5570 1141 5640; x_wconf 87' lang='lat' dir='ltr'><strong>mortique</strong></span> <span class='ocrx_word' id='word_1_692' title='bbox 1178 5573 1493 5641; x_wconf 75' lang='lat' dir='ltr'><strong>subiectam.</strong></span> <span class='ocrx_word' id='word_1_693' title='bbox 1548 5574 1820 5647; x_wconf 86' lang='lat' dir='ltr'><strong>Scriptum</strong></span> <span class='ocrx_word' id='word_1_694' title='bbox 1865 5579 2156 5635; x_wconf 86' lang='lat' dir='ltr'><strong>estenim:</strong></span> 
     </span>
    </p>
   </div>
   <div class='ocr_carea' id='block_1_91' title="bbox 576 5763 2158 5846">
    <p class='ocr_par' dir='ltr' id='par_1_91' title="bbox 576 5763 2158 5846">
     <span class='ocr_line' id='line_1_91' title="bbox 576 5763 2158 5846; baseline 0.009 -31"><span class='ocrx_word' id='word_1_695' title='bbox 576 5833 592 5846; x_wconf 46' lang='lat'>.</span> <span class='ocrx_word' id='word_1_696' title='bbox 652 5772 675 5799; x_wconf 72' lang='grc' dir='ltr'>δ</span> <span class='ocrx_word' id='word_1_697' title='bbox 709 5763 875 5819; x_wconf 80' lang='lat' dir='ltr'><strong>Verba</strong></span> <span class='ocrx_word' id='word_1_698' title='bbox 898 5765 1011 5821; x_wconf 72' lang='lat' dir='ltr'><strong>hzec</strong></span> <span class='ocrx_word' id='word_1_699' title='bbox 1041 5776 1189 5836; x_wconf 81' lang='lat' dir='ltr'><strong>atque</strong></span> <span class='ocrx_word' id='word_1_700' title='bbox 1216 5768 1314 5821; x_wconf 82' lang='lat' dir='ltr'><strong>rita</strong></span> <span class='ocrx_word' id='word_1_701' title='bbox 1344 5768 1535 5825; x_wconf 91' lang='lat' dir='ltr'><strong>desunt</strong></span> <span class='ocrx_word' id='word_1_702' title='bbox 1583 5772 1635 5826; x_wconf 90' lang='lat' dir='ltr'><strong>in</strong></span> <span class='ocrx_word' id='word_1_703' title='bbox 1681 5770 1856 5839; x_wconf 86' lang='lat' dir='ltr'><strong>editis,</strong></span> <span class='ocrx_word' id='word_1_704' title='bbox 1892 5772 2158 5830; x_wconf 86' lang='lat' dir='ltr'><strong>habentur</strong></span> 
     </span>
    </p>
   </div>
   <div class='ocr_carea' id='block_1_92' title="bbox 575 5849 758 5894">
    <p class='ocr_par' dir='ltr' id='par_1_92' title="bbox 575 5849 758 5894">
     <span class='ocr_line' id='line_1_92' title="bbox 575 5849 758 5894; baseline -0.005 -6"><span class='ocrx_word' id='word_1_705' title='bbox 575 5849 633 5894; x_wconf 77' lang='grc' dir='ltr'><strong>ιιι</strong></span> <span class='ocrx_word' id='word_1_706' title='bbox 659 5849 758 5889; x_wconf 68' lang='lat' dir='ltr'><strong>llis.</strong></span> 
     </span>
    </p>
   </div>
   <div class='ocr_carea' id='block_1_93' title="bbox 2279 3320 3839 3391">
    <p class='ocr_par' dir='ltr' id='par_1_93' title="bbox 2279 3320 3839 3391">
     <span class='ocr_line' id='line_1_93' title="bbox 2279 3320 3839 3391; baseline 0.003 -21"><span class='ocrx_word' id='word_1_707' title='bbox 2279 3320 2543 3390; x_wconf 80' lang='lat' dir='ltr'><strong>pauis‘qui</strong></span> <span class='ocrx_word' id='word_1_708' title='bbox 2565 3320 2630 3373; x_wconf 83' lang='lat' dir='ltr'><strong>de</strong></span> <span class='ocrx_word' id='word_1_709' title='bbox 2651 3320 2775 3375; x_wconf 69' lang='lat' dir='ltr'><strong>carlo</strong></span> <span class='ocrx_word' id='word_1_710' title='bbox 2804 3321 3084 3388; x_wconf 81' lang='lat' dir='ltr'><strong>descendit,</strong></span> <span class='ocrx_word' id='word_1_711' title='bbox 3104 3334 3153 3377; x_wconf 86' lang='lat' dir='ltr'><strong>ct</strong></span> <span class='ocrx_word' id='word_1_712' title='bbox 3181 3323 3270 3378; x_wconf 85' lang='lat' dir='ltr'><strong>dat</strong></span> <span class='ocrx_word' id='word_1_713' title='bbox 3289 3326 3450 3381; x_wconf 76' lang='lat' dir='ltr'><strong>vitam</strong></span> <span class='ocrx_word' id='word_1_714' title='bbox 3481 3326 3670 3379; x_wconf 83' lang='lat' dir='ltr'><strong>mundo</strong></span> <span class='ocrx_word' id='word_1_715' title='bbox 3691 3322 3839 3391; x_wconf 78' lang='lat' dir='ltr'><strong>(Joan.</strong></span> 
     </span>
    </p>
   </div>
   <div class='ocr_carea' id='block_1_94' title="bbox 2278 3407 3838 3485">
    <p class='ocr_par' dir='ltr' id='par_1_94' title="bbox 2278 3407 3838 3485">
     <span class='ocr_line' id='line_1_94' title="bbox 2278 3407 3838 3485; baseline 0.002 -25"><span class='ocrx_word' id='word_1_716' title='bbox 2278 3424 2350 3474; x_wconf 78' lang='lat' dir='ltr'><strong>vi,</strong></span> <span class='ocrx_word' id='word_1_717' title='bbox 2384 3407 2475 3478; x_wconf 77' lang='lat'><strong>55)</strong></span> <span class='ocrx_word' id='word_1_718' title='bbox 2510 3427 2523 3461; x_wconf 75' lang='grc' dir='ltr'><strong>ε</strong></span> <span class='ocrx_word' id='word_1_719' title='bbox 2568 3410 2723 3479; x_wconf 90' lang='lat' dir='ltr'><strong>panis</strong></span> <span class='ocrx_word' id='word_1_720' title='bbox 2751 3421 2929 3466; x_wconf 86' lang='lat' dir='ltr'><strong>autem</strong></span> <span class='ocrx_word' id='word_1_721' title='bbox 2975 3427 3134 3482; x_wconf 84' lang='lat' dir='ltr'><strong>quem</strong></span> <span class='ocrx_word' id='word_1_722' title='bbox 3180 3414 3294 3482; x_wconf 80' lang='lat' dir='ltr'><strong>dat,</strong></span> <span class='ocrx_word' id='word_1_723' title='bbox 3337 3430 3470 3471; x_wconf 80' lang='lat' dir='ltr'><strong>caro</strong></span> <span class='ocrx_word' id='word_1_724' title='bbox 3508 3414 3623 3485; x_wconf 83' lang='lat' dir='ltr'><strong>ejus</strong></span> <span class='ocrx_word' id='word_1_725' title='bbox 3665 3423 3737 3468; x_wconf 90' lang='lat' dir='ltr'><strong>est</strong></span> <span class='ocrx_word' id='word_1_726' title='bbox 3761 3426 3838 3481; x_wconf 89' lang='lat' dir='ltr'><strong>pro</strong></span> 
     </span>
    </p>
   </div>
   <div class='ocr_carea' id='block_1_95' title="bbox 2277 3500 3839 3576">
    <p class='ocr_par' dir='ltr' id='par_1_95' title="bbox 2277 3500 3839 3576">
     <span class='ocr_line' id='line_1_95' title="bbox 2277 3500 3839 3576; baseline 0 -23"><span class='ocrx_word' id='word_1_727' title='bbox 2277 3501 2460 3555; x_wconf 87' lang='lat' dir='ltr'><strong>nmndi</strong></span> <span class='ocrx_word' id='word_1_728' title='bbox 2489 3500 2598 3555; x_wconf 90' lang='lat' dir='ltr'><strong>vita</strong></span> <span class='ocrx_word' id='word_1_729' title='bbox 2627 3500 2814 3572; x_wconf 84' lang='lat' dir='ltr'><strong>(Ibid.,</strong></span> <span class='ocrx_word' id='word_1_730' title='bbox 2847 3502 2975 3574; x_wconf 73' lang='lat'><strong>59.):</strong></span> <span class='ocrx_word' id='word_1_731' title='bbox 3026 3506 3383 3575; x_wconf 85' lang='lat' dir='ltr'><strong>carq_utique</strong></span> <span class='ocrx_word' id='word_1_732' title='bbox 3427 3506 3560 3576; x_wconf 82' lang='lat' dir='ltr'><strong>justi</strong></span> <span class='ocrx_word' id='word_1_733' title='bbox 3590 3515 3738 3575; x_wconf 90' lang='lat' dir='ltr'><strong>atque</strong></span> <span class='ocrx_word' id='word_1_734' title='bbox 3764 3503 3839 3554; x_wconf 80' lang='lat' dir='ltr'><strong>iui-</strong></span> 
     </span>
    </p>
   </div>
   <div class='ocr_carea' id='block_1_96' title="bbox 2277 3589 3831 3665">
    <p class='ocr_par' dir='ltr' id='par_1_96' title="bbox 2277 3589 3831 3665">
     <span class='ocr_line' id='line_1_96' title="bbox 2277 3589 3831 3665; baseline 0.002 -24"><span class='ocrx_word' id='word_1_735' title='bbox 2277 3589 2518 3644; x_wconf 84' lang='lat' dir='ltr'><strong>mortalis</strong></span> <span class='ocrx_word' id='word_1_736' title='bbox 2546 3590 2661 3655; x_wconf 89' lang='lat' dir='ltr'><strong>Dei,</strong></span> <span class='ocrx_word' id='word_1_737' title='bbox 2707 3590 2857 3660; x_wconf 91' lang='lat' dir='ltr'><strong>cujus</strong></span> <span class='ocrx_word' id='word_1_738' title='bbox 2913 3604 3227 3664; x_wconf 81' lang='lat' dir='ltr'><strong>acceptione</strong></span> <span class='ocrx_word' id='word_1_739' title='bbox 3251 3594 3463 3664; x_wconf 83' lang='lat' dir='ltr'><strong>justitia</strong></span> <span class='ocrx_word' id='word_1_740' title='bbox 3513 3605 3668 3665; x_wconf 84' lang='lat' dir='ltr'><strong>atque</strong></span> <span class='ocrx_word' id='word_1_741' title='bbox 3705 3592 3831 3647; x_wconf 74' lang='lat' dir='ltr'><strong>vita&#39;</strong></span> 
     </span>
    </p>
   </div>
   <div class='ocr_carea' id='block_1_97' title="bbox 2276 3679 3836 3767">
    <p class='ocr_par' dir='ltr' id='par_1_97' title="bbox 2276 3679 3836 3767">
     <span class='ocr_line' id='line_1_97' title="bbox 2276 3679 3836 3767; baseline -0.001 -32"><span class='ocrx_word' id='word_1_742' title='bbox 2276 3679 2552 3735; x_wconf 77' lang='lat' dir='ltr'><strong>confertur</strong></span> <span class='ocrx_word' id='word_1_743' title='bbox 2579 3681 2653 3735; x_wconf 78' lang='lat' dir='ltr'><strong>illi</strong></span> <span class='ocrx_word' id='word_1_744' title='bbox 2675 3683 2821 3737; x_wconf 87' lang='lat' dir='ltr'><strong>carni</strong></span> <span class='ocrx_word' id='word_1_745' title='bbox 2851 3701 2969 3755; x_wconf 62' lang='lat' dir='ltr'><strong>qua:</strong></span> <span class='ocrx_word' id='word_1_746' title='bbox 3010 3686 3249 3742; x_wconf 84' lang='lat' dir='ltr'><strong>nascitur</strong></span> <span class='ocrx_word' id='word_1_747' title='bbox 3266 3701 3389 3742; x_wconf 90' lang='lat' dir='ltr'><strong>cum</strong></span> <span class='ocrx_word' id='word_1_748' title='bbox 3423 3702 3581 3758; x_wconf 79' lang='lat' dir='ltr'><strong>poma</strong></span> <span class='ocrx_word' id='word_1_749' title='bbox 3606 3682 3775 3767; x_wconf 65' lang='lat' dir='ltr'><strong>iuortis</strong></span> <span class='ocrx_word' id='word_1_750' title='bbox 3793 3688 3836 3734; x_wconf 88' lang='lat' dir='ltr'><strong>ct</strong></span> 
     </span>
    </p>
   </div>
   <div class='ocr_carea' id='block_1_98' title="bbox 2277 3772 2827 3843">
    <p class='ocr_par' dir='ltr' id='par_1_98' title="bbox 2277 3772 2827 3843">
     <span class='ocr_line' id='line_1_98' title="bbox 2277 3772 2827 3843; baseline 0.007 -21"><span class='ocrx_word' id='word_1_751' title='bbox 2277 3772 2574 3841; x_wconf 83' lang='lat' dir='ltr'><strong>pollutione</strong></span> <span class='ocrx_word' id='word_1_752' title='bbox 2602 3775 2827 3843; x_wconf 85' lang='lat' dir='ltr'><strong>peccati.</strong></span> 
     </span>
    </p>
   </div>
   <div class='ocr_carea' id='block_1_99' title="bbox 2344 3859 3831 3941">
    <p class='ocr_par' dir='ltr' id='par_1_99' title="bbox 2344 3859 3831 3941">
     <span class='ocr_line' id='line_1_99' title="bbox 2344 3859 3831 3941; baseline 0.001 -27"><span class='ocrx_word' id='word_1_753' title='bbox 2344 3859 2527 3916; x_wconf 67' lang='lat' dir='ltr'><strong>Carur</strong></span> <span class='ocrx_word' id='word_1_754' title='bbox 2559 3878 2663 3917; x_wconf 85' lang='lat' dir='ltr'><strong>xlv.</strong></span> <span class='ocrx_word' id='word_1_755' title='bbox 2697 3862 2782 3917; x_wconf 78' lang='lat' dir='ltr'><strong>Ea:</strong></span> <span class='ocrx_word' id='word_1_756' title='bbox 2805 3877 3016 3935; x_wconf 80' lang='lat' dir='ltr'><strong>peccato</strong></span> <span class='ocrx_word' id='word_1_757' title='bbox 3043 3869 3200 3939; x_wconf 80' lang='lat' dir='ltr'><strong>primi</strong></span> <span class='ocrx_word' id='word_1_758' title='bbox 3228 3870 3459 3924; x_wconf 76' lang='lat' dir='ltr'><strong>hominis</strong></span> <span class='ocrx_word' id='word_1_759' title='bbox 3477 3884 3675 3941; x_wconf 69' lang='lat' dir='ltr'><strong>primum</strong></span> <span class='ocrx_word' id='word_1_760' title='bbox 3699 3865 3831 3918; x_wconf 86' lang='lat' dir='ltr'><strong>trahi—</strong></span> 
     </span>
    </p>
   </div>
   <div class='ocr_carea' id='block_1_100' title="bbox 2274 3946 3827 4035">
    <p class='ocr_par' dir='ltr' id='par_1_100' title="bbox 2274 3946 3827 4035">
     <span class='ocr_line' id='line_1_100' title="bbox 2274 3946 3827 4035; baseline 0.002 -29"><span class='ocrx_word' id='word_1_761' title='bbox 2274 3971 2386 4008; x_wconf 84' lang='lat' dir='ltr'><strong>mus</strong></span> <span class='ocrx_word' id='word_1_762' title='bbox 2412 3966 2460 4008; x_wconf 87' lang='lat' dir='ltr'><strong>ct</strong></span> <span class='ocrx_word' id='word_1_763' title='bbox 2488 3956 2712 4027; x_wconf 83' lang='lat' dir='ltr'><strong>culpam.</strong></span> <span class='ocrx_word' id='word_1_764' title='bbox 2740 3957 3041 4032; x_wconf 80' lang='lat' dir='ltr'><strong>Quicunque</strong></span> <span class='ocrx_word' id='word_1_765' title='bbox 3064 3980 3279 4033; x_wconf 80' lang='lat' dir='ltr'><strong>regnum</strong></span> <span class='ocrx_word' id='word_1_766' title='bbox 3302 3963 3401 4020; x_wconf 88' lang='lat' dir='ltr'><strong>Dei</strong></span> <span class='ocrx_word' id='word_1_767' title='bbox 3432 3982 3536 4020; x_wconf 89' lang='lat' dir='ltr'><strong>non</strong></span> <span class='ocrx_word' id='word_1_768' title='bbox 3559 3946 3827 4035; x_wconf 57' lang='lat' dir='ltr'><strong>ingreditur,</strong></span> 
     </span>
    </p>
   </div>
   <div class='ocr_carea' id='block_1_101' title="bbox 2272 4046 3827 4124">
    <p class='ocr_par' dir='ltr' id='par_1_101' title="bbox 2272 4046 3827 4124">
     <span class='ocr_line' id='line_1_101' title="bbox 2272 4046 3827 4124; baseline 0.002 -29"><span class='ocrx_word' id='word_1_769' title='bbox 2272 4046 2438 4113; x_wconf 76' lang='lat' dir='ltr'><strong>pa&#39;nis</strong></span> <span class='ocrx_word' id='word_1_770' title='bbox 2478 4048 2683 4101; x_wconf 69' lang='lat' dir='ltr'><strong>internis</strong></span> <span class='ocrx_word' id='word_1_771' title='bbox 2710 4051 2987 4104; x_wconf 85' lang='lat' dir='ltr'><strong>cruciatur.</strong></span> <span class='ocrx_word' id='word_1_772' title='bbox 3013 4081 3084 4094; x_wconf 88' lang='lat'><strong>-—</strong></span> <span class='ocrx_word' id='word_1_773' title='bbox 3111 4051 3201 4109; x_wconf 72' lang='lat'><strong>28.</strong></span> <span class='ocrx_word' id='word_1_774' title='bbox 3231 4053 3287 4109; x_wconf 89' lang='lat' dir='ltr'><strong>Si</strong></span> <span class='ocrx_word' id='word_1_775' title='bbox 3333 4056 3429 4124; x_wconf 77' lang='lat' dir='ltr'><strong>qui</strong></span> <span class='ocrx_word' id='word_1_776' title='bbox 3469 4068 3598 4123; x_wconf 72' lang='lat' dir='ltr'><strong>ergo</strong></span> <span class='ocrx_word' id='word_1_777' title='bbox 3633 4058 3827 4106; x_wconf 82' lang='lat' dir='ltr'><strong>mortem</strong></span> 
     </span>
    </p>
   </div>
   <div class='ocr_carea' id='block_1_102' title="bbox 2271 4136 3827 4213">
    <p class='ocr_par' dir='ltr' id='par_1_102' title="bbox 2271 4136 3827 4213">
     <span class='ocr_line' id='line_1_102' title="bbox 2271 4136 3827 4213; baseline 0.006 -26"><span class='ocrx_word' id='word_1_778' title='bbox 2271 4136 2442 4189; x_wconf 89' lang='lat' dir='ltr'><strong>solam</strong></span> <span class='ocrx_word' id='word_1_779' title='bbox 2507 4144 2565 4191; x_wconf 90' lang='lat' dir='ltr'><strong>et</strong></span> <span class='ocrx_word' id='word_1_780' title='bbox 2626 4153 2733 4192; x_wconf 91' lang='lat' dir='ltr'><strong>non</strong></span> <span class='ocrx_word' id='word_1_781' title='bbox 2782 4140 2942 4195; x_wconf 84' lang='lat' dir='ltr'><strong>etiam</strong></span> <span class='ocrx_word' id='word_1_782' title='bbox 2988 4153 3268 4213; x_wconf 85' lang='lat' dir='ltr'><strong>peccatum</strong></span> <span class='ocrx_word' id='word_1_783' title='bbox 3318 4161 3387 4201; x_wconf 83' lang='lat' dir='ltr'><strong>ex</strong></span> <span class='ocrx_word' id='word_1_784' title='bbox 3435 4147 3649 4201; x_wconf 90' lang='lat' dir='ltr'><strong>homine</strong></span> <span class='ocrx_word' id='word_1_785' title='bbox 3683 4141 3827 4213; x_wconf 84' lang='lat' dir='ltr'><strong>primo.</strong></span> 
     </span>
    </p>
   </div>
   <div class='ocr_carea' id='block_1_103' title="bbox 2274 4227 3815 4299">
    <p class='ocr_par' dir='ltr' id='par_1_103' title="bbox 2274 4227 3815 4299">
     <span class='ocr_line' id='line_1_103' title="bbox 2274 4227 3815 4299; baseline 0.001 -20"><span class='ocrx_word' id='word_1_786' title='bbox 2274 4227 2548 4284; x_wconf 82' lang='lat' dir='ltr'><strong>tvansiisse</strong></span> <span class='ocrx_word' id='word_1_787' title='bbox 2572 4229 2623 4283; x_wconf 94' lang='lat' dir='ltr'><strong>in</strong></span> <span class='ocrx_word' id='word_1_788' title='bbox 2653 4244 2820 4299; x_wconf 84' lang='lat' dir='ltr'><strong>genus</strong></span> <span class='ocrx_word' id='word_1_789' title='bbox 2849 4230 3142 4289; x_wconf 89' lang='lat' dir='ltr'><strong>humanum</strong></span> <span class='ocrx_word' id='word_1_790' title='bbox 3179 4237 3426 4292; x_wconf 90' lang='lat' dir='ltr'><strong>nituntur</strong></span> <span class='ocrx_word' id='word_1_791' title='bbox 3453 4250 3704 4298; x_wconf 84' lang='lat' dir='ltr'><strong>asserere,</strong></span> <span class='ocrx_word' id='word_1_792' title='bbox 3745 4228 3815 4284; x_wconf 83' lang='grc' dir='ltr'><strong>ιιιὲ-</strong></span> 
     </span>
    </p>
   </div>
   <div class='ocr_carea' id='block_1_104' title="bbox 2273 4316 3823 4393">
    <p class='ocr_par' dir='ltr' id='par_1_104' title="bbox 2273 4316 3823 4393">
     <span class='ocr_line' id='line_1_104' title="bbox 2273 4316 3823 4393; baseline 0.005 -24"><span class='ocrx_word' id='word_1_793' title='bbox 2273 4333 2390 4371; x_wconf 91' lang='lat' dir='ltr'><strong>rum</strong></span> <span class='ocrx_word' id='word_1_794' title='bbox 2420 4317 2466 4371; x_wconf 78' lang='lat' dir='ltr'><strong>si</strong></span> <span class='ocrx_word' id='word_1_795' title='bbox 2497 4333 2602 4371; x_wconf 90' lang='lat' dir='ltr'><strong>non</strong></span> <span class='ocrx_word' id='word_1_796' title='bbox 2645 4318 2948 4388; x_wconf 84' lang='lat' dir='ltr'><strong>intelligunt</strong></span> <span class='ocrx_word' id='word_1_797' title='bbox 2975 4324 3172 4393; x_wconf 88' lang='lat' dir='ltr'><strong>quibus</strong></span> <span class='ocrx_word' id='word_1_798' title='bbox 3200 4328 3485 4382; x_wconf 64' lang='lat' dir='ltr'><strong>sententiae</strong></span> <span class='ocrx_word' id='word_1_799' title='bbox 3520 4338 3626 4382; x_wconf 76' lang='lat' dir='ltr'><strong>sua:</strong></span> <span class='ocrx_word' id='word_1_800' title='bbox 3650 4316 3823 4389; x_wconf 74' lang='lat' dir='ltr'><strong>laqueis</strong></span> 
     </span>
    </p>
   </div>
   <div class='ocr_carea' id='block_1_105' title="bbox 2271 4406 3823 4487">
    <p class='ocr_par' dir='ltr' id='par_1_105' title="bbox 2271 4406 3823 4487">
     <span class='ocr_line' id='line_1_105' title="bbox 2271 4406 3823 4487; baseline 0.005 -27"><span class='ocrx_word' id='word_1_801' title='bbox 2271 4407 2597 4474; x_wconf 78' lang='lat' dir='ltr'><strong>obligentur.</strong></span> <span class='ocrx_word' id='word_1_802' title='bbox 2629 4406 2830 4475; x_wconf 80' lang='lat' dir='ltr'><strong>Primo,</strong></span> <span class='ocrx_word' id='word_1_803' title='bbox 2857 4413 2981 4480; x_wconf 91' lang='lat' dir='ltr'><strong>quia</strong></span> <span class='ocrx_word' id='word_1_804' title='bbox 3012 4412 3177 4469; x_wconf 87' lang='lat' dir='ltr'><strong>Deum</strong></span> <span class='ocrx_word' id='word_1_805' title='bbox 3200 4414 3386 4472; x_wconf 87' lang='lat' dir='ltr'><strong>dicunt</strong></span> <span class='ocrx_word' id='word_1_806' title='bbox 3410 4417 3680 4487; x_wconf 88' lang='lat' dir='ltr'><strong>injustum,</strong></span> <span class='ocrx_word' id='word_1_807' title='bbox 3706 4410 3823 4463; x_wconf 74' lang='lat' dir='ltr'><strong>ineo</strong></span> 
     </span>
    </p>
   </div>
   <div class='ocr_carea' id='block_1_106' title="bbox 2269 4497 3819 4576">
    <p class='ocr_par' dir='ltr' id='par_1_106' title="bbox 2269 4497 3819 4576">
     <span class='ocr_line' id='line_1_106' title="bbox 2269 4497 3819 4576; baseline 0.001 -26"><span class='ocrx_word' id='word_1_808' title='bbox 2269 4502 2413 4568; x_wconf 85' lang='lat' dir='ltr'><strong>quod</strong></span> <span class='ocrx_word' id='word_1_809' title='bbox 2442 4498 2580 4552; x_wconf 92' lang='lat' dir='ltr'><strong>mori</strong></span> <span class='ocrx_word' id='word_1_810' title='bbox 2610 4499 2772 4554; x_wconf 78' lang='lat' dir='ltr'><strong>faciat</strong></span> <span class='ocrx_word' id='word_1_811' title='bbox 2798 4505 3068 4571; x_wconf 78' lang='lat' dir='ltr'><strong>parvulos,</strong></span> <span class='ocrx_word' id='word_1_812' title='bbox 3099 4521 3237 4576; x_wconf 83' lang='lat' dir='ltr'><strong>quos</strong></span> <span class='ocrx_word' id='word_1_813' title='bbox 3265 4509 3410 4568; x_wconf 89' lang='lat' dir='ltr'><strong>nulla</strong></span> <span class='ocrx_word' id='word_1_814' title='bbox 3433 4497 3819 4563; x_wconf 83' lang='lat' dir='ltr'><strong>voluntistiori-</strong></span> 
     </span>
    </p>
   </div>
   <div class='ocr_carea' id='block_1_107' title="bbox 2196 4587 3816 4672">
    <p class='ocr_par' dir='ltr' id='par_1_107' title="bbox 2196 4587 3816 4672">
     <span class='ocr_line' id='line_1_107' title="bbox 2196 4587 3816 4672; baseline 0.001 -32"><span class='ocrx_word' id='word_1_815' title='bbox 2196 4601 2249 4661; x_wconf 74' lang='grc' dir='ltr'><strong>ι)</strong></span> <span class='ocrx_word' id='word_1_816' title='bbox 2272 4588 2463 4655; x_wconf 85' lang='lat' dir='ltr'><strong>ginalis</strong></span> <span class='ocrx_word' id='word_1_817' title='bbox 2489 4590 2697 4658; x_wconf 89' lang='lat' dir='ltr'><strong>peccati</strong></span> <span class='ocrx_word' id='word_1_818' title='bbox 2725 4595 3048 4661; x_wconf 79' lang='lat' dir='ltr'><strong>contagione</strong></span> <span class='ocrx_word' id='word_1_819' title='bbox 3087 4598 3343 4668; x_wconf 86' lang='lat' dir='ltr'><strong>pollutos,</strong></span> <span class='ocrx_word' id='word_1_820' title='bbox 3391 4611 3631 4672; x_wconf 80' lang='lat' dir='ltr'><strong>quosque</strong></span> <span class='ocrx_word' id='word_1_821' title='bbox 3674 4587 3816 4647; x_wconf 89' lang='lat' dir='ltr'><strong>mani-</strong></span> 
     </span>
    </p>
   </div>
   <div class='ocr_carea' id='block_1_108' title="bbox 2270 4675 3817 4757">
    <p class='ocr_par' dir='ltr' id='par_1_108' title="bbox 2270 4675 3817 4757">
     <span class='ocr_line' id='line_1_108' title="bbox 2270 4675 3817 4757; baseline 0.008 -27"><span class='ocrx_word' id='word_1_822' title='bbox 2270 4678 2404 4732; x_wconf 81' lang='lat' dir='ltr'><strong>feste</strong></span> <span class='ocrx_word' id='word_1_823' title='bbox 2452 4687 2665 4734; x_wconf 86' lang='lat' dir='ltr'><strong>constat</strong></span> <span class='ocrx_word' id='word_1_824' title='bbox 2696 4680 2922 4737; x_wconf 80' lang='lat' dir='ltr'><strong>infantili</strong></span> <span class='ocrx_word' id='word_1_825' title='bbox 2957 4694 3117 4741; x_wconf 63' lang='lat' dir='ltr'><strong>a‘tate</strong></span> <span class='ocrx_word' id='word_1_826' title='bbox 3146 4687 3344 4757; x_wconf 88' lang='lat' dir='ltr'><strong>aliquid</strong></span> <span class='ocrx_word' id='word_1_827' title='bbox 3373 4688 3595 4745; x_wconf 87' lang='lat' dir='ltr'><strong>actualis</strong></span> <span class='ocrx_word' id='word_1_828' title='bbox 3643 4675 3817 4754; x_wconf 71' lang='grc' dir='ltr'><strong>ρεεωιί</strong></span> 
     </span>
    </p>
   </div>
   <div class='ocr_carea' id='block_1_109' title="bbox 2268 4768 3811 4842">
    <p class='ocr_par' dir='ltr' id='par_1_109' title="bbox 2268 4768 3811 4842">
     <span class='ocr_line' id='line_1_109' title="bbox 2268 4768 3811 4842; baseline -0.001 -20"><span class='ocrx_word' id='word_1_829' title='bbox 2268 4768 2487 4838; x_wconf 82' lang='lat' dir='ltr'><strong>pr0pria</strong></span> <span class='ocrx_word' id='word_1_830' title='bbox 2516 4783 2624 4824; x_wconf 92' lang='lat' dir='ltr'><strong>non</strong></span> <span class='ocrx_word' id='word_1_831' title='bbox 2653 4786 2813 4840; x_wconf 89' lang='lat' dir='ltr'><strong>posse</strong></span> <span class='ocrx_word' id='word_1_832' title='bbox 2859 4774 3137 4832; x_wconf 90' lang='lat' dir='ltr'><strong>voluntate</strong></span> <span class='ocrx_word' id='word_1_833' title='bbox 3165 4780 3507 4842; x_wconf 87' lang='lat' dir='ltr'><strong>contrahere,</strong></span> <span class='ocrx_word' id='word_1_834' title='bbox 3550 4790 3663 4832; x_wconf 90' lang='lat' dir='ltr'><strong>cum</strong></span> <span class='ocrx_word' id='word_1_835' title='bbox 3693 4775 3811 4825; x_wconf 75' lang='lat' dir='ltr'><strong>mor-</strong></span> 
     </span>
    </p>
   </div>
   <div class='ocr_carea' id='block_1_110' title="bbox 2271 4861 3809 4938">
    <p class='ocr_par' dir='ltr' id='par_1_110' title="bbox 2271 4861 3809 4938">
     <span class='ocr_line' id='line_1_110' title="bbox 2271 4861 3809 4938; baseline -0.002 -23"><span class='ocrx_word' id='word_1_836' title='bbox 2271 4871 2376 4916; x_wconf 90' lang='lat' dir='ltr'><strong>tem</strong></span> <span class='ocrx_word' id='word_1_837' title='bbox 2409 4861 2732 4930; x_wconf 77' lang='lat' dir='ltr'><strong>stipendium</strong></span> <span class='ocrx_word' id='word_1_838' title='bbox 2761 4868 2968 4934; x_wconf 87' lang='lat' dir='ltr'><strong>peccati</strong></span> <span class='ocrx_word' id='word_1_839' title='bbox 2985 4868 3275 4938; x_wconf 86' lang='lat' dir='ltr'><strong>Apostolus</strong></span> <span class='ocrx_word' id='word_1_840' title='bbox 3300 4886 3419 4927; x_wconf 86' lang='lat' dir='ltr'><strong>esse.</strong></span> <span class='ocrx_word' id='word_1_841' title='bbox 3439 4863 3809 4936; x_wconf 81' lang='lat' dir='ltr'><strong>deliniat(llom.</strong></span> 
     </span>
    </p>
   </div>
   <div class='ocr_carea' id='block_1_111' title="bbox 2266 4950 3810 5026">
    <p class='ocr_par' dir='ltr' id='par_1_111' title="bbox 2266 4950 3810 5026">
     <span class='ocr_line' id='line_1_111' title="bbox 2266 4950 3810 5026; baseline 0.008 -23"><span class='ocrx_word' id='word_1_842' title='bbox 2266 4965 2338 5015; x_wconf 82' lang='lat' dir='ltr'><strong>vi,</strong></span> <span class='ocrx_word' id='word_1_843' title='bbox 2370 4950 2489 5022; x_wconf 73' lang='lat'><strong>25),</strong></span> <span class='ocrx_word' id='word_1_844' title='bbox 2538 4960 2593 5007; x_wconf 93' lang='lat' dir='ltr'><strong>et</strong></span> <span class='ocrx_word' id='word_1_845' title='bbox 2621 4969 2803 5010; x_wconf 77' lang='lat' dir='ltr'><strong>rursus</strong></span> <span class='ocrx_word' id='word_1_846' title='bbox 2835 4958 3079 5012; x_wconf 73' lang='lat' dir='ltr'><strong>aculeum</strong></span> <span class='ocrx_word' id='word_1_847' title='bbox 3119 4962 3310 5016; x_wconf 82' lang='lat' dir='ltr'><strong>mortis</strong></span> <span class='ocrx_word' id='word_1_848' title='bbox 3347 4962 3488 5021; x_wconf 85' lang='lat' dir='ltr'><strong>dicat</strong></span> <span class='ocrx_word' id='word_1_849' title='bbox 3516 4975 3628 5015; x_wconf 88' lang='lat' dir='ltr'><strong>esse</strong></span> <span class='ocrx_word' id='word_1_850' title='bbox 3654 4965 3810 5026; x_wconf 68' lang='grc' dir='ltr'><strong>νεοσπ-</strong></span> 
     </span>
    </p>
   </div>
   <div class='ocr_carea' id='block_1_112' title="bbox 2266 5036 3810 5121">
    <p class='ocr_par' dir='ltr' id='par_1_112' title="bbox 2266 5036 3810 5121">
     <span class='ocr_line' id='line_1_112' title="bbox 2266 5036 3810 5121; baseline 0.006 -27"><span class='ocrx_word' id='word_1_851' title='bbox 2266 5047 2401 5109; x_wconf 87' lang='grc' dir='ltr'><strong>ῑιιιιι,</strong></span> <span class='ocrx_word' id='word_1_852' title='bbox 2457 5057 2567 5111; x_wconf 90' lang='lat' dir='ltr'><strong>quo</strong></span> <span class='ocrx_word' id='word_1_853' title='bbox 2597 5044 2782 5114; x_wconf 80' lang='lat' dir='ltr'><strong>utique</strong></span> <span class='ocrx_word' id='word_1_854' title='bbox 2827 5057 3100 5115; x_wconf 78' lang='lat' dir='ltr'><strong>pungentc</strong></span> <span class='ocrx_word' id='word_1_855' title='bbox 3129 5065 3276 5105; x_wconf 89' lang='lat' dir='ltr'><strong>mors</strong></span> <span class='ocrx_word' id='word_1_856' title='bbox 3325 5052 3468 5106; x_wconf 88' lang='lat' dir='ltr'><strong>illata</strong></span> <span class='ocrx_word' id='word_1_857' title='bbox 3501 5049 3589 5121; x_wconf 83' lang='lat' dir='ltr'><strong>(at.</strong></span> <span class='ocrx_word' id='word_1_858' title='bbox 3621 5036 3810 5109; x_wconf 67' lang='grc' dir='ltr'><strong>ίιιίιιπιο)</strong></span> 
     </span>
    </p>
   </div>
   <div class='ocr_carea' id='block_1_113' title="bbox 2252 5127 3807 5207">
    <p class='ocr_par' dir='ltr' id='par_1_113' title="bbox 2252 5127 3807 5207">
     <span class='ocr_line' id='line_1_113' title="bbox 2252 5127 3807 5207; baseline -0.005 -20"><span class='ocrx_word' id='word_1_859' title='bbox 2252 5140 2350 5187; x_wconf 70' lang='lat' dir='ltr'><strong>.est</strong></span> <span class='ocrx_word' id='word_1_860' title='bbox 2373 5132 2596 5188; x_wconf 89' lang='lat' dir='ltr'><strong>homini.</strong></span> <span class='ocrx_word' id='word_1_861' title='bbox 2641 5133 2732 5191; x_wconf 87' lang='lat' dir='ltr'><strong>Sic</strong></span> <span class='ocrx_word' id='word_1_862' title='bbox 2759 5137 2900 5193; x_wconf 89' lang='lat' dir='ltr'><strong>enim</strong></span> <span class='ocrx_word' id='word_1_863' title='bbox 2940 5147 3218 5207; x_wconf 88' lang='lat' dir='ltr'><strong>peccatum</strong></span> <span class='ocrx_word' id='word_1_864' title='bbox 3250 5142 3469 5197; x_wconf 85' lang='lat' dir='ltr'><strong>aculeus</strong></span> <span class='ocrx_word' id='word_1_865' title='bbox 3507 5136 3679 5193; x_wconf 88' lang='lat' dir='ltr'><strong>mortis</strong></span> <span class='ocrx_word' id='word_1_866' title='bbox 3700 5127 3807 5185; x_wconf 87' lang='lat' dir='ltr'><strong>dici-</strong></span> 
     </span>
    </p>
   </div>
   <div class='ocr_carea' id='block_1_114' title="bbox 2268 5227 3807 5301">
    <p class='ocr_par' dir='ltr' id='par_1_114' title="bbox 2268 5227 3807 5301">
     <span class='ocr_line' id='line_1_114' title="bbox 2268 5227 3807 5301; baseline 0.01 -26"><span class='ocrx_word' id='word_1_867' title='bbox 2268 5231 2376 5286; x_wconf 91' lang='lat' dir='ltr'><strong>tur,</strong></span> <span class='ocrx_word' id='word_1_868' title='bbox 2405 5237 2512 5277; x_wconf 91' lang='lat' dir='ltr'><strong>non</strong></span> <span class='ocrx_word' id='word_1_869' title='bbox 2559 5228 2686 5293; x_wconf 84' lang='lat' dir='ltr'><strong>quia</strong></span> <span class='ocrx_word' id='word_1_870' title='bbox 2716 5237 2994 5294; x_wconf 87' lang='lat' dir='ltr'><strong>peccatqu</strong></span> <span class='ocrx_word' id='word_1_871' title='bbox 3028 5246 3126 5301; x_wconf 88' lang='lat' dir='ltr'><strong>per</strong></span> <span class='ocrx_word' id='word_1_872' title='bbox 3154 5242 3415 5298; x_wconf 88' lang='lat' dir='ltr'><strong>mortem,</strong></span> <span class='ocrx_word' id='word_1_873' title='bbox 3463 5231 3554 5287; x_wconf 87' lang='lat' dir='ltr'><strong>sed</strong></span> <span class='ocrx_word' id='word_1_874' title='bbox 3594 5227 3702 5297; x_wconf 69' lang='lat' dir='ltr'><strong>quia</strong></span> <span class='ocrx_word' id='word_1_875' title='bbox 3730 5233 3807 5289; x_wconf 70' lang='grc' dir='ltr'><strong>ρετ</strong></span> 
     </span>
    </p>
   </div>
   <div class='ocr_carea' id='block_1_115' title="bbox 2268 5308 3800 5393">
    <p class='ocr_par' dir='ltr' id='par_1_115' title="bbox 2268 5308 3800 5393">
     <span class='ocr_line' id='line_1_115' title="bbox 2268 5308 3800 5393; baseline 0.005 -27"><span class='ocrx_word' id='word_1_876' title='bbox 2268 5321 2549 5382; x_wconf 81' lang='lat' dir='ltr'><strong>peccatum</strong></span> <span class='ocrx_word' id='word_1_877' title='bbox 2576 5330 2722 5393; x_wconf 81' lang='lat' dir='ltr'><strong>mors</strong></span> <span class='ocrx_word' id='word_1_878' title='bbox 2749 5317 2800 5371; x_wconf 92' lang='lat' dir='ltr'><strong>in</strong></span> <span class='ocrx_word' id='word_1_879' title='bbox 2832 5318 3082 5373; x_wconf 87' lang='lat' dir='ltr'><strong>mundum</strong></span> <span class='ocrx_word' id='word_1_880' title='bbox 3114 5323 3331 5376; x_wconf 86' lang='lat' dir='ltr'><strong>intravit</strong></span> <span class='ocrx_word' id='word_1_881' title='bbox 3360 5323 3415 5393; x_wconf 87' lang='grc' dir='ltr'><strong>(Ι</strong></span> <span class='ocrx_word' id='word_1_882' title='bbox 3442 5322 3556 5377; x_wconf 82' lang='lat' dir='ltr'><strong>Cor.</strong></span> <span class='ocrx_word' id='word_1_883' title='bbox 3587 5332 3668 5378; x_wconf 72' lang='lat' dir='ltr'><strong>xv,</strong></span> <span class='ocrx_word' id='word_1_884' title='bbox 3695 5308 3800 5374; x_wconf 59' lang='lat'><strong>5‘5):</strong></span> 
     </span>
    </p>
   </div>
   <div class='ocr_carea' id='block_1_116' title="bbox 2268 5389 3799 5487">
    <p class='ocr_par' dir='ltr' id='par_1_116' title="bbox 2268 5389 3799 5487">
     <span class='ocr_line' id='line_1_116' title="bbox 2268 5389 3799 5487; baseline 0.003 -29"><span class='ocrx_word' id='word_1_885' title='bbox 2268 5403 2409 5458; x_wconf 88' lang='lat' dir='ltr'><strong>sicut</strong></span> <span class='ocrx_word' id='word_1_886' title='bbox 2430 5389 2754 5461; x_wconf 77' lang='lat' dir='ltr'><strong>virulentum</strong></span> <span class='ocrx_word' id='word_1_887' title='bbox 2784 5410 3058 5479; x_wconf 88' lang='lat' dir='ltr'><strong>poculum,</strong></span> <span class='ocrx_word' id='word_1_888' title='bbox 3097 5415 3287 5469; x_wconf 91' lang='lat' dir='ltr'><strong>mortis</strong></span> <span class='ocrx_word' id='word_1_889' title='bbox 3322 5416 3565 5487; x_wconf 86' lang='lat' dir='ltr'><strong>poculum</strong></span> <span class='ocrx_word' id='word_1_890' title='bbox 3593 5406 3799 5466; x_wconf 57' lang='lat' dir='ltr'><strong>dicimus.</strong></span> 
     </span>
    </p>
   </div>
   <div class='ocr_carea' id='block_1_117' title="bbox 2270 5497 3799 5588">
    <p class='ocr_par' dir='ltr' id='par_1_117' title="bbox 2270 5497 3799 5588">
     <span class='ocr_line' id='line_1_117' title="bbox 2270 5497 3799 5588; baseline 0.003 -39"><span class='ocrx_word' id='word_1_891' title='bbox 2270 5511 2376 5550; x_wconf 89' lang='lat' dir='ltr'><strong>non</strong></span> <span class='ocrx_word' id='word_1_892' title='bbox 2401 5497 2546 5565; x_wconf 91' lang='lat' dir='ltr'><strong>quod</strong></span> <span class='ocrx_word' id='word_1_893' title='bbox 2577 5513 2607 5551; x_wconf 90' lang='lat' dir='ltr'><strong>a</strong></span> <span class='ocrx_word' id='word_1_894' title='bbox 2639 5506 2813 5555; x_wconf 88' lang='lat' dir='ltr'><strong>morte</strong></span> <span class='ocrx_word' id='word_1_895' title='bbox 2858 5503 3109 5571; x_wconf 93' lang='lat' dir='ltr'><strong>poculum</strong></span> <span class='ocrx_word' id='word_1_896' title='bbox 3159 5505 3334 5572; x_wconf 79' lang='lat' dir='ltr'><strong>detur,</strong></span> <span class='ocrx_word' id='word_1_897' title='bbox 3379 5506 3470 5563; x_wconf 89' lang='lat' dir='ltr'><strong>sed</strong></span> <span class='ocrx_word' id='word_1_898' title='bbox 3502 5498 3642 5574; x_wconf 90' lang='lat' dir='ltr'><strong>quod</strong></span> 
     </span>
    </p>
   </div>
   <div class='ocr_carea' id='block_1_118' title="bbox 2271 5582 3797 5669">
    <p class='ocr_par' dir='ltr' id='par_1_118' title="bbox 2271 5582 3797 5669">
     <span class='ocr_line' id='line_1_118' title="bbox 2271 5582 3797 5669; baseline -0.002 -30"><span class='ocrx_word' id='word_1_899' title='bbox 2271 5587 2464 5654; x_wconf 87' lang='lat' dir='ltr'><strong>poculo</strong></span> <span class='ocrx_word' id='word_1_900' title='bbox 2495 5588 2586 5644; x_wconf 90' lang='lat' dir='ltr'><strong>illo</strong></span> <span class='ocrx_word' id='word_1_901' title='bbox 2619 5592 2643 5627; x_wconf 78' lang='grc' dir='ltr'><strong>ι’</strong></span> <span class='ocrx_word' id='word_1_902' title='bbox 2685 5602 3047 5661; x_wconf 82' lang='lat' dir='ltr'><strong>comparetur.</strong></span> <span class='ocrx_word' id='word_1_903' title='bbox 3077 5595 3239 5669; x_wconf 74' lang='lat'><strong>302</strong></span> <span class='ocrx_word' id='word_1_904' title='bbox 3281 5596 3396 5666; x_wconf 86' lang='lat' dir='ltr'><strong>Qua</strong></span> <span class='ocrx_word' id='word_1_905' title='bbox 3441 5595 3590 5664; x_wconf 78' lang='lat' dir='ltr'><strong>igitur</strong></span> <span class='ocrx_word' id='word_1_906' title='bbox 3625 5582 3797 5656; x_wconf 61' lang='lat' dir='ltr'><strong>justititl</strong></span> 
     </span>
    </p>
   </div>
   <div class='ocr_carea' id='block_1_119' title="bbox 2262 5776 3793 5919">
    <p class='ocr_par' dir='ltr' id='par_1_119' title="bbox 2262 5776 3793 5919">
     <span class='ocr_line' id='line_1_119' title="bbox 2262 5776 3793 5919; baseline -0.05 -15"><span class='ocrx_word' id='word_1_907' title='bbox 2262 5778 2555 5919; x_wconf 52' lang='grc' dir='ltr'><strong>[Μῖθὲἀὶιῇ</strong></span> <span class='ocrx_word' id='word_1_908' title='bbox 2584 5784 2767 5851; x_wconf 53' lang='lat' dir='ltr'><strong>pondo</strong></span> <span class='ocrx_word' id='word_1_909' title='bbox 2791 5786 2888 5854; x_wconf 51' lang='grc' dir='ltr'><strong>ωδ</strong></span> <span class='ocrx_word' id='word_1_910' title='bbox 2924 5803 3049 5856; x_wconf 64' lang='grc' dir='ltr'><strong>¹¹¹⁵η</strong></span> <span class='ocrx_word' id='word_1_911' title='bbox 3076 5790 3196 5857; x_wconf 69' lang='lat' dir='ltr'><strong>mo;</strong></span> <span class='ocrx_word' id='word_1_912' title='bbox 3228 5800 3281 5847; x_wconf 79' lang='lat' dir='ltr'><strong>el</strong></span> <span class='ocrx_word' id='word_1_913' title='bbox 3308 5792 3516 5864; x_wconf 79' lang='lat' dir='ltr'><strong>quidem</strong></span> <span class='ocrx_word' id='word_1_914' title='bbox 3540 5783 3722 5845; x_wconf 78' lang='lat' dir='ltr'><strong>melius,</strong></span> <span class='ocrx_word' id='word_1_915' title='bbox 3746 5776 3793 5830; x_wconf 82' lang='lat' dir='ltr'><strong>ut</strong></span> 
     </span>
    </p>
   </div>
  </div>
