  <div class='ocr_page' id='page_1' title='image "/cluster/home/n/w/nwhite01/storage/ocr_20150623/65/hvd.32044015469315/242.png"; bbox 0 0 4124 6464; ppageno 0'>
   <div class='ocr_carea' id='block_1_1' title="bbox 307 409 416 476">
    <p class='ocr_par' dir='ltr' id='par_1_1' title="bbox 307 409 416 476">
     <span class='ocr_line' id='line_1_1' title="bbox 307 409 416 476; baseline 0 0"><span class='ocrx_word' id='word_1_1' title='bbox 307 409 416 476; x_wconf 69' lang='grc'><strong>469</strong></span> 
     </span>
    </p>
   </div>
   <div class='ocr_carea' id='block_1_2' title="bbox 1667 403 2197 472">
    <p class='ocr_par' dir='ltr' id='par_1_2' title="bbox 1667 403 2197 472">
     <span class='ocr_line' id='line_1_2' title="bbox 1667 403 2197 472; baseline -0.011 -9"><span class='ocrx_word' id='word_1_2' title='bbox 1667 404 1997 463; x_wconf 78' lang='lat' dir='ltr'><strong>EPISTULA</strong></span> <span class='ocrx_word' id='word_1_3' title='bbox 2042 403 2197 472; x_wconf 68' lang='lat' dir='ltr'><strong>XVII.</strong></span> 
     </span>
    </p>
   </div>
   <div class='ocr_carea' id='block_1_3' title="bbox 3479 412 3592 467">
    <p class='ocr_par' dir='ltr' id='par_1_3' title="bbox 3479 412 3592 467">
     <span class='ocr_line' id='line_1_3' title="bbox 3479 412 3592 467; baseline 0.027 -3"><span class='ocrx_word' id='word_1_4' title='bbox 3479 412 3592 467; x_wconf 70' lang='grc' dir='ltr'><strong>Πσ</strong></span> 
     </span>
    </p>
   </div>
   <div class='ocr_carea' id='block_1_4' title="bbox 306 516 3580 607">
    <p class='ocr_par' dir='ltr' id='par_1_4' title="bbox 306 516 3580 607">
     <span class='ocr_line' id='line_1_4' title="bbox 306 516 3580 607; baseline -0.002 -17"><span class='ocrx_word' id='word_1_5' title='bbox 306 535 563 607; x_wconf 89' lang='lat' dir='ltr'><strong>parvulus</strong></span> <span class='ocrx_word' id='word_1_6' title='bbox 599 532 877 601; x_wconf 74' lang='lat' dir='ltr'><strong>subjicitur</strong></span> <span class='ocrx_word' id='word_1_7' title='bbox 906 518 1428 601; x_wconf 69' lang='lat' dir='ltr'><strong>peccati‘stipendio,</strong></span> <span class='ocrx_word' id='word_1_8' title='bbox 1478 529 1524 582; x_wconf 91' lang='lat' dir='ltr'><strong>si</strong></span> <span class='ocrx_word' id='word_1_9' title='bbox 1553 527 1699 582; x_wconf 90' lang='lat' dir='ltr'><strong>nulla</strong></span> <span class='ocrx_word' id='word_1_10' title='bbox 1727 534 1810 580; x_wconf 87' lang='lat' dir='ltr'><strong>est</strong></span> <span class='ocrx_word' id='word_1_11' title='bbox 1840 526 1893 580; x_wconf 91' lang='lat' dir='ltr'><strong>in</strong></span> <span class='ocrx_word' id='word_1_12' title='bbox 1924 534 1975 592; x_wconf 77' lang='grc' dir='ltr'>Α</span> <span class='ocrx_word' id='word_1_13' title='bbox 2001 516 2139 576; x_wconf 79' lang='lat' dir='ltr'><strong>unde</strong></span> <span class='ocrx_word' id='word_1_14' title='bbox 2163 535 2291 576; x_wconf 92' lang='lat' dir='ltr'><strong>caro</strong></span> <span class='ocrx_word' id='word_1_15' title='bbox 2322 534 2509 576; x_wconf 85' lang='lat' dir='ltr'><strong>eorum</strong></span> <span class='ocrx_word' id='word_1_16' title='bbox 2541 536 2671 576; x_wconf 89' lang='lat' dir='ltr'><strong>caro</strong></span> <span class='ocrx_word' id='word_1_17' title='bbox 2702 520 2909 592; x_wconf 85' lang='lat' dir='ltr'><strong>peccati</strong></span> <span class='ocrx_word' id='word_1_18' title='bbox 2938 536 3059 577; x_wconf 54' lang='lat' dir='ltr'><strong>non.</strong></span> <span class='ocrx_word' id='word_1_19' title='bbox 3077 521 3346 578; x_wconf 88' lang='lat' dir='ltr'><strong>immerito</strong></span> <span class='ocrx_word' id='word_1_20' title='bbox 3372 540 3580 582; x_wconf 81' lang='lat' dir='ltr'><strong>nuneu-</strong></span> 
     </span>
    </p>
   </div>
   <div class='ocr_carea' id='block_1_5' title="bbox 307 617 1895 701">
    <p class='ocr_par' dir='ltr' id='par_1_5' title="bbox 307 617 1895 701">
     <span class='ocr_line' id='line_1_5' title="bbox 307 617 1895 701; baseline -0.011 -15"><span class='ocrx_word' id='word_1_21' title='bbox 307 628 608 701; x_wconf 85' lang='lat' dir='ltr'><strong>copeccati</strong></span> <span class='ocrx_word' id='word_1_22' title='bbox 655 625 915 697; x_wconf 74' lang='lat' dir='ltr'><strong>pollutio?</strong></span> <span class='ocrx_word' id='word_1_23' title='bbox 970 621 1065 675; x_wconf 86' lang='lat' dir='ltr'><strong>Vel</strong></span> <span class='ocrx_word' id='word_1_24' title='bbox 1108 619 1381 690; x_wconf 87' lang='lat' dir='ltr'><strong>quomodo</strong></span> <span class='ocrx_word' id='word_1_25' title='bbox 1428 617 1672 672; x_wconf 79' lang='lat' dir='ltr'><strong>videmus</strong></span> <span class='ocrx_word' id='word_1_26' title='bbox 1720 624 1895 670; x_wconf 87' lang='lat' dir='ltr'><strong>morte</strong></span> 
     </span>
    </p>
   </div>
   <div class='ocr_carea' id='block_1_6' title="bbox 306 708 1893 793">
    <p class='ocr_par' dir='ltr' id='par_1_6' title="bbox 306 708 1893 793">
     <span class='ocr_line' id='line_1_6' title="bbox 306 708 1893 793; baseline -0.009 -17"><span class='ocrx_word' id='word_1_27' title='bbox 306 728 583 793; x_wconf 69' lang='lat' dir='ltr'><strong>punctum,</strong></span> <span class='ocrx_word' id='word_1_28' title='bbox 612 719 789 783; x_wconf 73' lang='lat' dir='ltr'><strong>sinon</strong></span> <span class='ocrx_word' id='word_1_29' title='bbox 811 716 980 772; x_wconf 90' lang='lat' dir='ltr'><strong>sensit</strong></span> <span class='ocrx_word' id='word_1_30' title='bbox 1008 713 1284 768; x_wconf 86' lang='lat' dir='ltr'><strong>aculeum?</strong></span> <span class='ocrx_word' id='word_1_31' title='bbox 1312 710 1381 765; x_wconf 90' lang='lat' dir='ltr'><strong>Et</strong></span> <span class='ocrx_word' id='word_1_32' title='bbox 1409 725 1528 765; x_wconf 88' lang='lat' dir='ltr'><strong>cum</strong></span> <span class='ocrx_word' id='word_1_33' title='bbox 1560 725 1668 764; x_wconf 90' lang='lat' dir='ltr'><strong>non</strong></span> <span class='ocrx_word' id='word_1_34' title='bbox 1692 710 1764 763; x_wconf 87' lang='lat' dir='ltr'><strong>sil.</strong></span> <span class='ocrx_word' id='word_1_35' title='bbox 1791 708 1893 762; x_wconf 82' lang='lat' dir='ltr'><strong>ini—</strong></span> 
     </span>
    </p>
   </div>
   <div class='ocr_carea' id='block_1_7' title="bbox 304 799 1893 885">
    <p class='ocr_par' dir='ltr' id='par_1_7' title="bbox 304 799 1893 885">
     <span class='ocr_line' id='line_1_7' title="bbox 304 799 1893 885; baseline -0.011 -17"><span class='ocrx_word' id='word_1_36' title='bbox 304 813 485 883; x_wconf 84' lang='lat' dir='ltr'><strong>quitas</strong></span> <span class='ocrx_word' id='word_1_37' title='bbox 522 810 666 882; x_wconf 89' lang='lat' dir='ltr'><strong>apud</strong></span> <span class='ocrx_word' id='word_1_38' title='bbox 709 810 899 871; x_wconf 88' lang='lat' dir='ltr'><strong>Deum,</strong></span> <span class='ocrx_word' id='word_1_39' title='bbox 929 806 1021 876; x_wconf 87' lang='lat' dir='ltr'><strong>qui</strong></span> <span class='ocrx_word' id='word_1_40' title='bbox 1061 804 1189 860; x_wconf 88' lang='lat' dir='ltr'><strong>fecit</strong></span> <span class='ocrx_word' id='word_1_41' title='bbox 1216 802 1490 885; x_wconf 78' lang='lat' dir='ltr'><strong>hominem</strong></span> <span class='ocrx_word' id='word_1_42' title='bbox 1518 800 1585 854; x_wconf 91' lang='lat' dir='ltr'><strong>ad</strong></span> <span class='ocrx_word' id='word_1_43' title='bbox 1608 799 1893 866; x_wconf 74' lang='lat' dir='ltr'><strong>imaginem</strong></span> 
     </span>
    </p>
   </div>
   <div class='ocr_carea' id='block_1_8' title="bbox 306 888 1898 971">
    <p class='ocr_par' dir='ltr' id='par_1_8' title="bbox 306 888 1898 971">
     <span class='ocr_line' id='line_1_8' title="bbox 306 888 1898 971; baseline -0.011 -12"><span class='ocrx_word' id='word_1_44' title='bbox 306 918 482 969; x_wconf 82' lang='lat' dir='ltr'><strong>suam,</strong></span> <span class='ocrx_word' id='word_1_45' title='bbox 510 916 630 971; x_wconf 75' lang='lat' dir='ltr'><strong>qua:</strong></span> <span class='ocrx_word' id='word_1_46' title='bbox 652 899 857 969; x_wconf 90' lang='lat' dir='ltr'><strong>justitia</strong></span> <span class='ocrx_word' id='word_1_47' title='bbox 886 906 989 962; x_wconf 88' lang='lat' dir='ltr'><strong>est,</strong></span> <span class='ocrx_word' id='word_1_48' title='bbox 1036 902 1095 950; x_wconf 91' lang='lat' dir='ltr'><strong>ut</strong></span> <span class='ocrx_word' id='word_1_49' title='bbox 1125 895 1301 963; x_wconf 92' lang='lat' dir='ltr'><strong>imago</strong></span> <span class='ocrx_word' id='word_1_50' title='bbox 1335 891 1451 957; x_wconf 87' lang='lat' dir='ltr'><strong>Dei,</strong></span> <span class='ocrx_word' id='word_1_51' title='bbox 1493 905 1613 959; x_wconf 72' lang='lat' dir='ltr'><strong>qua:</strong></span> <span class='ocrx_word' id='word_1_52' title='bbox 1638 888 1771 943; x_wconf 83' lang='lat' dir='ltr'><strong>nihil</strong></span> <span class='ocrx_word' id='word_1_53' title='bbox 1799 902 1898 958; x_wconf 91' lang='lat' dir='ltr'><strong>po-</strong></span> 
     </span>
    </p>
   </div>
   <div class='ocr_carea' id='block_1_9' title="bbox 305 980 1896 1061">
    <p class='ocr_par' dir='ltr' id='par_1_9' title="bbox 305 980 1896 1061">
     <span class='ocr_line' id='line_1_9' title="bbox 305 980 1896 1061; baseline -0.011 -13"><span class='ocrx_word' id='word_1_54' title='bbox 305 992 413 1048; x_wconf 88' lang='lat' dir='ltr'><strong>tuit</strong></span> <span class='ocrx_word' id='word_1_55' title='bbox 440 1006 535 1061; x_wconf 87' lang='lat' dir='ltr'><strong>per</strong></span> <span class='ocrx_word' id='word_1_56' title='bbox 553 990 783 1059; x_wconf 88' lang='lat' dir='ltr'><strong>seipsam</strong></span> <span class='ocrx_word' id='word_1_57' title='bbox 813 987 1145 1057; x_wconf 83' lang='lat' dir='ltr'><strong>delinquere,</strong></span> <span class='ocrx_word' id='word_1_58' title='bbox 1189 983 1234 1038; x_wconf 89' lang='lat' dir='ltr'><strong>si</strong></span> <span class='ocrx_word' id='word_1_59' title='bbox 1277 997 1388 1037; x_wconf 91' lang='lat' dir='ltr'><strong>non</strong></span> <span class='ocrx_word' id='word_1_60' title='bbox 1429 980 1722 1035; x_wconf 72' lang='lat' dir='ltr'><strong>redimatur</strong></span> <span class='ocrx_word' id='word_1_61' title='bbox 1768 992 1896 1033; x_wconf 88' lang='lat' dir='ltr'><strong>san-</strong></span> 
     </span>
    </p>
   </div>
   <div class='ocr_carea' id='block_1_10' title="bbox 306 1068 1933 1151">
    <p class='ocr_par' dir='ltr' id='par_1_10' title="bbox 306 1068 1933 1151">
     <span class='ocr_line' id='line_1_10' title="bbox 306 1068 1933 1151; baseline -0.01 -14"><span class='ocrx_word' id='word_1_62' title='bbox 306 1082 469 1151; x_wconf 80' lang='lat' dir='ltr'><strong>guine</strong></span> <span class='ocrx_word' id='word_1_63' title='bbox 495 1080 612 1135; x_wconf 86' lang='lat' dir='ltr'><strong>Filii</strong></span> <span class='ocrx_word' id='word_1_64' title='bbox 652 1080 766 1145; x_wconf 87' lang='lat' dir='ltr'><strong>Dei,</strong></span> <span class='ocrx_word' id='word_1_65' title='bbox 805 1079 858 1134; x_wconf 92' lang='lat' dir='ltr'><strong>in</strong></span> <span class='ocrx_word' id='word_1_66' title='bbox 896 1090 1121 1146; x_wconf 79' lang='lat' dir='ltr'><strong>regnum</strong></span> <span class='ocrx_word' id='word_1_67' title='bbox 1148 1073 1244 1129; x_wconf 89' lang='lat' dir='ltr'><strong>Dei</strong></span> <span class='ocrx_word' id='word_1_68' title='bbox 1273 1088 1382 1128; x_wconf 89' lang='lat' dir='ltr'><strong>non</strong></span> <span class='ocrx_word' id='word_1_69' title='bbox 1428 1071 1772 1143; x_wconf 85' lang='lat' dir='ltr'><strong>permittatur</strong></span> <span class='ocrx_word' id='word_1_70' title='bbox 1812 1068 1898 1123; x_wconf 89' lang='lat' dir='ltr'><strong>in-</strong></span> <span class='ocrx_word' id='word_1_71' title='bbox 1929 1116 1933 1120; x_wconf 94' lang='lat'><strong>.</strong></span> 
     </span>
    </p>
   </div>
   <div class='ocr_carea' id='block_1_11' title="bbox 306 1160 1900 1240">
    <p class='ocr_par' dir='ltr' id='par_1_11' title="bbox 306 1160 1900 1240">
     <span class='ocr_line' id='line_1_11' title="bbox 306 1160 1900 1240; baseline -0.008 -14"><span class='ocrx_word' id='word_1_72' title='bbox 306 1182 484 1238; x_wconf 83' lang='lat' dir='ltr'><strong>trare;</strong></span> <span class='ocrx_word' id='word_1_73' title='bbox 509 1186 617 1240; x_wconf 84' lang='lat' dir='ltr'><strong>quo</strong></span> <span class='ocrx_word' id='word_1_74' title='bbox 638 1170 823 1240; x_wconf 85' lang='lat' dir='ltr'><strong>utique</strong></span> <span class='ocrx_word' id='word_1_75' title='bbox 842 1167 1088 1240; x_wconf 87' lang='lat' dir='ltr'><strong>quisquis</strong></span> <span class='ocrx_word' id='word_1_76' title='bbox 1112 1182 1221 1221; x_wconf 91' lang='lat' dir='ltr'><strong>non</strong></span> <span class='ocrx_word' id='word_1_77' title='bbox 1248 1164 1577 1235; x_wconf 74' lang='lat' dir='ltr'><strong>ingredietur</strong></span> <span class='ocrx_word' id='word_1_78' title='bbox 1596 1161 1691 1231; x_wconf 79' lang='lat' dir='ltr'><strong>(at.</strong></span> <span class='ocrx_word' id='word_1_79' title='bbox 1717 1160 1900 1234; x_wconf 83' lang='lat' dir='ltr'><strong>ingre-</strong></span> 
     </span>
    </p>
   </div>
   <div class='ocr_carea' id='block_1_12' title="bbox 305 1255 1898 1336">
    <p class='ocr_par' dir='ltr' id='par_1_12' title="bbox 305 1255 1898 1336">
     <span class='ocr_line' id='line_1_12' title="bbox 305 1255 1898 1336; baseline -0.006 -17"><span class='ocrx_word' id='word_1_80' title='bbox 305 1262 496 1336; x_wconf 86' lang='lat' dir='ltr'><strong>ditur),</strong></span> <span class='ocrx_word' id='word_1_81' title='bbox 509 1262 991 1331; x_wconf 88' lang='lat' dir='ltr'><strong>intermiuabilihus</strong></span> <span class='ocrx_word' id='word_1_82' title='bbox 1007 1260 1143 1330; x_wconf 81' lang='lat' dir='ltr'><strong>ignis</strong></span> <span class='ocrx_word' id='word_1_83' title='bbox 1157 1259 1341 1314; x_wconf 63' lang='lat' dir='ltr'><strong>aeterni</strong></span> <span class='ocrx_word' id='word_1_84' title='bbox 1357 1257 1531 1328; x_wconf 86' lang='lat' dir='ltr'><strong>poenis</strong></span> <span class='ocrx_word' id='word_1_85' title='bbox 1547 1255 1898 1312; x_wconf 87' lang='lat' dir='ltr'><strong>cruciabitur?</strong></span> 
     </span>
    </p>
   </div>
   <div class='ocr_carea' id='block_1_13' title="bbox 308 1347 1897 1423">
    <p class='ocr_par' dir='ltr' id='par_1_13' title="bbox 308 1347 1897 1423">
     <span class='ocr_line' id='line_1_13' title="bbox 308 1347 1897 1423; baseline -0.007 -13"><span class='ocrx_word' id='word_1_86' title='bbox 308 1354 428 1420; x_wconf 84' lang='lat' dir='ltr'><strong>Qua</strong></span> <span class='ocrx_word' id='word_1_87' title='bbox 456 1355 619 1422; x_wconf 78' lang='lat' dir='ltr'><strong>igitur</strong></span> <span class='ocrx_word' id='word_1_88' title='bbox 642 1353 851 1423; x_wconf 89' lang='lat' dir='ltr'><strong>justitia</strong></span> <span class='ocrx_word' id='word_1_89' title='bbox 881 1347 1021 1407; x_wconf 91' lang='lat' dir='ltr'><strong>Deus</strong></span> <span class='ocrx_word' id='word_1_90' title='bbox 1043 1351 1223 1421; x_wconf 89' lang='lat' dir='ltr'><strong>justus</strong></span> <span class='ocrx_word' id='word_1_91' title='bbox 1253 1358 1279 1386; x_wconf 75' lang='grc' dir='ltr'><strong>ι</strong></span> <span class='ocrx_word' id='word_1_92' title='bbox 1308 1349 1600 1403; x_wconf 85' lang='lat' dir='ltr'><strong>infantibus</strong></span> <span class='ocrx_word' id='word_1_93' title='bbox 1628 1347 1745 1402; x_wconf 91' lang='lat' dir='ltr'><strong>sine</strong></span> <span class='ocrx_word' id='word_1_94' title='bbox 1770 1359 1897 1415; x_wconf 85' lang='lat' dir='ltr'><strong>pec-</strong></span> 
     </span>
    </p>
   </div>
   <div class='ocr_carea' id='block_1_14' title="bbox 309 1438 1901 1511">
    <p class='ocr_par' dir='ltr' id='par_1_14' title="bbox 309 1438 1901 1511">
     <span class='ocr_line' id='line_1_14' title="bbox 309 1438 1901 1511; baseline -0.009 -9"><span class='ocrx_word' id='word_1_95' title='bbox 309 1454 435 1502; x_wconf 83' lang='lat' dir='ltr'><strong>cato</strong></span> <span class='ocrx_word' id='word_1_96' title='bbox 464 1443 806 1500; x_wconf 89' lang='lat' dir='ltr'><strong>nascentibus</strong></span> <span class='ocrx_word' id='word_1_97' title='bbox 834 1441 1026 1508; x_wconf 80' lang='lat' dir='ltr'><strong>ingerit</strong></span> <span class='ocrx_word' id='word_1_98' title='bbox 1053 1455 1286 1511; x_wconf 63' lang='lat' dir='ltr'><strong>poenam,</strong></span> <span class='ocrx_word' id='word_1_99' title='bbox 1307 1439 1359 1493; x_wconf 91' lang='lat' dir='ltr'><strong>in</strong></span> <span class='ocrx_word' id='word_1_100' title='bbox 1380 1438 1576 1508; x_wconf 89' lang='lat' dir='ltr'><strong>quibus</strong></span> <span class='ocrx_word' id='word_1_101' title='bbox 1596 1450 1769 1507; x_wconf 60' lang='lat' dir='ltr'><strong>paena:</strong></span> <span class='ocrx_word' id='word_1_102' title='bbox 1792 1450 1901 1489; x_wconf 90' lang='lat' dir='ltr'><strong>non</strong></span> 
     </span>
    </p>
   </div>
   <div class='ocr_carea' id='block_1_15' title="bbox 308 1527 1897 1596">
    <p class='ocr_par' dir='ltr' id='par_1_15' title="bbox 308 1527 1897 1596">
     <span class='ocr_line' id='line_1_15' title="bbox 308 1527 1897 1596; baseline -0.008 -4"><span class='ocrx_word' id='word_1_103' title='bbox 308 1537 516 1592; x_wconf 85' lang='lat' dir='ltr'><strong>invenit</strong></span> <span class='ocrx_word' id='word_1_104' title='bbox 543 1536 797 1591; x_wconf 85' lang='lat' dir='ltr'><strong>causam?</strong></span> <span class='ocrx_word' id='word_1_105' title='bbox 828 1532 1026 1588; x_wconf 71' lang='lat' dir='ltr'><strong>Hzecne</strong></span> <span class='ocrx_word' id='word_1_106' title='bbox 1048 1540 1133 1588; x_wconf 89' lang='lat' dir='ltr'><strong>est</strong></span> <span class='ocrx_word' id='word_1_107' title='bbox 1160 1531 1421 1588; x_wconf 84' lang='lat' dir='ltr'><strong>creatoris</strong></span> <span class='ocrx_word' id='word_1_108' title='bbox 1450 1529 1544 1585; x_wconf 90' lang='lat' dir='ltr'><strong>Dei</strong></span> <span class='ocrx_word' id='word_1_109' title='bbox 1574 1527 1897 1596; x_wconf 85' lang='lat' dir='ltr'><strong>benignitas,</strong></span> 
     </span>
    </p>
   </div>
   <div class='ocr_carea' id='block_1_16' title="bbox 310 1621 1901 1705">
    <p class='ocr_par' dir='ltr' id='par_1_16' title="bbox 310 1621 1901 1705">
     <span class='ocr_line' id='line_1_16' title="bbox 310 1621 1901 1705; baseline -0.006 -22"><span class='ocrx_word' id='word_1_110' title='bbox 310 1637 371 1683; x_wconf 89' lang='lat' dir='ltr'><strong>ut</strong></span> <span class='ocrx_word' id='word_1_111' title='bbox 394 1627 679 1696; x_wconf 87' lang='lat' dir='ltr'><strong>imaginem</strong></span> <span class='ocrx_word' id='word_1_112' title='bbox 707 1641 859 1705; x_wconf 83' lang='lat' dir='ltr'><strong>suam</strong></span> <span class='ocrx_word' id='word_1_113' title='bbox 889 1633 1058 1691; x_wconf 90' lang='lat' dir='ltr'><strong>creet,</strong></span> <span class='ocrx_word' id='word_1_114' title='bbox 1089 1639 1316 1693; x_wconf 85' lang='lat' dir='ltr'><strong>eamque</strong></span> <span class='ocrx_word' id='word_1_115' title='bbox 1336 1624 1453 1678; x_wconf 89' lang='lat' dir='ltr'><strong>sine</strong></span> <span class='ocrx_word' id='word_1_116' title='bbox 1478 1621 1584 1676; x_wconf 91' lang='lat' dir='ltr'><strong>ulla</strong></span> <span class='ocrx_word' id='word_1_117' title='bbox 1614 1621 1901 1689; x_wconf 88' lang='lat' dir='ltr'><strong>iniquitate</strong></span> 
     </span>
    </p>
   </div>
   <div class='ocr_carea' id='block_1_17' title="bbox 309 1710 1898 1785">
    <p class='ocr_par' dir='ltr' id='par_1_17' title="bbox 309 1710 1898 1785">
     <span class='ocr_line' id='line_1_17' title="bbox 309 1710 1898 1785; baseline -0.008 -9"><span class='ocrx_word' id='word_1_118' title='bbox 309 1718 652 1781; x_wconf 86' lang='lat' dir='ltr'><strong>condemnet,</strong></span> <span class='ocrx_word' id='word_1_119' title='bbox 684 1732 804 1772; x_wconf 92' lang='lat' dir='ltr'><strong>cum</strong></span> <span class='ocrx_word' id='word_1_120' title='bbox 835 1733 939 1771; x_wconf 88' lang='lat' dir='ltr'><strong>non</strong></span> <span class='ocrx_word' id='word_1_121' title='bbox 966 1718 1034 1769; x_wconf 90' lang='lat' dir='ltr'><strong>sit</strong></span> <span class='ocrx_word' id='word_1_122' title='bbox 1067 1715 1271 1784; x_wconf 83' lang='lat' dir='ltr'><strong>iniquus</strong></span> <span class='ocrx_word' id='word_1_123' title='bbox 1305 1713 1462 1779; x_wconf 90' lang='lat' dir='ltr'><strong>Deus,</strong></span> <span class='ocrx_word' id='word_1_124' title='bbox 1502 1714 1586 1785; x_wconf 85' lang='lat' dir='ltr'><strong>qui</strong></span> <span class='ocrx_word' id='word_1_125' title='bbox 1616 1712 1775 1784; x_wconf 87' lang='lat' dir='ltr'><strong>infert</strong></span> <span class='ocrx_word' id='word_1_126' title='bbox 1803 1710 1898 1783; x_wconf 91' lang='lat' dir='ltr'><strong>(al.</strong></span> 
     </span>
    </p>
   </div>
   <div class='ocr_carea' id='block_1_18' title="bbox 306 1802 1900 1878">
    <p class='ocr_par' dir='ltr' id='par_1_18' title="bbox 306 1802 1900 1878">
     <span class='ocr_line' id='line_1_18' title="bbox 306 1802 1900 1878; baseline -0.004 -16"><span class='ocrx_word' id='word_1_127' title='bbox 306 1807 526 1878; x_wconf 87' lang='lat' dir='ltr'><strong>inferat)</strong></span> <span class='ocrx_word' id='word_1_128' title='bbox 556 1807 690 1861; x_wconf 84' lang='lat' dir='ltr'><strong>iram</strong></span> <span class='ocrx_word' id='word_1_129' title='bbox 720 1805 899 1875; x_wconf 84' lang='lat' dir='ltr'><strong>(Rom.</strong></span> <span class='ocrx_word' id='word_1_130' title='bbox 931 1822 1006 1873; x_wconf 88' lang='grc' dir='ltr'>ιιι,</span> <span class='ocrx_word' id='word_1_131' title='bbox 1042 1804 1139 1877; x_wconf 81' lang='lat'><strong>5)?</strong></span> <span class='ocrx_word' id='word_1_132' title='bbox 1187 1804 1241 1858; x_wconf 91' lang='lat' dir='ltr'><strong>Si</strong></span> <span class='ocrx_word' id='word_1_133' title='bbox 1269 1818 1398 1871; x_wconf 85' lang='lat' dir='ltr'><strong>ergo</strong></span> <span class='ocrx_word' id='word_1_134' title='bbox 1429 1803 1620 1859; x_wconf 88' lang='lat' dir='ltr'><strong>nolunt</strong></span> <span class='ocrx_word' id='word_1_135' title='bbox 1648 1805 1700 1857; x_wconf 92' lang='lat' dir='ltr'><strong>in</strong></span> <span class='ocrx_word' id='word_1_136' title='bbox 1732 1802 1900 1872; x_wconf 84' lang='lat' dir='ltr'><strong>ipsius</strong></span> 
     </span>
    </p>
   </div>
   <div class='ocr_carea' id='block_1_19' title="bbox 310 1890 1904 1965">
    <p class='ocr_par' dir='ltr' id='par_1_19' title="bbox 310 1890 1904 1965">
     <span class='ocr_line' id='line_1_19' title="bbox 310 1890 1904 1965; baseline -0.006 -11"><span class='ocrx_word' id='word_1_137' title='bbox 310 1897 409 1955; x_wconf 88' lang='lat' dir='ltr'><strong>Dei</strong></span> <span class='ocrx_word' id='word_1_138' title='bbox 433 1896 811 1953; x_wconf 85' lang='lat' dir='ltr'><strong>contumeliam</strong></span> <span class='ocrx_word' id='word_1_139' title='bbox 839 1894 1113 1951; x_wconf 88' lang='lat' dir='ltr'><strong>mortifera</strong></span> <span class='ocrx_word' id='word_1_140' title='bbox 1145 1895 1421 1965; x_wconf 85' lang='lat' dir='ltr'><strong>impietate</strong></span> <span class='ocrx_word' id='word_1_141' title='bbox 1447 1892 1672 1958; x_wconf 87' lang='lat' dir='ltr'><strong>versari,</strong></span> <span class='ocrx_word' id='word_1_142' title='bbox 1695 1890 1904 1945; x_wconf 86' lang='lat' dir='ltr'><strong>fatean-</strong></span> 
     </span>
    </p>
   </div>
   <div class='ocr_carea' id='block_1_20' title="bbox 312 1983 1901 2055">
    <p class='ocr_par' dir='ltr' id='par_1_20' title="bbox 312 1983 1901 2055">
     <span class='ocr_line' id='line_1_20' title="bbox 312 1983 1901 2055; baseline -0.003 -16"><span class='ocrx_word' id='word_1_143' title='bbox 312 1996 403 2041; x_wconf 85' lang='lat' dir='ltr'><strong>tur</strong></span> <span class='ocrx_word' id='word_1_144' title='bbox 442 1986 676 2041; x_wconf 86' lang='lat' dir='ltr'><strong>hominis</strong></span> <span class='ocrx_word' id='word_1_145' title='bbox 719 1986 876 2055; x_wconf 87' lang='lat' dir='ltr'><strong>primi</strong></span> <span class='ocrx_word' id='word_1_146' title='bbox 926 1984 991 2039; x_wconf 63' lang='lat' dir='ltr'><strong>in&#39;</strong></span> <span class='ocrx_word' id='word_1_147' title='bbox 1027 1999 1218 2039; x_wconf 88' lang='lat' dir='ltr'><strong>omnes</strong></span> <span class='ocrx_word' id='word_1_148' title='bbox 1264 1983 1512 2038; x_wconf 89' lang='lat' dir='ltr'><strong>homines</strong></span> <span class='ocrx_word' id='word_1_149' title='bbox 1558 1998 1679 2036; x_wconf 89' lang='lat' dir='ltr'><strong>cum</strong></span> <span class='ocrx_word' id='word_1_150' title='bbox 1727 1989 1901 2035; x_wconf 88' lang='lat' dir='ltr'><strong>morte</strong></span> 
     </span>
    </p>
   </div>
   <div class='ocr_carea' id='block_1_21' title="bbox 310 2074 1379 2144">
    <p class='ocr_par' dir='ltr' id='par_1_21' title="bbox 310 2074 1379 2144">
     <span class='ocr_line' id='line_1_21' title="bbox 310 2074 1379 2144; baseline 0.001 -14"><span class='ocrx_word' id='word_1_151' title='bbox 310 2076 569 2131; x_wconf 83' lang='lat' dir='ltr'><strong>transisse</strong></span> <span class='ocrx_word' id='word_1_152' title='bbox 596 2083 874 2144; x_wconf 89' lang='lat' dir='ltr'><strong>peccatum</strong></span> <span class='ocrx_word' id='word_1_153' title='bbox 902 2074 949 2127; x_wconf 75' lang='grc' dir='ltr'><strong>ιι.</strong></span> <span class='ocrx_word' id='word_1_154' title='bbox 1370 2126 1379 2131; x_wconf 85' lang='grc'><strong>.</strong></span> 
     </span>
    </p>
   </div>
   <div class='ocr_carea' id='block_1_22' title="bbox 384 2164 1906 2237">
    <p class='ocr_par' dir='ltr' id='par_1_22' title="bbox 384 2164 1906 2237">
     <span class='ocr_line' id='line_1_22' title="bbox 384 2164 1906 2237; baseline -0.004 -15"><span class='ocrx_word' id='word_1_155' title='bbox 384 2166 564 2223; x_wconf 76' lang='lat' dir='ltr'><strong>CAPUT</strong></span> <span class='ocrx_word' id='word_1_156' title='bbox 598 2183 684 2221; x_wconf 85' lang='lat' dir='ltr'><strong>xv.</strong></span> <span class='ocrx_word' id='word_1_157' title='bbox 707 2164 945 2220; x_wconf 77' lang='lat' dir='ltr'><strong>Absurde</strong></span> <span class='ocrx_word' id='word_1_158' title='bbox 963 2182 1079 2237; x_wconf 74' lang='lat' dir='ltr'><strong>qua:</strong></span> <span class='ocrx_word' id='word_1_159' title='bbox 1098 2176 1379 2237; x_wconf 84' lang='lat' dir='ltr'><strong>sequuntur</strong></span> <span class='ocrx_word' id='word_1_160' title='bbox 1407 2181 1494 2219; x_wconf 87' lang='lat' dir='ltr'><strong>eos</strong></span> <span class='ocrx_word' id='word_1_161' title='bbox 1515 2166 1599 2236; x_wconf 82' lang='lat' dir='ltr'><strong>qui</strong></span> <span class='ocrx_word' id='word_1_162' title='bbox 1620 2171 1807 2234; x_wconf 83' lang='lat' dir='ltr'><strong>negant</strong></span> <span class='ocrx_word' id='word_1_163' title='bbox 1830 2165 1906 2216; x_wconf 86' lang='lat' dir='ltr'><strong>in—</strong></span> 
     </span>
    </p>
   </div>
   <div class='ocr_carea' id='block_1_23' title="bbox 311 2254 1905 2331">
    <p class='ocr_par' dir='ltr' id='par_1_23' title="bbox 311 2254 1905 2331">
     <span class='ocr_line' id='line_1_23' title="bbox 311 2254 1905 2331; baseline -0.002 -20"><span class='ocrx_word' id='word_1_164' title='bbox 311 2262 481 2331; x_wconf 87' lang='lat' dir='ltr'><strong>fantes</strong></span> <span class='ocrx_word' id='word_1_165' title='bbox 520 2258 706 2311; x_wconf 81' lang='lat' dir='ltr'><strong>habere</strong></span> <span class='ocrx_word' id='word_1_166' title='bbox 748 2267 1033 2329; x_wconf 84' lang='lat' dir='ltr'><strong>peccatum.</strong></span> <span class='ocrx_word' id='word_1_167' title='bbox 1065 2288 1138 2298; x_wconf 93' lang='lat'><strong>-—</strong></span> <span class='ocrx_word' id='word_1_168' title='bbox 1164 2255 1252 2310; x_wconf 70' lang='lat'><strong>‘29.</strong></span> <span class='ocrx_word' id='word_1_169' title='bbox 1285 2254 1459 2310; x_wconf 82' lang='lat' dir='ltr'><strong>Aliam</strong></span> <span class='ocrx_word' id='word_1_170' title='bbox 1487 2272 1674 2311; x_wconf 84' lang='lat' dir='ltr'><strong>rursus</strong></span> <span class='ocrx_word' id='word_1_171' title='bbox 1715 2255 1905 2324; x_wconf 89' lang='lat' dir='ltr'><strong>impie-</strong></span> 
     </span>
    </p>
   </div>
   <div class='ocr_carea' id='block_1_24' title="bbox 285 2348 1901 2405">
    <p class='ocr_par' dir='ltr' id='par_1_24' title="bbox 285 2348 1901 2405">
     <span class='ocr_line' id='line_1_24' title="bbox 285 2348 1901 2405; baseline -0.002 -1"><span class='ocrx_word' id='word_1_172' title='bbox 285 2349 481 2404; x_wconf 70' lang='lat' dir='ltr'><strong>‘tatem</strong></span> <span class='ocrx_word' id='word_1_173' title='bbox 511 2350 709 2405; x_wconf 89' lang='lat' dir='ltr'><strong>debent</strong></span> <span class='ocrx_word' id='word_1_174' title='bbox 738 2351 789 2403; x_wconf 91' lang='lat' dir='ltr'><strong>in</strong></span> <span class='ocrx_word' id='word_1_175' title='bbox 822 2350 923 2404; x_wconf 88' lang='lat' dir='ltr'><strong>hac</strong></span> <span class='ocrx_word' id='word_1_176' title='bbox 968 2364 1064 2404; x_wconf 91' lang='lat' dir='ltr'><strong>sua</strong></span> <span class='ocrx_word' id='word_1_177' title='bbox 1097 2348 1279 2403; x_wconf 90' lang='lat' dir='ltr'><strong>videre</strong></span> <span class='ocrx_word' id='word_1_178' title='bbox 1307 2364 1372 2403; x_wconf 91' lang='lat' dir='ltr'><strong>ac</strong></span> <span class='ocrx_word' id='word_1_179' title='bbox 1401 2348 1572 2402; x_wconf 87' lang='lat' dir='ltr'><strong>vitare</strong></span> <span class='ocrx_word' id='word_1_180' title='bbox 1610 2348 1901 2402; x_wconf 83' lang='lat' dir='ltr'><strong>sententia.</strong></span> 
     </span>
    </p>
   </div>
   <div class='ocr_carea' id='block_1_25' title="bbox 311 2440 1903 2511">
    <p class='ocr_par' dir='ltr' id='par_1_25' title="bbox 311 2440 1903 2511">
     <span class='ocr_line' id='line_1_25' title="bbox 311 2440 1903 2511; baseline -0.001 -16"><span class='ocrx_word' id='word_1_181' title='bbox 311 2443 566 2497; x_wconf 86' lang='lat' dir='ltr'><strong>Dicentes</strong></span> <span class='ocrx_word' id='word_1_182' title='bbox 604 2442 745 2496; x_wconf 89' lang='lat' dir='ltr'><strong>enim</strong></span> <span class='ocrx_word' id='word_1_183' title='bbox 774 2441 1029 2511; x_wconf 89' lang='lat' dir='ltr'><strong>parvulos</strong></span> <span class='ocrx_word' id='word_1_184' title='bbox 1056 2456 1123 2495; x_wconf 84' lang='lat' dir='ltr'><strong>ex</strong></span> <span class='ocrx_word' id='word_1_185' title='bbox 1155 2441 1323 2496; x_wconf 83' lang='lat' dir='ltr'><strong>Adam</strong></span> <span class='ocrx_word' id='word_1_186' title='bbox 1354 2457 1464 2496; x_wconf 90' lang='lat' dir='ltr'><strong>non</strong></span> <span class='ocrx_word' id='word_1_187' title='bbox 1495 2441 1709 2495; x_wconf 89' lang='lat' dir='ltr'><strong>trahere</strong></span> <span class='ocrx_word' id='word_1_188' title='bbox 1738 2440 1903 2508; x_wconf 88' lang='lat' dir='ltr'><strong>origi-</strong></span> 
     </span>
    </p>
   </div>
   <div class='ocr_carea' id='block_1_26' title="bbox 311 2530 1905 2600">
    <p class='ocr_par' dir='ltr' id='par_1_26' title="bbox 311 2530 1905 2600">
     <span class='ocr_line' id='line_1_26' title="bbox 311 2530 1905 2600; baseline -0.001 -16"><span class='ocrx_word' id='word_1_189' title='bbox 311 2531 440 2585; x_wconf 89' lang='lat' dir='ltr'><strong>nale</strong></span> <span class='ocrx_word' id='word_1_190' title='bbox 469 2540 771 2600; x_wconf 89' lang='lat' dir='ltr'><strong>peccatnm,</strong></span> <span class='ocrx_word' id='word_1_191' title='bbox 821 2538 1020 2599; x_wconf 87' lang='lat' dir='ltr'><strong>negant</strong></span> <span class='ocrx_word' id='word_1_192' title='bbox 1050 2546 1145 2586; x_wconf 89' lang='lat' dir='ltr'><strong>eos</strong></span> <span class='ocrx_word' id='word_1_193' title='bbox 1174 2530 1416 2599; x_wconf 90' lang='lat' dir='ltr'><strong>profecto</strong></span> <span class='ocrx_word' id='word_1_194' title='bbox 1443 2530 1644 2585; x_wconf 91' lang='lat' dir='ltr'><strong>habere</strong></span> <span class='ocrx_word' id='word_1_195' title='bbox 1688 2544 1905 2584; x_wconf 88' lang='lat' dir='ltr'><strong>carnem</strong></span> 
     </span>
    </p>
   </div>
   <div class='ocr_carea' id='block_1_27' title="bbox 310 2621 1912 2692">
    <p class='ocr_par' dir='ltr' id='par_1_27' title="bbox 310 2621 1912 2692">
     <span class='ocr_line' id='line_1_27' title="bbox 310 2621 1912 2692; baseline -0.001 -17"><span class='ocrx_word' id='word_1_196' title='bbox 310 2622 522 2692; x_wconf 85' lang='lat' dir='ltr'><strong>peccati</strong></span> <span class='ocrx_word' id='word_1_197' title='bbox 542 2637 678 2691; x_wconf 90' lang='lat' dir='ltr'><strong>quos</strong></span> <span class='ocrx_word' id='word_1_198' title='bbox 702 2629 880 2675; x_wconf 88' lang='lat' dir='ltr'><strong>tamen</strong></span> <span class='ocrx_word' id='word_1_199' title='bbox 911 2622 1197 2674; x_wconf 83' lang='lat' dir='ltr'><strong>humanam</strong></span> <span class='ocrx_word' id='word_1_200' title='bbox 1221 2635 1444 2674; x_wconf 90' lang='lat' dir='ltr'><strong>carnem</strong></span> <span class='ocrx_word' id='word_1_201' title='bbox 1467 2621 1667 2675; x_wconf 89' lang='lat' dir='ltr'><strong>habere</strong></span> <span class='ocrx_word' id='word_1_202' title='bbox 1688 2635 1796 2673; x_wconf 90' lang='lat' dir='ltr'><strong>non</strong></span> <span class='ocrx_word' id='word_1_203' title='bbox 1822 2634 1912 2674; x_wconf 88' lang='lat' dir='ltr'><strong>ne-</strong></span> 
     </span>
    </p>
   </div>
   <div class='ocr_carea' id='block_1_28' title="bbox 309 2698 1910 2781">
    <p class='ocr_par' dir='ltr' id='par_1_28' title="bbox 309 2698 1910 2781">
     <span class='ocr_line' id='line_1_28' title="bbox 309 2698 1910 2781; baseline 0 -16"><span class='ocrx_word' id='word_1_204' title='bbox 309 2698 469 2781; x_wconf 84' lang='lat' dir='ltr'><strong>gant.</strong></span> <span class='ocrx_word' id='word_1_205' title='bbox 481 2710 561 2765; x_wconf 78' lang='lat' dir='ltr'><strong>Ex</strong></span> <span class='ocrx_word' id='word_1_206' title='bbox 576 2726 641 2766; x_wconf 90' lang='lat' dir='ltr'><strong>eo</strong></span> <span class='ocrx_word' id='word_1_207' title='bbox 656 2727 787 2766; x_wconf 91' lang='lat' dir='ltr'><strong>vero</strong></span> <span class='ocrx_word' id='word_1_208' title='bbox 800 2711 946 2779; x_wconf 91' lang='lat' dir='ltr'><strong>quod</strong></span> <span class='ocrx_word' id='word_1_209' title='bbox 964 2726 1058 2766; x_wconf 89' lang='lat' dir='ltr'><strong>eos</strong></span> <span class='ocrx_word' id='word_1_210' title='bbox 1069 2712 1146 2766; x_wconf 92' lang='lat' dir='ltr'><strong>sic</strong></span> <span class='ocrx_word' id='word_1_211' title='bbox 1167 2711 1455 2766; x_wconf 85' lang='lat' dir='ltr'><strong>humanam</strong></span> <span class='ocrx_word' id='word_1_212' title='bbox 1469 2726 1686 2765; x_wconf 89' lang='lat' dir='ltr'><strong>carnem</strong></span> <span class='ocrx_word' id='word_1_213' title='bbox 1709 2711 1910 2765; x_wconf 88' lang='lat' dir='ltr'><strong>habere</strong></span> 
     </span>
    </p>
   </div>
   <div class='ocr_carea' id='block_1_29' title="bbox 310 2802 1907 2871">
    <p class='ocr_par' dir='ltr' id='par_1_29' title="bbox 310 2802 1907 2871">
     <span class='ocr_line' id='line_1_29' title="bbox 310 2802 1907 2871; baseline 0 -14"><span class='ocrx_word' id='word_1_214' title='bbox 310 2818 425 2858; x_wconf 90' lang='lat' dir='ltr'><strong>non</strong></span> <span class='ocrx_word' id='word_1_215' title='bbox 452 2811 669 2870; x_wconf 92' lang='lat' dir='ltr'><strong>negant,</strong></span> <span class='ocrx_word' id='word_1_216' title='bbox 694 2810 751 2856; x_wconf 91' lang='lat' dir='ltr'><strong>ut</strong></span> <span class='ocrx_word' id='word_1_217' title='bbox 777 2818 897 2858; x_wconf 89' lang='lat' dir='ltr'><strong>eam</strong></span> <span class='ocrx_word' id='word_1_218' title='bbox 919 2818 1039 2857; x_wconf 89' lang='lat' dir='ltr'><strong>esse</strong></span> <span class='ocrx_word' id='word_1_219' title='bbox 1067 2817 1284 2857; x_wconf 87' lang='lat' dir='ltr'><strong>carnem</strong></span> <span class='ocrx_word' id='word_1_220' title='bbox 1305 2802 1508 2871; x_wconf 80' lang='lat' dir='ltr'><strong>peccati</strong></span> <span class='ocrx_word' id='word_1_221' title='bbox 1535 2809 1750 2869; x_wconf 82' lang='lat' dir='ltr'><strong>negent,</strong></span> <span class='ocrx_word' id='word_1_222' title='bbox 1775 2812 1907 2857; x_wconf 83' lang='lat' dir='ltr'><strong>con-</strong></span> 
     </span>
    </p>
   </div>
   <div class='ocr_carea' id='block_1_30' title="bbox 314 2893 1910 2962">
    <p class='ocr_par' dir='ltr' id='par_1_30' title="bbox 314 2893 1910 2962">
     <span class='ocr_line' id='line_1_30' title="bbox 314 2893 1910 2962; baseline 0.001 -16"><span class='ocrx_word' id='word_1_223' title='bbox 314 2907 551 2962; x_wconf 89' lang='lat' dir='ltr'><strong>sequens</strong></span> <span class='ocrx_word' id='word_1_224' title='bbox 571 2901 655 2947; x_wconf 91' lang='lat' dir='ltr'><strong>est</strong></span> <span class='ocrx_word' id='word_1_225' title='bbox 681 2900 740 2946; x_wconf 94' lang='lat' dir='ltr'><strong>ut</strong></span> <span class='ocrx_word' id='word_1_226' title='bbox 768 2893 1058 2947; x_wconf 85' lang='lat' dir='ltr'><strong>humanam</strong></span> <span class='ocrx_word' id='word_1_227' title='bbox 1085 2907 1301 2947; x_wconf 90' lang='lat' dir='ltr'><strong>carnem</strong></span> <span class='ocrx_word' id='word_1_228' title='bbox 1323 2901 1521 2959; x_wconf 89' lang='lat' dir='ltr'><strong>negent</strong></span> <span class='ocrx_word' id='word_1_229' title='bbox 1543 2907 1760 2947; x_wconf 88' lang='lat' dir='ltr'><strong>carnem</strong></span> <span class='ocrx_word' id='word_1_230' title='bbox 1789 2906 1910 2947; x_wconf 90' lang='lat' dir='ltr'><strong>esse</strong></span> 
     </span>
    </p>
   </div>
   <div class='ocr_carea' id='block_1_31' title="bbox 230 2983 1910 3055">
    <p class='ocr_par' dir='ltr' id='par_1_31' title="bbox 230 2983 1910 3055">
     <span class='ocr_line' id='line_1_31' title="bbox 230 2983 1910 3055; baseline 0.002 -18"><span class='ocrx_word' id='word_1_231' title='bbox 230 3016 239 3021; x_wconf 62' lang='grc' dir='ltr'><strong>ι</strong></span> <span class='ocrx_word' id='word_1_232' title='bbox 313 2984 545 3055; x_wconf 82' lang='lat' dir='ltr'><strong>peccati.</strong></span> <span class='ocrx_word' id='word_1_233' title='bbox 579 2983 858 3046; x_wconf 85' lang='lat' dir='ltr'><strong>Fateatur,</strong></span> <span class='ocrx_word' id='word_1_234' title='bbox 882 2985 1144 3054; x_wconf 89' lang='lat' dir='ltr'><strong>Apostolo</strong></span> <span class='ocrx_word' id='word_1_235' title='bbox 1168 2986 1530 3055; x_wconf 90' lang='lat' dir='ltr'><strong>compellente</strong></span> <span class='ocrx_word' id='word_1_236' title='bbox 1556 2997 1600 3051; x_wconf 75' lang='grc' dir='ltr'>ε,</span> <span class='ocrx_word' id='word_1_237' title='bbox 1626 2988 1749 3055; x_wconf 90' lang='lat' dir='ltr'><strong>quia</strong></span> <span class='ocrx_word' id='word_1_238' title='bbox 1771 2989 1910 3041; x_wconf 86' lang='lat' dir='ltr'><strong>misit</strong></span> 
     </span>
    </p>
   </div>
   <div class='ocr_carea' id='block_1_32' title="bbox 316 3074 1911 3149">
    <p class='ocr_par' dir='ltr' id='par_1_32' title="bbox 316 3074 1911 3149">
     <span class='ocr_line' id='line_1_32' title="bbox 316 3074 1911 3149; baseline 0.001 -18"><span class='ocrx_word' id='word_1_239' title='bbox 316 3075 459 3131; x_wconf 85' lang='lat' dir='ltr'><strong>Deus</strong></span> <span class='ocrx_word' id='word_1_240' title='bbox 498 3074 694 3130; x_wconf 83' lang='lat' dir='ltr'><strong>Filium</strong></span> <span class='ocrx_word' id='word_1_241' title='bbox 739 3094 888 3130; x_wconf 88' lang='lat' dir='ltr'><strong>suum</strong></span> <span class='ocrx_word' id='word_1_242' title='bbox 930 3079 984 3131; x_wconf 87' lang='lat' dir='ltr'><strong>in</strong></span> <span class='ocrx_word' id='word_1_243' title='bbox 1013 3078 1400 3132; x_wconf 78' lang='lat' dir='ltr'><strong>similitudinem</strong></span> <span class='ocrx_word' id='word_1_244' title='bbox 1430 3076 1454 3115; x_wconf 77' lang='grc' dir='ltr'>ἀ</span> <span class='ocrx_word' id='word_1_245' title='bbox 1494 3081 1668 3133; x_wconf 87' lang='lat' dir='ltr'><strong>carnis</strong></span> <span class='ocrx_word' id='word_1_246' title='bbox 1711 3082 1911 3149; x_wconf 80' lang='lat' dir='ltr'><strong>peccati</strong></span> 
     </span>
    </p>
   </div>
   <div class='ocr_carea' id='block_1_33' title="bbox 318 3162 1911 3239">
    <p class='ocr_par' dir='ltr' id='par_1_33' title="bbox 318 3162 1911 3239">
     <span class='ocr_line' id='line_1_33' title="bbox 318 3162 1911 3239; baseline 0.005 -23"><span class='ocrx_word' id='word_1_247' title='bbox 318 3162 497 3232; x_wconf 86' lang='lat' dir='ltr'><strong>(Rom.</strong></span> <span class='ocrx_word' id='word_1_248' title='bbox 530 3180 642 3229; x_wconf 78' lang='lat' dir='ltr'><strong>vni,</strong></span> <span class='ocrx_word' id='word_1_249' title='bbox 669 3165 745 3233; x_wconf 82' lang='grc'><strong>5).</strong></span> <span class='ocrx_word' id='word_1_250' title='bbox 772 3164 852 3219; x_wconf 88' lang='lat' dir='ltr'><strong>Ad</strong></span> <span class='ocrx_word' id='word_1_251' title='bbox 881 3166 984 3220; x_wconf 90' lang='lat' dir='ltr'><strong>hoc</strong></span> <span class='ocrx_word' id='word_1_252' title='bbox 1010 3166 1173 3234; x_wconf 88' lang='lat' dir='ltr'><strong>igitur</strong></span> <span class='ocrx_word' id='word_1_253' title='bbox 1195 3166 1329 3220; x_wconf 79' lang='lat' dir='ltr'><strong>istos</strong></span> <span class='ocrx_word' id='word_1_254' title='bbox 1350 3168 1563 3222; x_wconf 64' lang='lat' dir='ltr'><strong>caacitas</strong></span> <span class='ocrx_word' id='word_1_255' title='bbox 1594 3168 1770 3238; x_wconf 75' lang='lat' dir='ltr'><strong>impia:</strong></span> <span class='ocrx_word' id='word_1_256' title='bbox 1790 3184 1911 3239; x_wconf 83' lang='lat' dir='ltr'><strong>pro-</strong></span> 
     </span>
    </p>
   </div>
   <div class='ocr_carea' id='block_1_34' title="bbox 314 3248 1907 3326">
    <p class='ocr_par' dir='ltr' id='par_1_34' title="bbox 314 3248 1907 3326">
     <span class='ocr_line' id='line_1_34' title="bbox 314 3248 1907 3326; baseline 0.005 -20"><span class='ocrx_word' id='word_1_257' title='bbox 314 3251 570 3309; x_wconf 72' lang='lat' dir='ltr'><strong>fessionis</strong></span> <span class='ocrx_word' id='word_1_258' title='bbox 591 3254 838 3324; x_wconf 86' lang='lat' dir='ltr'><strong>impellit,</strong></span> <span class='ocrx_word' id='word_1_259' title='bbox 867 3261 924 3310; x_wconf 93' lang='lat' dir='ltr'><strong>ut</strong></span> <span class='ocrx_word' id='word_1_260' title='bbox 950 3256 1074 3326; x_wconf 91' lang='lat' dir='ltr'><strong>quia</strong></span> <span class='ocrx_word' id='word_1_261' title='bbox 1105 3257 1201 3325; x_wconf 85' lang='lat' dir='ltr'><strong>(al.</strong></span> <span class='ocrx_word' id='word_1_262' title='bbox 1233 3248 1347 3326; x_wconf 88' lang='lat' dir='ltr'><strong>qui)</strong></span> <span class='ocrx_word' id='word_1_263' title='bbox 1371 3273 1587 3313; x_wconf 89' lang='lat' dir='ltr'><strong>carnem</strong></span> <span class='ocrx_word' id='word_1_264' title='bbox 1619 3259 1907 3314; x_wconf 89' lang='lat' dir='ltr'><strong>humanam</strong></span> 
     </span>
    </p>
   </div>
   <div class='ocr_carea' id='block_1_35' title="bbox 315 3318 1979 3418">
    <p class='ocr_par' dir='ltr' id='par_1_35' title="bbox 315 3318 1979 3418">
     <span class='ocr_line' id='line_1_35' title="bbox 315 3318 1979 3418; baseline 0.004 -18"><span class='ocrx_word' id='word_1_265' title='bbox 315 3352 520 3413; x_wconf 84' lang='lat' dir='ltr'><strong>negant</strong></span> <span class='ocrx_word' id='word_1_266' title='bbox 540 3359 757 3399; x_wconf 88' lang='lat' dir='ltr'><strong>carnem</strong></span> <span class='ocrx_word' id='word_1_267' title='bbox 781 3361 899 3401; x_wconf 86' lang='lat' dir='ltr'><strong>esse</strong></span> <span class='ocrx_word' id='word_1_268' title='bbox 920 3347 1145 3418; x_wconf 87' lang='lat' dir='ltr'><strong>peccati,</strong></span> <span class='ocrx_word' id='word_1_269' title='bbox 1172 3347 1444 3403; x_wconf 88' lang='lat' dir='ltr'><strong>Christum</strong></span> <span class='ocrx_word' id='word_1_270' title='bbox 1472 3357 1652 3404; x_wconf 84' lang='lat' dir='ltr'><strong>autem</strong></span> <span class='ocrx_word' id='word_1_271' title='bbox 1676 3350 1729 3404; x_wconf 89' lang='lat' dir='ltr'><strong>in</strong></span> <span class='ocrx_word' id='word_1_272' title='bbox 1757 3351 1906 3406; x_wconf 90' lang='lat' dir='ltr'><strong>simi-</strong></span> <span class='ocrx_word' id='word_1_273' title='bbox 1932 3318 1979 3380; x_wconf 55' lang='grc' dir='ltr'><strong>(δ</strong></span> 
     </span>
    </p>
   </div>
   <div class='ocr_carea' id='block_1_36' title="bbox 317 3432 1906 3511">
    <p class='ocr_par' dir='ltr' id='par_1_36' title="bbox 317 3432 1906 3511">
     <span class='ocr_line' id='line_1_36' title="bbox 317 3432 1906 3511; baseline 0.004 -25"><span class='ocrx_word' id='word_1_274' title='bbox 317 3432 599 3488; x_wconf 89' lang='lat' dir='ltr'><strong>litudinem</strong></span> <span class='ocrx_word' id='word_1_275' title='bbox 623 3434 802 3489; x_wconf 89' lang='lat' dir='ltr'><strong>carnis</strong></span> <span class='ocrx_word' id='word_1_276' title='bbox 829 3435 1037 3504; x_wconf 87' lang='lat' dir='ltr'><strong>peccati</strong></span> <span class='ocrx_word' id='word_1_277' title='bbox 1067 3436 1279 3491; x_wconf 87' lang='lat' dir='ltr'><strong>venisse</strong></span> <span class='ocrx_word' id='word_1_278' title='bbox 1321 3453 1428 3492; x_wconf 90' lang='lat' dir='ltr'><strong>non</strong></span> <span class='ocrx_word' id='word_1_279' title='bbox 1476 3447 1694 3506; x_wconf 86' lang='lat' dir='ltr'><strong>negant,</strong></span> <span class='ocrx_word' id='word_1_280' title='bbox 1735 3440 1906 3511; x_wconf 85' lang='lat' dir='ltr'><strong>ipsam</strong></span> 
     </span>
    </p>
   </div>
   <div class='ocr_carea' id='block_1_37' title="bbox 315 3521 1906 3591">
    <p class='ocr_par' dir='ltr' id='par_1_37' title="bbox 315 3521 1906 3591">
     <span class='ocr_line' id='line_1_37' title="bbox 315 3521 1906 3591; baseline 0.006 -16"><span class='ocrx_word' id='word_1_281' title='bbox 315 3521 518 3576; x_wconf 79' lang='lat' dir='ltr'><strong>Christi</strong></span> <span class='ocrx_word' id='word_1_282' title='bbox 546 3536 761 3576; x_wconf 90' lang='lat' dir='ltr'><strong>carnem</strong></span> <span class='ocrx_word' id='word_1_283' title='bbox 792 3525 898 3577; x_wconf 81' lang='lat' dir='ltr'><strong>nan</strong></span> <span class='ocrx_word' id='word_1_284' title='bbox 930 3524 1217 3578; x_wconf 87' lang='lat' dir='ltr'><strong>humanam</strong></span> <span class='ocrx_word' id='word_1_285' title='bbox 1252 3540 1392 3591; x_wconf 88' lang='lat' dir='ltr'><strong>esse,</strong></span> <span class='ocrx_word' id='word_1_286' title='bbox 1440 3527 1535 3581; x_wconf 91' lang='lat' dir='ltr'><strong>sed</strong></span> <span class='ocrx_word' id='word_1_287' title='bbox 1559 3526 1780 3583; x_wconf 86' lang='lat' dir='ltr'><strong>alterius</strong></span> <span class='ocrx_word' id='word_1_288' title='bbox 1809 3544 1906 3583; x_wconf 92' lang='lat' dir='ltr'><strong>na-</strong></span> 
     </span>
    </p>
   </div>
   <div class='ocr_carea' id='block_1_38' title="bbox 317 3612 1909 3683">
    <p class='ocr_par' dir='ltr' id='par_1_38' title="bbox 317 3612 1909 3683">
     <span class='ocr_line' id='line_1_38' title="bbox 317 3612 1909 3683; baseline 0.006 -18"><span class='ocrx_word' id='word_1_289' title='bbox 317 3619 455 3666; x_wconf 76' lang='lat' dir='ltr'><strong>turre</strong></span> <span class='ocrx_word' id='word_1_290' title='bbox 495 3612 753 3683; x_wconf 84' lang='lat' dir='ltr'><strong>sacrilega</strong></span> <span class='ocrx_word' id='word_1_291' title='bbox 785 3612 1101 3668; x_wconf 82' lang='lat' dir='ltr'><strong>infidelitate</strong></span> <span class='ocrx_word' id='word_1_292' title='bbox 1124 3614 1453 3683; x_wconf 84' lang='lat' dir='ltr'><strong>confingant.</strong></span> <span class='ocrx_word' id='word_1_293' title='bbox 1499 3615 1589 3670; x_wconf 80' lang='lat' dir='ltr'><strong>isti</strong></span> <span class='ocrx_word' id='word_1_294' title='bbox 1618 3618 1762 3672; x_wconf 92' lang='lat' dir='ltr'><strong>enim</strong></span> <span class='ocrx_word' id='word_1_295' title='bbox 1789 3634 1909 3674; x_wconf 89' lang='lat' dir='ltr'><strong>car-</strong></span> 
     </span>
    </p>
   </div>
   <div class='ocr_carea' id='block_1_39' title="bbox 318 3702 1910 3774">
    <p class='ocr_par' dir='ltr' id='par_1_39' title="bbox 318 3702 1910 3774">
     <span class='ocr_line' id='line_1_39' title="bbox 318 3702 1910 3774; baseline 0.006 -18"><span class='ocrx_word' id='word_1_296' title='bbox 318 3717 446 3757; x_wconf 90' lang='lat' dir='ltr'><strong>nem</strong></span> <span class='ocrx_word' id='word_1_297' title='bbox 470 3702 524 3756; x_wconf 91' lang='lat' dir='ltr'><strong>in</strong></span> <span class='ocrx_word' id='word_1_298' title='bbox 551 3719 656 3774; x_wconf 91' lang='lat' dir='ltr'><strong>qua</strong></span> <span class='ocrx_word' id='word_1_299' title='bbox 686 3704 893 3773; x_wconf 88' lang='lat' dir='ltr'><strong>parvuli</strong></span> <span class='ocrx_word' id='word_1_300' title='bbox 937 3712 1232 3759; x_wconf 88' lang='lat' dir='ltr'><strong>nascuntur</strong></span> <span class='ocrx_word' id='word_1_301' title='bbox 1258 3705 1546 3760; x_wconf 88' lang='lat' dir='ltr'><strong>humanam</strong></span> <span class='ocrx_word' id='word_1_302' title='bbox 1576 3707 1765 3764; x_wconf 91' lang='lat' dir='ltr'><strong>dicunt</strong></span> <span class='ocrx_word' id='word_1_303' title='bbox 1789 3724 1910 3765; x_wconf 87' lang='lat' dir='ltr'><strong>esse</strong></span> 
     </span>
    </p>
   </div>
   <div class='ocr_carea' id='block_1_40' title="bbox 318 3800 1912 3869">
    <p class='ocr_par' dir='ltr' id='par_1_40' title="bbox 318 3800 1912 3869">
     <span class='ocr_line' id='line_1_40' title="bbox 318 3800 1912 3869; baseline 0.006 -22"><span class='ocrx_word' id='word_1_304' title='bbox 318 3807 564 3859; x_wconf 89' lang='lat' dir='ltr'><strong>carnem,</strong></span> <span class='ocrx_word' id='word_1_305' title='bbox 614 3809 774 3864; x_wconf 90' lang='lat' dir='ltr'><strong>quam</strong></span> <span class='ocrx_word' id='word_1_306' title='bbox 825 3803 1005 3849; x_wconf 90' lang='lat' dir='ltr'><strong>tamen</strong></span> <span class='ocrx_word' id='word_1_307' title='bbox 1036 3810 1156 3850; x_wconf 89' lang='lat' dir='ltr'><strong>esse</strong></span> <span class='ocrx_word' id='word_1_308' title='bbox 1200 3812 1419 3851; x_wconf 90' lang='lat' dir='ltr'><strong>carnem</strong></span> <span class='ocrx_word' id='word_1_309' title='bbox 1465 3800 1673 3867; x_wconf 87' lang='lat' dir='ltr'><strong>peccati</strong></span> <span class='ocrx_word' id='word_1_310' title='bbox 1712 3813 1912 3869; x_wconf 88' lang='lat' dir='ltr'><strong>negare</strong></span> 
     </span>
    </p>
   </div>
   <div class='ocr_carea' id='block_1_41' title="bbox 318 3884 1913 3952">
    <p class='ocr_par' dir='ltr' id='par_1_41' title="bbox 318 3884 1913 3952">
     <span class='ocr_line' id='line_1_41' title="bbox 318 3884 1913 3952; baseline 0.004 -12"><span class='ocrx_word' id='word_1_311' title='bbox 318 3885 685 3952; x_wconf 88' lang='lat' dir='ltr'><strong>contendunt;</strong></span> <span class='ocrx_word' id='word_1_312' title='bbox 735 3884 1005 3941; x_wconf 81' lang='lat' dir='ltr'><strong>Christum</strong></span> <span class='ocrx_word' id='word_1_313' title='bbox 1046 3896 1224 3942; x_wconf 91' lang='lat' dir='ltr'><strong>autem</strong></span> <span class='ocrx_word' id='word_1_314' title='bbox 1265 3888 1317 3941; x_wconf 91' lang='lat' dir='ltr'><strong>in</strong></span> <span class='ocrx_word' id='word_1_315' title='bbox 1346 3888 1695 3945; x_wconf 89' lang='lat' dir='ltr'><strong>similitudine</strong></span> <span class='ocrx_word' id='word_1_316' title='bbox 1732 3891 1913 3947; x_wconf 87' lang='lat' dir='ltr'><strong>carnis</strong></span> 
     </span>
    </p>
   </div>
   <div class='ocr_carea' id='block_1_42' title="bbox 319 3964 1912 4050">
    <p class='ocr_par' dir='ltr' id='par_1_42' title="bbox 319 3964 1912 4050">
     <span class='ocr_line' id='line_1_42' title="bbox 319 3964 1912 4050; baseline 0.004 -18"><span class='ocrx_word' id='word_1_317' title='bbox 319 3979 533 4046; x_wconf 77' lang='lat' dir='ltr'><strong>peccati</strong></span> <span class='ocrx_word' id='word_1_318' title='bbox 560 3980 773 4034; x_wconf 89' lang='lat' dir='ltr'><strong>venisse</strong></span> <span class='ocrx_word' id='word_1_319' title='bbox 802 3964 935 4050; x_wconf 63' lang='lat' dir='ltr'><strong>&#39;pari</strong></span> <span class='ocrx_word' id='word_1_320' title='bbox 982 3980 1260 4036; x_wconf 89' lang='lat' dir='ltr'><strong>nobiscum</strong></span> <span class='ocrx_word' id='word_1_321' title='bbox 1304 3980 1639 4050; x_wconf 79' lang='lat' dir='ltr'><strong>professione</strong></span> <span class='ocrx_word' id='word_1_322' title='bbox 1682 3997 1912 4038; x_wconf 81' lang='lat' dir='ltr'><strong>consen—</strong></span> 
     </span>
    </p>
   </div>
   <div class='ocr_carea' id='block_1_43' title="bbox 320 4066 1912 4137">
    <p class='ocr_par' dir='ltr' id='par_1_43' title="bbox 320 4066 1912 4137">
     <span class='ocr_line' id='line_1_43' title="bbox 320 4066 1912 4137; baseline 0.006 -19"><span class='ocrx_word' id='word_1_323' title='bbox 320 4068 481 4121; x_wconf 89' lang='lat' dir='ltr'><strong>tiunt.</strong></span> <span class='ocrx_word' id='word_1_324' title='bbox 512 4066 620 4122; x_wconf 85' lang='lat' dir='ltr'><strong>Aut</strong></span> <span class='ocrx_word' id='word_1_325' title='bbox 646 4069 807 4137; x_wconf 87' lang='lat' dir='ltr'><strong>igitur</strong></span> <span class='ocrx_word' id='word_1_326' title='bbox 833 4084 1053 4126; x_wconf 87' lang='lat' dir='ltr'><strong>carnem</strong></span> <span class='ocrx_word' id='word_1_327' title='bbox 1092 4067 1292 4125; x_wconf 84' lang='lat' dir='ltr'><strong>Christi</strong></span> <span class='ocrx_word' id='word_1_328' title='bbox 1322 4070 1609 4125; x_wconf 88' lang='lat' dir='ltr'><strong>humanam</strong></span> <span class='ocrx_word' id='word_1_329' title='bbox 1636 4086 1758 4127; x_wconf 81' lang='lat' dir='ltr'><strong>esse</strong></span> <span class='ocrx_word' id='word_1_330' title='bbox 1802 4086 1912 4127; x_wconf 90' lang='lat' dir='ltr'><strong>non</strong></span> 
     </span>
    </p>
   </div>
   <div class='ocr_carea' id='block_1_44' title="bbox 319 4144 1910 4234">
    <p class='ocr_par' dir='ltr' id='par_1_44' title="bbox 319 4144 1910 4234">
     <span class='ocr_line' id='line_1_44' title="bbox 319 4144 1910 4234; baseline 0.005 -21"><span class='ocrx_word' id='word_1_331' title='bbox 319 4159 523 4221; x_wconf 90' lang='lat' dir='ltr'><strong>dicant,</strong></span> <span class='ocrx_word' id='word_1_332' title='bbox 556 4168 649 4214; x_wconf 90' lang='lat' dir='ltr'><strong>aut</strong></span> <span class='ocrx_word' id='word_1_333' title='bbox 687 4162 929 4217; x_wconf 89' lang='lat' dir='ltr'><strong>omnium</strong></span> <span class='ocrx_word' id='word_1_334' title='bbox 958 4144 1235 4218; x_wconf 81' lang='lat' dir='ltr'><strong>hominum</strong></span> <span class='ocrx_word' id='word_1_335' title='bbox 1281 4178 1519 4227; x_wconf 88' lang='lat' dir='ltr'><strong>carnem,</strong></span> <span class='ocrx_word' id='word_1_336' title='bbox 1574 4164 1627 4219; x_wconf 90' lang='lat' dir='ltr'><strong>in</strong></span> <span class='ocrx_word' id='word_1_337' title='bbox 1656 4165 1809 4234; x_wconf 86' lang='lat' dir='ltr'><strong>cujus</strong></span> <span class='ocrx_word' id='word_1_338' title='bbox 1833 4165 1910 4220; x_wconf 89' lang='lat' dir='ltr'><strong>si-</strong></span> 
     </span>
    </p>
   </div>
   <div class='ocr_carea' id='block_1_45' title="bbox 320 4250 1913 4324">
    <p class='ocr_par' dir='ltr' id='par_1_45' title="bbox 320 4250 1913 4324">
     <span class='ocr_line' id='line_1_45' title="bbox 320 4250 1913 4324; baseline 0.005 -21"><span class='ocrx_word' id='word_1_339' title='bbox 320 4250 677 4306; x_wconf 90' lang='lat' dir='ltr'><strong>militudinem</strong></span> <span class='ocrx_word' id='word_1_340' title='bbox 708 4252 850 4307; x_wconf 89' lang='lat' dir='ltr'><strong>Deus</strong></span> <span class='ocrx_word' id='word_1_341' title='bbox 878 4251 1072 4307; x_wconf 87' lang='lat' dir='ltr'><strong>Filium</strong></span> <span class='ocrx_word' id='word_1_342' title='bbox 1096 4269 1251 4308; x_wconf 90' lang='lat' dir='ltr'><strong>suum</strong></span> <span class='ocrx_word' id='word_1_343' title='bbox 1281 4254 1443 4318; x_wconf 89' lang='lat' dir='ltr'><strong>misit,</strong></span> <span class='ocrx_word' id='word_1_344' title='bbox 1467 4269 1682 4309; x_wconf 91' lang='lat' dir='ltr'><strong>carnem</strong></span> <span class='ocrx_word' id='word_1_345' title='bbox 1705 4256 1913 4324; x_wconf 89' lang='lat' dir='ltr'><strong>peccati</strong></span> 
     </span>
    </p>
   </div>
   <div class='ocr_carea' id='block_1_46' title="bbox 320 4342 1911 4414">
    <p class='ocr_par' dir='ltr' id='par_1_46' title="bbox 320 4342 1911 4414">
     <span class='ocr_line' id='line_1_46' title="bbox 320 4342 1911 4414; baseline 0.004 -20"><span class='ocrx_word' id='word_1_346' title='bbox 320 4354 447 4397; x_wconf 80' lang='lat' dir='ltr'><strong>csse</strong></span> <span class='ocrx_word' id='word_1_347' title='bbox 472 4342 812 4396; x_wconf 89' lang='lat' dir='ltr'><strong>consentiant</strong></span> <span class='ocrx_word' id='word_1_348' title='bbox 833 4342 924 4413; x_wconf 88' lang='lat' dir='ltr'><strong>(al.</strong></span> <span class='ocrx_word' id='word_1_349' title='bbox 958 4345 1375 4414; x_wconf 89' lang='lat' dir='ltr'><strong>consenserint).</strong></span> <span class='ocrx_word' id='word_1_350' title='bbox 1405 4342 1560 4411; x_wconf 86' lang='lat' dir='ltr'><strong>Quod</strong></span> <span class='ocrx_word' id='word_1_351' title='bbox 1597 4361 1720 4401; x_wconf 91' lang='lat' dir='ltr'><strong>cum</strong></span> <span class='ocrx_word' id='word_1_352' title='bbox 1765 4344 1911 4401; x_wconf 86' lang='lat' dir='ltr'><strong>fece-</strong></span> 
     </span>
    </p>
   </div>
   <div class='ocr_carea' id='block_1_47' title="bbox 320 4432 1915 4508">
    <p class='ocr_par' dir='ltr' id='par_1_47' title="bbox 320 4432 1915 4508">
     <span class='ocr_line' id='line_1_47' title="bbox 320 4432 1915 4508; baseline 0.006 -23"><span class='ocrx_word' id='word_1_353' title='bbox 320 4432 452 4497; x_wconf 91' lang='lat' dir='ltr'><strong>rint,</strong></span> <span class='ocrx_word' id='word_1_354' title='bbox 486 4433 662 4489; x_wconf 89' lang='lat' dir='ltr'><strong>nullus</strong></span> <span class='ocrx_word' id='word_1_355' title='bbox 685 4435 986 4490; x_wconf 87' lang='lat' dir='ltr'><strong>remanebit</strong></span> <span class='ocrx_word' id='word_1_356' title='bbox 1013 4436 1165 4491; x_wconf 88' lang='lat' dir='ltr'><strong>labor</strong></span> <span class='ocrx_word' id='word_1_357' title='bbox 1185 4453 1294 4507; x_wconf 91' lang='lat' dir='ltr'><strong>quo</strong></span> <span class='ocrx_word' id='word_1_358' title='bbox 1333 4437 1413 4492; x_wconf 90' lang='lat' dir='ltr'><strong>eis</strong></span> <span class='ocrx_word' id='word_1_359' title='bbox 1452 4446 1734 4508; x_wconf 88' lang='lat' dir='ltr'><strong>peccatum</strong></span> <span class='ocrx_word' id='word_1_360' title='bbox 1761 4441 1915 4496; x_wconf 90' lang='lat' dir='ltr'><strong>carni</strong></span> 
     </span>
    </p>
   </div>
   <div class='ocr_carea' id='block_1_48' title="bbox 321 4525 1912 4602">
    <p class='ocr_par' dir='ltr' id='par_1_48' title="bbox 321 4525 1912 4602">
     <span class='ocr_line' id='line_1_48' title="bbox 321 4525 1912 4602; baseline 0.005 -23"><span class='ocrx_word' id='word_1_361' title='bbox 321 4525 670 4598; x_wconf 88' lang='lat' dir='ltr'><strong>parvulorum</strong></span> <span class='ocrx_word' id='word_1_362' title='bbox 694 4528 870 4582; x_wconf 88' lang='lat' dir='ltr'><strong>inesse</strong></span> <span class='ocrx_word' id='word_1_363' title='bbox 893 4536 1240 4583; x_wconf 89' lang='lat' dir='ltr'><strong>monstretur.</strong></span> <span class='ocrx_word' id='word_1_364' title='bbox 1288 4527 1344 4583; x_wconf 90' lang='lat' dir='ltr'><strong>Si</strong></span> <span class='ocrx_word' id='word_1_365' title='bbox 1383 4530 1524 4584; x_wconf 91' lang='lat' dir='ltr'><strong>enim</strong></span> <span class='ocrx_word' id='word_1_366' title='bbox 1549 4545 1676 4586; x_wconf 89' lang='lat' dir='ltr'><strong>caro</strong></span> <span class='ocrx_word' id='word_1_367' title='bbox 1702 4532 1912 4602; x_wconf 90' lang='lat' dir='ltr'><strong>peccati</strong></span> 
     </span>
    </p>
   </div>
   <div class='ocr_carea' id='block_1_49' title="bbox 242 4618 1913 4693">
    <p class='ocr_par' dir='ltr' id='par_1_49' title="bbox 242 4618 1913 4693">
     <span class='ocr_line' id='line_1_49' title="bbox 242 4618 1913 4693; baseline 0.005 -22"><span class='ocrx_word' id='word_1_368' title='bbox 242 4682 245 4685; x_wconf 21' lang='grc' dir='ltr'>ν</span> <span class='ocrx_word' id='word_1_369' title='bbox 323 4633 435 4672; x_wconf 92' lang='lat' dir='ltr'><strong>non</strong></span> <span class='ocrx_word' id='word_1_370' title='bbox 464 4618 801 4674; x_wconf 88' lang='lat' dir='ltr'><strong>mendaciter</strong></span> <span class='ocrx_word' id='word_1_371' title='bbox 829 4619 1044 4682; x_wconf 91' lang='lat' dir='ltr'><strong>dicitur,</strong></span> <span class='ocrx_word' id='word_1_372' title='bbox 1098 4620 1261 4675; x_wconf 89' lang='lat' dir='ltr'><strong>habet</strong></span> <span class='ocrx_word' id='word_1_373' title='bbox 1295 4620 1348 4674; x_wconf 90' lang='lat' dir='ltr'><strong>in</strong></span> <span class='ocrx_word' id='word_1_374' title='bbox 1392 4636 1450 4677; x_wconf 89' lang='lat' dir='ltr'><strong>se</strong></span> <span class='ocrx_word' id='word_1_375' title='bbox 1478 4636 1607 4677; x_wconf 90' lang='lat' dir='ltr'><strong>caro</strong></span> <span class='ocrx_word' id='word_1_376' title='bbox 1637 4623 1750 4693; x_wconf 90' lang='lat' dir='ltr'><strong>ipsa</strong></span> <span class='ocrx_word' id='word_1_377' title='bbox 1785 4638 1913 4692; x_wconf 90' lang='lat' dir='ltr'><strong>pec—</strong></span> 
     </span>
    </p>
   </div>
   <div class='ocr_carea' id='block_1_50' title="bbox 324 4690 1991 4782">
    <p class='ocr_par' dir='ltr' id='par_1_50' title="bbox 324 4690 1991 4782">
     <span class='ocr_line' id='line_1_50' title="bbox 324 4690 1991 4782; baseline 0.003 -19"><span class='ocrx_word' id='word_1_378' title='bbox 324 4714 529 4763; x_wconf 90' lang='lat' dir='ltr'><strong>catum.</strong></span> <span class='ocrx_word' id='word_1_379' title='bbox 560 4708 617 4762; x_wconf 91' lang='lat' dir='ltr'><strong>Si</strong></span> <span class='ocrx_word' id='word_1_380' title='bbox 646 4724 776 4763; x_wconf 91' lang='lat' dir='ltr'><strong>vero</strong></span> <span class='ocrx_word' id='word_1_381' title='bbox 804 4717 1082 4779; x_wconf 87' lang='lat' dir='ltr'><strong>peccatum</strong></span> <span class='ocrx_word' id='word_1_382' title='bbox 1108 4725 1213 4763; x_wconf 92' lang='lat' dir='ltr'><strong>non</strong></span> <span class='ocrx_word' id='word_1_383' title='bbox 1266 4711 1446 4775; x_wconf 87' lang='lat' dir='ltr'><strong>habet,</strong></span> <span class='ocrx_word' id='word_1_384' title='bbox 1497 4690 1689 4766; x_wconf 83' lang='lat' dir='ltr'><strong>falsum</strong></span> <span class='ocrx_word' id='word_1_385' title='bbox 1735 4690 1918 4782; x_wconf 80' lang='lat' dir='ltr'><strong>portat</strong></span> <span class='ocrx_word' id='word_1_386' title='bbox 1944 4690 1991 4750; x_wconf 75' lang='grc' dir='ltr'>υ</span> 
     </span>
    </p>
   </div>
   <div class='ocr_carea' id='block_1_51' title="bbox 325 4798 1916 4871">
    <p class='ocr_par' dir='ltr' id='par_1_51' title="bbox 325 4798 1916 4871">
     <span class='ocr_line' id='line_1_51' title="bbox 325 4798 1916 4871; baseline 0.003 -18"><span class='ocrx_word' id='word_1_387' title='bbox 325 4799 506 4854; x_wconf 89' lang='lat' dir='ltr'><strong>carnis</strong></span> <span class='ocrx_word' id='word_1_388' title='bbox 530 4800 737 4869; x_wconf 89' lang='lat' dir='ltr'><strong>peccati</strong></span> <span class='ocrx_word' id='word_1_389' title='bbox 769 4798 1109 4855; x_wconf 85' lang='lat' dir='ltr'><strong>vocabulum.</strong></span> <span class='ocrx_word' id='word_1_390' title='bbox 1138 4799 1244 4854; x_wconf 87' lang='lat' dir='ltr'><strong>Sed</strong></span> <span class='ocrx_word' id='word_1_391' title='bbox 1267 4816 1387 4855; x_wconf 88' lang='lat' dir='ltr'><strong>eam</strong></span> <span class='ocrx_word' id='word_1_392' title='bbox 1409 4800 1475 4855; x_wconf 91' lang='lat' dir='ltr'><strong>de</strong></span> <span class='ocrx_word' id='word_1_393' title='bbox 1493 4816 1599 4870; x_wconf 92' lang='lat' dir='ltr'><strong>qua</strong></span> <span class='ocrx_word' id='word_1_394' title='bbox 1623 4801 1916 4871; x_wconf 85' lang='lat' dir='ltr'><strong>loqu‘imur,</strong></span> 
     </span>
    </p>
   </div>
   <div class='ocr_carea' id='block_1_52' title="bbox 326 4892 1919 4963">
    <p class='ocr_par' dir='ltr' id='par_1_52' title="bbox 326 4892 1919 4963">
     <span class='ocr_line' id='line_1_52' title="bbox 326 4892 1919 4963; baseline 0.001 -16"><span class='ocrx_word' id='word_1_395' title='bbox 326 4907 548 4947; x_wconf 89' lang='lat' dir='ltr'><strong>carnem</strong></span> <span class='ocrx_word' id='word_1_396' title='bbox 597 4893 803 4963; x_wconf 88' lang='lat' dir='ltr'><strong>peccati</strong></span> <span class='ocrx_word' id='word_1_397' title='bbox 870 4909 1033 4947; x_wconf 84' lang='lat' dir='ltr'><strong>verax</strong></span> <span class='ocrx_word' id='word_1_398' title='bbox 1080 4892 1374 4961; x_wconf 89' lang='lat' dir='ltr'><strong>discipulus</strong></span> <span class='ocrx_word' id='word_1_399' title='bbox 1420 4892 1674 4947; x_wconf 81' lang='lat' dir='ltr'><strong>Veritatis</strong></span> <span class='ocrx_word' id='word_1_400' title='bbox 1721 4892 1919 4949; x_wconf 88' lang='lat' dir='ltr'><strong>Paulus</strong></span> 
     </span>
    </p>
   </div>
   <div class='ocr_carea' id='block_1_53' title="bbox 327 4976 1917 5054">
    <p class='ocr_par' dir='ltr' id='par_1_53' title="bbox 327 4976 1917 5054">
     <span class='ocr_line' id='line_1_53' title="bbox 327 4976 1917 5054; baseline 0.003 -18"><span class='ocrx_word' id='word_1_401' title='bbox 327 4983 582 5053; x_wconf 88' lang='lat' dir='ltr'><strong>appellat.</strong></span> <span class='ocrx_word' id='word_1_402' title='bbox 616 4976 803 5039; x_wconf 80' lang='lat' dir='ltr'><strong>Restat</strong></span> <span class='ocrx_word' id='word_1_403' title='bbox 823 4985 984 5054; x_wconf 86' lang='lat' dir='ltr'><strong>igitur</strong></span> <span class='ocrx_word' id='word_1_404' title='bbox 1006 4985 1221 5039; x_wconf 90' lang='lat' dir='ltr'><strong>utsicut</strong></span> <span class='ocrx_word' id='word_1_405' title='bbox 1243 5000 1368 5039; x_wconf 85' lang='lat' dir='ltr'><strong>vere</strong></span> <span class='ocrx_word' id='word_1_406' title='bbox 1391 5001 1517 5040; x_wconf 90' lang='lat' dir='ltr'><strong>caro</strong></span> <span class='ocrx_word' id='word_1_407' title='bbox 1539 4994 1624 5039; x_wconf 88' lang='lat' dir='ltr'><strong>est</strong></span> <span class='ocrx_word' id='word_1_408' title='bbox 1643 5002 1765 5040; x_wconf 90' lang='lat' dir='ltr'><strong>cum</strong></span> <span class='ocrx_word' id='word_1_409' title='bbox 1788 5001 1917 5041; x_wconf 86' lang='lat' dir='ltr'><strong>caro</strong></span> 
     </span>
    </p>
   </div>
   <div class='ocr_carea' id='block_1_54' title="bbox 328 5076 1916 5150">
    <p class='ocr_par' dir='ltr' id='par_1_54' title="bbox 328 5076 1916 5150">
     <span class='ocr_line' id='line_1_54' title="bbox 328 5076 1916 5150; baseline 0 -17"><span class='ocrx_word' id='word_1_410' title='bbox 328 5076 545 5147; x_wconf 87' lang='lat' dir='ltr'><strong>dicitur,</strong></span> <span class='ocrx_word' id='word_1_411' title='bbox 594 5080 668 5133; x_wconf 90' lang='lat' dir='ltr'><strong>ita</strong></span> <span class='ocrx_word' id='word_1_412' title='bbox 699 5095 823 5134; x_wconf 91' lang='lat' dir='ltr'><strong>vere</strong></span> <span class='ocrx_word' id='word_1_413' title='bbox 854 5080 904 5133; x_wconf 93' lang='lat' dir='ltr'><strong>in</strong></span> <span class='ocrx_word' id='word_1_414' title='bbox 935 5094 993 5134; x_wconf 88' lang='lat' dir='ltr'><strong>se</strong></span> <span class='ocrx_word' id='word_1_415' title='bbox 1038 5086 1320 5150; x_wconf 89' lang='lat' dir='ltr'><strong>peccatum</strong></span> <span class='ocrx_word' id='word_1_416' title='bbox 1368 5077 1593 5143; x_wconf 88' lang='lat' dir='ltr'><strong>habeat,</strong></span> <span class='ocrx_word' id='word_1_417' title='bbox 1638 5094 1758 5135; x_wconf 93' lang='lat' dir='ltr'><strong>cum</strong></span> <span class='ocrx_word' id='word_1_418' title='bbox 1788 5094 1916 5134; x_wconf 91' lang='lat' dir='ltr'><strong>caro</strong></span> 
     </span>
    </p>
   </div>
   <div class='ocr_carea' id='block_1_55' title="bbox 329 5170 1378 5249">
    <p class='ocr_par' dir='ltr' id='par_1_55' title="bbox 329 5170 1378 5249">
     <span class='ocr_line' id='line_1_55' title="bbox 329 5170 1378 5249; baseline -0.001 -25"><span class='ocrx_word' id='word_1_419' title='bbox 329 5170 540 5249; x_wconf 80' lang='lat' dir='ltr'><strong>peccati</strong></span> <span class='ocrx_word' id='word_1_420' title='bbox 569 5185 667 5235; x_wconf 83' lang='lat' dir='ltr'><strong>ore</strong></span> <span class='ocrx_word' id='word_1_421' title='bbox 694 5170 994 5240; x_wconf 85' lang='lat' dir='ltr'><strong>apostolico</strong></span> <span class='ocrx_word' id='word_1_422' title='bbox 1024 5177 1378 5241; x_wconf 90' lang='lat' dir='ltr'><strong>nuncupatur.</strong></span> 
     </span>
    </p>
   </div>
   <div class='ocr_carea' id='block_1_56' title="bbox 402 5260 1918 5333">
    <p class='ocr_par' dir='ltr' id='par_1_56' title="bbox 402 5260 1918 5333">
     <span class='ocr_line' id='line_1_56' title="bbox 402 5260 1918 5333; baseline 0.001 -18"><span class='ocrx_word' id='word_1_423' title='bbox 402 5260 492 5315; x_wconf 78' lang='lat'><strong>30.</strong></span> <span class='ocrx_word' id='word_1_424' title='bbox 521 5260 629 5317; x_wconf 90' lang='lat' dir='ltr'><strong>Sed</strong></span> <span class='ocrx_word' id='word_1_425' title='bbox 668 5261 894 5318; x_wconf 76' lang='lat' dir='ltr'><strong>forsitan</strong></span> <span class='ocrx_word' id='word_1_426' title='bbox 920 5262 1101 5317; x_wconf 88' lang='lat' dir='ltr'><strong>dicent</strong></span> <span class='ocrx_word' id='word_1_427' title='bbox 1130 5263 1182 5317; x_wconf 90' lang='lat' dir='ltr'><strong>in</strong></span> <span class='ocrx_word' id='word_1_428' title='bbox 1214 5261 1356 5316; x_wconf 88' lang='lat' dir='ltr'><strong>illius</strong></span> <span class='ocrx_word' id='word_1_429' title='bbox 1393 5260 1572 5317; x_wconf 89' lang='lat' dir='ltr'><strong>carnis</strong></span> <span class='ocrx_word' id='word_1_430' title='bbox 1610 5262 1815 5333; x_wconf 89' lang='lat' dir='ltr'><strong>peccati</strong></span> <span class='ocrx_word' id='word_1_431' title='bbox 1842 5263 1918 5317; x_wconf 84' lang='lat' dir='ltr'><strong>si-</strong></span> 
     </span>
    </p>
   </div>
   <div class='ocr_carea' id='block_1_57' title="bbox 334 5340 1919 5431">
    <p class='ocr_par' dir='ltr' id='par_1_57' title="bbox 334 5340 1919 5431">
     <span class='ocr_line' id='line_1_57' title="bbox 334 5340 1919 5431; baseline 0.003 -24"><span class='ocrx_word' id='word_1_432' title='bbox 334 5353 637 5411; x_wconf 89' lang='lat' dir='ltr'><strong>militudine</strong></span> <span class='ocrx_word' id='word_1_433' title='bbox 677 5355 899 5409; x_wconf 89' lang='lat' dir='ltr'><strong>missum</strong></span> <span class='ocrx_word' id='word_1_434' title='bbox 929 5354 1119 5431; x_wconf 84' lang='lat' dir='ltr'><strong>Filium</strong></span> <span class='ocrx_word' id='word_1_435' title='bbox 1152 5355 1265 5419; x_wconf 90' lang='lat' dir='ltr'><strong>Dei,</strong></span> <span class='ocrx_word' id='word_1_436' title='bbox 1319 5355 1533 5425; x_wconf 91' lang='lat' dir='ltr'><strong>qualem</strong></span> <span class='ocrx_word' id='word_1_437' title='bbox 1581 5355 1780 5410; x_wconf 90' lang='lat' dir='ltr'><strong>habent</strong></span> <span class='ocrx_word' id='word_1_438' title='bbox 1818 5340 1919 5411; x_wconf 88' lang='lat' dir='ltr'><strong>ho-</strong></span> 
     </span>
    </p>
   </div>
   <div class='ocr_carea' id='block_1_58' title="bbox 332 5445 1918 5518">
    <p class='ocr_par' dir='ltr' id='par_1_58' title="bbox 332 5445 1918 5518">
     <span class='ocr_line' id='line_1_58' title="bbox 332 5445 1918 5518; baseline 0.003 -21"><span class='ocrx_word' id='word_1_439' title='bbox 332 5445 509 5500; x_wconf 88' lang='lat' dir='ltr'><strong>mines</strong></span> <span class='ocrx_word' id='word_1_440' title='bbox 555 5446 648 5514; x_wconf 92' lang='lat' dir='ltr'><strong>qui</strong></span> <span class='ocrx_word' id='word_1_441' title='bbox 696 5446 911 5517; x_wconf 89' lang='lat' dir='ltr'><strong>propria</strong></span> <span class='ocrx_word' id='word_1_442' title='bbox 964 5446 1241 5501; x_wconf 88' lang='lat' dir='ltr'><strong>voluntate</strong></span> <span class='ocrx_word' id='word_1_443' title='bbox 1269 5460 1495 5515; x_wconf 90' lang='lat' dir='ltr'><strong>peccare</strong></span> <span class='ocrx_word' id='word_1_444' title='bbox 1521 5445 1634 5515; x_wconf 89' lang='lat' dir='ltr'><strong>jam</strong></span> <span class='ocrx_word' id='word_1_445' title='bbox 1672 5455 1918 5518; x_wconf 85' lang='lat' dir='ltr'><strong>possunt,</strong></span> 
     </span>
    </p>
   </div>
   <div class='ocr_carea' id='block_1_59' title="bbox 408 5628 1020 5701">
    <p class='ocr_par' dir='ltr' id='par_1_59' title="bbox 408 5628 1020 5701">
     <span class='ocr_line' id='line_1_59' title="bbox 408 5628 1020 5701; baseline -0.003 -16"><span class='ocrx_word' id='word_1_446' title='bbox 408 5637 433 5701; x_wconf 71' lang='lat'><strong>_‘</strong></span> <span class='ocrx_word' id='word_1_447' title='bbox 466 5628 635 5701; x_wconf 54' lang='lat' dir='ltr'><strong>Abest</strong></span> <span class='ocrx_word' id='word_1_448' title='bbox 658 5630 829 5701; x_wconf 83' lang='lat' dir='ltr'><strong>justus</strong></span> <span class='ocrx_word' id='word_1_449' title='bbox 860 5644 890 5682; x_wconf 93' lang='lat' dir='ltr'><strong>a</strong></span> <span class='ocrx_word' id='word_1_450' title='bbox 919 5644 1020 5683; x_wconf 93' lang='lat' dir='ltr'><strong>ms.</strong></span> 
     </span>
    </p>
   </div>
   <div class='ocr_carea' id='block_1_60' title="bbox 410 5694 1923 5768">
    <p class='ocr_par' dir='ltr' id='par_1_60' title="bbox 410 5694 1923 5768">
     <span class='ocr_line' id='line_1_60' title="bbox 410 5694 1923 5768; baseline -0.001 -16"><span class='ocrx_word' id='word_1_451' title='bbox 410 5698 435 5736; x_wconf 67' lang='grc' dir='ltr'>δ</span> <span class='ocrx_word' id='word_1_452' title='bbox 464 5698 564 5754; x_wconf 80' lang='lat' dir='ltr'><strong>Ms.</strong></span> <span class='ocrx_word' id='word_1_453' title='bbox 596 5694 675 5754; x_wconf 77' lang='lat' dir='ltr'><strong>s&#39;ic</strong></span> <span class='ocrx_word' id='word_1_454' title='bbox 700 5700 901 5764; x_wconf 87' lang='lat' dir='ltr'><strong>habet;</strong></span> <span class='ocrx_word' id='word_1_455' title='bbox 951 5707 1008 5753; x_wconf 89' lang='lat' dir='ltr'><strong>at</strong></span> <span class='ocrx_word' id='word_1_456' title='bbox 1054 5697 1203 5761; x_wconf 89' lang='lat' dir='ltr'><strong>editi,</strong></span> <span class='ocrx_word' id='word_1_457' title='bbox 1231 5700 1492 5767; x_wconf 77' lang='lat' dir='ltr'><strong>fateantur</strong></span> <span class='ocrx_word' id='word_1_458' title='bbox 1519 5698 1775 5753; x_wconf 82' lang='lat' dir='ltr'><strong>hominem</strong></span> <span class='ocrx_word' id='word_1_459' title='bbox 1814 5697 1923 5768; x_wconf 84' lang='lat' dir='ltr'><strong>pri-</strong></span> 
     </span>
    </p>
   </div>
   <div class='ocr_carea' id='block_1_61' title="bbox 337 5770 1925 5837">
    <p class='ocr_par' dir='ltr' id='par_1_61' title="bbox 337 5770 1925 5837">
     <span class='ocr_line' id='line_1_61' title="bbox 337 5770 1925 5837; baseline -0.002 -13"><span class='ocrx_word' id='word_1_460' title='bbox 337 5772 562 5835; x_wconf 78' lang='lat' dir='ltr'><strong>mumin</strong></span> <span class='ocrx_word' id='word_1_461' title='bbox 599 5786 772 5825; x_wconf 87' lang='lat' dir='ltr'><strong>omnes</strong></span> <span class='ocrx_word' id='word_1_462' title='bbox 811 5770 1039 5825; x_wconf 81' lang='lat' dir='ltr'><strong>homines</strong></span> <span class='ocrx_word' id='word_1_463' title='bbox 1069 5784 1183 5822; x_wconf 87' lang='lat' dir='ltr'><strong>cum</strong></span> <span class='ocrx_word' id='word_1_464' title='bbox 1224 5779 1386 5821; x_wconf 90' lang='lat' dir='ltr'><strong>morte</strong></span> <span class='ocrx_word' id='word_1_465' title='bbox 1429 5770 1776 5824; x_wconf 82' lang='lat' dir='ltr'><strong>transmisisse</strong></span> <span class='ocrx_word' id='word_1_466' title='bbox 1803 5784 1925 5837; x_wconf 86' lang='lat' dir='ltr'><strong>pec-</strong></span> 
     </span>
    </p>
   </div>
   <div class='ocr_carea' id='block_1_62' title="bbox 408 5850 531 5893">
    <p class='ocr_par' dir='ltr' id='par_1_62' title="bbox 408 5850 531 5893">
     <span class='ocr_line' id='line_1_62' title="bbox 408 5850 531 5893; baseline 0.024 -3"><span class='ocrx_word' id='word_1_467' title='bbox 408 5850 531 5893; x_wconf 89' lang='lat' dir='ltr'><strong>tum.</strong></span> 
     </span>
    </p>
   </div>
   <div class='ocr_carea' id='block_1_63' title="bbox 339 5856 1414 5983">
    <p class='ocr_par' dir='ltr' id='par_1_63' title="bbox 339 5856 1414 5983">
     <span class='ocr_line' id='line_1_63' title="bbox 339 5856 1414 5983; baseline -0.003 -16"><span class='ocrx_word' id='word_1_468' title='bbox 339 5856 606 5967; x_wconf 52' lang='grc' dir='ltr'><strong>ιἭὲηὲιιὶιί</strong></span> <span class='ocrx_word' id='word_1_469' title='bbox 629 5949 648 5978; x_wconf 84' lang='lat'><strong>,</strong></span> <span class='ocrx_word' id='word_1_470' title='bbox 677 5911 977 5983; x_wconf 75' lang='lat' dir='ltr'><strong>Apostolum</strong></span> <span class='ocrx_word' id='word_1_471' title='bbox 1008 5908 1414 5980; x_wconf 85' lang='lat' dir='ltr'><strong>compellentem.</strong></span> 
     </span>
    </p>
   </div>
   <div class='ocr_carea' id='block_1_64' title="bbox 1933 1942 1980 2001">
    <p class='ocr_par' dir='ltr' id='par_1_64' title="bbox 1933 1942 1980 2001">
     <span class='ocr_line' id='line_1_64' title="bbox 1933 1942 1980 2001; baseline 0 0"><span class='ocrx_word' id='word_1_472' title='bbox 1933 1942 1980 2001; x_wconf 93' lang='lat' dir='ltr'><strong>B</strong></span> 
     </span>
    </p>
   </div>
   <div class='ocr_carea' id='block_1_65' title="bbox 1999 612 3585 685">
    <p class='ocr_par' dir='ltr' id='par_1_65' title="bbox 1999 612 3585 685">
     <span class='ocr_line' id='line_1_65' title="bbox 1999 612 3585 685; baseline 0.003 -19"><span class='ocrx_word' id='word_1_473' title='bbox 1999 622 2185 682; x_wconf 88' lang='lat' dir='ltr'><strong>patur;</strong></span> <span class='ocrx_word' id='word_1_474' title='bbox 2234 626 2342 665; x_wconf 90' lang='lat' dir='ltr'><strong>non</strong></span> <span class='ocrx_word' id='word_1_475' title='bbox 2367 612 2511 680; x_wconf 87' lang='lat' dir='ltr'><strong>quali</strong></span> <span class='ocrx_word' id='word_1_476' title='bbox 2551 628 2713 667; x_wconf 87' lang='lat' dir='ltr'><strong>carne</strong></span> <span class='ocrx_word' id='word_1_477' title='bbox 2738 612 2945 683; x_wconf 89' lang='lat' dir='ltr'><strong>parvuli</strong></span> <span class='ocrx_word' id='word_1_478' title='bbox 2975 612 3092 667; x_wconf 92' lang='lat' dir='ltr'><strong>sine</strong></span> <span class='ocrx_word' id='word_1_479' title='bbox 3120 613 3297 681; x_wconf 87' lang='lat' dir='ltr'><strong>aliqua</strong></span> <span class='ocrx_word' id='word_1_480' title='bbox 3326 617 3585 685; x_wconf 86' lang='lat' dir='ltr'><strong>peccandi</strong></span> 
     </span>
    </p>
   </div>
   <div class='ocr_carea' id='block_1_66' title="bbox 1998 701 3586 774">
    <p class='ocr_par' dir='ltr' id='par_1_66' title="bbox 1998 701 3586 774">
     <span class='ocr_line' id='line_1_66' title="bbox 1998 701 3586 774; baseline 0.005 -20"><span class='ocrx_word' id='word_1_481' title='bbox 1998 702 2278 756; x_wconf 84' lang='lat' dir='ltr'><strong>voluntate</strong></span> <span class='ocrx_word' id='word_1_482' title='bbox 2305 710 2619 757; x_wconf 87' lang='lat' dir='ltr'><strong>nascuntur.</strong></span> <span class='ocrx_word' id='word_1_483' title='bbox 2648 701 2749 757; x_wconf 89' lang='lat' dir='ltr'><strong>Ubi</strong></span> <span class='ocrx_word' id='word_1_484' title='bbox 2778 717 2885 756; x_wconf 92' lang='lat' dir='ltr'><strong>non</strong></span> <span class='ocrx_word' id='word_1_485' title='bbox 2928 704 3214 759; x_wconf 90' lang='lat' dir='ltr'><strong>attendunt</strong></span> <span class='ocrx_word' id='word_1_486' title='bbox 3233 706 3359 774; x_wconf 90' lang='lat' dir='ltr'><strong>quia</strong></span> <span class='ocrx_word' id='word_1_487' title='bbox 3387 707 3433 760; x_wconf 90' lang='lat' dir='ltr'><strong>si</strong></span> <span class='ocrx_word' id='word_1_488' title='bbox 3458 722 3586 762; x_wconf 82' lang='lat' dir='ltr'><strong>caro</strong></span> 
     </span>
    </p>
   </div>
   <div class='ocr_carea' id='block_1_67' title="bbox 2000 790 3591 862">
    <p class='ocr_par' dir='ltr' id='par_1_67' title="bbox 2000 790 3591 862">
     <span class='ocr_line' id='line_1_67' title="bbox 2000 790 3591 862; baseline 0.002 -18"><span class='ocrx_word' id='word_1_489' title='bbox 2000 791 2343 861; x_wconf 89' lang='lat' dir='ltr'><strong>parvulorum</strong></span> <span class='ocrx_word' id='word_1_490' title='bbox 2372 806 2402 845; x_wconf 92' lang='lat' dir='ltr'><strong>a</strong></span> <span class='ocrx_word' id='word_1_491' title='bbox 2432 790 2892 862; x_wconf 4' lang='lat' dir='ltr'><strong>carnejmajorum</strong></span> <span class='ocrx_word' id='word_1_492' title='bbox 2923 792 3133 846; x_wconf 88' lang='lat' dir='ltr'><strong>diversa</strong></span> <span class='ocrx_word' id='word_1_493' title='bbox 3159 792 3420 860; x_wconf 87' lang='lat' dir='ltr'><strong>qualitate</strong></span> <span class='ocrx_word' id='word_1_494' title='bbox 3461 794 3591 848; x_wconf 81' lang='lat' dir='ltr'><strong>fuis-</strong></span> 
     </span>
    </p>
   </div>
   <div class='ocr_carea' id='block_1_68' title="bbox 1988 881 3589 957">
    <p class='ocr_par' dir='ltr' id='par_1_68' title="bbox 1988 881 3589 957">
     <span class='ocr_line' id='line_1_68' title="bbox 1988 881 3589 957; baseline 0.002 -21"><span class='ocrx_word' id='word_1_495' title='bbox 1988 892 2102 957; x_wconf 83' lang='lat' dir='ltr'><strong>set,</strong></span> <span class='ocrx_word' id='word_1_496' title='bbox 2120 897 2228 937; x_wconf 91' lang='lat' dir='ltr'><strong>non</strong></span> <span class='ocrx_word' id='word_1_497' title='bbox 2253 881 2353 937; x_wconf 90' lang='lat' dir='ltr'><strong>nisi</strong></span> <span class='ocrx_word' id='word_1_498' title='bbox 2375 881 2429 936; x_wconf 91' lang='lat' dir='ltr'><strong>in</strong></span> <span class='ocrx_word' id='word_1_499' title='bbox 2451 881 2799 936; x_wconf 83' lang='lat' dir='ltr'><strong>similitudine</strong></span> <span class='ocrx_word' id='word_1_500' title='bbox 2821 890 2844 919; x_wconf 74' lang='grc' dir='ltr'>ε</span> <span class='ocrx_word' id='word_1_501' title='bbox 2864 882 3042 937; x_wconf 89' lang='lat' dir='ltr'><strong>carnis</strong></span> <span class='ocrx_word' id='word_1_502' title='bbox 3063 883 3406 952; x_wconf 88' lang='lat' dir='ltr'><strong>parvulorum</strong></span> <span class='ocrx_word' id='word_1_503' title='bbox 3430 884 3589 955; x_wconf 87' lang='lat' dir='ltr'><strong>(quos</strong></span> 
     </span>
    </p>
   </div>
   <div class='ocr_carea' id='block_1_69' title="bbox 2000 970 3587 1043">
    <p class='ocr_par' dir='ltr' id='par_1_69' title="bbox 2000 970 3587 1043">
     <span class='ocr_line' id='line_1_69' title="bbox 2000 970 3587 1043; baseline 0.003 -18"><span class='ocrx_word' id='word_1_504' title='bbox 2000 970 2207 1025; x_wconf 89' lang='lat' dir='ltr'><strong>nullum</strong></span> <span class='ocrx_word' id='word_1_505' title='bbox 2251 971 2581 1042; x_wconf 85' lang='lat' dir='ltr'><strong>originaliter</strong></span> <span class='ocrx_word' id='word_1_506' title='bbox 2607 973 2769 1043; x_wconf 80' lang='lat'><strong>303</strong></span> <span class='ocrx_word' id='word_1_507' title='bbox 2807 971 2996 1028; x_wconf 89' lang='lat' dir='ltr'><strong>dicunt</strong></span> <span class='ocrx_word' id='word_1_508' title='bbox 3045 973 3244 1028; x_wconf 88' lang='lat' dir='ltr'><strong>habere</strong></span> <span class='ocrx_word' id='word_1_509' title='bbox 3280 977 3587 1043; x_wconf 87' lang='lat' dir='ltr'><strong>peccatum)</strong></span> 
     </span>
    </p>
   </div>
   <div class='ocr_carea' id='block_1_70' title="bbox 2001 1062 3593 1134">
    <p class='ocr_par' dir='ltr' id='par_1_70' title="bbox 2001 1062 3593 1134">
     <span class='ocr_line' id='line_1_70' title="bbox 2001 1062 3593 1134; baseline 0.003 -17"><span class='ocrx_word' id='word_1_510' title='bbox 2001 1062 2144 1119; x_wconf 90' lang='lat' dir='ltr'><strong>Deus</strong></span> <span class='ocrx_word' id='word_1_511' title='bbox 2163 1062 2490 1120; x_wconf 79' lang='lat' dir='ltr'><strong>advenisset.</strong></span> <span class='ocrx_word' id='word_1_512' title='bbox 2521 1063 2691 1134; x_wconf 83' lang='lat' dir='ltr'><strong>Magis</strong></span> <span class='ocrx_word' id='word_1_513' title='bbox 2707 1064 2850 1119; x_wconf 90' lang='lat' dir='ltr'><strong>enim</strong></span> <span class='ocrx_word' id='word_1_514' title='bbox 2871 1065 3061 1121; x_wconf 85' lang='lat' dir='ltr'><strong>similis</strong></span> <span class='ocrx_word' id='word_1_515' title='bbox 3081 1074 3226 1123; x_wconf 90' lang='lat' dir='ltr'><strong>esset</strong></span> <span class='ocrx_word' id='word_1_516' title='bbox 3248 1081 3377 1121; x_wconf 89' lang='lat' dir='ltr'><strong>caro</strong></span> <span class='ocrx_word' id='word_1_517' title='bbox 3395 1066 3593 1122; x_wconf 88' lang='lat' dir='ltr'><strong>Christi</strong></span> 
     </span>
    </p>
   </div>
   <div class='ocr_carea' id='block_1_71' title="bbox 2000 1154 3594 1238">
    <p class='ocr_par' dir='ltr' id='par_1_71' title="bbox 2000 1154 3594 1238">
     <span class='ocr_line' id='line_1_71' title="bbox 2000 1154 3594 1238; baseline 0.003 -29"><span class='ocrx_word' id='word_1_518' title='bbox 2000 1156 2150 1210; x_wconf 90' lang='lat' dir='ltr'><strong>carni</strong></span> <span class='ocrx_word' id='word_1_519' title='bbox 2165 1154 2535 1226; x_wconf 88' lang='lat' dir='ltr'><strong>parvulorum,</strong></span> <span class='ocrx_word' id='word_1_520' title='bbox 2549 1171 2671 1211; x_wconf 91' lang='lat' dir='ltr'><strong>cum</strong></span> <span class='ocrx_word' id='word_1_521' title='bbox 2686 1170 2792 1226; x_wconf 91' lang='lat' dir='ltr'><strong>qua</strong></span> <span class='ocrx_word' id='word_1_522' title='bbox 2811 1157 3096 1212; x_wconf 86' lang='lat' dir='ltr'><strong>veritatem</strong></span> <span class='ocrx_word' id='word_1_523' title='bbox 3109 1158 3335 1214; x_wconf 89' lang='lat' dir='ltr'><strong>haberet</strong></span> <span class='ocrx_word' id='word_1_524' title='bbox 3348 1160 3594 1238; x_wconf 68' lang='lat' dir='ltr'><strong>substan-</strong></span> 
     </span>
    </p>
   </div>
   <div class='ocr_carea' id='block_1_72' title="bbox 2003 1243 3590 1319">
    <p class='ocr_par' dir='ltr' id='par_1_72' title="bbox 2003 1243 3590 1319">
     <span class='ocr_line' id='line_1_72' title="bbox 2003 1243 3590 1319; baseline 0.003 -20"><span class='ocrx_word' id='word_1_525' title='bbox 2003 1245 2089 1300; x_wconf 70' lang='lat' dir='ltr'><strong>tiae</strong></span> <span class='ocrx_word' id='word_1_526' title='bbox 2117 1243 2504 1315; x_wconf 85' lang='lat' dir='ltr'><strong>qualitatisque</strong></span> <span class='ocrx_word' id='word_1_527' title='bbox 2530 1262 2892 1315; x_wconf 86' lang='lat' dir='ltr'><strong>communem,</strong></span> <span class='ocrx_word' id='word_1_528' title='bbox 2927 1263 3088 1319; x_wconf 84' lang='lat' dir='ltr'><strong>quam</strong></span> <span class='ocrx_word' id='word_1_529' title='bbox 3118 1249 3268 1305; x_wconf 88' lang='lat' dir='ltr'><strong>carni</strong></span> <span class='ocrx_word' id='word_1_530' title='bbox 3309 1249 3590 1306; x_wconf 90' lang='lat' dir='ltr'><strong>hominum</strong></span> 
     </span>
    </p>
   </div>
   <div class='ocr_carea' id='block_1_73' title="bbox 2002 1337 3593 1409">
    <p class='ocr_par' dir='ltr' id='par_1_73' title="bbox 2002 1337 3593 1409">
     <span class='ocr_line' id='line_1_73' title="bbox 2002 1337 3593 1409; baseline 0.002 -17"><span class='ocrx_word' id='word_1_531' title='bbox 2002 1337 2291 1407; x_wconf 84' lang='lat' dir='ltr'><strong>majorum,</strong></span> <span class='ocrx_word' id='word_1_532' title='bbox 2313 1352 2436 1394; x_wconf 91' lang='lat' dir='ltr'><strong>cum</strong></span> <span class='ocrx_word' id='word_1_533' title='bbox 2461 1338 2657 1409; x_wconf 91' lang='lat' dir='ltr'><strong>quibus</strong></span> <span class='ocrx_word' id='word_1_534' title='bbox 2686 1337 2760 1392; x_wconf 87' lang='lat' dir='ltr'><strong>illi</strong></span> <span class='ocrx_word' id='word_1_535' title='bbox 2783 1340 3083 1394; x_wconf 91' lang='lat' dir='ltr'><strong>communis</strong></span> <span class='ocrx_word' id='word_1_536' title='bbox 3104 1348 3249 1395; x_wconf 90' lang='lat' dir='ltr'><strong>esset</strong></span> <span class='ocrx_word' id='word_1_537' title='bbox 3275 1341 3389 1396; x_wconf 91' lang='lat' dir='ltr'><strong>sola</strong></span> <span class='ocrx_word' id='word_1_538' title='bbox 3411 1342 3593 1397; x_wconf 88' lang='lat' dir='ltr'><strong>carnis</strong></span> 
     </span>
    </p>
   </div>
   <div class='ocr_carea' id='block_1_74' title="bbox 2001 1420 3589 1499">
    <p class='ocr_par' dir='ltr' id='par_1_74' title="bbox 2001 1420 3589 1499">
     <span class='ocr_line' id='line_1_74' title="bbox 2001 1420 3589 1499; baseline 0.003 -17"><span class='ocrx_word' id='word_1_539' title='bbox 2001 1420 2335 1493; x_wconf 86' lang='lat' dir='ltr'><strong>natura,non</strong></span> <span class='ocrx_word' id='word_1_540' title='bbox 2353 1428 2586 1499; x_wconf 85' lang='lat' dir='ltr'><strong>macula.</strong></span> <span class='ocrx_word' id='word_1_541' title='bbox 2600 1426 2704 1483; x_wconf 88' lang='lat' dir='ltr'><strong>Sed</strong></span> <span class='ocrx_word' id='word_1_542' title='bbox 2721 1429 2825 1484; x_wconf 90' lang='lat' dir='ltr'><strong>hoc</strong></span> <span class='ocrx_word' id='word_1_543' title='bbox 2839 1428 2913 1483; x_wconf 92' lang='lat' dir='ltr'><strong>illi</strong></span> <span class='ocrx_word' id='word_1_544' title='bbox 2927 1429 3149 1485; x_wconf 76' lang='lat' dir='ltr'><strong>forsitan</strong></span> <span class='ocrx_word' id='word_1_545' title='bbox 3165 1431 3374 1499; x_wconf 91' lang='lat' dir='ltr'><strong>volunt,</strong></span> <span class='ocrx_word' id='word_1_546' title='bbox 3390 1440 3447 1486; x_wconf 92' lang='lat' dir='ltr'><strong>ut</strong></span> <span class='ocrx_word' id='word_1_547' title='bbox 3461 1447 3589 1487; x_wconf 90' lang='lat' dir='ltr'><strong>caro</strong></span> 
     </span>
    </p>
   </div>
   <div class='ocr_carea' id='block_1_75' title="bbox 2002 1517 3593 1588">
    <p class='ocr_par' dir='ltr' id='par_1_75' title="bbox 2002 1517 3593 1588">
     <span class='ocr_line' id='line_1_75' title="bbox 2002 1517 3593 1588; baseline 0.001 -15"><span class='ocrx_word' id='word_1_548' title='bbox 2002 1517 2202 1574; x_wconf 91' lang='lat' dir='ltr'><strong>Christi</strong></span> <span class='ocrx_word' id='word_1_549' title='bbox 2217 1534 2339 1574; x_wconf 88' lang='lat' dir='ltr'><strong>cum</strong></span> <span class='ocrx_word' id='word_1_550' title='bbox 2368 1533 2531 1574; x_wconf 88' lang='lat' dir='ltr'><strong>carne</strong></span> <span class='ocrx_word' id='word_1_551' title='bbox 2546 1519 2823 1574; x_wconf 89' lang='lat' dir='ltr'><strong>hominum</strong></span> <span class='ocrx_word' id='word_1_552' title='bbox 2856 1518 3118 1588; x_wconf 87' lang='lat' dir='ltr'><strong>majorum</strong></span> <span class='ocrx_word' id='word_1_553' title='bbox 3149 1521 3319 1576; x_wconf 91' lang='lat' dir='ltr'><strong>solam</strong></span> <span class='ocrx_word' id='word_1_554' title='bbox 3343 1522 3593 1577; x_wconf 90' lang='lat' dir='ltr'><strong>habuerit</strong></span> 
     </span>
    </p>
   </div>
   <div class='ocr_carea' id='block_1_76' title="bbox 2002 1610 3591 1681">
    <p class='ocr_par' dir='ltr' id='par_1_76' title="bbox 2002 1610 3591 1681">
     <span class='ocr_line' id='line_1_76' title="bbox 2002 1610 3591 1681; baseline 0.001 -16"><span class='ocrx_word' id='word_1_555' title='bbox 2002 1619 2209 1666; x_wconf 69' lang='lat' dir='ltr'><strong>natum</strong></span> <span class='ocrx_word' id='word_1_556' title='bbox 2235 1610 2661 1678; x_wconf 87' lang='lat' dir='ltr'><strong>similitudinem,</strong></span> <span class='ocrx_word' id='word_1_557' title='bbox 2707 1626 2830 1666; x_wconf 90' lang='lat' dir='ltr'><strong>cum</strong></span> <span class='ocrx_word' id='word_1_558' title='bbox 2858 1626 3022 1666; x_wconf 88' lang='lat' dir='ltr'><strong>carne</strong></span> <span class='ocrx_word' id='word_1_559' title='bbox 3064 1627 3195 1666; x_wconf 92' lang='lat' dir='ltr'><strong>vero</strong></span> <span class='ocrx_word' id='word_1_560' title='bbox 3241 1613 3591 1681; x_wconf 88' lang='lat' dir='ltr'><strong>parvulorum</strong></span> 
     </span>
    </p>
   </div>
   <div class='ocr_carea' id='block_1_77' title="bbox 2004 1702 3597 1773">
    <p class='ocr_par' dir='ltr' id='par_1_77' title="bbox 2004 1702 3597 1773">
     <span class='ocr_line' id='line_1_77' title="bbox 2004 1702 3597 1773; baseline 0 -16"><span class='ocrx_word' id='word_1_561' title='bbox 2004 1702 2318 1758; x_wconf 88' lang='lat' dir='ltr'><strong>munditiam</strong></span> <span class='ocrx_word' id='word_1_562' title='bbox 2348 1718 2564 1772; x_wconf 87' lang='lat' dir='ltr'><strong>quoque</strong></span> <span class='ocrx_word' id='word_1_563' title='bbox 2593 1702 2831 1773; x_wconf 88' lang='lat' dir='ltr'><strong>potuerit</strong></span> <span class='ocrx_word' id='word_1_564' title='bbox 2873 1703 3074 1758; x_wconf 82' lang='lat' dir='ltr'><strong>habere</strong></span> <span class='ocrx_word' id='word_1_565' title='bbox 3104 1718 3466 1759; x_wconf 89' lang='lat' dir='ltr'><strong>communem.</strong></span> <span class='ocrx_word' id='word_1_566' title='bbox 3499 1703 3597 1758; x_wconf 85' lang='lat' dir='ltr'><strong>Fa-</strong></span> 
     </span>
    </p>
   </div>
   <div class='ocr_carea' id='block_1_78' title="bbox 2005 1786 3591 1864">
    <p class='ocr_par' dir='ltr' id='par_1_78' title="bbox 2005 1786 3591 1864">
     <span class='ocr_line' id='line_1_78' title="bbox 2005 1786 3591 1864; baseline -0.001 -14"><span class='ocrx_word' id='word_1_567' title='bbox 2005 1802 2220 1850; x_wconf 88' lang='lat' dir='ltr'><strong>teantnr</strong></span> <span class='ocrx_word' id='word_1_568' title='bbox 2245 1808 2375 1863; x_wconf 85' lang='lat' dir='ltr'><strong>ergo</strong></span> <span class='ocrx_word' id='word_1_569' title='bbox 2405 1794 2661 1864; x_wconf 88' lang='lat' dir='ltr'><strong>parvulos</strong></span> <span class='ocrx_word' id='word_1_570' title='bbox 2687 1793 2740 1849; x_wconf 90' lang='lat' dir='ltr'><strong>in</strong></span> <span class='ocrx_word' id='word_1_571' title='bbox 2782 1793 3132 1849; x_wconf 89' lang='lat' dir='ltr'><strong>similitudine</strong></span> <span class='ocrx_word' id='word_1_572' title='bbox 3157 1795 3334 1850; x_wconf 84' lang='lat' dir='ltr'><strong>carnis</strong></span> <span class='ocrx_word' id='word_1_573' title='bbox 3362 1786 3591 1864; x_wconf 85' lang='lat' dir='ltr'><strong>peccati,</strong></span> 
     </span>
    </p>
   </div>
   <div class='ocr_carea' id='block_1_79' title="bbox 2006 1886 3596 1959">
    <p class='ocr_par' dir='ltr' id='par_1_79' title="bbox 2006 1886 3596 1959">
     <span class='ocr_line' id='line_1_79' title="bbox 2006 1886 3596 1959; baseline -0.001 -16"><span class='ocrx_word' id='word_1_574' title='bbox 2006 1904 2143 1959; x_wconf 86' lang='lat' dir='ltr'><strong>quos</strong></span> <span class='ocrx_word' id='word_1_575' title='bbox 2171 1895 2420 1942; x_wconf 89' lang='lat' dir='ltr'><strong>asserunt</strong></span> <span class='ocrx_word' id='word_1_576' title='bbox 2463 1888 2611 1942; x_wconf 92' lang='lat' dir='ltr'><strong>nasci</strong></span> <span class='ocrx_word' id='word_1_577' title='bbox 2640 1886 2855 1957; x_wconf 79' lang='lat' dir='ltr'><strong>quidem</strong></span> <span class='ocrx_word' id='word_1_578' title='bbox 2905 1886 2957 1940; x_wconf 89' lang='lat' dir='ltr'><strong>in</strong></span> <span class='ocrx_word' id='word_1_579' title='bbox 2985 1902 3147 1941; x_wconf 89' lang='lat' dir='ltr'><strong>carne</strong></span> <span class='ocrx_word' id='word_1_580' title='bbox 3200 1886 3460 1954; x_wconf 91' lang='lat' dir='ltr'><strong>humana,</strong></span> <span class='ocrx_word' id='word_1_581' title='bbox 3501 1887 3596 1942; x_wconf 89' lang='lat' dir='ltr'><strong>sed</strong></span> 
     </span>
    </p>
   </div>
   <div class='ocr_carea' id='block_1_80' title="bbox 2006 1975 3598 2049">
    <p class='ocr_par' dir='ltr' id='par_1_80' title="bbox 2006 1975 3598 2049">
     <span class='ocr_line' id='line_1_80' title="bbox 2006 1975 3598 2049; baseline -0.001 -16"><span class='ocrx_word' id='word_1_582' title='bbox 2006 1979 2281 2047; x_wconf 85' lang='lat' dir='ltr'><strong>originalis</strong></span> <span class='ocrx_word' id='word_1_583' title='bbox 2303 1978 2510 2049; x_wconf 92' lang='lat' dir='ltr'><strong>peccati</strong></span> <span class='ocrx_word' id='word_1_584' title='bbox 2526 1978 2777 2046; x_wconf 87' lang='lat' dir='ltr'><strong>contagio</strong></span> <span class='ocrx_word' id='word_1_585' title='bbox 2793 1993 2902 2032; x_wconf 91' lang='lat' dir='ltr'><strong>non</strong></span> <span class='ocrx_word' id='word_1_586' title='bbox 2923 1978 3127 2047; x_wconf 92' lang='lat' dir='ltr'><strong>polluta</strong></span> <span class='ocrx_word' id='word_1_587' title='bbox 3150 1975 3168 2014; x_wconf 76' lang='grc' dir='ltr'><em>τ</em></span> <span class='ocrx_word' id='word_1_588' title='bbox 3179 2017 3192 2029; x_wconf 93' lang='grc'><strong>.</strong></span> <span class='ocrx_word' id='word_1_589' title='bbox 3209 1976 3412 2042; x_wconf 85' lang='lat' dir='ltr'><strong>Quibus</strong></span> <span class='ocrx_word' id='word_1_590' title='bbox 3422 1985 3598 2032; x_wconf 84' lang='lat' dir='ltr'><strong>osten-</strong></span> 
     </span>
    </p>
   </div>
   <div class='ocr_carea' id='block_1_81' title="bbox 2004 2054 3593 2134">
    <p class='ocr_par' dir='ltr' id='par_1_81' title="bbox 2004 2054 3593 2134">
     <span class='ocr_line' id='line_1_81' title="bbox 2004 2054 3593 2134; baseline -0.001 -13"><span class='ocrx_word' id='word_1_591' title='bbox 2004 2066 2240 2121; x_wconf 90' lang='lat' dir='ltr'><strong>dendum</strong></span> <span class='ocrx_word' id='word_1_592' title='bbox 2269 2054 2353 2120; x_wconf 83' lang='lat' dir='ltr'><strong>est</strong></span> <span class='ocrx_word' id='word_1_593' title='bbox 2372 2073 2571 2133; x_wconf 88' lang='lat' dir='ltr'><strong>quanta</strong></span> <span class='ocrx_word' id='word_1_594' title='bbox 2589 2080 2686 2119; x_wconf 90' lang='lat' dir='ltr'><strong>eos</strong></span> <span class='ocrx_word' id='word_1_595' title='bbox 2699 2065 2865 2120; x_wconf 90' lang='lat' dir='ltr'><strong>etiam</strong></span> <span class='ocrx_word' id='word_1_596' title='bbox 2886 2065 2973 2119; x_wconf 89' lang='lat' dir='ltr'><strong>hic</strong></span> <span class='ocrx_word' id='word_1_597' title='bbox 2992 2072 3249 2134; x_wconf 89' lang='lat' dir='ltr'><strong>sequatur</strong></span> <span class='ocrx_word' id='word_1_598' title='bbox 3269 2064 3593 2122; x_wconf 86' lang='lat' dir='ltr'><strong>absurditas.</strong></span> 
     </span>
    </p>
   </div>
   <div class='ocr_carea' id='block_1_82' title="bbox 2004 2154 3599 2225">
    <p class='ocr_par' dir='ltr' id='par_1_82' title="bbox 2004 2154 3599 2225">
     <span class='ocr_line' id='line_1_82' title="bbox 2004 2154 3599 2225; baseline 0.001 -14"><span class='ocrx_word' id='word_1_599' title='bbox 2004 2157 2274 2224; x_wconf 86' lang='lat' dir='ltr'><strong>Negantes</strong></span> <span class='ocrx_word' id='word_1_600' title='bbox 2299 2155 2444 2210; x_wconf 91' lang='lat' dir='ltr'><strong>enim</strong></span> <span class='ocrx_word' id='word_1_601' title='bbox 2475 2155 2528 2209; x_wconf 93' lang='lat' dir='ltr'><strong>in</strong></span> <span class='ocrx_word' id='word_1_602' title='bbox 2558 2154 2798 2225; x_wconf 87' lang='lat' dir='ltr'><strong>parvulis</strong></span> <span class='ocrx_word' id='word_1_603' title='bbox 2818 2154 3164 2210; x_wconf 88' lang='lat' dir='ltr'><strong>nascentibus</strong></span> <span class='ocrx_word' id='word_1_604' title='bbox 3189 2155 3450 2224; x_wconf 86' lang='lat' dir='ltr'><strong>originale</strong></span> <span class='ocrx_word' id='word_1_605' title='bbox 3471 2170 3599 2225; x_wconf 90' lang='lat' dir='ltr'><strong>pec-</strong></span> 
     </span>
    </p>
   </div>
   <div class='ocr_carea' id='block_1_83' title="bbox 2006 2243 3597 2312">
    <p class='ocr_par' dir='ltr' id='par_1_83' title="bbox 2006 2243 3597 2312">
     <span class='ocr_line' id='line_1_83' title="bbox 2006 2243 3597 2312; baseline -0.003 -11"><span class='ocrx_word' id='word_1_606' title='bbox 2006 2256 2209 2311; x_wconf 89' lang='lat' dir='ltr'><strong>catum,</strong></span> <span class='ocrx_word' id='word_1_607' title='bbox 2262 2246 2556 2299; x_wconf 88' lang='lat' dir='ltr'><strong>humanam</strong></span> <span class='ocrx_word' id='word_1_608' title='bbox 2604 2259 2702 2299; x_wconf 89' lang='lat' dir='ltr'><strong>eos</strong></span> <span class='ocrx_word' id='word_1_609' title='bbox 2730 2259 2950 2299; x_wconf 90' lang='lat' dir='ltr'><strong>carnem</strong></span> <span class='ocrx_word' id='word_1_610' title='bbox 2980 2243 3180 2299; x_wconf 88' lang='lat' dir='ltr'><strong>habere</strong></span> <span class='ocrx_word' id='word_1_611' title='bbox 3223 2259 3330 2298; x_wconf 87' lang='lat' dir='ltr'><strong>non</strong></span> <span class='ocrx_word' id='word_1_612' title='bbox 3378 2253 3597 2312; x_wconf 86' lang='lat' dir='ltr'><strong>negant,</strong></span> 
     </span>
    </p>
   </div>
   <div class='ocr_carea' id='block_1_84' title="bbox 2007 2333 3599 2402">
    <p class='ocr_par' dir='ltr' id='par_1_84' title="bbox 2007 2333 3599 2402">
     <span class='ocr_line' id='line_1_84' title="bbox 2007 2333 3599 2402; baseline -0.002 -10"><span class='ocrx_word' id='word_1_613' title='bbox 2007 2338 2201 2392; x_wconf 83' lang='lat' dir='ltr'><strong>Filium</strong></span> <span class='ocrx_word' id='word_1_614' title='bbox 2248 2344 2428 2390; x_wconf 91' lang='lat' dir='ltr'><strong>autem</strong></span> <span class='ocrx_word' id='word_1_615' title='bbox 2451 2335 2546 2389; x_wconf 81' lang='lat' dir='ltr'><strong>Dei</strong></span> <span class='ocrx_word' id='word_1_616' title='bbox 2579 2349 2799 2391; x_wconf 91' lang='lat' dir='ltr'><strong>carnem</strong></span> <span class='ocrx_word' id='word_1_617' title='bbox 2829 2335 3119 2389; x_wconf 84' lang='lat' dir='ltr'><strong>humanam</strong></span> <span class='ocrx_word' id='word_1_618' title='bbox 3148 2333 3218 2389; x_wconf 88' lang='lat' dir='ltr'><strong>de</strong></span> <span class='ocrx_word' id='word_1_619' title='bbox 3244 2333 3453 2402; x_wconf 86' lang='lat' dir='ltr'><strong>virgine</strong></span> <span class='ocrx_word' id='word_1_620' title='bbox 3481 2334 3599 2389; x_wconf 90' lang='lat' dir='ltr'><strong>sine</strong></span> 
     </span>
    </p>
   </div>
   <div class='ocr_carea' id='block_1_85' title="bbox 2008 2423 3603 2502">
    <p class='ocr_par' dir='ltr' id='par_1_85' title="bbox 2008 2423 3603 2502">
     <span class='ocr_line' id='line_1_85' title="bbox 2008 2423 3603 2502; baseline -0.004 -18"><span class='ocrx_word' id='word_1_621' title='bbox 2008 2436 2231 2500; x_wconf 90' lang='lat' dir='ltr'><strong>peccato</strong></span> <span class='ocrx_word' id='word_1_622' title='bbox 2274 2426 2546 2497; x_wconf 90' lang='lat' dir='ltr'><strong>accepisse</strong></span> <span class='ocrx_word' id='word_1_623' title='bbox 2574 2424 2878 2502; x_wconf 79' lang='lat' dir='ltr'><strong>concedunt</strong></span> <span class='ocrx_word' id='word_1_624' title='bbox 2908 2442 2919 2476; x_wconf 88' lang='lat'><strong>:</strong></span> <span class='ocrx_word' id='word_1_625' title='bbox 2953 2439 3291 2494; x_wconf 86' lang='lat' dir='ltr'><strong>consequens</strong></span> <span class='ocrx_word' id='word_1_626' title='bbox 3330 2423 3488 2491; x_wconf 87' lang='lat' dir='ltr'><strong>igitur</strong></span> <span class='ocrx_word' id='word_1_627' title='bbox 3516 2432 3603 2478; x_wconf 88' lang='lat' dir='ltr'><strong>est</strong></span> 
     </span>
    </p>
   </div>
   <div class='ocr_carea' id='block_1_86' title="bbox 2008 2510 3599 2580">
    <p class='ocr_par' dir='ltr' id='par_1_86' title="bbox 2008 2510 3599 2580">
     <span class='ocr_line' id='line_1_86' title="bbox 2008 2510 3599 2580; baseline -0.006 -6"><span class='ocrx_word' id='word_1_628' title='bbox 2008 2529 2065 2574; x_wconf 91' lang='lat' dir='ltr'><strong>ut</strong></span> <span class='ocrx_word' id='word_1_629' title='bbox 2094 2520 2235 2574; x_wconf 91' lang='lat' dir='ltr'><strong>inter</strong></span> <span class='ocrx_word' id='word_1_630' title='bbox 2262 2532 2481 2572; x_wconf 90' lang='lat' dir='ltr'><strong>carnem</strong></span> <span class='ocrx_word' id='word_1_631' title='bbox 2511 2515 2784 2570; x_wconf 90' lang='lat' dir='ltr'><strong>nascentis</strong></span> <span class='ocrx_word' id='word_1_632' title='bbox 2830 2530 2896 2567; x_wconf 80' lang='lat' dir='ltr'><strong>ex</strong></span> <span class='ocrx_word' id='word_1_633' title='bbox 2948 2513 3151 2580; x_wconf 83' lang='lat' dir='ltr'><strong>virgine</strong></span> <span class='ocrx_word' id='word_1_634' title='bbox 3197 2510 3465 2580; x_wconf 83' lang='lat' dir='ltr'><strong>Unigeniti</strong></span> <span class='ocrx_word' id='word_1_635' title='bbox 3504 2511 3599 2565; x_wconf 87' lang='lat' dir='ltr'><strong>Dei</strong></span> 
     </span>
    </p>
   </div>
   <div class='ocr_carea' id='block_1_87' title="bbox 2008 2602 3620 2680">
    <p class='ocr_par' dir='ltr' id='par_1_87' title="bbox 2008 2602 3620 2680">
     <span class='ocr_line' id='line_1_87' title="bbox 2008 2602 3620 2680; baseline -0.006 -12"><span class='ocrx_word' id='word_1_636' title='bbox 2008 2620 2065 2668; x_wconf 91' lang='lat' dir='ltr'><strong>et</strong></span> <span class='ocrx_word' id='word_1_637' title='bbox 2091 2610 2378 2680; x_wconf 88' lang='lat' dir='ltr'><strong>cujuslibet</strong></span> <span class='ocrx_word' id='word_1_638' title='bbox 2405 2608 2627 2663; x_wconf 90' lang='lat' dir='ltr'><strong>alterius</strong></span> <span class='ocrx_word' id='word_1_639' title='bbox 2663 2606 2870 2677; x_wconf 88' lang='lat' dir='ltr'><strong>parvuli</strong></span> <span class='ocrx_word' id='word_1_640' title='bbox 2919 2605 3047 2659; x_wconf 86' lang='lat' dir='ltr'><strong>nihil</strong></span> <span class='ocrx_word' id='word_1_641' title='bbox 3076 2604 3279 2659; x_wconf 90' lang='lat' dir='ltr'><strong>distare</strong></span> <span class='ocrx_word' id='word_1_642' title='bbox 3310 2602 3620 2658; x_wconf 80' lang='lat' dir='ltr'><strong>fateantur.‘</strong></span> 
     </span>
    </p>
   </div>
   <div class='ocr_carea' id='block_1_88' title="bbox 2010 2696 3600 2769">
    <p class='ocr_par' dir='ltr' id='par_1_88' title="bbox 2010 2696 3600 2769">
     <span class='ocr_line' id='line_1_88' title="bbox 2010 2696 3600 2769; baseline -0.006 -9"><span class='ocrx_word' id='word_1_643' title='bbox 2010 2704 2165 2760; x_wconf 87' lang='lat' dir='ltr'><strong>Unde</strong></span> <span class='ocrx_word' id='word_1_644' title='bbox 2192 2702 2476 2768; x_wconf 86' lang='lat' dir='ltr'><strong>coniicitur</strong></span> <span class='ocrx_word' id='word_1_645' title='bbox 2506 2709 2563 2756; x_wconf 90' lang='lat' dir='ltr'><strong>ut</strong></span> <span class='ocrx_word' id='word_1_646' title='bbox 2590 2715 2780 2755; x_wconf 90' lang='lat' dir='ltr'><strong>omnes</strong></span> <span class='ocrx_word' id='word_1_647' title='bbox 2809 2698 3082 2769; x_wconf 78' lang='lat' dir='ltr'><strong>parvulos,</strong></span> <span class='ocrx_word' id='word_1_648' title='bbox 3112 2713 3249 2766; x_wconf 90' lang='lat' dir='ltr'><strong>quos</strong></span> <span class='ocrx_word' id='word_1_649' title='bbox 3281 2696 3423 2750; x_wconf 90' lang='lat' dir='ltr'><strong>nasci</strong></span> <span class='ocrx_word' id='word_1_650' title='bbox 3453 2704 3600 2751; x_wconf 82' lang='lat' dir='ltr'><strong>assc-</strong></span> 
     </span>
    </p>
   </div>
   <div class='ocr_carea' id='block_1_89' title="bbox 2009 2789 3597 2863">
    <p class='ocr_par' dir='ltr' id='par_1_89' title="bbox 2009 2789 3597 2863">
     <span class='ocr_line' id='line_1_89' title="bbox 2009 2789 3597 2863; baseline -0.005 -13"><span class='ocrx_word' id='word_1_651' title='bbox 2009 2803 2135 2850; x_wconf 91' lang='lat' dir='ltr'><strong>runt</strong></span> <span class='ocrx_word' id='word_1_652' title='bbox 2148 2794 2265 2849; x_wconf 89' lang='lat' dir='ltr'><strong>sine</strong></span> <span class='ocrx_word' id='word_1_653' title='bbox 2288 2801 2533 2863; x_wconf 90' lang='lat' dir='ltr'><strong>peccato,</strong></span> <span class='ocrx_word' id='word_1_654' title='bbox 2555 2791 2737 2847; x_wconf 88' lang='lat' dir='ltr'><strong>dicant</strong></span> <span class='ocrx_word' id='word_1_655' title='bbox 2756 2806 2865 2846; x_wconf 91' lang='lat' dir='ltr'><strong>non</strong></span> <span class='ocrx_word' id='word_1_656' title='bbox 2881 2805 3040 2859; x_wconf 89' lang='lat' dir='ltr'><strong>egere</strong></span> <span class='ocrx_word' id='word_1_657' title='bbox 3054 2789 3350 2844; x_wconf 88' lang='lat' dir='ltr'><strong>Salvatoris</strong></span> <span class='ocrx_word' id='word_1_658' title='bbox 3367 2790 3597 2850; x_wconf 75' lang='lat' dir='ltr'><strong>auxilio:</strong></span> 
     </span>
    </p>
   </div>
   <div class='ocr_carea' id='block_1_90' title="bbox 2009 2877 3600 2951">
    <p class='ocr_par' dir='ltr' id='par_1_90' title="bbox 2009 2877 3600 2951">
     <span class='ocr_line' id='line_1_90' title="bbox 2009 2877 3600 2951; baseline -0.003 -15"><span class='ocrx_word' id='word_1_659' title='bbox 2009 2891 2173 2951; x_wconf 89' lang='lat' dir='ltr'><strong>atque</strong></span> <span class='ocrx_word' id='word_1_660' title='bbox 2210 2881 2282 2935; x_wconf 89' lang='lat' dir='ltr'><strong>ita</strong></span> <span class='ocrx_word' id='word_1_661' title='bbox 2312 2882 2562 2951; x_wconf 89' lang='lat' dir='ltr'><strong>laqueum</strong></span> <span class='ocrx_word' id='word_1_662' title='bbox 2602 2877 2873 2947; x_wconf 87' lang='lat' dir='ltr'><strong>Pelagiani</strong></span> <span class='ocrx_word' id='word_1_663' title='bbox 2902 2879 3102 2933; x_wconf 89' lang='lat' dir='ltr'><strong>erroris</strong></span> <span class='ocrx_word' id='word_1_664' title='bbox 3143 2878 3441 2940; x_wconf 89' lang='lat' dir='ltr'><strong>incurrunt,</strong></span> <span class='ocrx_word' id='word_1_665' title='bbox 3473 2877 3600 2933; x_wconf 87' lang='lat' dir='ltr'><strong>dum</strong></span> 
     </span>
    </p>
   </div>
   <div class='ocr_carea' id='block_1_91' title="bbox 2013 2965 3602 3028">
    <p class='ocr_par' dir='ltr' id='par_1_91' title="bbox 2013 2965 3602 3028">
     <span class='ocr_line' id='line_1_91' title="bbox 2013 2965 3602 3028; baseline -0.002 -4"><span class='ocrx_word' id='word_1_666' title='bbox 2013 2973 2134 3028; x_wconf 86' lang='lat' dir='ltr'><strong>fidei</strong></span> <span class='ocrx_word' id='word_1_667' title='bbox 2165 2971 2445 3027; x_wconf 68' lang='lat' dir='ltr'><strong>catholica:</strong></span> <span class='ocrx_word' id='word_1_668' title='bbox 2473 2968 2763 3023; x_wconf 79' lang='lat' dir='ltr'><strong>infideliter</strong></span> <span class='ocrx_word' id='word_1_669' title='bbox 2788 2967 3181 3023; x_wconf 90' lang='lat' dir='ltr'><strong>contradicunt.</strong></span> <span class='ocrx_word' id='word_1_670' title='bbox 3226 2965 3282 3020; x_wconf 91' lang='lat' dir='ltr'><strong>Si</strong></span> <span class='ocrx_word' id='word_1_671' title='bbox 3313 2967 3454 3021; x_wconf 88' lang='lat' dir='ltr'><strong>enim</strong></span> <span class='ocrx_word' id='word_1_672' title='bbox 3485 2968 3602 3021; x_wconf 89' lang='lat' dir='ltr'><strong>sine</strong></span> 
     </span>
    </p>
   </div>
   <div class='ocr_carea' id='block_1_92' title="bbox 2010 3058 3602 3134">
    <p class='ocr_par' dir='ltr' id='par_1_92' title="bbox 2010 3058 3602 3134">
     <span class='ocr_line' id='line_1_92' title="bbox 2010 3058 3602 3134; baseline -0.003 -17"><span class='ocrx_word' id='word_1_673' title='bbox 2010 3070 2236 3134; x_wconf 90' lang='lat' dir='ltr'><strong>peccato</strong></span> <span class='ocrx_word' id='word_1_674' title='bbox 2267 3062 2498 3116; x_wconf 88' lang='lat' dir='ltr'><strong>infantes</strong></span> <span class='ocrx_word' id='word_1_675' title='bbox 2526 3059 2672 3115; x_wconf 90' lang='lat' dir='ltr'><strong>nasci</strong></span> <span class='ocrx_word' id='word_1_676' title='bbox 2703 3066 2970 3122; x_wconf 90' lang='lat' dir='ltr'><strong>asserunt,</strong></span> <span class='ocrx_word' id='word_1_677' title='bbox 3002 3058 3129 3126; x_wconf 88' lang='lat' dir='ltr'><strong>quid</strong></span> <span class='ocrx_word' id='word_1_678' title='bbox 3161 3067 3359 3120; x_wconf 88' lang='lat' dir='ltr'><strong>restat,</strong></span> <span class='ocrx_word' id='word_1_679' title='bbox 3411 3058 3510 3112; x_wconf 86' lang='lat' dir='ltr'><strong>nisi</strong></span> <span class='ocrx_word' id='word_1_680' title='bbox 3544 3068 3602 3112; x_wconf 86' lang='lat' dir='ltr'><strong>ut</strong></span> 
     </span>
    </p>
   </div>
   <div class='ocr_carea' id='block_1_93' title="bbox 2011 3149 3600 3220">
    <p class='ocr_par' dir='ltr' id='par_1_93' title="bbox 2011 3149 3600 3220">
     <span class='ocr_line' id='line_1_93' title="bbox 2011 3149 3600 3220; baseline -0.004 -10"><span class='ocrx_word' id='word_1_681' title='bbox 2011 3156 2193 3210; x_wconf 88' lang='lat' dir='ltr'><strong>dicant</strong></span> <span class='ocrx_word' id='word_1_682' title='bbox 2220 3152 2354 3208; x_wconf 90' lang='lat' dir='ltr'><strong>nihil</strong></span> <span class='ocrx_word' id='word_1_683' title='bbox 2383 3168 2502 3208; x_wconf 89' lang='lat' dir='ltr'><strong>esse</strong></span> <span class='ocrx_word' id='word_1_684' title='bbox 2532 3152 2586 3207; x_wconf 92' lang='lat' dir='ltr'><strong>in</strong></span> <span class='ocrx_word' id='word_1_685' title='bbox 2616 3152 2696 3206; x_wconf 89' lang='lat' dir='ltr'><strong>eis</strong></span> <span class='ocrx_word' id='word_1_686' title='bbox 2722 3149 2867 3220; x_wconf 92' lang='lat' dir='ltr'><strong>quod</strong></span> <span class='ocrx_word' id='word_1_687' title='bbox 2893 3150 3089 3205; x_wconf 87' lang='lat' dir='ltr'><strong>debeat</strong></span> <span class='ocrx_word' id='word_1_688' title='bbox 3116 3149 3339 3219; x_wconf 86' lang='lat' dir='ltr'><strong>spiritali</strong></span> <span class='ocrx_word' id='word_1_689' title='bbox 3371 3162 3600 3217; x_wconf 84' lang='lat' dir='ltr'><strong>regene-</strong></span> 
     </span>
    </p>
   </div>
   <div class='ocr_carea' id='block_1_94' title="bbox 2011 3240 3601 3311">
    <p class='ocr_par' dir='ltr' id='par_1_94' title="bbox 2011 3240 3601 3311">
     <span class='ocr_line' id='line_1_94' title="bbox 2011 3240 3601 3311; baseline -0.003 -10"><span class='ocrx_word' id='word_1_690' title='bbox 2011 3246 2222 3301; x_wconf 89' lang='lat' dir='ltr'><strong>ratione</strong></span> <span class='ocrx_word' id='word_1_691' title='bbox 2260 3242 2543 3298; x_wconf 83' lang='lat' dir='ltr'><strong>mundari?</strong></span> <span class='ocrx_word' id='word_1_692' title='bbox 2589 3240 2659 3297; x_wconf 89' lang='lat' dir='ltr'><strong>Et</strong></span> <span class='ocrx_word' id='word_1_693' title='bbox 2685 3242 2730 3297; x_wconf 91' lang='lat' dir='ltr'><strong>si</strong></span> <span class='ocrx_word' id='word_1_694' title='bbox 2760 3248 3044 3296; x_wconf 88' lang='lat' dir='ltr'><strong>removent</strong></span> <span class='ocrx_word' id='word_1_695' title='bbox 3082 3240 3290 3311; x_wconf 88' lang='lat' dir='ltr'><strong>peccati</strong></span> <span class='ocrx_word' id='word_1_696' title='bbox 3325 3240 3601 3309; x_wconf 86' lang='lat' dir='ltr'><strong>originalis</strong></span> 
     </span>
    </p>
   </div>
   <div class='ocr_carea' id='block_1_95' title="bbox 2012 3331 3602 3405">
    <p class='ocr_par' dir='ltr' id='par_1_95' title="bbox 2012 3331 3602 3405">
     <span class='ocr_line' id='line_1_95' title="bbox 2012 3331 3602 3405; baseline -0.003 -13"><span class='ocrx_word' id='word_1_697' title='bbox 2012 3337 2278 3392; x_wconf 84' lang='lat' dir='ltr'><strong>maculam</strong></span> <span class='ocrx_word' id='word_1_698' title='bbox 2306 3351 2336 3390; x_wconf 92' lang='lat' dir='ltr'><strong>a</strong></span> <span class='ocrx_word' id='word_1_699' title='bbox 2363 3334 2708 3393; x_wconf 86' lang='lat' dir='ltr'><strong>nascentibus</strong></span> <span class='ocrx_word' id='word_1_700' title='bbox 2736 3332 2993 3405; x_wconf 90' lang='lat' dir='ltr'><strong>parvulis,</strong></span> <span class='ocrx_word' id='word_1_701' title='bbox 3042 3333 3171 3403; x_wconf 90' lang='lat' dir='ltr'><strong>quid</strong></span> <span class='ocrx_word' id='word_1_702' title='bbox 3191 3331 3333 3387; x_wconf 89' lang='lat' dir='ltr'><strong>aliud</strong></span> <span class='ocrx_word' id='word_1_703' title='bbox 3354 3334 3602 3388; x_wconf 88' lang='lat' dir='ltr'><strong>nituntur</strong></span> 
     </span>
    </p>
   </div>
   <div class='ocr_carea' id='block_1_96' title="bbox 2013 3422 3603 3492">
    <p class='ocr_par' dir='ltr' id='par_1_96' title="bbox 2013 3422 3603 3492">
     <span class='ocr_line' id='line_1_96' title="bbox 2013 3422 3603 3492; baseline -0.004 -9"><span class='ocrx_word' id='word_1_704' title='bbox 2013 3429 2113 3483; x_wconf 83' lang='lat' dir='ltr'><strong>nisi</strong></span> <span class='ocrx_word' id='word_1_705' title='bbox 2141 3427 2334 3484; x_wconf 76' lang='lat' dir='ltr'><strong>divina:</strong></span> <span class='ocrx_word' id='word_1_706' title='bbox 2363 3427 2574 3482; x_wconf 86' lang='lat' dir='ltr'><strong>veritati</strong></span> <span class='ocrx_word' id='word_1_707' title='bbox 2622 3440 2940 3481; x_wconf 90' lang='lat' dir='ltr'><strong>succensere</strong></span> <span class='ocrx_word' id='word_1_708' title='bbox 2978 3424 3340 3492; x_wconf 86' lang='lat' dir='ltr'><strong>mendacium,</strong></span> <span class='ocrx_word' id='word_1_709' title='bbox 3385 3422 3603 3492; x_wconf 87' lang='lat' dir='ltr'><strong>quando</strong></span> 
     </span>
    </p>
   </div>
   <div class='ocr_carea' id='block_1_97' title="bbox 2011 3512 3605 3587">
    <p class='ocr_par' dir='ltr' id='par_1_97' title="bbox 2011 3512 3605 3587">
     <span class='ocr_line' id='line_1_97' title="bbox 2011 3512 3605 3587; baseline -0.005 -13"><span class='ocrx_word' id='word_1_710' title='bbox 2011 3535 2108 3574; x_wconf 91' lang='lat' dir='ltr'><strong>eos</strong></span> <span class='ocrx_word' id='word_1_711' title='bbox 2138 3520 2193 3574; x_wconf 89' lang='lat' dir='ltr'><strong>in</strong></span> <span class='ocrx_word' id='word_1_712' title='bbox 2234 3517 2609 3574; x_wconf 90' lang='lat' dir='ltr'><strong>remissionem</strong></span> <span class='ocrx_word' id='word_1_713' title='bbox 2659 3524 3009 3587; x_wconf 88' lang='lat' dir='ltr'><strong>peccatorum</strong></span> <span class='ocrx_word' id='word_1_714' title='bbox 3037 3514 3221 3570; x_wconf 88' lang='lat' dir='ltr'><strong>vident</strong></span> <span class='ocrx_word' id='word_1_715' title='bbox 3265 3512 3605 3586; x_wconf 89' lang='lat' dir='ltr'><strong>baptismatis</strong></span> 
     </span>
    </p>
   </div>
   <div class='ocr_carea' id='block_1_98' title="bbox 2012 3604 3606 3679">
    <p class='ocr_par' dir='ltr' id='par_1_98' title="bbox 2012 3604 3606 3679">
     <span class='ocr_line' id='line_1_98' title="bbox 2012 3604 3606 3679; baseline -0.003 -17"><span class='ocrx_word' id='word_1_716' title='bbox 2012 3609 2259 3679; x_wconf 88' lang='lat' dir='ltr'><strong>accipere</strong></span> <span class='ocrx_word' id='word_1_717' title='bbox 2288 3608 2723 3662; x_wconf 84' lang='lat' dir='ltr'><strong>sacramentum?</strong></span> <span class='ocrx_word' id='word_1_718' title='bbox 2770 3604 2916 3677; x_wconf 93' lang='lat' dir='ltr'><strong>quod</strong></span> <span class='ocrx_word' id='word_1_719' title='bbox 2965 3604 3088 3660; x_wconf 91' lang='lat' dir='ltr'><strong>ideo</strong></span> <span class='ocrx_word' id='word_1_720' title='bbox 3133 3604 3475 3660; x_wconf 90' lang='lat' dir='ltr'><strong>uniformiter</strong></span> <span class='ocrx_word' id='word_1_721' title='bbox 3522 3606 3606 3659; x_wconf 85' lang='lat' dir='ltr'><strong>in-</strong></span> 
     </span>
    </p>
   </div>
   <div class='ocr_carea' id='block_1_99' title="bbox 2012 3696 3605 3768">
    <p class='ocr_par' dir='ltr' id='par_1_99' title="bbox 2012 3696 3605 3768">
     <span class='ocr_line' id='line_1_99' title="bbox 2012 3696 3605 3768; baseline -0.002 -15"><span class='ocrx_word' id='word_1_722' title='bbox 2012 3701 2248 3754; x_wconf 82' lang='lat' dir='ltr'><strong>fantibus</strong></span> <span class='ocrx_word' id='word_1_723' title='bbox 2274 3699 2678 3768; x_wconf 87' lang='lat' dir='ltr'><strong>majoribusque</strong></span> <span class='ocrx_word' id='word_1_724' title='bbox 2720 3696 3013 3761; x_wconf 87' lang='lat' dir='ltr'><strong>confertur,</strong></span> <span class='ocrx_word' id='word_1_725' title='bbox 3065 3704 3126 3749; x_wconf 91' lang='lat' dir='ltr'><strong>ut</strong></span> <span class='ocrx_word' id='word_1_726' title='bbox 3163 3697 3414 3752; x_wconf 88' lang='lat' dir='ltr'><strong>omnibus</strong></span> <span class='ocrx_word' id='word_1_727' title='bbox 3440 3696 3605 3765; x_wconf 87' lang='lat' dir='ltr'><strong>origi-</strong></span> 
     </span>
    </p>
   </div>
   <div class='ocr_carea' id='block_1_100' title="bbox 2012 3784 3248 3858">
    <p class='ocr_par' dir='ltr' id='par_1_100' title="bbox 2012 3784 3248 3858">
     <span class='ocr_line' id='line_1_100' title="bbox 2012 3784 3248 3858; baseline -0.007 -12"><span class='ocrx_word' id='word_1_728' title='bbox 2012 3790 2151 3846; x_wconf 84' lang='lat' dir='ltr'><strong>nalis</strong></span> <span class='ocrx_word' id='word_1_729' title='bbox 2173 3790 2349 3845; x_wconf 88' lang='lat' dir='ltr'><strong>inesse</strong></span> <span class='ocrx_word' id='word_1_730' title='bbox 2378 3787 2585 3858; x_wconf 84' lang='lat' dir='ltr'><strong>peccati</strong></span> <span class='ocrx_word' id='word_1_731' title='bbox 2613 3785 2823 3840; x_wconf 89' lang='lat' dir='ltr'><strong>macula</strong></span> <span class='ocrx_word' id='word_1_732' title='bbox 2850 3784 3248 3853; x_wconf 87' lang='lat' dir='ltr'><strong>cognoscatur?</strong></span> 
     </span>
    </p>
   </div>
   <div class='ocr_carea' id='block_1_101' title="bbox 2084 3893 3603 3967">
    <p class='ocr_par' dir='ltr' id='par_1_101' title="bbox 2084 3893 3603 3967">
     <span class='ocr_line' id='line_1_101' title="bbox 2084 3893 3603 3967; baseline -0.006 -13"><span class='ocrx_word' id='word_1_733' title='bbox 2084 3899 2172 3954; x_wconf 77' lang='lat' dir='ltr'><strong>3i.</strong></span> <span class='ocrx_word' id='word_1_734' title='bbox 2214 3897 2466 3967; x_wconf 84' lang='lat' dir='ltr'><strong>Quisquis</strong></span> <span class='ocrx_word' id='word_1_735' title='bbox 2495 3896 2657 3964; x_wconf 89' lang='lat' dir='ltr'><strong>igitur</strong></span> <span class='ocrx_word' id='word_1_736' title='bbox 2690 3895 2917 3949; x_wconf 88' lang='lat' dir='ltr'><strong>salutem</strong></span> <span class='ocrx_word' id='word_1_737' title='bbox 2966 3909 3147 3948; x_wconf 89' lang='lat' dir='ltr'><strong>veram</strong></span> <span class='ocrx_word' id='word_1_738' title='bbox 3188 3893 3603 3963; x_wconf 64' lang='lat' dir='ltr'><strong>sempiternam;-</strong></span> 
     </span>
    </p>
   </div>
   <div class='ocr_carea' id='block_1_102' title="bbox 2012 3976 3605 4056">
    <p class='ocr_par' dir='ltr' id='par_1_102' title="bbox 2012 3976 3605 4056">
     <span class='ocr_line' id='line_1_102' title="bbox 2012 3976 3605 4056; baseline -0.004 -14"><span class='ocrx_word' id='word_1_739' title='bbox 2012 4003 2119 4056; x_wconf 88' lang='lat' dir='ltr'><strong>que</strong></span> <span class='ocrx_word' id='word_1_740' title='bbox 2162 3985 2434 4040; x_wconf 88' lang='lat' dir='ltr'><strong>desiderat</strong></span> <span class='ocrx_word' id='word_1_741' title='bbox 2473 3984 2719 4053; x_wconf 88' lang='lat' dir='ltr'><strong>adipisci,</strong></span> <span class='ocrx_word' id='word_1_742' title='bbox 2769 3976 2987 4038; x_wconf 82' lang='lat' dir='ltr'><strong>sensum</strong></span> <span class='ocrx_word' id='word_1_743' title='bbox 3015 3982 3297 4036; x_wconf 64' lang='lat' dir='ltr'><strong>haeretica:</strong></span> <span class='ocrx_word' id='word_1_744' title='bbox 3326 3981 3605 4051; x_wconf 87' lang='lat' dir='ltr'><strong>pravitatis</strong></span> 
     </span>
    </p>
   </div>
   <div class='ocr_carea' id='block_1_103' title="bbox 2013 4070 3604 4144">
    <p class='ocr_par' dir='ltr' id='par_1_103' title="bbox 2013 4070 3604 4144">
     <span class='ocr_line' id='line_1_103' title="bbox 2013 4070 3604 4144; baseline -0.003 -15"><span class='ocrx_word' id='word_1_745' title='bbox 2013 4075 2291 4144; x_wconf 89' lang='lat' dir='ltr'><strong>abjiciens,</strong></span> <span class='ocrx_word' id='word_1_746' title='bbox 2322 4089 2459 4143; x_wconf 91' lang='lat' dir='ltr'><strong>quos</strong></span> <span class='ocrx_word' id='word_1_747' title='bbox 2486 4087 2609 4128; x_wconf 92' lang='lat' dir='ltr'><strong>eum</strong></span> <span class='ocrx_word' id='word_1_748' title='bbox 2643 4086 2802 4141; x_wconf 72' lang='lat' dir='ltr'><strong>ptena</strong></span> <span class='ocrx_word' id='word_1_749' title='bbox 2833 4072 3041 4142; x_wconf 89' lang='lat' dir='ltr'><strong>peccati</strong></span> <span class='ocrx_word' id='word_1_750' title='bbox 3084 4078 3242 4126; x_wconf 89' lang='lat' dir='ltr'><strong>natos</strong></span> <span class='ocrx_word' id='word_1_751' title='bbox 3269 4070 3435 4136; x_wconf 90' lang='lat' dir='ltr'><strong>videt,</strong></span> <span class='ocrx_word' id='word_1_752' title='bbox 3481 4085 3604 4126; x_wconf 89' lang='lat' dir='ltr'><strong>cum</strong></span> 
     </span>
    </p>
   </div>
   <div class='ocr_carea' id='block_1_104' title="bbox 2015 4161 3651 4240">
    <p class='ocr_par' dir='ltr' id='par_1_104' title="bbox 2015 4161 3651 4240">
     <span class='ocr_line' id='line_1_104' title="bbox 2015 4161 3651 4240; baseline 0 -22"><span class='ocrx_word' id='word_1_753' title='bbox 2015 4173 2239 4237; x_wconf 83' lang='lat' dir='ltr'><strong>peccato</strong></span> <span class='ocrx_word' id='word_1_754' title='bbox 2267 4179 2485 4235; x_wconf 90' lang='lat' dir='ltr'><strong>quoque</strong></span> <span class='ocrx_word' id='word_1_755' title='bbox 2514 4174 2671 4218; x_wconf 90' lang='lat' dir='ltr'><strong>natos</strong></span> <span class='ocrx_word' id='word_1_756' title='bbox 2713 4178 2855 4221; x_wconf 78' lang='lat' dir='ltr'><strong>esse.</strong></span> <span class='ocrx_word' id='word_1_757' title='bbox 2880 4177 2988 4217; x_wconf 90' lang='lat' dir='ltr'><strong>non</strong></span> <span class='ocrx_word' id='word_1_758' title='bbox 3034 4161 3281 4217; x_wconf 91' lang='lat' dir='ltr'><strong>dubitet:</strong></span> <span class='ocrx_word' id='word_1_759' title='bbox 3315 4162 3607 4233; x_wconf 84' lang='lat' dir='ltr'><strong>audiatque</strong></span> <span class='ocrx_word' id='word_1_760' title='bbox 3644 4231 3651 4240; x_wconf 33' lang='grc'><em>,</em></span> 
     </span>
    </p>
   </div>
   <div class='ocr_carea' id='block_1_105' title="bbox 2013 4255 3606 4322">
    <p class='ocr_par' dir='ltr' id='par_1_105' title="bbox 2013 4255 3606 4322">
     <span class='ocr_line' id='line_1_105' title="bbox 2013 4255 3606 4322; baseline -0.001 -10"><span class='ocrx_word' id='word_1_761' title='bbox 2013 4259 2230 4313; x_wconf 87' lang='lat' dir='ltr'><strong>beatum</strong></span> <span class='ocrx_word' id='word_1_762' title='bbox 2258 4255 2359 4312; x_wconf 82' lang='lat' dir='ltr'><strong>Job</strong></span> <span class='ocrx_word' id='word_1_763' title='bbox 2386 4255 2654 4311; x_wconf 86' lang='lat' dir='ltr'><strong>dicentem</strong></span> <span class='ocrx_word' id='word_1_764' title='bbox 2683 4273 2697 4309; x_wconf 87' lang='lat'><strong>:</strong></span> <span class='ocrx_word' id='word_1_765' title='bbox 2733 4255 2869 4322; x_wconf 84' lang='lat' dir='ltr'><strong>Quia</strong></span> <span class='ocrx_word' id='word_1_766' title='bbox 2898 4271 3001 4308; x_wconf 86' lang='lat' dir='ltr'><strong>non</strong></span> <span class='ocrx_word' id='word_1_767' title='bbox 3022 4263 3098 4308; x_wconf 89' lang='lat' dir='ltr'><strong>est</strong></span> <span class='ocrx_word' id='word_1_768' title='bbox 3135 4255 3360 4308; x_wconf 87' lang='lat' dir='ltr'><strong>mundus</strong></span> <span class='ocrx_word' id='word_1_769' title='bbox 3389 4272 3422 4309; x_wconf 92' lang='lat' dir='ltr'><strong>a</strong></span> <span class='ocrx_word' id='word_1_770' title='bbox 3451 4256 3606 4310; x_wconf 75' lang='lat' dir='ltr'><strong>sorde</strong></span> 
     </span>
    </p>
   </div>
   <div class='ocr_carea' id='block_1_106' title="bbox 2013 4345 3605 4419">
    <p class='ocr_par' dir='ltr' id='par_1_106' title="bbox 2013 4345 3605 4419">
     <span class='ocr_line' id='line_1_106' title="bbox 2013 4345 3605 4419; baseline -0.003 -15"><span class='ocrx_word' id='word_1_771' title='bbox 2013 4367 2106 4405; x_wconf 85' lang='lat' dir='ltr'><strong>nec</strong></span> <span class='ocrx_word' id='word_1_772' title='bbox 2132 4350 2308 4419; x_wconf 85' lang='lat' dir='ltr'><strong>infans</strong></span> <span class='ocrx_word' id='word_1_773' title='bbox 2336 4349 2482 4419; x_wconf 84' lang='lat' dir='ltr'><strong>cujus</strong></span> <span class='ocrx_word' id='word_1_774' title='bbox 2501 4348 2653 4400; x_wconf 85' lang='lat' dir='ltr'><strong>unius</strong></span> <span class='ocrx_word' id='word_1_775' title='bbox 2682 4346 2788 4399; x_wconf 89' lang='lat' dir='ltr'><strong>diei</strong></span> <span class='ocrx_word' id='word_1_776' title='bbox 2818 4348 2920 4400; x_wconf 84' lang='lat' dir='ltr'><strong>vita</strong></span> <span class='ocrx_word' id='word_1_777' title='bbox 2949 4354 3026 4399; x_wconf 88' lang='lat' dir='ltr'><strong>est</strong></span> <span class='ocrx_word' id='word_1_778' title='bbox 3053 4362 3207 4417; x_wconf 86' lang='lat' dir='ltr'><strong>super</strong></span> <span class='ocrx_word' id='word_1_779' title='bbox 3236 4353 3427 4400; x_wconf 86' lang='lat' dir='ltr'><strong>terram</strong></span> <span class='ocrx_word' id='word_1_780' title='bbox 3459 4347 3477 4418; x_wconf 95' lang='lat'><strong>(</strong></span> <span class='ocrx_word' id='word_1_781' title='bbox 3505 4345 3605 4400; x_wconf 79' lang='lat' dir='ltr'><strong>Job</strong></span> 
     </span>
    </p>
   </div>
   <div class='ocr_carea' id='block_1_107' title="bbox 2015 4437 3609 4512">
    <p class='ocr_par' dir='ltr' id='par_1_107' title="bbox 2015 4437 3609 4512">
     <span class='ocr_line' id='line_1_107' title="bbox 2015 4437 3609 4512; baseline -0.002 -15"><span class='ocrx_word' id='word_1_782' title='bbox 2015 4458 2125 4507; x_wconf 77' lang='lat' dir='ltr'><strong>xw,</strong></span> <span class='ocrx_word' id='word_1_783' title='bbox 2155 4439 2208 4507; x_wconf 77' lang='lat'><strong>4,</strong></span> <span class='ocrx_word' id='word_1_784' title='bbox 2258 4441 2415 4512; x_wconf 71' lang='lat' dir='ltr'><strong>juxta</strong></span> <span class='ocrx_word' id='word_1_785' title='bbox 2462 4437 2659 4508; x_wconf 84' lang='lat' dir='ltr'><strong>LXX).</strong></span> <span class='ocrx_word' id='word_1_786' title='bbox 2694 4438 2843 4493; x_wconf 85' lang='lat' dir='ltr'><strong>Beati</strong></span> <span class='ocrx_word' id='word_1_787' title='bbox 2881 4442 3097 4508; x_wconf 84' lang='lat' dir='ltr'><strong>quoque</strong></span> <span class='ocrx_word' id='word_1_788' title='bbox 3124 4437 3294 4493; x_wconf 88' lang='lat' dir='ltr'><strong>David</strong></span> <span class='ocrx_word' id='word_1_789' title='bbox 3319 4438 3493 4494; x_wconf 90' lang='lat' dir='ltr'><strong>luctus</strong></span> <span class='ocrx_word' id='word_1_790' title='bbox 3531 4440 3609 4510; x_wconf 91' lang='lat' dir='ltr'><strong>pii</strong></span> 
     </span>
    </p>
   </div>
   <div class='ocr_carea' id='block_1_108' title="bbox 1961 4527 3689 4610">
    <p class='ocr_par' dir='ltr' id='par_1_108' title="bbox 1961 4527 3689 4610">
     <span class='ocr_line' id='line_1_108' title="bbox 1961 4527 3689 4610; baseline -0.003 -21"><span class='ocrx_word' id='word_1_791' title='bbox 1961 4607 1965 4610; x_wconf 17' lang='grc' dir='ltr'>ν</span> <span class='ocrx_word' id='word_1_792' title='bbox 2014 4532 2194 4589; x_wconf 90' lang='lat' dir='ltr'><strong>cordis</strong></span> <span class='ocrx_word' id='word_1_793' title='bbox 2222 4532 2523 4608; x_wconf 77' lang='lat' dir='ltr'><strong>humilitate</strong></span> <span class='ocrx_word' id='word_1_794' title='bbox 2570 4528 2900 4595; x_wconf 87' lang='lat' dir='ltr'><strong>consideret,</strong></span> <span class='ocrx_word' id='word_1_795' title='bbox 2944 4529 3209 4584; x_wconf 88' lang='lat' dir='ltr'><strong>dicentis:</strong></span> <span class='ocrx_word' id='word_1_796' title='bbox 3236 4527 3374 4583; x_wconf 75' lang='lat' dir='ltr'><strong>Ecce</strong></span> <span class='ocrx_word' id='word_1_797' title='bbox 3409 4532 3464 4584; x_wconf 89' lang='lat' dir='ltr'><strong>in</strong></span> <span class='ocrx_word' id='word_1_798' title='bbox 3500 4532 3609 4584; x_wconf 79' lang='lat' dir='ltr'><strong>ini—</strong></span> <span class='ocrx_word' id='word_1_799' title='bbox 3683 4552 3689 4558; x_wconf 85' lang='grc'><strong>-</strong></span> 
     </span>
    </p>
   </div>
   <div class='ocr_carea' id='block_1_109' title="bbox 2015 4621 3609 4695">
    <p class='ocr_par' dir='ltr' id='par_1_109' title="bbox 2015 4621 3609 4695">
     <span class='ocr_line' id='line_1_109' title="bbox 2015 4621 3609 4695; baseline -0.001 -18"><span class='ocrx_word' id='word_1_800' title='bbox 2015 4622 2295 4695; x_wconf 87' lang='lat' dir='ltr'><strong>quitatibus</strong></span> <span class='ocrx_word' id='word_1_801' title='bbox 2323 4631 2596 4693; x_wconf 80' lang='lat' dir='ltr'><strong>conceptus</strong></span> <span class='ocrx_word' id='word_1_802' title='bbox 2617 4622 2765 4686; x_wconf 73' lang='lat' dir='ltr'><strong>sum,</strong></span> <span class='ocrx_word' id='word_1_803' title='bbox 2790 4630 2840 4674; x_wconf 88' lang='lat' dir='ltr'><strong>et</strong></span> <span class='ocrx_word' id='word_1_804' title='bbox 2869 4622 2921 4675; x_wconf 88' lang='lat' dir='ltr'><strong>in</strong></span> <span class='ocrx_word' id='word_1_805' title='bbox 2951 4621 3149 4675; x_wconf 84' lang='lat' dir='ltr'><strong>delictis</strong></span> <span class='ocrx_word' id='word_1_806' title='bbox 3176 4622 3372 4691; x_wconf 85' lang='lat' dir='ltr'><strong>peperit</strong></span> <span class='ocrx_word' id='word_1_807' title='bbox 3400 4638 3481 4675; x_wconf 86' lang='lat' dir='ltr'><strong>me</strong></span> <span class='ocrx_word' id='word_1_808' title='bbox 3496 4638 3609 4693; x_wconf 82' lang='lat' dir='ltr'><strong>ma—</strong></span> 
     </span>
    </p>
   </div>
   <div class='ocr_carea' id='block_1_110' title="bbox 2021 4712 3611 4786">
    <p class='ocr_par' dir='ltr' id='par_1_110' title="bbox 2021 4712 3611 4786">
     <span class='ocr_line' id='line_1_110' title="bbox 2021 4712 3611 4786; baseline -0.003 -16"><span class='ocrx_word' id='word_1_809' title='bbox 2021 4727 2098 4771; x_wconf 87' lang='lat' dir='ltr'><strong>ter</strong></span> <span class='ocrx_word' id='word_1_810' title='bbox 2126 4730 2237 4769; x_wconf 89' lang='lat' dir='ltr'><strong>mea</strong></span> <span class='ocrx_word' id='word_1_811' title='bbox 2269 4713 2441 4786; x_wconf 83' lang='lat' dir='ltr'><strong>(Psal.</strong></span> <span class='ocrx_word' id='word_1_812' title='bbox 2473 4730 2526 4777; x_wconf 85' lang='lat' dir='ltr'><strong>L,</strong></span> <span class='ocrx_word' id='word_1_813' title='bbox 2555 4713 2630 4784; x_wconf 88' lang='lat'><strong>7).</strong></span> <span class='ocrx_word' id='word_1_814' title='bbox 2680 4712 2882 4768; x_wconf 89' lang='lat' dir='ltr'><strong>Sancto</strong></span> <span class='ocrx_word' id='word_1_815' title='bbox 2917 4726 3134 4781; x_wconf 90' lang='lat' dir='ltr'><strong>quoque</strong></span> <span class='ocrx_word' id='word_1_816' title='bbox 3175 4712 3402 4766; x_wconf 71' lang='lat' dir='ltr'><strong>Abrahat</strong></span> <span class='ocrx_word' id='word_1_817' title='bbox 3430 4713 3611 4768; x_wconf 88' lang='lat' dir='ltr'><strong>videat</strong></span> 
     </span>
    </p>
   </div>
   <div class='ocr_carea' id='block_1_111' title="bbox 1998 4795 3610 4875">
    <p class='ocr_par' dir='ltr' id='par_1_111' title="bbox 1998 4795 3610 4875">
     <span class='ocr_line' id='line_1_111' title="bbox 1998 4795 3610 4875; baseline -0.001 -14"><span class='ocrx_word' id='word_1_818' title='bbox 1998 4795 2446 4863; x_wconf 13' lang='lat' dir='ltr'><strong>lcircumcisionis</strong></span> <span class='ocrx_word' id='word_1_819' title='bbox 2473 4811 2868 4860; x_wconf 89' lang='lat' dir='ltr'><strong>sacramentum</strong></span> <span class='ocrx_word' id='word_1_820' title='bbox 2898 4818 3007 4859; x_wconf 91' lang='lat' dir='ltr'><strong>non</strong></span> <span class='ocrx_word' id='word_1_821' title='bbox 3032 4804 3150 4858; x_wconf 91' lang='lat' dir='ltr'><strong>sine</strong></span> <span class='ocrx_word' id='word_1_822' title='bbox 3179 4803 3457 4859; x_wconf 89' lang='lat' dir='ltr'><strong>tremenda</strong></span> <span class='ocrx_word' id='word_1_823' title='bbox 3480 4820 3610 4875; x_wconf 88' lang='lat' dir='ltr'><strong>par-</strong></span> 
     </span>
    </p>
   </div>
   <div class='ocr_carea' id='block_1_112' title="bbox 2022 4894 3613 4971">
    <p class='ocr_par' dir='ltr' id='par_1_112' title="bbox 2022 4894 3613 4971">
     <span class='ocr_line' id='line_1_112' title="bbox 2022 4894 3613 4971; baseline 0.001 -20"><span class='ocrx_word' id='word_1_824' title='bbox 2022 4899 2131 4952; x_wconf 85' lang='lat' dir='ltr'><strong>vuli</strong></span> <span class='ocrx_word' id='word_1_825' title='bbox 2153 4896 2573 4953; x_wconf 90' lang='lat' dir='ltr'><strong>comminatione</strong></span> <span class='ocrx_word' id='word_1_826' title='bbox 2597 4896 2925 4951; x_wconf 89' lang='lat' dir='ltr'><strong>mandatum.</strong></span> <span class='ocrx_word' id='word_1_827' title='bbox 2949 4894 3025 4951; x_wconf 90' lang='lat' dir='ltr'><strong>lbi</strong></span> <span class='ocrx_word' id='word_1_828' title='bbox 3049 4896 3248 4966; x_wconf 88' lang='lat' dir='ltr'><strong>quippe</strong></span> <span class='ocrx_word' id='word_1_829' title='bbox 3276 4896 3418 4971; x_wconf 88' lang='lat' dir='ltr'><strong>Deus</strong></span> <span class='ocrx_word' id='word_1_830' title='bbox 3440 4897 3613 4952; x_wconf 83' lang='lat' dir='ltr'><strong>fidelis</strong></span> 
     </span>
    </p>
   </div>
   <div class='ocr_carea' id='block_1_113' title="bbox 2022 4987 3611 5059">
    <p class='ocr_par' dir='ltr' id='par_1_113' title="bbox 2022 4987 3611 5059">
     <span class='ocr_line' id='line_1_113' title="bbox 2022 4987 3611 5059; baseline -0.001 -15"><span class='ocrx_word' id='word_1_831' title='bbox 2022 5000 2078 5044; x_wconf 92' lang='lat' dir='ltr'><strong>et</strong></span> <span class='ocrx_word' id='word_1_832' title='bbox 2102 4990 2298 5058; x_wconf 87' lang='lat' dir='ltr'><strong>justus,</strong></span> <span class='ocrx_word' id='word_1_833' title='bbox 2330 4989 2421 5059; x_wconf 92' lang='lat' dir='ltr'><strong>qui</strong></span> <span class='ocrx_word' id='word_1_834' title='bbox 2453 5004 2559 5043; x_wconf 91' lang='lat' dir='ltr'><strong>non</strong></span> <span class='ocrx_word' id='word_1_835' title='bbox 2590 4987 2751 5043; x_wconf 87' lang='lat' dir='ltr'><strong>infert</strong></span> <span class='ocrx_word' id='word_1_836' title='bbox 2782 4988 2915 5042; x_wconf 89' lang='lat' dir='ltr'><strong>iram</strong></span> <span class='ocrx_word' id='word_1_837' title='bbox 2943 4987 3033 5042; x_wconf 89' lang='lat' dir='ltr'><strong>ubi</strong></span> <span class='ocrx_word' id='word_1_838' title='bbox 3069 4987 3282 5057; x_wconf 89' lang='lat' dir='ltr'><strong>culpam</strong></span> <span class='ocrx_word' id='word_1_839' title='bbox 3321 5003 3428 5042; x_wconf 90' lang='lat' dir='ltr'><strong>non</strong></span> <span class='ocrx_word' id='word_1_840' title='bbox 3456 4987 3611 5043; x_wconf 89' lang='lat' dir='ltr'><strong>inve-</strong></span> 
     </span>
    </p>
   </div>
   <div class='ocr_carea' id='block_1_114' title="bbox 2023 5070 3613 5152">
    <p class='ocr_par' dir='ltr' id='par_1_114' title="bbox 2023 5070 3613 5152">
     <span class='ocr_line' id='line_1_114' title="bbox 2023 5070 3613 5152; baseline -0.003 -14"><span class='ocrx_word' id='word_1_841' title='bbox 2023 5085 2120 5144; x_wconf 86' lang='lat' dir='ltr'><strong>nit.</strong></span> <span class='ocrx_word' id='word_1_842' title='bbox 2164 5070 2302 5152; x_wconf 71' lang='lat' dir='ltr'><strong>pairi</strong></span> <span class='ocrx_word' id='word_1_843' title='bbox 2335 5090 2523 5136; x_wconf 89' lang='lat' dir='ltr'><strong>nostro</strong></span> <span class='ocrx_word' id='word_1_844' title='bbox 2552 5080 2783 5136; x_wconf 77' lang='lat' dir='ltr'><strong>Abrahte</strong></span> <span class='ocrx_word' id='word_1_845' title='bbox 2818 5080 2897 5136; x_wconf 89' lang='lat' dir='ltr'><strong>sic</strong></span> <span class='ocrx_word' id='word_1_846' title='bbox 2921 5079 3195 5149; x_wconf 88' lang='lat' dir='ltr'><strong>loquitur:</strong></span> <span class='ocrx_word' id='word_1_847' title='bbox 3229 5077 3495 5133; x_wconf 82' lang='lat' dir='ltr'><strong>Masculus</strong></span> <span class='ocrx_word' id='word_1_848' title='bbox 3527 5082 3613 5149; x_wconf 89' lang='lat' dir='ltr'><strong>qui</strong></span> 
     </span>
    </p>
   </div>
   <div class='ocr_carea' id='block_1_115' title="bbox 2021 5168 3613 5244">
    <p class='ocr_par' dir='ltr' id='par_1_115' title="bbox 2021 5168 3613 5244">
     <span class='ocr_line' id='line_1_115' title="bbox 2021 5168 3613 5244; baseline -0.001 -17"><span class='ocrx_word' id='word_1_849' title='bbox 2021 5191 2125 5228; x_wconf 84' lang='lat' dir='ltr'><strong>non</strong></span> <span class='ocrx_word' id='word_1_850' title='bbox 2168 5173 2325 5244; x_wconf 75' lang='lat' dir='ltr'><strong>fuerit</strong></span> <span class='ocrx_word' id='word_1_851' title='bbox 2359 5174 2690 5227; x_wconf 83' lang='lat' dir='ltr'><strong>circumcisus</strong></span> <span class='ocrx_word' id='word_1_852' title='bbox 2742 5190 2898 5227; x_wconf 81' lang='lat' dir='ltr'><strong>carne</strong></span> <span class='ocrx_word' id='word_1_853' title='bbox 2947 5172 3040 5243; x_wconf 92' lang='lat' dir='ltr'><strong>(al.</strong></span> <span class='ocrx_word' id='word_1_854' title='bbox 3087 5168 3322 5241; x_wconf 86' lang='lat' dir='ltr'><strong>carnem)</strong></span> <span class='ocrx_word' id='word_1_855' title='bbox 3365 5174 3613 5244; x_wconf 70' lang='lat' dir='ltr'><strong>prteputii</strong></span> 
     </span>
    </p>
   </div>
   <div class='ocr_carea' id='block_1_116' title="bbox 2023 5263 3612 5336">
    <p class='ocr_par' dir='ltr' id='par_1_116' title="bbox 2023 5263 3612 5336">
     <span class='ocr_line' id='line_1_116' title="bbox 2023 5263 3612 5336; baseline 0.001 -16"><span class='ocrx_word' id='word_1_856' title='bbox 2023 5267 2104 5320; x_wconf 87' lang='lat' dir='ltr'><strong>sui</strong></span> <span class='ocrx_word' id='word_1_857' title='bbox 2131 5274 2309 5321; x_wconf 83' lang='lat' dir='ltr'><strong>octavo</strong></span> <span class='ocrx_word' id='word_1_858' title='bbox 2348 5266 2451 5332; x_wconf 87' lang='lat' dir='ltr'><strong>die,</strong></span> <span class='ocrx_word' id='word_1_859' title='bbox 2492 5266 2920 5320; x_wconf 72' lang='lat' dir='ltr'><strong>exterminabitur</strong></span> <span class='ocrx_word' id='word_1_860' title='bbox 2964 5263 3140 5317; x_wconf 86' lang='lat' dir='ltr'><strong>anima</strong></span> <span class='ocrx_word' id='word_1_861' title='bbox 3182 5263 3277 5316; x_wconf 80' lang='lat' dir='ltr'><strong>illa</strong></span> <span class='ocrx_word' id='word_1_862' title='bbox 3316 5263 3380 5318; x_wconf 86' lang='lat' dir='ltr'><strong>de</strong></span> <span class='ocrx_word' id='word_1_863' title='bbox 3421 5268 3612 5336; x_wconf 84' lang='lat' dir='ltr'><strong>populo</strong></span> 
     </span>
    </p>
   </div>
   <div class='ocr_carea' id='block_1_117' title="bbox 2021 5354 3608 5429">
    <p class='ocr_par' dir='ltr' id='par_1_117' title="bbox 2021 5354 3608 5429">
     <span class='ocr_line' id='line_1_117' title="bbox 2021 5354 3608 5429; baseline 0.002 -17"><span class='ocrx_word' id='word_1_864' title='bbox 2021 5375 2146 5423; x_wconf 84' lang='lat' dir='ltr'><strong>suo;</strong></span> <span class='ocrx_word' id='word_1_865' title='bbox 2173 5359 2293 5429; x_wconf 86' lang='lat' dir='ltr'><strong>quia</strong></span> <span class='ocrx_word' id='word_1_866' title='bbox 2314 5357 2693 5412; x_wconf 83' lang='lat' dir='ltr'><strong>Testamentum</strong></span> <span class='ocrx_word' id='word_1_867' title='bbox 2721 5374 2892 5411; x_wconf 83' lang='lat' dir='ltr'><strong>meum</strong></span> <span class='ocrx_word' id='word_1_868' title='bbox 2922 5354 3273 5426; x_wconf 76' lang='lat' dir='ltr'><strong>transgressus</strong></span> <span class='ocrx_word' id='word_1_869' title='bbox 3301 5358 3608 5429; x_wconf 78' lang='lat' dir='ltr'><strong>est(Genes.</strong></span> 
     </span>
    </p>
   </div>
   <div class='ocr_carea' id='block_1_118' title="bbox 2023 5445 3611 5518">
    <p class='ocr_par' dir='ltr' id='par_1_118' title="bbox 2023 5445 3611 5518">
     <span class='ocr_line' id='line_1_118' title="bbox 2023 5445 3611 5518; baseline -0.001 -16"><span class='ocrx_word' id='word_1_870' title='bbox 2023 5464 2081 5502; x_wconf 76' lang='grc' dir='ltr'>χι</span> <span class='ocrx_word' id='word_1_871' title='bbox 2096 5463 2151 5513; x_wconf 89' lang='grc' dir='ltr'>ιι,</span> <span class='ocrx_word' id='word_1_872' title='bbox 2184 5445 2295 5516; x_wconf 71' lang='grc'><strong>14).</strong></span> <span class='ocrx_word' id='word_1_873' title='bbox 2329 5445 2584 5518; x_wconf 89' lang='lat' dir='ltr'><strong>Quisquis</strong></span> <span class='ocrx_word' id='word_1_874' title='bbox 2614 5447 2793 5516; x_wconf 89' lang='lat' dir='ltr'><strong>itaque</strong></span> <span class='ocrx_word' id='word_1_875' title='bbox 2822 5453 2986 5513; x_wconf 89' lang='lat' dir='ltr'><strong>negat</strong></span> <span class='ocrx_word' id='word_1_876' title='bbox 3032 5445 3085 5498; x_wconf 91' lang='lat' dir='ltr'><strong>in</strong></span> <span class='ocrx_word' id='word_1_877' title='bbox 3132 5447 3367 5513; x_wconf 89' lang='lat' dir='ltr'><strong>parvulis</strong></span> <span class='ocrx_word' id='word_1_878' title='bbox 3414 5466 3611 5505; x_wconf 78' lang='lat' dir='ltr'><strong>secuit.</strong></span> 
     </span>
    </p>
   </div>
   <div class='ocr_carea' id='block_1_119' title="bbox 2095 5624 3373 5693">
    <p class='ocr_par' dir='ltr' id='par_1_119' title="bbox 2095 5624 3373 5693">
     <span class='ocr_line' id='line_1_119' title="bbox 2095 5624 3373 5693; baseline -0.001 -12"><span class='ocrx_word' id='word_1_879' title='bbox 2095 5624 2119 5664; x_wconf 75' lang='grc' dir='ltr'>ἀ</span> <span class='ocrx_word' id='word_1_880' title='bbox 2152 5626 2242 5683; x_wconf 91' lang='lat' dir='ltr'><strong>Sic</strong></span> <span class='ocrx_word' id='word_1_881' title='bbox 2267 5643 2403 5692; x_wconf 89' lang='lat' dir='ltr'><strong>ms.;</strong></span> <span class='ocrx_word' id='word_1_882' title='bbox 2439 5628 2494 5682; x_wconf 91' lang='lat' dir='ltr'><strong>in</strong></span> <span class='ocrx_word' id='word_1_883' title='bbox 2524 5625 2680 5681; x_wconf 88' lang='lat' dir='ltr'><strong>editis</strong></span> <span class='ocrx_word' id='word_1_884' title='bbox 2704 5634 2907 5693; x_wconf 88' lang='lat' dir='ltr'><strong>autem,</strong></span> <span class='ocrx_word' id='word_1_885' title='bbox 2941 5629 2995 5682; x_wconf 90' lang='lat' dir='ltr'><strong>in</strong></span> <span class='ocrx_word' id='word_1_886' title='bbox 3019 5629 3373 5683; x_wconf 81' lang='lat' dir='ltr'><strong>similitudine.</strong></span> 
     </span>
    </p>
   </div>
   <div class='ocr_carea' id='block_1_120' title="bbox 2098 5696 2798 5752">
    <p class='ocr_par' dir='ltr' id='par_1_120' title="bbox 2098 5696 2798 5752">
     <span class='ocr_line' id='line_1_120' title="bbox 2098 5696 2798 5752; baseline -0.006 -1"><span class='ocrx_word' id='word_1_887' title='bbox 2098 5708 2122 5736; x_wconf 73' lang='grc' dir='ltr'><strong>ο</strong></span> <span class='ocrx_word' id='word_1_888' title='bbox 2155 5697 2250 5751; x_wconf 82' lang='lat' dir='ltr'><strong>Ms.</strong></span> <span class='ocrx_word' id='word_1_889' title='bbox 2273 5738 2288 5751; x_wconf 92' lang='lat'><strong>.</strong></span> <span class='ocrx_word' id='word_1_890' title='bbox 2316 5698 2371 5752; x_wconf 88' lang='lat' dir='ltr'><strong>in</strong></span> <span class='ocrx_word' id='word_1_891' title='bbox 2388 5696 2798 5751; x_wconf 83' lang='lat' dir='ltr'><strong>similitudinem.</strong></span> 
     </span>
    </p>
   </div>
   <div class='ocr_carea' id='block_1_121' title="bbox 2103 5766 3609 5840">
    <p class='ocr_par' dir='ltr' id='par_1_121' title="bbox 2103 5766 3609 5840">
     <span class='ocr_line' id='line_1_121' title="bbox 2103 5766 3609 5840; baseline -0.001 -19"><span class='ocrx_word' id='word_1_892' title='bbox 2103 5766 2237 5840; x_wconf 74' lang='lat' dir='ltr'><strong>fSic</strong></span> <span class='ocrx_word' id='word_1_893' title='bbox 2274 5783 2400 5831; x_wconf 82' lang='lat' dir='ltr'><strong>ms.,</strong></span> <span class='ocrx_word' id='word_1_894' title='bbox 2432 5774 2490 5840; x_wconf 77' lang='lat' dir='ltr'><strong>at</strong></span> <span class='ocrx_word' id='word_1_895' title='bbox 2529 5766 2679 5831; x_wconf 88' lang='lat' dir='ltr'><strong>editi,</strong></span> <span class='ocrx_word' id='word_1_896' title='bbox 2729 5766 2820 5820; x_wconf 79' lang='lat' dir='ltr'><strong>seti</strong></span> <span class='ocrx_word' id='word_1_897' title='bbox 2852 5769 3124 5839; x_wconf 82' lang='lat' dir='ltr'><strong>originalis</strong></span> <span class='ocrx_word' id='word_1_898' title='bbox 3171 5772 3365 5840; x_wconf 78' lang='lat' dir='ltr'><strong>peccati</strong></span> <span class='ocrx_word' id='word_1_899' title='bbox 3420 5784 3609 5839; x_wconf 71' lang='lat' dir='ltr'><strong>negant</strong></span> 
     </span>
    </p>
   </div>
   <div class='ocr_carea' id='block_1_122' title="bbox 2028 5836 2603 5909">
    <p class='ocr_par' dir='ltr' id='par_1_122' title="bbox 2028 5836 2603 5909">
     <span class='ocr_line' id='line_1_122' title="bbox 2028 5836 2603 5909; baseline -0.009 -16"><span class='ocrx_word' id='word_1_900' title='bbox 2028 5838 2337 5909; x_wconf 70' lang='lat' dir='ltr'><strong>contagione</strong></span> <span class='ocrx_word' id='word_1_901' title='bbox 2359 5836 2603 5907; x_wconf 75' lang='lat' dir='ltr'><strong>pollutos.</strong></span> 
     </span>
    </p>
   </div>
  </div>
