4108 6484
543 428 645 489 471

1584 425 1640 479 5.
1681 419 2044 480 FULCENTH
2082 417 2387 475 El'l‘SCOP‘l
2425 416 2798 473 RUSPENSIS

3723 420 3840 474 ιη

543 562 671 604 cum
694 560 910 601 carnem
935 544 1276 599 nascentibus
1298 540 1557 609 originale
1579 546 1876 608 peccatum,
1904 535 2049 590 dicat
2076 535 2127 588 in
2166 548 2201 597 ,ι
2238 535 2408 588 rantia
2467 535 2673 603 peccati
2729 533 3008 600 minuitur,
3062 541 3268 588 tantum
3306 545 3486 590 reatus
3529 539 3845 606 peccatoris

543 655 654 708 quo
671 638 844 708 potuit
866 634 1039 705 infans
1059 644 1183 690 octo
1205 633 1411 688 dierum
1430 630 1832 683 Testamentum
1859 626 1948 679 Dei
1967 634 2134 679 trans-

542 731 717 799 gredi,
756 731 801 783 si
833 745 940 781 non
982 729 1033 780 in
1089 727 1180 781 illo
1206 736 1566 789 transgressus
1612 728 1696 773 est
1726 720 1776 772 iu
1807 735 1915 787 quo
1945 734 2135 771 omnes

542 820 940 892 peccaverunt?
964 816 1098 871 Cum
1128 824 1183 870 et
1220 822 1504 881 antequam
1550 819 1900 864 nascerentur
1929 815 2135 861 asserat

544 909 835 981 Apostolus
867 919 892 944 ι
923 906 1151 961 infantes
1180 904 1309 957 nihil
1334 904 1506 971 egisse
1532 903 1657 955 boni
1689 901 1774 952 vel
1802 899 1925 952 mali
1957 898 2133 967 (Rom.

544 1017 621 1062 Is,
659 998 778 1069 ll);
811 1008 866 1052 et
890 996 1168 1050 videamus
1194 994 1305 1062 jam
1338 1001 1513 1055 natos,
1550 1006 1657 1044 non
1679 989 1853 1044 solum
1886 989 2023 1041 intra
2047 1001 2138 1041 oc-

545 1101 730 1146 tavum
759 1090 900 1143 diem
930 1085 1224 1141 nativitatis
1264 1099 1374 1140 sua:
1425 1085 1567 1154 (quo.
1586 1090 1714 1135 tunc
1760 1089 2004 1147 tempore
2032 1079 2138 1133 cir—

546 1183 777 1252 cumcidi
800 1181 1122 1251 jubebantur
1152 1172 1429 1244 infantes),
1460 1177 1555 1231 sed
1594 1175 1756 1229 etiam
1797 1181 1921 1241 post
1965 1172 2138 1240 ipsum

547 1276 690 1330 diem
713 1283 829 1329 toto
852 1271 1088 1327 infantia:
1111 1286 1221 1325 suae
1252 1279 1496 1338 tempore
1527 1269 1578 1320 in
1611 1275 1816 1319 tantum
1848 1281 1954 1318 non
1986 1279 2142 1332 posse

549 1366 953 1420 Testamentum
1009 1363 1104 1416 Dei
1152 1358 1469 1427 transgredi,
1522 1367 1580 1410 ut
1627 1358 1705 1411 eis
1757 1371 1856 1409 nec
1902 1354 2142 1423 ejusdem

499 1474 511 1540 ι
551 1455 884 1510 'l'estalnenti
913 1453 1152 1533 cognitio
1182 1451 1359 1505 valeat
1389 1450 1645 1502 intimari.

624 1560 785 1639 30¢.
808 1567 895 1621 3'2.
941 1566 1022 1620 An
1053 1566 1143 1619 illo
1184 1565 1467 1633 quisquam
1517 1562 1660 1616 beati
1708 1559 1857 1613 Pauli
1895 1573 2145 1615 sermone

555 1662 607 1715 in
640 1659 876 1730 parvulis
905 1674 1169 1712 evacuare
1202 1656 1390 1708 nititur
1420 1654 1680 1721 originale
1711 1660 2008 1721 peccatum,
2038 1664 2147 1715 quo

554 1753 965 1819 dicit.regnasse
994 1757 1221 1802 mortem
1271 1745 1333 1798 ab
1376 1745 1541 1797 Adam
1588 1760 1746 1814 usque
1791 1741 1862 1794 ad
1910 1739 2144 1810 Moysen,

557 1844 713 1896 etiam
744 1842 796 1893 in
824 1855 911 1893 eos
955 1837 1043 1909 qui
1091 1854 1194 1889 non
1248 1842 1605 1905 peccaverunt,
1658 1834 1710 1883 in
1758 1830 2147 1883 similitudinem

2236 632 2483 693 augetur.
2514 624 2639 677 Ideo
2672 623 2961 691 Apostolus
2992 624 3067 676 ait
3095 641 3106 676 ;
3138 623 3247 678 Lex
3284 628 3420 679 enim
3457 631 3593 681 iram
3640 645 3842 697 opera-

2238 726 2351 781 tur;
2376 718 2465 769 ubi
2492 718 2628 769 enim
2656 732 2757 769 non
2785 726 2862 770 est
2895 716 2999 781 lex,
3032 735 3123 771 nec
3152 721 3511 788 prwvaricatio
3544 719 3729 791 (Rom.
3759 737 3842 779 Iv.

2238 802 2349 869 15).
2403 803 2545 859 Idem
2585 820 2802 875 quoque
2846 806 2977 861 dicit
3025 805 3162 870 Quia
3191 809 3274 861 lea:
3303 794 3511 881 propter
3542 821 3846 880 transgres-

2236 897 2431 967 sionpm
2486 897 2656 963 posita
2686 910 2765 951 est
2800 895 3021 967 (Colat:
3046 915 3122 963 ιιι,
3159 900 3247 969 l9)
3287 911 3360 965 et,
3415 901 3551 965 Quia
3581 906 3852 957 conclusit

2242 986 2515 1056 Scriptura
2545 988 2720 1040 omnia
2752 987 2845 1041 sub
2875 999 3109 1056 peccato,
3159 1000 3213 1042 ut
3258 991 3569 1060 justiﬁcatio
3616 1011 3687 1046 ea:
3730 993 3853 1063 ﬁde

2239 1077 2363 1131 .Iesu
2394 1076 2585 1133 Christi
2613 1077 2826 1131 daretur
2849 1078 3171 1132 credentibus
3202 1079 3522 1150 (lbid..22).
3548 1081 3850 1148 Quomodo

2242 1169 2404 1236 igitur
2431 1168 2499 1223 de
2528 1168 2883 1237 possibilitate
2915 1165 2939 1204 ἀ
2972 1169 3138 1223 solius
3168 1170 3333 1225 liberi‘
3372 1172 3577 1225 arbitrii
3618 1174 3687 1241 (si
3730 1188 3852 1226 non

2245 1260 2603 1330 prteveniatur
2631 1259 2899 1327 adjutorio
2920 1261 3103 1328 gratizc
3128 1261 3240 1325 Dei,
3274 1279 3370 1331 per
3398 1278 3559 1331 quam
3585 1265 3728 1318 bona
3752 1280 3857 1318 vo-

2245 1352 2421 1405 luntas
2443 1361 2726 1420 reparatur
2754 1361 2808 1405 et
2829 1360 3075 1406 servatur
3103 1354 3155 1406 in
3186 1354 3424 1423 homine)
3458 1340 3650 1408 natura
3678 1365 3853 1410 tanto

2247 1444 2417 1510 magis
2445 1441 2699 1510 superba,
2732 1450 2936 1510 quanto
2969 1444 3139 1513 magis
3168 1443 3406 1500 dominio
3438 1448 3645 1515 peccati
3689 1464 3852 1502 mor-

2249 1536 2395 1602 tique
2424 1535 2685 1603 subjecta,
2718 1537 3247 1607 quantulumcunque
3275 1540 3377 1594 sibi
3407 1540 3561 1594 bona:
3593 1542 3855 1595 volunta-

2252 1630 2319 1681 tis
2346 1635 2402 1681 et
2422 1628 2603 1696 operis
2626 1628 2905 1682 exordium
2933 1631 3281 1699 repromittit,
3313 1646 3431 1700 quae
3458 1647 3557 1686 nec
3583 1647 3716 1685 sana
3744 1649 3855 1703 po—

2250 1721 2352 1773 tuit
2391 1719 2486 1773 Dei
2528 1735 2750 1775 servare
2801 1721 3130 1787 mandatum,
3161 1738 3261 1778 nec
3288 1724 3567 1778 vulnerata
3606 1734 3855 1796 quantu-

2253 1810 2577 1878 lumcunque
2624 1810 2921 1866 curationis
2962 1812 3191 1881 sumpsit
3235 1811 3304 1867 de
3350 1813 3469 1881 lege
3514 1814 3851 1881 remedium,

559 1902 1000 2002 prtcvar-iCationis
1028 1928 1156 1981 Atla:
1186 1902 1362 1980 (Rom.
1398 1944 1451 1991 γ,
1486 1916 1549 1975 lii
1558 1929 1608 1989 )1’
1638 1922 1733 1977 Cui
1758 1922 1803 1974 si
1833 1920 1993 1975 fuerit
2021 1919 2149 1973 illud

2266 1902 2348 1956 sed
2373 1902 2594 1971 insuper
2621 1903 2771 1957 auxit
2799 1903 3030 1958 mandati
3064 1905 3371 1972 cognitione
3399 1909 3715 1977 peccatum?
3735 1907 3857 1965 Le:

561 2021 866 2076 econtrario
914 2018 1257 2088 replicatum,
1310 2017 1455 2084 quod
1508 2015 1647 2068 idem
1699 2012 1989 2081 Apostolus
2033 2010 2145 2064 ait:

562 2111 669 2165 Per
688 2112 839 2163 unius
870 2110 1112 2163 delictum
1139 2111 1192 2162 in
1222 2126 1398 2162 omnes
1422 2108 1651 2161 homines
1679 2108 1733 2159 in
1762 2105 2151 2159 condemnatio-

567 2219 682 2255 nem
716 2200 906 2269 (Ibid.,
941 2200 1063 2267 l8);
1095 2197 1236 2269 quod
1266 2199 1425 2268 paulo
1454 2206 1577 2268 post
1602 2212 1879 2267 exponens
1909 2196 2019 2248 ait:
2050 2194 2154 2247 Per

564 2276 969 2345 inobedientiam
995 2292 1146 2343 unius
1178 2289 1398 2343 hominis
1428 2298 1721 2357 peccatores
1748 2288 2013 2342 constituti
2036 2296 2155 2341 sunt

566 2383 715 2435 multi
744 2380 929 2453 (lbid.,
967 2380 1083 2449 l9);
1115 2389 1170 2433 et
1198 2396 1318 2433 cum
1346 2380 1412 2432 dc
1442 2379 1638 2432 ludatis
1666 2386 1826 2447 atque
1848 2376 2049 2432 Grzccis
2077 2377 2157 2430 lo-

568 2480 845 2542 queretur,
891 2471 1216 2539 generaliter
1259 2472 1470 2524 intulit:
1509 2469 1698 2523 Omnes
1732 2469 1870 2524 enim
1917 2485 2158 2539 peccare-

523 2630 533 2639 .
568 2573 691 2618 runt
720 2574 769 2618 et
797 2575 946 2637 egent
976 2564 1144 2634 gloria
1174 2562 1292 2629 Dei,
1316 2564 1595 2634 justificati
1624 2564 1787 2633 gratis
1814 2579 1905 2632 per
1934 2564 2157 2631 gratiam

572 2658 756 2727 ipsius,
812 2675 903 2727 per
951 2657 1349 2725 redemptionem
1396 2673 1510 2725 qua:
1563 2665 1640 2708 est
1687 2657 1741 2708 in
1790 2652 1996 2707 Christo
2032 2654 2157 2706 Jesu

572 2747 750 2818 (Rom.
783 2765 857 2812 ιιι,
893 2748 999 2811 23)
1034 2748 1098 2801 b:
1144 2764 1321 2801 nonne
1365 2748 1506 2803 illico
1555 2749 1607 2801 in
1651 2762 1871 2814 magnas
1919 2746 2162 2800 trudetur

518 2886 523 2893 ,
574 2840 863 2907 angustias,
890 2839 1073 2892 sinon
1115 2846 1399 2906 utrumque
1441 2853 1658 2891 sensum
1698 2836 1991 2892 secundum
2036 2851 2162 2904 pro-

571 2930 860 2985 fessionem
883 2931 1163 2985 catholica:
1188 2927 1525 2985 credulitatis
1547 2930 1847 2998 acceperit;
1881 2938 1937 2982 ut
1959 2929 2165 2982 scilicet

576 3021 809 3076 infantes
838 3022 1069 3091 propriis
1098 3021 1313 3091 quidem
1336 3021 1590 3091 operibus
1613 3020 1744 3073 nihil
1774 3018 2062 3089 deliquisse
2085 3018 2165 3073 di-

574 3121 680 3177 cat,
714 3114 766 3166 in
798 3112 888 3166 illo
912 3090 1091 3168 autcui
1128 3114 1299 3183 primo
1327 3113 1541 3167 homine
1570 3128 1759 3166 omnes
1787 3111 2033 3164 homines
2068 3126 2162 3178 ge-

572 3205 835 3259 neraliter
861 3220 1112 3273 peccasse
1140 3205 1472 3271 cognoscat?

2254 1994 2396 2047 enim
2425 1993 2753 2061 subintravit,
2780 2004 2838 2048 ut
2858 1996 3145 2051 abundaret
3165 2007 3427 2067 peccatum
3457 1997 3632 2067 (Rom.
3660 1999 3851 2070 v,20),

2253 2084 2323 2139 de
2346 2099 2457 2153 quo
2483 2084 2700 2139 liberari
2745 2100 2908 2141 nemo
2938 2094 3134 2155 potest,
3191 2088 3291 2143 nisi
3339 2104 3435 2157 per
3473 2089 3686 2156 Agnum
3724 2089 3852 2158 Dei,

2254 2176 2344 2245 qui
2376 2176 2514 2230 tollit
2535 2185 2754 2246 peccata
2777 2176 2980 2231 mundi.
3010 2176 3085 2232 De
3106 2193 3338 2248 corpore
3362 2179 3519 2250 305
3542 2181 3688 2234 enim
3711 2196 3857 2235 mor-

2256 2267 2324 2319 tis
2353 2265 2512 2335 hujus
2541 2281 2648 2321 non
2666 2266 2893 2321 liberum
2922 2267 3155 2322 hominis
3180 2267 3484 2337 arbitrium,
3515 2286 3694 2340 neque
3718 2272 3856 2340 legis

2256 2369 2522 2425 sanctum,
2547 2358 2769 2427 justum,
2796 2358 3100 2428 bonumque
3128 2360 3468 2427 mandatum;
3494 2363 3590 2417 sed
3613 2363 3729 2417 sola
3746 2381 3858 2421 nos

2261 2448 2453 2503 liberat
2476 2450 2647 2517 gratia
2677 2449 2771 2503 Dei
2798 2466 2894 2519 per
2911 2449 3091 2505 Jesum
3120 2450 3392 2506 Christum
3433 2453 3719 2509 Dominum
3761 2473 3858 2511 no-

2262 2549 2451 2594 strum.
2496 2539 2607 2594 Lex
2633 2543 2769 2594 enim
2799 2543 3008 2611 spiritus
3022 2545 3140 2612 rita:
3164 2541 3217 2596 in
3240 2542 3443 2598 Christo
3463 2543 3588 2599 Iesu
3616 2546 3855 2601 libera-it

2261 2650 2354 2685 nos
2382 2649 2414 2685 a
2442 2633 2554 2703 lege
2578 2634 2774 2702 peccati
2797 2643 2845 2685 et
2866 2636 3044 2687 mortis
3065 2633 3242 2703 (Rom.
3272 2652 3381 2699 vm,
3412 2634 3491 2707 2).

2332 2721 2464 2777 (ΖΜ).
2490 2712 2617 2777 xvii.
2659 2720 2890 2792 Christus
2913 2723 3166 2778 hominem
3190 2724 3397 2792 liberat,
3419 2742 3523 2778 non
3544 2728 3860 2780 invenienda

2263 2802 2438 2887 ﬁdem,
2464 2816 2555 2870 sed
2570 2787 2762 2868 dando.
2787 2846 2859 2856 —
2879 2813 2965 2867 Si.
2998 2814 3269 2870 Liberavit
3294 2787 3473 2871 autem
3502 2832 3612 2870 non
3642 2817 3697 2870 in
3719 2833 3863 2887 quo-

2265 2908 2396 2961 libet
2440 2907 2658 2962 homine
2704 2906 2862 2962 lidem
2908 2907 3265 2972 inveniendo,
3321 2907 3416 2961 sed
3463 2905 3664 2962 dando.
3717 2907 3863 2965 Dens

2266 2999 2410 3051 enim
2458 2999 2549 3066 qui
2599 2999 2818 3073 impium
2836 2998 3115 3067 justilicat,
3151 2998 3263 3066 ipse
3295 2997 3496 3052 inﬁdeli
3525 2996 3708 3065 ﬁdem,
3734 3013 3862 3068 qua

2269 3101 2365 3155 per
2403 3089 2682 3142 caritatem
2712 3096 2991 3157 operatur,
3033 3087 3203 3154 gratia
3245 3102 3355 3143 sua:
3381 3087 3538 3142 bona:
3566 3090 3864 3147 voluntatis

2272 3178 2514 3247 inspirat.
2549 3178 2698 3233 Unde
2728 3177 2874 3247 quod
2897 3178 2962 3232 ad
2995 3176 3134 3233 bene
3161 3177 3436 3245 cogitandi
3466 3180 3662 3236 attinet
3689 3180 3863 3238 facul-

648 3292 781 3347 CAP.
810 3270 917 3346 xvi.
958 3293 998 3344 Α
1040 3270 1250 3363 peccato
1294 3293 1511 3362 originis
1552 3306 1654 3345 non
1684 3289 1866 3343 liberat
1905 3289 2005 3341 nisi
2036 3288 2162 3358 ﬁdes

2273 3277 2460 3332 tatem,
2511 3278 2740 3323 testatur
2783 3270 3073 3339 Apostolus
3125 3270 3328 3335 dicens,
3361 3271 3485 3340 quia
3535 3289 3640 3326 non
3688 3291 3867 3349 sumus

584 3384 959 3454 Redemptoris.
978 3380 1185 3437 Natura
1213 3400 1350 3437 eteca
1378 3384 1489 3435 sine
1520 3383 1630 3453 lege
1658 3390 1852 3451 peccat.
1877 3413 1947 3421 —
1967 3379 2055 3433 33.
2090 3380 2169 3433 Ab

581 3478 687 3531 hoc
714 3486 934 3546 peccato
964 3475 1109 3545 quod
1139 3475 1472 3542 originaliter
1513 3474 1743 3529 carnalis
1784 3472 2034 3526 nativitas
2072 3479 2172 3524 tras

583 3570 665 3623 hit
716 3568 980 3623 neminem
1030 3567 1257 3623 facultas
1323 3566 1608 3629 naturalis,
1660 3564 1930 3619 neminem
1995 3563 2168 3616 littera

582 3668 783 3713 sanctm
815 3658 962 3725 legis,
1007 3658 1101 3713 sed
1143 3659 1256 3712 sola
1311 3657 1445 3712 lides
1471 3657 1629 3727 eripit
1655 3654 1783 3709 Jesu
1811 3653 2008 3709 Christi
2051 3653 2171 3706 Filii

583 3747 701 3811 Dei,
730 3749 820 3817 qui
848 3751 1069 3804 veniens
1098 3749 1191 3817 (at.
1232 3747 1399 3818 venit)
1440 3764 1669 3821 querere
1695 3757 1743 3799 et
1775 3746 1971 3800 salvum
2004 3747 2173 3816 facere

585 3841 721 3912 quod
747 3842 970 3909 perierat
1001 3839 1150 3911 (Luc.
1193 3856 1305 3903 XIX,
1353 3839 1463 3907 10),
1493 3854 1591 3908 pro
1620 3838 1798 3907 impiis
1821 3846 2065 3891 mortuus
2093 3844 2175 3890 est

560 3932 763 3999 (Rom.
796 3949 846 3998 ν,
891 3933 967 4005 6),
1015 3935 1239 4002 offerens
1293 3932 1620 4002 semetipsum
1672 3947 1765 3999 pro
1823 3929 1967 3982 nobis
2016 3928 2176 3993 (sicut

584 4024 877 4094 Apostolus
900 4022 1049 4094 dicit)
1077 4024 1387 4078 oblationem
1416 4032 1464 4075 et
1486 4021 1709 4075 hostiam
1750 4018 1861 4072 Deo
1887 4020 1942 4071 in
1967 4018 2175 4072 odorem

584 4116 850 4169 suavitatis
884 4112 1101 4183 (Ephes.
1132 4130 1187 4177 v,
1216 4112 1294 4180 2).
1327 4112 1383 4165 In
1411 4113 1515 4166 hoc
1544 4110 1841 4164 mediatore
1874 4109 1968 4163 Dei
1999 4118 2055 4162 et
2076 4110 2175 4162 ho-

586 4206 809 4268 minum,
841 4213 896 4259 et.
924 4205 1170 4258 humana:
1212 4214 1415 4258 natura:
1460 4212 1632 4257 status
1670 4209 1951 4270 reparatus
1991 4209 2093 4263 est,
2124 4210 2180 4253 et

587 4293 870 4365 implenda:
884 4296 1015 4363 legis
1029 4304 1114 4350 est
1134 4303 1534 4350 consummatus
1548 4291 1769 4346 ellcctus
1788 4290 1880 4361 (al.
1896 4288 2143 4359 affectus)
2166 4308 2176 4342 :

514 4402 515 4409 ‘
588 4387 714 4457 quia
743 4403 844 4441 nec
884 4386 984 4440 sibi
1027 4385 1093 4439 ad
1136 4386 1389 4439 virtutem
1425 4382 1671 4437 sufﬁcere
1702 4381 1972 4435 ullatenus
2000 4383 2178 4449 potuit

589 4470 850 4531 naturalis
892 4474 1190 4539 inlirmitas,
1220 4489 1336 4542 qua:
1388 4474 1572 4541 utique
1614 4490 1682 4526 ex
1712 4488 1821 4541 quo
1865 4490 2041 4526 omnes
2072 4474 2180 4526 dies

588 4568 757 4622 nostri
776 4566 1088 4636 defecerunt,
1104 4575 1153 4618 et
1173 4567 1225 4618 in
1250 4566 1329 4617 ira
1353 4563 1447 4618 Dei
1466 4564 1744 4634 defecimus
1773 4563 1940 4631 (Psal.
1964 4581 2181 4631 Lxxxtx,

2272 3364 2441 3415 idonei
2470 3364 2695 3431 cogitare
2737 3363 2933 3433 aliquid
2976 3380 3041 3416 ex
3088 3362 3260 3428 nobis,
3292 3365 3437 3434 quasi
3477 3381 3543 3417 ea:
3573 3366 3743 3430 nobis,
3773 3369 3868 3420 sed

2272 3455 2570 3522 su/jieientia
2596 3464 2774 3507 nostra
2812 3470 2877 3506 e1:
2920 3452 3032 3508 Deo
3062 3462 3137 3508 est
3168 3450 3254 3526 (ιι
3283 3453 3404 3509 Cor.
3438 3471 3515 3518 ιιι,
3545 3454 3623 3526 5).
3657 3454 3867 3512 Re'vera

2274 3546 2439 3609 enim,
2472 3543 2768 3599 secundum
2792 3545 3031 3611 ejusdem
3061 3543 3306 3614 Apostoli
3328 3543 3552 3610 dictum,
3587 3544 3726 3600 Deus
3748 3549 3871 3617 qui-

2277 3637 2373 3690 bus
2402 3635 2630 3689 voluerit
2650 3636 2743 3687 dat
2761 3637 3114 3704 paenitentiam
3142 3636 3212 3688 ad
3242 3637 3656 3707 cognoscendam
3677 3640 3868 3691 verita-

2278 3735 2396 3788 tem,
2434 3735 2490 3777 ut
2517 3726 2825 3795 resipiscant
2853 3742 2886 3777 α
2907 3723 3101 3779 diaboli
3129 3726 3345 3795 laqueis,
3376 3743 3407 3779 a
3432 3742 3531 3797 quo
3561 3729 3754 3797 captivi
3799 3739 3871 3781 te-

2279 3825 2464 3868 nentur
2493 3814 2561 3866 ad
2582 3816 2743 3884 ipsius
2767 3814 3076 3868 voluntatem
3109 3812 3197 3883 (ΙΙ
3219 3812 3352 3869 Tim.
3385 3831 3441 3879 ιι,
3465 3814 3578 3886 25).
3612 3814 3764 3872 Unde
3787 3818 3872 3872 ille

2282 3905 2652 3973 apostolorum
2676 3904 2880 3972 primus
2907 3911 2963 3958 et
2984 3904 3145 3971 digne
3172 3904 3363 3959 beatus
3389 3905 3630 3959 veritatis
3658 3907 3876 3975 eloquio

2282 4002 2642 4065 nuncupatus,
2659 3993 2727 4048 de
2748 3992 3063 4048 credulitate
3083 3994 3321 4061 gentium
3346 3993 3594 4061 loquens,
3608 3993 3780 4049 Deum
3796 3998 3877 4050 di-

2282 4089 2357 4141 xit
2391 4087 2491 4142 lide
2515 4086 2800 4141 mandasse
2823 4086 2999 4140 cordai
3011 4100 3200 4139 eorum
3216 4102 3231 4150 ;
3250 4093 3306 4139 et
3327 4099 3513 4139 rursus
3534 4086 3612 4138 ait
3631 4087 3879 4145 eamdem

2281 4183 2506 4249 gratiam
2524 4181 2602 4234 di\
2618 4180 2777 4233 initus
2787 4178 2967 4232 datam
2984 4178 3231 4246 gentibus
3246 4193 3407 4248 quam
3423 4188 3478 4235 et
3491 4182 3622 4252 ipsis
3635 4182 3773 4252 (Act.
3788 4199 3877 4243 xv.

2283 4282 2360 4350 θ),
2377 4289 2436 4334 ut
2455 4280 2768 4335 crederent:
2792 4278 2884 4332 ubi
2908 4279 3200 4346 gratuitum
3222 4281 3408 4347 gratiae
3424 4282 3627 4337 donum
3648 4285 3881 4353 apostoli

2286 4391 2341 4437 et
2354 4382 2587 4451 majores
2610 4390 2738 4436 natu
2752 4382 2803 4434 in
2816 4380 3060 4435 doctrina
3072 4381 3494 4453 sancti‘Spirjtns
3514 4396 3880 4452 agnoverunt;

2287 4489 2579 4544 omnesque
2610 4473 2889 4528 uitauimes
2914 4490 3020 4528 uno
3066 4489 3162 4529 ore
3211 4475 3262 4528 in
3315 4475 3466 4536 beati.
3488 4475 3635 4531 Petri
3663 4485 3884 4534 senten-

2289 4569 2415 4619 tiam
2462 4564 2810 4626 transierunt,
2853 4562 3135 4618 dicentes:
3170 4563 3310 4635 Ergo
3360 4574 3410 4617 et
3457 4566 3702 4635 gentibus
3747 4566 3884 4621 Deus

589 4659 670 4731 υ),
703 4659 902 4712 luiuine
930 4657 1084 4711 simul
1113 4665 1169 4709 et
1188 4656 1384 4710 virtute
1411 4656 1635 4725 privata,
1672 4656 1722 4708 in
1749 4664 1953 4708 tantum
1986 4671 2122 4709 ecca
2154 4669 2174 4690 ε
2213 4651 2260 4708 D
2284 4658 2635 4728 paenitentiam
2668 4657 2738 4709 ad
2778 4658 2936 4711 vitam
2971 4657 3112 4711 dedit
3144 4658 3280 4728 (Act.
3313 4674 3387 4721 si,
3419 4657 3498 4725 8).
3527 4658 3735 4730 Nempe
3762 4676 3884 4715 cum

590 4752 708 4803 sine
739 4750 853 4817 lege
883 4755 1087 4817 peccat,
1115 4756 1174 4800 ut
1199 4760 1424 4815 peccare
1452 4761 1511 4800 se
1539 4747 1760 4800 nesciat.
1796 4742 2024 4814 Propter
2037 4743 2180 4811 quod

592 4839 822 4892 dicitur:
856 4837 1336 4907 Concupiscentiam
1366 4836 1669 4900 nesciebam,
1700 4838 1799 4889 nisi
1841 4837 1925 4888 lea:
1949 4837 2139 4888 diceret
2164 4851 2181 4887 :

594 4929 721 4985 Non
751 4932 1075 4999 concupisces
1108 4929 1282 5000 (Rom.
1319 4946 1407 4993 vn,
1440 4929 1514 4997 7).
1542 4928 1751 4997 Legalis
1777 4943 1993 4998 quoque
2027 4928 2180 4981 audi-

594 5033 682 5076 tus
704 5037 807 5075 non
838 5020 1010 5078 solum
1031 5022 1298 5075 neminem
1321 5022 1390 5074 de
1413 5024 1681 5089 potestate
1713 5020 2055 5074 tenebrarum
2077 5017 2184 5072 eri-

593 5115 730 5183 puit,
771 5113 898 5180 quin
929 5112 1091 5167 etiam
1132 5112 1503 5181 peccatoribus
1541 5110 1812 5165 cumulum
1852 5102 2181 5178 pracvarica-

594 5206 759 5259 tionis
789 5205 1005 5274 adjecit.
1037 5203 1166 5258 Sine
1195 5203 1365 5271 gratia
1412 5203 1611 5272 quippe
1664 5202 1784 5256 lidei
1837 5202 2051 5269 gravius
2098 5202 2181 5254 lex

598 5296 778 5362 agnita
825 5312 985 5367 quam
1014 5298 1196 5370 ignota
1226 5294 1568 5351 condemnat.
1605 5291 1702 5348 Ubi
1731 5302 1992 5362 quantum
2031 5294 2185 5362 igno-

602 5612 643 5666 Α
676 5551 699 5577 ⁸
735 5542 856 5664 Ms!”
910 5562 1023 5599 eum
1070 5556 1119 5599 et
1160 5556 1433 5618 antequam
1487 5555 1785 5599 nasceretur
1833 5554 2033 5597 asserat
2074 5563 2185 5599 eum

654 5622 799 5666 nosto
826 5630 905 5666 us.
939 5624 1041 5666 etc.

652 5622 905 5681 postulas,
939 5624 1041 5670 etc.

677 5680 897 5754 bﬁAbest
927 5685 1011 5739 hic
1036 5702 1065 5738 a
1097 5702 1194 5741 ms.
1228 5680 1450 5744 Domino
1473 5696 1669 5752 nostra,
1710 5693 1766 5741 et
1789 5698 1818 5737 a
1867 5691 2018 5738 textu
2042 5683 2189 5754 Apo-

604 5752 761 5814 stoli;
788 5753 975 5820 legitur
1002 5756 1053 5810 in
1076 5757 1251 5812 editis.

685 5836 705 5858 τ
738 5822 812 5874 Ita
845 5841 968 5884 ms.;
999 5834 1047 5875 at
1075 5827 1220 5885 editi,
1256 5831 1303 5879 in
1333 5836 1531 5880 tantum
1562 5836 1750 5879 natura
1775 5840 1931 5879 ca’ca.

679 5889 704 5934 ο
734 5893 823 5997 Sic
853 5894 1041 5963 legitur
1092 5898 1141 5949 in
1182 5897 1369 5962 editis;
1414 5906 1464 5950 at
1500 5898 1553 5950 in
1603 5912 1704 5965 ms.
1754 5895 1865 5949 hcce
1898 5893 2190 5973 praefertur

2285 4750 2400 4821 ipse
2428 4748 2674 4802 Salvator
2702 4756 2887 4802 noster
2915 4748 3147 4817 propria:
3173 4748 3323 4803 vocis
3345 4748 3573 4817 imperio
3594 4748 3884 4807 humanam

2285 4839 2603 4893 convenerit
2651 4849 2673 4875 ν
2705 4838 3059 4902 voluntatem,
3090 4836 3313 4892 dicens:
3348 4836 3675 4893 Paenitemini
3706 4850 3758 4893 et
3776 4833 3887 4895 cre-

2288 4931 2392 4983 dite
2432 4929 2717 5000 Evangelia
2766 4929 2963 5001 (Marc.
3015 4945 3053 4994 ι,
3106 4928 3232 5000 15);
3264 4929 3433 4985 claret
3461 4939 3641 4986 tamen
3670 4933 3797 5002 quia
3828 4940 3887 4988 ut

2287 5020 2448 5074 homo
2478 5020 2529 5073 in
2560 5020 2728 5074 Deum
2749 5019 2970 5073 credere
3007 5019 3245 5087 incipiat,
3285 5034 3313 5072 a
3346 5017 3459 5073 Deo
3485 5022 3683 5091 accipit
3709 5025 3886 5092 pumi-

2293 5112 2515 5164 tentiam
2545 5111 2611 5164 ad
2642 5111 2835 5172 vitam,
2858 5110 2931 5164 ita
2970 5118 3028 5164 ut
3057 5112 3278 5164 omnino
3304 5111 3526 5167 credere
3558 5130 3666 5169 non
3695 5116 3884 5184 possit,

2293 5200 2393 5252 nisi
2416 5201 2786 5269 pmnitentiam
2809 5200 2954 5256 dono
2982 5200 3077 5255 Dei
3097 5201 3403 5254 miserantis
3436 5204 3707 5271 acceperit
3732 5222 3745 5257 :
3768 5218 3887 5273 quae

2270 5290 2377 5345 est
2397 5302 2574 5347 autem
2606 5294 2919 5363 pmniteutia
2944 5294 3197 5352 hominis,
3234 5295 3331 5347 nisi
3379 5294 3607 5351 mutatio
3635 5299 3883 5352 voluntav

2298 5548 2477 5607 lectio,
2507 5545 2775 5611 Quomodo
2818 5546 2975 5616 igitur
3004 5546 3066 5598 tle
3107 5545 3448 5612 possibilitate
3480 5546 3698 5616 solvitur
3739 5518 3886 5596 liberi

2297 5616 2521 5680 arbitrii,
2549 5617 2721 5669 sinon
2762 5614 3194 5685 prtiaveniatur....
3242 5615 3341 5667 Ant
3384 5614 3886 5685 quantulumcunque

2296 5689 2393 5741 sibi
2422 5688 2571 5741 bona:
2590 5687 2887 5750 voluntatis,
2916 5692 3022 5740 etc.

2372 5767 2395 5794 ε
2422 5758 2498 5811 Ita
2529 5772 2652 5819 ms.;
2672 5755 2801 5811 Lov.
2834 5770 2963 5809 vero
2987 5764 3039 5809 et
3068 5755 3219 5819 Ant.,
3251 5756 3522 5819 convenit;
3546 5753 3732 5823 Basil.,
3758 5769 3884 5806 con-

2299 5830 2465 5881 vertit.
