4124 6458
341 398 446 453 475

1726 410 2055 468 EPISTOLA
2093 411 2250 467 XVII.

3525 420 3634 476 ιη

420 564 429 574 .
477 529 617 585 Deus
641 541 792 597 ergo,
817 528 908 596 qui
931 527 1134 582 homini
1160 525 1531 597 paenitentiam
1552 522 1664 587 dat,
1693 525 1807 593 ipse
1836 540 1934 578 νο·
1966 531 2010 586 Α
2042 533 2465 595 persecutorem,
2491 533 2544 580 et
2572 527 3039 589 eostumeliosum,
3065 544 3241 585 caecus
3272 540 3434 601 atque
3458 533 3632 591 inere-

364 629 605 677 uatatem
628 619 858 674 hominis
876 626 1067 673 mutat.
1468 666 1473 672 .

418 710 505 767 35.
547 710 781 765 Proinde
808 709 854 763 si
881 711 1001 779 quis
1027 709 1177 773 dicit,
1209 706 1385 763 Meum
1415 718 1499 762 est
1527 706 1668 761 velle
1691 706 1933 768 credere,

345 803 440 862 Dei
472 813 651 858 autem
680 802 863 869 gratia:
890 810 973 856 est
999 799 1259 868 adjuvare
1277 842 1291 862 .
1315 807 1488 854 mutet
1508 799 1772 854 dictorum
1801 796 1939 851 ordi-

346 912 471 952 nem
497 936 513 961 ,
546 897 655 949 imo
683 910 790 950 non
815 899 1008 959 mutet,
1031 891 1125 946 sed
1154 899 1352 968 servet,
1379 904 1478 944 nec
1499 889 1642 958 quod
1667 887 1937 958 posterius
1984 895 1991 903 ‘

342 1002 431 1043 est
457 989 510 1043 in
539 986 720 1056 priore
746 984 886 1049 loco,
922 997 1023 1037 nec
1050 981 1195 1051 quod
1225 989 1309 1036 est
1337 980 1486 1049 prius
1516 980 1571 1034 in
1601 978 1722 1035 loco
1752 985 1935 1048 poste-

343 1080 488 1134 riore
516 1076 829 1132 constituat.
863 1073 1000 1129 Male
1039 1073 1182 1128 enim
1220 1072 1447 1139 gratiam
1479 1071 1573 1125 Dei
1605 1085 1714 1125 sum
1742 1070 1930 1123 volun-

343 1171 443 1225 tati
475 1167 767 1239 postponit,
799 1182 922 1221 cum
953 1165 1052 1219 ista
1080 1164 1222 1217 bona
1245 1166 1379 1216 esse
1408 1176 1516 1215 non
1547 1159 1736 1229 possit,
1770 1159 1813 1212 si
1846 1158 1936 1211 illa

341 1261 591 1316 defuerit.
620 1259 734 1314 Non
764 1272 894 1326 ergo
933 1257 1028 1329 (al.
1060 1255 1225 1325 enim)
1257 1254 1427 1316 dicat,
1471 1251 1646 1305 Meum
1677 1259 1759 1305 est
1802 1249 1939 1304 velle

340 1355 588 1415 credere,
624 1352 716 1406 Dei
746 1360 926 1406 autem
956 1349 1140 1418 gratia:
1182 1354 1265 1409 est
1301 1345 1587 1413 adjuvare;
1634 1342 1730 1397 sed
1772 1341 1935 1406 dicat,

340 1446 529 1517 gratia:
556 1444 652 1498 Dei
678 1453 756 1497 est
786 1442 1059 1511 adjuvare,
1107 1447 1167 1493 ut
1203 1439 1274 1493 sit
1316 1450 1494 1490 meum
1524 1434 1660 1488 velle
1689 1430 1933 1487 credere.

343 1537 498 1592 Tunc
527 1535 669 1590 enim
694 1548 821 1589 vere
857 1538 1109 1599 recteque
1135 1528 1245 1596 agit
1281 1527 1386 1581 hoc
1414 1524 1531 1594 ejus
1561 1522 1697 1576 velle
1729 1530 1781 1583 ",
1814 1534 1936 1575 eum

341 1642 469 1683 eum
498 1626 667 1695 gratia
695 1623 1029 1694 praiveniens
1062 1618 1287 1689 coeperit
1316 1616 1593 1685 adjuvare.
1621 1611 1782 1668 Fides
1801 1612 1937 1665 enim

341 1732 461 1787 qua:
487 1733 578 1787 per
605 1716 875 1771 caritatem
921 1719 1182 1782 operatur,
1229 1707 1484 1762 humilem
1528 1704 1654 1757 facit
1690 1717 1813 1779 eum
1851 1701 1937 1756 cui

341 1809 523 1872 datur,
554 1805 679 1875 quia
723 1806 916 1857 caritas
946 1819 1049 1857 non
1078 1801 1294 1868 inﬂatur
1324 1796 1503 1866 (Rom.
1533 1811 1645 1861 xui,
1669 1793 1745 1863 4).
1775 1792 1947 1861 AdjuJ

2037 614 2195 670 dulus
2225 615 2541 684 ignorabat?
2562 616 2713 683 Quod
2734 618 2916 672 humili
2939 619 3103 674 corde
3132 622 3499 688 considerans,
3522 625 3631 681 alio

2039 704 2160 761 loco
2195 704 2360 760 dicit:
2395 703 2521 760 Non
2550 723 2663 760 sum
2704 708 2892 779 dignus
2942 712 3117 763 vocari
3163 713 3447 781 apostolus,
3504 718 3631 787 quia

2037 807 2330 866 persecutus
2359 815 2472 851 sum
2499 797 2787 854 Ecclesium
2818 800 2916 855 Dei
2965 801 3022 870 (Ι
3068 800 3190 857 Cor.
3240 821 3328 869 xv,
3372 804 3451 875 9).
3501 806 3630 862 Sta-

2040 888 2242 957 timque
2277 888 2435 943 tidem
2478 905 2631 947 suam
2663 907 2771 945 non
2801 894 3034 962 propriae
3062 893 3346 960 voluntati,
3378 895 3474 951 sed
3503 911 3631 966 gra-

2038 982 2125 1035 tia:
2154 981 2248 1036 Dei
2280 983 2586 1038 miserantis
2608 985 2909 1054 assignans,
2936 986 3070 1041 dicit
3098 1005 3111 1039 :
3141 985 3325 1041 Gratia
3346 999 3517 1043 autent
3532 989 3631 1045 Dei

2038 1090 2154 1127 sum
2180 1075 2234 1126 id
2255 1075 2393 1145 quod
2434 1092 2549 1129 sum
2596 1075 2785 1146 (lbid.,
2835 1076 2944 1146 10).
2990 1077 3127 1143 Quid
3157 1086 3337 1133 autem
3372 1080 3484 1149 jam
3513 1091 3635 1137 erat

2041 1165 2137 1234 (ul.
2167 1166 2311 1236 fuit),
2360 1166 2461 1220 nisi
2492 1166 2701 1222 ﬁdelis?
2730 1168 2873 1237 quod
2904 1170 2962 1222 u't
2989 1176 3153 1236 esset,
3203 1172 3631 1227 misericordiam

2039 1264 2123 1310 est
2152 1256 2336 1326 utique
2365 1266 2707 1322 consecutus,
2755 1259 2893 1313 sicut
2940 1259 3055 1329 ipse
3107 1269 3352 1323 testatur,
3394 1261 3581 1317 dicens
3609 1280 3627 1316 :

2040 1345 2325 1401 Consilium
2362 1348 2448 1409 da,
2503 1358 2750 1420 tanquam
2798 1351 3208 1405 misericordiam
3256 1365 3558 1409 consecutus
3595 1373 3630 1408 α

2040 1436 2266 1519 Domino
2294 1448 2351 1492 ut
2377 1440 2475 1494 sim
2503 1439 2675 1509 ﬁdelis
2707 1440 2761 1509 (Ι
2788 1440 2909 1495 Cor.
2940 1458 3032 1506 vn,
3068 1442 3183 1511 ‘25).
3237 1434 3387 1511 Nam,
3414 1454 3468 1500 et
3506 1461 3629 1501 cum

2037 1545 2098 1584 se
2125 1531 2272 1599 prius
2300 1530 2691 1599 blasphemmn,
2716 1541 2770 1585 et
2799 1542 3219 1602 persecutorem,
3250 1542 3308 1589 et
3334 1544 3627 1590 contume-

2040 1620 2253 1687 liosum,
2287 1621 2451 1676 fuisse
2497 1620 2775 1686 fateretur,
2825 1621 2983 1677 ﬁdem
3031 1639 3182 1678 suam
3238 1635 3293 1677 et
3349 1625 3629 1680 caritatem

2039 1711 2224 1778 gratia:
2252 1711 2526 1779 assignare
2567 1727 2675 1766 non
2718 1710 2924 1766 destitit
2951 1713 3131 1767 statim
3159 1713 3487 1781 subjicicns:
3522 1715 3631 1770 Su-

2039 1803 2409 1874 perabitndauit
2424 1812 2593 1857 autem
2615 1806 2783 1875 gratia
2802 1803 2896 1858 Dei
2918 1806 2971 1858 in
2997 1806 3101 1875 ﬁde
3121 1815 3168 1859 et
3195 1792 3485 1874 dilectione,
3516 1823 3631 1878 qua!

342 1901 489 1955 torio
539 1899 699 1967 igitur
746 1907 907 1966 atque
963 1906 1188 1948 munere
1227 1889 1414 1958 gratia:
1468 1888 1570 1941 sibi
1612 1886 1771 1940 ﬁdem
1822 1884 1938 1939 dari

2043 1906 2119 1951 est
2140 1897 2193 1949 in
2221 1894 2428 1950 Christo
2453 1894 2580 1949 Iesu
2613 1894 2638 1932 ι¹
2670 1894 2721 1965 (Ι
2749 1895 2880 1949 Tim.
2916 1912 2950 1958 ι,
2984 1896 3097 1966 Μ).
3132 1935 3137 1939 -

340 1994 712 2062 unusquisque
738 2004 847 2044 non
874 1986 1116 2049 dubitet;
1150 1998 1219 2038 ne
1247 1982 1375 2036 dum
1424 1978 1635 2033 initium
1676 1977 1780 2031 sibi
1813 1973 1936 2031 ﬁdei

342 2085 535 2139 nititur
579 2081 874 2149 assignare,
923 2076 1297 2147 paenitentiam
1342 2088 1577 2143 quoque,
1607 2087 1769 2141 quam
1796 2071 1938 2126 Deus

339 2178 412 2231 ad
440 2177 601 2230 vitam
631 2175 740 2239 dat,
784 2172 884 2227 sibi
918 2173 1080 2225 homo
1127 2185 1233 2223 non
1285 2167 1517 2222 sanitate
1567 2165 1794 2230 validus,
1843 2163 1939 2219 sed

340 2266 659 2323 inﬁrmitate
691 2261 1073 2333 prmjudicatus
1119 2259 1375 2327 assignet,
1426 2256 1671 2325 tantique
1699 2254 1937 2308 medica-

339 2360 503 2415 minis
531 2356 793 2413 beneficio
819 2361 1022 2420 careat,
1037 2352 1192 2421 cujus
1223 2351 1449 2418 gratiam
1465 2356 1756 2403 contumax
1778 2355 1939 2414 atque

340 2451 584 2518 ingratus
612 2451 887 2517 oppugnat
913 2463 926 2497 :
958 2459 1083 2498 cum
1126 2441 1307 2498 cordis
1347 2440 1620 2495 humilitas
1648 2438 1844 2492 divinis
1872 2437 1940 2492 sit

336 2540 570 2609 eloquiis
600 2536 964 2597 admouenda,
997 2534 1085 2587 ubi
1115 2531 1496 2602 principaliter
1525 2530 1639 2598 ipsa
1673 2529 1814 2583 bona
1847 2543 1941 2582 vo-

340 2632 545 2693 Iuntas,
569 2643 673 2696 qua
701 2625 984 2693 incipimus
1012 2623 1150 2677 velle
1185 2621 1428 2684 credere,
1468 2635 1499 2673 a
1540 2618 1769 2673 Domino
1801 2633 1938 2687 pne-

340 2700 530 2790 parari
577 2717 979 2770 demonstratur
1020 2727 1082 2766 ac
1132 2710 1305 2778 dirigi,
1357 2708 1646 2764 Salomone
1676 2707 1936 2762 dicente:

336 2809 687 2879 Prwparatur
717 2807 948 2858 voluntas
975 2821 1007 2856 a
1038 2801 1264 2871 Domino
1306 2799 1489 2864 (Prov.
1526 2814 1638 2863 vni,
1671 2797 1759 2861 55,
1782 2798 1940 2867 juxta

339 2899 540 2970 LXX).
572 2899 639 2952 Et
667 2895 835 2951 David
862 2896 1009 2951 canit
1048 2896 1102 2948 in
1144 2893 1374 2949 Psalmis
1399 2910 1412 2945 :
1450 2891 1619 2962 306
1644 2891 1687 2942 A
1716 2888 1941 2944 Domino

337 3009 551 3066 gressus
578 2991 801 3045 hominis
822 2988 1194 3059 dirigentur,et
1216 2986 1352 3039 riam
1374 2984 1487 3054 ejus
1514 2983 1683 3053 cupiet
1712 2979 1739 3018 δ
1766 2979 1937 3050 (l’sul.

344 3103 531 3152 xxxvi,
562 3082 675 3153 9.5).

411 3178 541 3234 CAP.
574 3193 720 3232 xvui.
763 3176 823 3231 Si
853 3176 979 3229 velle
1002 3173 1209 3255 credere
1248 3188 1313 3225 ea:
1355 3171 1502 3225 nobis
1532 3180 1627 3233 est,
1660 3168 1790 3238 ﬁdes
1836 3183 1937 3221 non

2110 1990 2198 2044 '57.
2241 1988 2299 2043 Si
2328 2004 2458 2057 ergo
2489 1988 2647 2043 ﬁdem
2673 1987 2839 2042 Paulo
2866 1988 3038 2056 gratia
3072 1988 3165 2043 Dei
3192 2004 3298 2045 non
3326 1989 3499 2055 dedit,
3531 2004 3631 2049 nec

2038 2080 2318 2136 caritatem
2348 2079 2397 2134 ei
2427 2078 2641 2133 dedisse
2664 2078 2933 2133 credenda
2963 2088 3047 2135 cst
3071 2097 3084 2132 :
3124 2093 3273 2147 ergo,
3302 2079 3445 2147 quod
3471 2079 3630 2142 absit,

2039 2169 2297 2224 mentitus
2318 2175 2401 2225 cst
2431 2166 2648 2229 Paulus,
2680 2167 2772 2235 qui
2803 2167 2897 2228 ait,
2931 2168 3056 2235 quia
3087 2168 3284 2221 caritas
3312 2166 3413 2222 Dei
3441 2166 3634 2237 ili/fusa

2039 2268 2115 2313 est
2140 2259 2194 2312 in
2216 2257 2457 2312 cordibus
2480 2258 2672 2311 nostris
2702 2274 2791 2317 uer
2817 2258 3072 2327 Spiritum
3095 2270 3351 2323 sanctum,
3374 2259 3460 2328 qui
3481 2260 3635 2312 tlatus

2041 2360 2117 2404 est
2157 2349 2305 2403 nobis
2337 2346 2515 2419 (Rom.
2544 2360 2595 2413 v,
2622 2347 2696 2419 5).
2721 2347 2827 2403 Sed
2855 2350 2981 2417 quia
3023 2348 3220 2403 l‘aulus
3251 2349 3465 2403 Clll’lrlo
3496 2351 3546 2404 in
3575 2366 3635 2405 se

2042 2442 2294 2510 loquente
2315 2439 2526 2495 mentiri
2559 2456 2664 2493 non
2688 2439 2883 2508 potuit,
2919 2439 3035 2508 ipso
3064 2439 3267 2508 Spiritu
3291 2439 3444 2495 nobis
3475 2440 3632 2495 tribui

2043 2532 2200 2587 ﬁdem
2245 2531 2551 2586 ﬁrmissime
2594 2532 2879 2585 fateamur.
2917 2546 3013 2600 per
3039 2545 3197 2600 quem
3228 2532 3509 2585 caritatem
3544 2531 3635 2586 ltei

2042 2621 2096 2676 iu
2128 2622 2326 2677 nostris
2368 2620 2593 2675 ditiundi
2636 2621 2891 2676 cordibus
2938 2634 3133 2690 negare
3160 2621 3446 2690 nequimus
3500 2621 3634 2674 (Itan

2042 2725 2172 2781 ergo
2196 2710 2389 2766 Paulus
2413 2721 2557 2766 esset
2580 2711 2945 2781 blasplicums,
2978 2722 3033 2765 ct
3063 2722 3400 2780 persecuntur,
3425 2721 3480 2767 ct
3500 2727 3635 2767 con-

2045 2803 2383 2868 tumcliosus,
2424 2819 2533 2858 non
2576 2803 2699 2858 ideo
2753 2812 2837 2859 cst
2881 2803 3097 2872 adjutus
3142 2803 3233 2858 Dei
3271 2815 3463 2871 grana,
3508 2805 3634 2873 quia

2042 2897 2262 2951 credere
2292 2897 2482 2962 voluit,
2520 2896 2613 2951 sed
2653 2907 2710 2950 ut
2737 2897 2961 2953 credere
2992 2897 3151 2951 vellet
3205 2897 3405 2951 doiuim
3451 2908 3637 2966 gratae

2044 2988 2421 3058 pl'll'BVClllCllllS
2446 2989 2652 3057 accepit
2673 3006 2687 3048 ;
2712 3003 2830 3057 qua:
2860 2988 2909 3044 iu
2934 2988 3052 3057 ejus
3076 2989 3353 3043 voluntate
3383 3006 3489 3043 non
3521 2990 3634 3044 ali-

2042 3079 2187 3151 quod
2203 3080 2538 3136 credulitatis
2561 3080 2788 3142 iuitium,
2807 3081 2899 3135 sed
2920 3082 3331 3150 blasphemiam,
3346 3082 3627 3142 szevitiam.

2043 3174 2416 3237 contumelias,
2446 3184 2503 3230 ct
2532 3175 2892 3244 ignorantiam
2925 3175 2976 3229 iu
3008 3174 3386 3230 incredulitate
3412 3187 3634 3245 reperit.

341 3280 419 3325 est
447 3270 635 3340 gratia,
669 3267 760 3320 sed
783 3281 977 3320 merces
999 3262 1147 3318 bona:
1175 3263 1477 3317 voluntatis.
1497 3289 1568 3302 —-
1589 3258 1680 3313 56.
1705 3258 1762 3313 Si
1788 3273 1938 3321 vero.
1968 3268 2013 3329 C
2045 3262 2210 3333 cujus
2241 3279 2410 3333 usque
2440 3265 2577 3320 adeo
2605 3280 2747 3321 etcea
2790 3263 2887 3319 luit
2913 3266 3184 3327 voluntas;
3225 3276 3281 3320 ut
3330 3282 3435 3320 non
3456 3267 3637 3339 solum

340 3360 880 3420 secundumillorum
910 3357 1246 3427 opinionem,
1281 3361 1524 3409 nostrum
1546 3359 1631 3407 est
1655 3350 1789 3405 velle
1820 3363 1939 3402 eic-

340 3454 476 3507 dere
500 3452 806 3521 priusquam
834 3464 935 3503 nos
959 3447 1057 3503 Dei
1085 3447 1258 3516 gratia
1301 3445 1524 3515 incipiat
1545 3443 1823 3513 adjuvare,
1859 3441 1940 3493 iu-

339 3543 485 3613 juste
513 3543 682 3611 gratia
704 3540 921 3607 dicitur,
942 3539 1066 3607 quia
1090 3554 1197 3593 non
1228 3536 1395 3605 gratis
1412 3536 1572 3590 datur
1599 3533 1822 3597 homini,
1846 3531 1940 3586 sed

298 3620 311 3685 ί
343 3636 503 3690 bona:
544 3633 861 3688 retribuitur
890 3630 1175 3685 voluntati.
1202 3626 1354 3682 Hanc
1376 3628 1519 3682 enim
1546 3627 1710 3696 (sicut
1739 3625 1814 3679 illi
1848 3640 1942 3678 vo-

345 3725 487 3795 lunt)
529 3723 700 3794 gratia
731 3723 784 3776 in
816 3721 972 3776 nobis
1002 3720 1205 3774 invenit
1231 3734 1394 3788 quam
1439 3719 1555 3788 ipsa
1606 3732 1712 3772 non
1755 3716 1938 3779 dedit;

345 3818 458 3871 imo
485 3816 531 3870 si
559 3814 637 3870 sic
656 3820 757 3875 est,
792 3827 891 3866 nos
936 3811 1147 3881 priores
1188 3810 1300 3864 Deo
1352 3796 1684 3862 voluntatem
1731 3806 1939 3869 damus,

344 3915 511 3976 atque
540 3904 609 3959 ita
641 3903 868 3973 gratiam
916 3917 1023 3956 non
1074 3900 1426 3955 miseratione
1475 3898 1790 3959 tribuentis,
1846 3896 1942 3951 scd

341 4000 602 4067 requitate
631 3996 725 4051 Dei
764 4008 785 4033 ο
818 3994 1167 4050 retribueutis
1195 3992 1506 4062 accipimus.
1542 3989 1942 4055 Verumtamen,

348 4086 480 4153 Quis
505 4089 648 4158 prior
675 4085 818 4140 dedit
842 4085 940 4150 illi,
983 4081 1362 4153 etretribuetur
1397 4082 1443 4134 ei
1493 4078 1673 4152 (Rom.
1710 4095 1781 4143 x1,
1813 4077 1947 4148 55)?

347 4180 519 4235 Nemo
552 4181 754 4250 utique,
787 4180 912 4248 quia
945 4177 1067 4232 Non
1112 4185 1279 4247 potest
1330 4177 1482 4229 homo
1524 4176 1758 4245 accipere
1792 4173 1946 4245 quid-

344 4290 527 4346 quam,
576 4274 678 4327 nisi
722 4274 768 4326 ei
823 4272 1004 4325 datum
1058 4270 1214 4341 fuerit
1242 4269 1306 4323 de
1343 4268 1471 4322 cttlo
1502 4265 1684 4338 (Joan.
1719 4281 1797 4330 Ill,
1828 4263 1943 4334 27).

316 4358 321 4359 γ
346 4368 487 4435 Quid
518 4369 661 4422 enim
688 4366 852 4422 habet
880 4364 1026 4435 quod
1046 4379 1151 4419 non
1171 4363 1415 4434 accepit?
1438 4362 1484 4416 si
1513 4373 1694 4415 autem
1718 4359 1947 4429 accepit,

348 4459 478 4529 quid
507 4460 787 4527 gloriatur,
819 4458 973 4527 quasi
1013 4472 1121 4511 non
1155 4456 1425 4525 acceperit
1458 4452 1511 4516 (I
1562 4450 1683 4507 Cor.
1735 4466 1806 4514 ιν,
1854 4450 1949 4519 7)?

349 4551 469 4605 Non
499 4559 678 4605 autem
721 4538 1088 4605 misericordia
1123 4547 1218 4602 Dei
1245 4544 1534 4616 aliquando
1565 4542 1825 4615 praivenit
1850 4541 1948 4600 lio-

350 4642 573 4705 minem,
612 4641 656 4696 si
701 4654 972 4709 nunquam
1016 4639 1214 4693 bonam
1245 4636 1372 4691 facit
1401 4635 1496 4707 (al.
1531 4632 1698 4705 fecit),
1730 4631 1825 4687 sed
1849 4647 1948 4686 ex-

348 4741 561 4803 spectat
590 4739 647 4785 ut
668 4730 906 4785 inveniat
931 4729 1279 4783 voluntatem.
1306 4725 1371 4780 Et
1400 4726 1490 4779 ubi
1511 4732 1595 4779 est
1615 4723 1759 4794 quod
1781 4722 1950 4776 David

348 4824 520 4879 dicit:
562 4822 699 4876 Deus
751 4837 913 4878 meus.
972 4817 1329 4877 misericordia
1378 4817 1492 4887 ejus
1540 4816 1817 4886 prazveniet
1869 4829 1951 4868 me

351 4912 530 4983 (Psal.
558 4928 705 4974 Lvm,
741 4911 851 4981 ll).
884 4908 941 4963 In
982 4923 1091 4977 quo
1117 4915 1296 4961 autem
1326 4907 1422 4961 Dei
1454 4920 1554 4959 nos
1582 4901 1947 4959 misericordia

348 5006 664 5076 pneveniat,
713 5004 798 5059 vel
847 5001 1184 5073 praeveniens
1226 4999 1415 5069 quales
1458 4997 1714 5061 inveniat,
1747 5011 1854 5050 non
1895 4996 1950 5049 in

348 5097 594 5166 quolibet
638 5097 764 5161 alio,
815 5093 909 5150 sed
938 5094 993 5147 in
1028 5094 1207 5163 seipse
1237 5091 1395 5146 nobis
1419 5089 1660 5159 gentium
1691 5087 1947 5155 magister

350 5187 606 5251 ostendit,
637 5188 821 5242 dicens
846 5205 859 5239 :
900 5184 1001 5250 Qui
1030 5186 1174 5255 prius
1203 5185 1277 5255 fui
1308 5181 1659 5251 blasphemus,
1692 5187 1741 5232 et
1770 5194 1947 5247 perse-

349 5290 516 5347 cutor,
549 5288 597 5334 et
634 5278 1057 5342 contumeliosus,
1090 5276 1179 5331 sed
1214 5271 1627 5330 misericordiam
1648 5278 1949 5324 consecutus

348 5387 484 5426 sum.
508 5371 626 5439 quia
648 5370 896 5442 ignorans
921 5368 1017 5439 feci
1044 5369 1099 5421 in
1127 5365 1488 5419 incredulitate
1515 5361 1567 5433 (1
1602 5359 1736 5414 Tim.
1761 5375 1799 5423 ι,
1832 5358 1947 5429 l3).

346 5458 635 5525 Quomodo
688 5472 819 5527 ergo
873 5457 1107 5527 aliquam
1178 5453 1432 5510 credendi
1490 5453 1822 5506 voluntatem
1883 5464 1950 5502 ex

345 5549 530 5618 seipse
557 5549 754 5604 Paulus
780 5548 980 5603 habere
1001 5553 1234 5617 poterat,
1266 5544 1356 5614 qui
1388 5543 1762 5613 blasphemum
1793 5555 1873 5607 se,
1894 5548 1949 5594 et

422 5711 445 5737 ⁸
479 5698 569 5756 Sic
598 5716 724 5765 ms.;
751 5709 806 5753 at
833 5698 962 5754 Lov.
989 5707 1044 5752 et
1074 5698 1177 5751 Aut
1206 5739 1220 5762 ,
1248 5699 1321 5752 ait
1342 5697 1454 5766 ejus
1481 5695 1575 5749 hoc
1604 5696 1751 5758 retle;
1787 5693 1945 5747 Basil.
1982 5758 1986 5762 _

345 5788 513 5842 veroL
529 5774 609 5842 ait
629 5772 742 5842 ejus
763 5786 872 5842 esse
896 5769 1039 5842 velle.

421 5841 445 5878 δ
477 5836 830 5910 Ειιὶιί,”τιιρὶει
854 5841 1041 5904 nimis;
1069 5838 1162 5910 sed
1193 5853 1297 5910 non
1334 5836 1528 5903 legitur
1557 5837 1710 5910 nimis
1750 5836 1816 5910 in_
1831 5850 1930 5888 ms.

421 5910 658 5987 °.Basil.,
709 5905 947 5984 mquitate
995 5906 1359 5971 retribuentis;
1412 5923 1512 5961 nec
1577 5908 1736 5961 habet
1804 5905 1941 5960 hanc

2044 3375 2150 3414 non
2178 3367 2361 3428 posset
2405 3357 2647 3417 credere.
2671 3358 2766 3413 sed
2814 3374 2911 3413 nec
2954 3358 3126 3427 ipsum
3162 3374 3271 3412 sua!
3310 3359 3642 3414 credulitatis

2044 3459 2226 3521 posset
2245 3448 2452 3504 initium
2478 3448 2794 3518 przcvidere.
2826 3448 2940 3504 Non
2968 3450 3110 3504 enim
3130 3448 3384 3518 ignorans
3407 3450 3638 3512 lt‘CiSsCl,

2043 3545 2089 3600 si
2117 3560 2271 3600 suam
2318 3544 2370 3598 in
2400 3559 2460 3599 se
2492 3543 2850 3613 ignorantiam
2883 3543 3237 3613 prrcvidisset.
3283 3542 3452 3611 Digne
3483 3543 3643 3611 igitur

2045 3635 2096 3689 iu
2130 3633 2293 3689 Paulo
2320 3634 2628 3703 assignatur
2664 3634 3042 3703 prmvcuicutis
3083 3633 3470 3687 misericordia:
3497 3632 3644 3688 dono

2045 3725 2202 3795 307
2237 3739 2343 3778 non
2366 3723 2540 3778 solum
2561 3723 2897 3777 credulitatis
2924 3724 3152 3787 initium,
3173 3723 3265 3777 sed
3288 3724 3450 3777 etiam
3475 3722 3644 3792 ipsius

2048 3813 2446 3870 incredulitatis
2473 3814 2707 3882 agnitio;
2737 3827 2897 3882 quam
2925 3814 2973 3868 ei
3007 3822 3291 3885 propterea
3312 3813 3403 3868 Ι)ρὶ
3434 3814 3645 3869 miscri-

2047 3903 2233 3973 cordia
2262 3902 2513 3967 contulit,
2565 3911 2624 3956 ut
2653 3901 3085 3956 incredulitatem
3116 3916 3269 3955 suam
3315 3902 3648 3956 illuminatus

2049 4004 2211 4064 atque
2257 3994 2489 4063 adjutus,
2541 4004 2596 4048 et
2642 4003 2980 4062 agnosceret,
3025 4004 3081 4047 ct
3123 3993 3337 4046 vitaret.
3393 3992 3648 4048 Doiuiuus

2050 4087 2193 4142 enim
2239 4098 2321 4140 est
2372 4086 2697 4140 illuminatio
2742 4094 2926 4138 nostra
2972 4095 3027 4139 ct
3065 4084 3212 4139 salus
3258 4094 3439 4138 nostra
3472 4083 3644 4149 (Psal.

2052 4197 2198 4249 xxvi,
2229 4181 2308 4250 l);
2331 4181 2421 4249 qui
2456 4192 2557 4235 uos
2586 4178 2870 4240 iEIumiuat,
2905 4187 2957 4231 ut
2986 4186 3204 4246 peccata
3235 4187 3416 4230 nostra
3446 4190 3649 4245 cogno-

2050 4285 2286 4336 scamus,
2319 4280 2375 4325 ct
2401 4278 2556 4325 sanat
2585 4277 2698 4322 uta
2732 4267 2968 4338 peccatis
3010 4266 3483 4336 nostris‘separati
3525 4283 3647 4322 eum

2047 4360 2257 4430 justitia
2284 4360 2544 4414 vivamus.
2568 4358 2648 4413 0b
2671 4358 2775 4413 boc
2799 4358 2932 4427 ipse,
2957 4358 3047 4427 qui
3080 4368 3136 4411 ut
3173 4357 3344 4413 ﬁdelis
3371 4369 3536 4421 esset,
3567 4360 3647 4412 ta-

2053 4459 2198 4506 tctur
2231 4466 2291 4506 se
2332 4440 2756 4505 miscricordiam
2800 4459 3177 4517 consecutum,
3226 4450 3518 4504 salubriter
3550 4467 3648 4507 nos

2053 4543 2290 4605 instruit,
2322 4542 2540 4599 dicens:
2573 4539 2744 4611 Igitur
2774 4557 2876 4595 non
2907 4540 3144 4602 colentis,
3183 4556 3344 4611 neque
3370 4542 3648 4608 currentis,

1979 4643 2032 4702 1)
2054 4632 2146 4687 sed
2166 4635 2454 4688 misercniis
2476 4644 2552 4688 est
2586 4633 2681 4687 Dei
2708 4633 2884 4703 (llam.
2933 4650 3007 4699 ις,
3042 4632 3149 4701 i6).
3181 4634 3315 4700 Quia
3365 4648 3550 4689 revera
3593 4643 3649 4688 ct

2054 4733 2113 4779 ut
2139 4724 2389 4788 velimus,
2436 4724 2818 4779 misericordia:
2860 4724 3247 4793 prievcnicntis
3287 4723 3649 4776 illumi'nanmr

2053 4816 2219 4880 dono,
2269 4823 2324 4870 et
2372 4825 2431 4869 ut
2483 4831 2781 4881 curramus,
2839 4814 3227 4872 misericordia:
3270 4814 3648 4883 subsequentis

2054 4906 2303 4963 fulcimur
2332 4907 2551 4961 auxilio.
2583 4904 2653 4959 Ut
2680 4920 2811 4975 ergo
2840 4907 2941 4963 sibi
2966 4907 3196 4977 quisque
3221 4906 3423 4961 tribuat
3448 4905 3645 4960 bonam

2054 4998 2406 5061 voluntatem,
2431 5012 2537 5066 qua
2584 4998 2724 5053 velle
2766 4997 2955 5067 incipit
2989 4997 3233 5065 credere,
3266 5012 3376 5051 non
3415 4996 3645 5050 viventis

2054 5089 2247 5143 animm
2275 5089 2447 5155 vigor,
2477 5088 2571 5143 sed
2603 5098 2830 5144 mortua:
2856 5089 3036 5144 carnis
3056 5096 3141 5143 est
3169 5096 3367 5142 tumor.

2124 5178 2253 5234 Car.
2279 5196 2389 5233 xu.
2418 5178 2654 5234 Liberum
2678 5180 2900 5236 hominis
2922 5179 3193 5234 arbitrium
3214 5187 3332 5248 post
3356 5187 3652 5245 peccatum;

2054 5273 2166 5325 sine
2193 5272 2455 5343 adjutorio
2483 5275 2670 5345 gratim
2709 5273 2917 5329 nonnisi
2963 5273 3031 5325 ad
3074 5271 3394 5325 serviendum
3437 5283 3643 5342 peccato

2056 5364 2309 5434 reperitur
2347 5365 2605 5419 idoneum.
2666 5364 2900 5419 Libertas
2936 5382 2967 5416 ιι
3008 5365 3139 5416 bona
3189 5363 3446 5416 voluntate
3489 5364 3644 5417 smnit

2056 5453 2279 5509 initium.
2319 5485 2390 5495 —
2419 5456 2506 5510 38.
2540 5456 2611 5509 Bx
2642 5472 2750 5524 quo
2776 5455 2917 5509 enim
2949 5454 3151 5523 primus
3199 5454 3363 5508 homo
3395 5465 3641 5509 naturam

2055 5560 2207 5599 suam
2239 5546 2538 5600 voluntarie
2566 5545 2769 5598 vitiavit
2814 5551 2975 5613 atque
3014 5545 3319 5614 Oppressit,
3362 5546 3431 5599 ita
3469 5547 3641 5599 erevit

2029 5713 2038 5721 υ
2067 5711 2270 5761 vocem,
2303 5697 2414 5753 Dei.

2113 5767 2138 5803 εί
2164 5767 2401 5823 llabetur
2428 5768 2512 5822 hic
2541 5766 2591 5821 in
2623 5767 2780 5823 editis
2808 5767 3032 5823 Domino
3060 5784 3256 5835 nostra,
3290 5770 3382 5826 sed
3406 5787 3514 5827 non
3542 5772 3639 5831 ba-

2043 5835 2200 5892 betur
2224 5839 2275 5892 iu
2299 5853 2398 5893 ms.
2420 5854 2523 5894 nec
2546 5845 2695 5893 textu
2720 5838 2987 5910 Apostoli.
