4108 6466
600 405 707 466 Ᾱ⁴75

1630 413 1686 467 S.
1719 410 2084 467 FULGENTII
2121 408 2422 467 EPISCOPI
2463 411 2831 470 RUSPEN‘SIS

3794 423 3896 474 «£76

600 520 883 576 inﬁrmitas
913 530 959 588 ’³,
986 530 1044 576 ut
1071 522 1174 578 nisi
1203 522 1394 579 divina:
1421 525 1606 593 gratiae
1635 525 2029 580 medicamento
2058 541 2193 595 ιιι-ω-
2221 528 2266 585 A
2296 525 2468 580 illuxit
2498 527 2550 581 in
2581 528 2817 582 cordibus
2847 531 3035 582 nostris
3087 528 3174 602 (II
3203 529 3323 584 Cor.
3364 547 3443 595 tv,
3478 531 3553 602 ϐ).
3607 533 3669 588 Ει
3711 537 3896 592 eidem

600 624 821 671 ventum
849 615 904 669 in
934 630 1262 685 unoquoque
1289 616 1508 673 homine
1536 625 1756 672 sanetur
1777 618 2189 687 atque-adjuve-

600 715 689 761 tur
717 706 944 764 liberum
973 706 1337 763 indesinenter
1365 707 1668 777 arbitrium,
1708 711 1778 764 sit
1805 711 2020 779 quidem
2051 711 2189 767 libe-

597 812 757 863 rum,
801 813 909 853 non
951 808 1130 853 tamen
1177 799 1408 866 bonum;
1456 801 1525 855 sit
1559 801 1819 870 liberum,
1865 818 1972 858 non
2009 799 2222 891 tamen.

596 896 839 952 rectum;
867 887 1214 954 sitliberum,
1245 905 1350 945 non
1379 898 1557 945 tamen
1588 906 1808 956 sanum;
1839 891 1909 946 sit
1937 892 2192 960 liberum,

598 991 708 1031 non
739 987 917 1032 tamen
944 977 1148 1046 justum
1182 997 1195 1032 :
1227 986 1282 1035 et
1308 990 1513 1049 quanto
1542 981 1714 1050 magis
1743 998 1772 1036 a
1805 984 2066 1048 bonitate,
2098 999 2187 1040 re-

597 1066 892 1133 ctitudine,
925 1069 1187 1133 sanitate,
1214 1069 1531 1140 jttstitiaque
1560 1072 1816 1138 liherutn,
1847 1083 1998 1130 tanto
2020 1077 2189 1145 magis

597 1157 815 1211 malitia:
841 1201 855 1225 ,
897 1161 1262 1229 perversitatis
1286 1203 1299 1226 ,
1341 1162 1664 1218 inﬁrmitatis
1704 1176 1864 1234 atque
1895 1167 2190 1236 iniquitatis

596 1249 872 1304 mortifera
918 1253 1174 1308 servitute
1202 1255 1493 1324 captivum.
1537 1254 1638 1320 Qui
1667 1259 1810 1311 enim
1850 1260 1976 1328 facit
2002 1278 2186 1328 pecca-

596 1347 703 1391 tum
732 1356 905 1394 servus
933 1351 1010 1394 est
1038 1346 1234 1413 peccati
1275 1345 1455 1417 (Joan.
1487 1364 1579 1402 vnt
1597 1390 1610 1410 ,
1639 1348 1760 1417 34);
1806 1359 1862 1406 et
1889 1368 1920 1404 a
1949 1369 2046 1423 quo
2074 1354 2188 1422 quis

594 1433 822 1487 devictus
850 1444 926 1488 est
951 1477 964 1500 ,
999 1433 1195 1491 huicct
1229 1455 1405 1493 servus
1433 1441 1668 1494 addictus
1697 1452 1774 1496 est
1821 1443 1924 1512 (11
1955 1435 2093 1498 Petr.
2126 1462 2186 1513 ιι,

591 1524 703 1595 i9).
738 1525 1016 1594 Regnante
1048 1529 1208 1598 igitur
1233 1541 1492 1600 peccato,
1523 1535 1684 1588 habet
1712 1537 1927 1605 quidem
1959 1537 2185 1593 liberum

591 1614 872 1669 arbitrium
900 1659 912 1680 ,
947 1620 1039 1672 sed
1085 1621 1312 1674 liberum
1353 1624 1469 1678 sine
1499 1624 1610 1679 Deo
1635 1664 1649 1689 ,
1686 1642 1792 1680 non
1831 1627 2057 1682 liberum
2087 1630 2186 1684 sub

590 1704 723 1771 Deo,
753 1707 806 1760 id
835 1716 939 1777 est,
969 1709 1194 1765 liberum
1221 1713 1448 1780 justitia,
1490 1730 1594 1768 non
1621 1715 1844 1771 liberum
1872 1718 1972 1773 sub
1992 1720 2182 1785 gratia,

587 1805 644 1851 et
673 1798 743 1853 ob
772 1799 876 1853 hoc
905 1801 1137 1869 pessime
1165 1811 1328 1871 atque
1357 1805 1625 1860 serviliter
1651 1806 1896 1872 liberum,
1925 1811 2049 1878 quia
2078 1827 2183 1865 non

2291 616 2397 670 luci
2441 631 2605 685 quam
2648 618 2759 687 jatti
2800 618 3127 675 formaverat
3171 620 3353 687 Deus,
3395 624 3502 679 alio
3541 625 3662 681 loco
3702 627 3894 682 dixit.

2292 705 2471 761 Eratis
2510 709 2647 761 enint
2694 709 2974 780 aliquando
3013 711 3235 766 tenebra:
3259 753 3274 777 ,
3313 730 3449 768 nunc
3479 727 3658 776 autem
3704 719 3808 773 lux
3844 723 3897 775 in

2291 797 2516 854 Domino
2556 790 2773 871 (Ep/tes.
2804 817 2856 867 v,
2887 800 2965 873 6).
3016 803 3342 869 Quibusdam
3371 821 3503 862 vero
3532 823 3602 863 ex
3631 809 3726 864 ilia
3760 811 3898 866 lueis

2292 886 2614 946 formatione
2660 891 2915 947 laudabili
2959 893 3029 961 ad
3075 895 3485 966 vituperabilem
3535 901 3897 957 tenebrarum

2292 976 2674 1035 infortnitatem
2697 981 2944 1051 relapsis,
2963 982 3212 1039 affectum
3235 986 3336 1055 pia:
3357 990 3553 1044 mentis
3568 991 3899 1057 ostendens,

2290 1069 2364 1125 ita
2395 1071 2634 1140 loquitur
2661 1092 2674 1126 ε
2709 1073 2888 1129 Fitioti
2927 1078 3055 1143 mei,
3094 1095 3220 1150 quos
3247 1081 3432 1134 iterum
3460 1084 3700 1152 parturia
3730 1085 3901 1140 donec

2292 1163 2544 1232 formetur
2567 1162 2803 1219 Christus
2832 1167 2884 1219 itt
2915 1169 3055 1221 vobis
3106 1168 3304 1238 (Colat.
3337 1187 3410 1238 tv,
3448 1171 3551 1240 I9).
3602 1171 3901 1238 Quomodo

2291 1259 2471 1306 autem
2502 1252 2749 1310 Christus
2777 1257 2828 1310 in
2858 1258 2970 1313 suis
2999 1258 3216 1314 formari
3246 1269 3448 1330 potest,
3479 1263 3577 1317 niSt
3610 1266 3899 1332 quomodo

2291 1343 2344 1396 in
2368 1344 2444 1400 eis
2471 1345 2716 1401 habitare
2746 1348 2950 1418 incipit,
2977 1349 3026 1404 id
3057 1359 3139 1405 est
3163 1367 3261 1420 per
3289 1353 3484 1408 ﬁdem?
3513 1355 3666 1422 Quod
3699 1357 3900 1412 beatus

2291 1429 2488 1487 Paulus
2517 1436 2587 1488 ita
2619 1437 2822 1490 conﬁrn
2847 1447 2902 1491 at
2936 1457 2947 1491 :
2983 1439 3047 1493 In
3076 1443 3346 1512 interiore,
3376 1445 3641 1514 inquiens,
3683 1448 3900 1502 homine

2291 1523 2525 1578 habitare
2573 1525 2832 1588 Christum
2879 1546 2970 1598 per
3005 1533 3160 1600 ﬁdem
3191 1537 3243 1588 itt
3272 1535 3510 1591 cordibus
3539 1541 3727 1592 uestris
3780 1539 3796 1611 Ι
3824 1542 3894 1594 al.

2289 1614 2499 1686 nostris]
2533 1614 2747 1687 (Ephes.
2782 1636 2867 1684 ιιι,
2902 1621 3012 1691 lti).
3059 1624 3192 1678 Dum
3231 1641 3362 1695 ergo
3389 1629 3781 1699 refortttamur,
3815 1650 3897 1690 re~

2291 1721 2584 1772 novamur;
2614 1716 2668 1762 et
2702 1709 2753 1763 ir.
2779 1725 2847 1765 eo
2875 1727 2982 1780 quo
3012 1730 3353 1783 renovantur,
3389 1722 3751 1779 viviﬁcamur.

2359 1799 2488 1856 Car.
2518 1819 2609 1856 xx.
2655 1802 2768 1856 Vita
2798 1817 2980 1859 sancta
3003 1823 3034 1858 a
3059 1808 3163 1874 ﬁde
3194 1812 3349 1865 sumit
3372 1814 3592 1868 initium.
3628 1816 3742 1871 Per
3773 1837 3896 1889 gm-

588 1887 822 1954 gmmim
852 1889 1155 1946 miseremis
1182 1891 1277 1947 Dei
1307 1908 1530 1950 munere
1559 1895 1862 1952 liberatum.
1896 1899 2011 1954 Hoc
2039 1901 2188 1970 Αρο-
2220 1906 2267 1964 Β
2293 1891 2420 1943 tiam
2455 1907 2558 1945 tton
2589 1895 2825 1963 aufertur
2855 1895 3069 1950 liberum
3098 1898 3394 1956 arbitrium.
3416 1936 3486 1944 —
3513 1905 3602 1959 60.
3636 1887 3891 1962 Vita'au-

587 1977 760 2032 stolus
788 1979 1067 2034 evidenter
1107 1982 1370 2050 insinuat,
1409 1985 1594 2040 dicens
1625 1984 1650 2023 δ
1687 2005 1700 2038 :
1732 1987 1858 2041 Cum
1891 1991 2028 2043 enim
2056 1992 2188 2044 servi

587 2070 765 2122 essetis
814 2073 1046 2139 peccati,
1089 2073 1237 2126 liberi
1279 2077 1451 2145 fuistis
1494 2078 1717 2146 justitia:
1764 2078 1940 2147 (Rom.
1967 2096 2040 2147 vt,
2071 2081 2183 2152 ΞΟ).

589 2155 806 2212 Servire
854 2160 1014 2226 igitur
1053 2163 1276 2229 justitize
1323 2171 1428 2219 non
1474 2175 1654 2236 potest
1686 2169 1775 2239 qui
1803 2170 2022 2238 justitize
2052 2173 2188 2229 liber

589 2257 718 2302 est:
751 2251 876 2319 quia
907 2253 1141 2320 quandiu
1191 2264 1276 2308 est
1323 2258 1530 2325 peccati
1578 2275 1801 2326 servus,
1856 2264 2069 2318 nonnisi
2116 2264 2187 2319 ad

586 2343 925 2397 serviendum
957 2353 1182 2414 peccato
1210 2349 1478 2417 reperitur
1504 2350 1749 2408 idoneus.
1770 2353 1857 2408 λι)
1887 2355 1986 2408 ista
2015 2357 2186 2409 servi-

586 2440 704 2487 tute
733 2435 938 2503 peccati
968 2451 1128 2490 nemo
1158 2437 1295 2492 liber
1323 2438 1552 2494 efﬁcitur
1571 2479 1585 2503 ,
1625 2443 1726 2496 nisi
1756 2445 1848 2512 qui
1883 2445 2187 2502 liberatoris

586 2521 786 2575 Christi
835 2525 1003 2589 gratia
1054 2525 1338 2593 liberatur,
1379 2537 1438 2582 ut
1477 2530 1683 2586 scilicet
1712 2532 1970 2588 liberatus
2000 2551 2028 2588 a
2060 2551 2186 2605 pec-

587 2617 750 2677 cato,
800 2626 986 2666 servus
1026 2613 1115 2667 ﬁat
1164 2614 1292 2670 Deo.
1349 2616 1465 2672 Hoc
1511 2627 1692 2674 autem
1733 2624 2184 2690 quemadmodum

587 2698 698 2763 ﬁat,
729 2700 844 2770 ipse
874 2702 1132 2758 liberator
1159 2715 1346 2761 noster
1374 2709 1609 2763 ostendit
1641 2727 1654 2763 :
1686 2709 1746 2764 Si
1774 2729 1879 2776 vos,
1913 2713 2181 2782 inquiens,

585 2788 759 2844 Filius
800 2792 1132 2860 liberaverit,
1165 2814 1280 2850 rere
1322 2798 1470 2852 liberi
1499 2802 1644 2854 eritis
1694 2800 1872 2869 (Joan.
1907 2819 1996 2858 vttt
2018 2845 2032 2868 ,

581 2879 708 2935 Ideo
736 2881 842 2936 Vas
872 2884 1152 2940 electionis
1181 2888 1494 2943 beneﬁcium
1544 2891 1698 2945 nobis
1746 2894 1931 2960 gratiae
1980 2895 2180 2950 libera-

582 2973 732 3027 tricis
756 2975 1051 3043 insinuans,
1081 2995 1187 3034 non
1217 2981 1391 3035 solum
1418 2983 1636 3048 liberos,
1663 2985 1758 3038 sed
1784 2987 1946 3040 etiam
1980 2987 2180 3043 libera—

581 3071 668 3117 tos
697 3081 795 3118 nos
823 3081 941 3121 esse
973 3076 1202 3124 testatur
1228 3071 1309 3125 his
1337 3073 1516 3126 verbis
1549 3092 1560 3125 ε
1595 3072 1748 3127 Nunc
1777 3085 1950 3129 autem
1976 3074 2180 3132 liberati

579 3172 612 3207 a
641 3167 878 3222 peccato,
913 3163 1045 3214 servi
1073 3173 1244 3214 autem
1274 3166 1399 3233 facti
1442 3164 1548 3219 Deo
1568 3205 1582 3228 ,
1613 3166 1814 3220 habetis
1839 3171 2062 3238 fructum
2092 3187 2178 3224 ve-

2291 1991 2398 2035 tem
2431 1991 2612 2036 nostra
2643 1998 2672 2036 a
2705 1983 2806 2039 ﬁde
2833 1988 2997 2040 sumit
3026 1988 3275 2053 initium,
3317 1994 3440 2060 quin
3478 1996 3652 2065 justus
3693 2017 3762 2052 ea
3794 2003 3895 2069 ﬁde

2290 2071 2407 2123 vivit
2447 2071 2624 2139 (Rom.
2661 2089 2708 2138 ι,
2747 2074 2866 2144 17).
2916 2075 3086 2142 Quam
3140 2078 3293 2135 ﬁdem
3339 2100 3444 2138 non
3492 2101 3559 2140 ex
3611 2089 3896 2144 voluntate

2289 2171 2470 2215 nostra
2517 2165 2705 2230 nasci,
2752 2167 2845 2220 sed
2891 2183 2987 2236 per
3027 2168 3284 2238 Spiritum
3325 2183 3566 2230 sanctum
3600 2181 3788 2234 unieui
3813 2199 3892 2247 pte

2289 2250 2444 2315 dari,
2487 2253 2676 2308 beatus
2714 2253 2912 2311 Paulus
2953 2259 3226 2325 ostendit,
3265 2262 3449 2318 dicens
3493 2284 3504 2318 :
3546 2268 3650 2320 Alii
3685 2272 3891 2336 quidem

2289 2340 2445 2394 datur
2473 2359 2564 2412 per
2594 2344 2848 2413 Spiritum
2876 2364 3044 2402 sermo
3072 2351 3365 2420 sapientia;
3397 2355 3490 2408 alii
3517 2368 3690 2412 autem
3723 2378 3893 2414 sermo

2287 2435 2519 2488 scientia:
2555 2438 2833 2490 secundum
2860 2424 3091 2494 cumdem
3126 2443 3379 2512 Spiritum
3402 2448 3608 2526 ,.altcri
3651 2452 3750 2517 (al.
3781 2454 3889 2521 alii)

2290 2527 2422 2595 ﬁdes
2459 2528 2513 2580 in
2552 2529 2731 2582 eodem
2773 2530 2974 2600 Spiritu
3023 2533 3074 2603 (I
3108 2535 3225 2588 Cor.
3261 2553 3350 2600 xu,
3379 2533 3434 2604 δ’,
3464 2541 3542 2610 9).
3593 2541 3717 2596 Non
3764 2561 3894 2613 ergo

2289 2616 2549 2685 Spiritum
2589 2627 2864 2685 sanctum,
2894 2622 3018 2690 quia
3047 2623 3372 2680 credidimus
3404 2638 3459 2695 ο,
3490 2629 3584 2684 sed
3609 2632 3667 2684 dt
3700 2633 3888 2687 erode-

2285 2725 2466 2765 remus
2489 2753 2503 2774 ,
2536 2713 2861 2783 accepimus.
2914 2715 3109 2770 Forma
3158 2719 3300 2773 enim
3340 2723 3613 2790 prmcessit
3644 2724 3698 2778 in
3731 2741 3888 2780 carne

2287 2799 2514 2867 Christi,
2548 2817 2709 2871 quam
2739 2805 2791 2858 in
2822 2815 3003 2861 nostra
3035 2808 3137 2863 ﬁde
3164 2795 3476 2879 spiritaliter
3506 2829 3883 2883 agnoscamus.

2286 2889 2418 2945 Nam
2459 2892 2705 2950 Christus
2742 2896 2908 2952 Filius
2956 2898 3050 2952 Dei
3074 2885 3374 2956 secundum
3420 2919 3637 2960 carnem
3668 2908 3741 2962 de
3771 2910 3886 2979 Spi-

2283 2984 2391 3038 ritu
2437 2995 2625 3041 saneto
2675 2999 2970 3059 conceptus
3006 2999 3062 3045 et
3098 3002 3253 3048 natus
3288 3003 3393 3050 est.
3442 2996 3673 3053 Carnem
3705 3010 3882 3056 autem

2287 3073 2431 3126 illam
2462 3090 2562 3130 nec
2591 3079 2878 3147 concipere
2915 3079 3080 3148 Virgo
3106 3093 3291 3150 posset
3319 3085 3630 3155 aliquando,
3663 3106 3768 3143 nec.
3796 3107 3885 3161 pa-

2285 3179 2427 3230 rere,
2459 3167 2560 3220 nisi
2587 3167 2826 3235 ejusdem
2854 3171 3033 3225 carnis
3063 3171 3292 3241 Spiritus
3319 3186 3537 3232 sanc'us
3565 3193 3884 3248 operaretur

576 3255 741 3322 stram
771 3249 823 3300 in
853 3251 1314 3320 sanctiﬁcationem
1344 3295 1358 3320 ,
1395 3255 1552 3322 ﬁnem
1587 3272 1707 3329 vero
1741 3258 1898 3311 vitam
1926 3269 2173 3314 retentam
2203 3264 2248 3327 (ξ
2280 3263 2548 3309 exortum.
2580 3256 2669 3312 Sic
2699 3274 2827 3327 ergo
2851 3261 2904 3314 in
2927 3262 3158 3318 hominis
3189 3264 3351 3319 corde
3383 3282 3480 3322 nec
3508 3271 3724 3339 concipi
3758 3273 3879 3326 t‘des

583 3336 762 3406 (Rom.
795 3355 866 3402 Vl,
899 3339 1014 3408 22).

654 3427 740 3481 59.
783 3428 910 3484 Hatc
938 3447 1065 3485 vero
1096 3432 1346 3497 libertas,
1376 3451 1495 3504 qua:
1527 3453 1632 3492 non
1672 3454 1741 3494 ex
1768 3440 2007 3497 humano
2037 3443 2182 3498 arbi-

580 3519 683 3572 trio
713 3521 970 3584 nascitur,
1004 3523 1100 3576 sed
1125 3527 1357 3590 gratuita
1389 3528 1480 3582 Dei
1503 3530 1851 3588 miseratione
1880 3537 2176 3603 confertur,

579 3623 609 3661 a
661 3609 802 3664 bona
846 3612 1124 3669 voluntate
1172 3617 1336 3681 sumit
1380 3621 1700 3688 exordium,
1733 3632 1788 3678 et
1825 3641 1921 3695 per
1946 3625 2178 3683 fructum

577 3699 1022 3758 sanctificationis
1067 3706 1120 3758 in
1169 3706 1278 3761 vita
1321 3718 1521 3764 mterna
1569 3713 1784 3782 plenum
1833 3717 1913 3770 sui
1953 3720 2178 3774 sortitur

576 3791 850 3848 effectum.
897 3795 1003 3850 Sed
1037 3798 1176 3853 sicut
1205 3799 1256 3853 in
1290 3803 1570 3859 nativitate
1599 3808 2042 3882 carnaliomnem
2077 3828 2173 3865 na-

575 3885 777 3939 scentis
818 3886 1052 3942 hominis
1100 3891 1432 3947 voluntatem
1482 3898 1736 3964 przccedit
1780 3902 1960 3969 aperis
2008 3902 2174 3968 divini

573 3974 858 4042 formatio;
903 3979 981 4034 sic
1011 3980 1063 4034 itt
1096 3983 1322 4050 spiritali
1353 3987 1663 4053 ttativitate,
1695 4005 1800 4058 qua
1831 4001 2045 4046 veterem
2077 3994 2174 4047 Ito-

573 4066 782 4132 minem,
833 4071 917 4136 qui
966 4075 1312 4143 corrumpitur
1352 4078 1631 4132 secundum
1655 4081 1912 4134 desideria
1959 4086 2179 4157 erroris,

573 4156 849 4226 deponere
887 4161 1200 4230 incipimus,
1233 4175 1294 4218 ut
1323 4184 1504 4222 nouum
1536 4171 1621 4240 qui
1649 4173 1702 4224 in
1733 4174 1937 4237 iustitia
1971 4183 2022 4226 et
2051 4156 2176 4227 san-4

574 4236 748 4302 ctiiate
774 4251 1003 4305 ueritatis
1029 4265 1228 4308 creatus
1253 4267 1329 4309 est
1370 4236 1580 4328 (Ep/tes.
1616 4277 1685 4324 tv,
1711 4236 1802 4328 2'2)
1861 4264 2168 4330 induamus,

574 4354 734 4394 nemo
756 4348 936 4409 potest
956 4345 1153 4400 habere
1177 4347 1373 4401 bonam
1401 4351 1728 4405 voluntatem
1753 4361 1902 4408 motu
1927 4359 2147 4426 proprio

575 4430 678 4483 nisi
709 4446 860 4486 mens
889 4433 1033 4502 ipsa,
1067 4435 1120 4489 id
1149 4444 1233 4491 est
1264 4438 1488 4493 interior
1517 4440 1679 4495 homo
1709 4431 1914 4509 noster,
1943 4462 2170 4504 renove-

574 4527 662 4574 tur
689 4535 754 4575 ac
791 4521 1112 4579 reformetur
1153 4544 1221 4581 ex
1264 4528 1396 4583 Deo.
1449 4528 1574 4585 ideo
1621 4533 1784 4604 308
1831 4551 1931 4590 nos
1983 4543 2171 4596 beatus

2284 3346 2516 3415 poterit,
2551 3364 2650 3403 nec
2678 3353 2884 3419 augeri,
2915 3354 3016 3408 nisi
3044 3371 3163 3408 eam
3195 3355 3428 3425 Spiritus
3455 3352 3674 3420 sanctus
3707 3363 3879 3418 infun-

2283 3435 2375 3489 dat
2403 3434 2427 3473 ά
2459 3445 2514 3492 et
2543 3440 2764 3495 nutriat.
2815 3441 2894 3497 Ex
2941 3445 3133 3500 eodem
3181 3463 3412 3516 namque
3460 3449 3664 3520 Spiritu
3711 3463 3864 3508 renat

2283 3543 2469 3584 smus
2492 3570 2506 3592 ,
2539 3545 2606 3584 ex
2633 3547 2740 3600 quo
2768 3544 2926 3588 natus
2954 3545 3037 3590 est
3080 3538 3325 3592 Christus
3371 3550 3394 3576 ε
3416 3580 3428 3593 .
3480 3541 3678 3595 Eodem
3727 3547 3876 3615 igitur

2284 3620 2485 3687 Spiritu
2514 3621 2760 3679 Christus
2791 3626 3052 3682 formatur
3082 3631 3376 3686 secundum
3425 3633 3581 3688 ﬁdem
3625 3637 3676 3689 in
3718 3639 3876 3692 corde

2283 3713 2703 3783 uniuscujusque
2728 3717 3028 3784 credentis,
3059 3735 3168 3788 quo
3196 3720 3398 3791 Spiritu
3425 3726 3725 3780 secundum
3756 3745 3874 3783 car-

2281 3818 2404 3857 nem
2437 3802 2699 3860 formatus
2726 3816 2809 3860 est
2858 3808 2910 3861 in
2955 3819 3110 3864 utero
3152 3811 3405 3880 Virginis.
3453 3815 3580 3870 Ideo
3617 3821 3873 3888 propheta

2282 3909 2350 3948 ex
2390 3911 2620 3964 persona
2669 3896 2904 3952 ﬁdelium
2939 3899 3138 3954 clamat
3178 3902 3245 3956 ad
3290 3903 3571 3959 Dominum
3608 3926 3621 3960 :
3655 3908 3873 3976 Propter

2281 3987 2513 4041 timorem
2538 3997 2696 4048 tuum.
2725 3989 2964 4055 Domine,
2989 3992 3040 4044 itt
3067 3988 3214 4046 utero.
3231 3998 3557 4066 concepimus
3577 4010 3627 4051 et
3647 4004 3871 4068 parturi-

2283 4075 2445 4130 vimus
2472 4077 2728 4147 Spiritum
2749 4080 2933 4134 salutis
2956 4090 3088 4145 tua);
3103 4083 3361 4152 justitiam
3380 4103 3482 4140 nan
3512 4088 3529 4124 τ
3549 4090 3767 4158 fecimus
3789 4109 3870 4144 stt-

2278 4185 2369 4237 pcr
2389 4177 2579 4222 terram
2599 4167 2886 4238 (Isa.x.\'vt,
2900 4171 2916 4222 l
2929 4171 3004 4239 8').
3021 4161 3170 4226 Sicut
3184 4184 3364 4229 autent
3384 4193 3488 4231 non
3505 4179 3678 4233 selum
3695 4182 3870 4250 prius-

2277 4276 2438 4331 quam
2487 4260 2646 4328 Virgo
2689 4259 2854 4315 Maria
2881 4261 3152 4318 Christum
3182 4267 3530 4336 conciperet,
3587 4271 3681 4324 sed
3705 4273 3866 4326 etiam

2275 4367 2588 4423 priusquam
2626 4372 2684 4412 se
2715 4368 3095 4428 conceptarum
3127 4372 3466 4429 agnosceret,
3500 4365 3672 4433 gratia
3712 4366 3868 4434 plena

2278 4444 2453 4510 angeli
2475 4460 2608 4499 voce
2623 4457 2930 4517 nuncupata
2949 4458 3050 4515 est,
3066 4465 3187 4505 eum
3206 4451 3350 4505 nulla
3371 4453 3488 4521 ejus
3505 4457 3866 4522 parcessisset

2271 4533 2371 4601 (at.
2399 4535 2748 4607 prtecederet)
2769 4540 3106 4609 concipiendi
3129 4539 3168 4593 F
3174 4541 3247 4595 iiii
3269 4541 3362 4596 Dei
3387 4545 3469 4598 vel
3492 4547 3753 4614 cognitio,
3783 4547 3863 4602 vel

573 4609 770 4668 Paulus
801 4616 1042 4686 prmcipit
1081 4617 1099 4688 (
1127 4617 1275 4672 Rom.
1307 4636 1399 4686 xu,
1427 4619 1462 4674 2
1485 4623 1502 4691 )
1547 4638 1651 4677 non
1692 4625 2016 4684 conformari
2044 4631 2168 4688 huic
2195 4650 2250 4709 Β
2275 4626 2546 4694 voluntas,
2570 4639 2627 4682 ut
2653 4642 3036 4698 agnosceretur
3063 4648 3128 4688 ex
3153 4635 3324 4702 gratia
3354 4636 3597 4694 Deiesse
3624 4649 3730 4694 tam
3755 4641 3863 4711 ipsa

572 4706 794 4774 szeeulo,
823 4708 916 4762 sed
940 4709 1218 4765 reformari
1243 4713 1295 4766 in
1318 4715 1560 4770 novitate
1581 4731 1768 4773 sensus
1790 4723 1979 4776 nostri.
2003 4723 2167 4793 Cujus

572 4794 974 4854 reformationis
1003 4800 1212 4856 initium
1260 4818 1328 4858 ne
1377 4817 1574 4861 nostra:
1612 4808 1848 4866 facultati
1894 4815 2168 4883 assignare

572 4889 910 4960 aliquatenus
930 4895 1247 4951 deberemus
1263 4940 1278 4965 ,
1311 4898 1568 4956 Dominus
1593 4917 1690 4972 per
1714 4906 2032 4974 prophetam
2081 4924 2169 4963 se-

573 4978 747 5047 ipsum
795 4981 1144 5040 formatorem
1169 4987 1300 5043 lueis
1328 4991 1600 5056 ostendit,
1641 4993 1823 5050 dicens
1863 5013 1874 5048 :
1911 4995 2024 5067 Ego
2058 4997 2166 5051 Do-

573 5073 741 5125 minus
765 5075 998 5142 formans
1030 5077 1193 5132 lucem
1225 5090 1273 5133 et
1294 5098 1478 5137 creatis
1505 5086 1738 5139 tenebras
1768 5086 1899 5157 (Isa.
1936 5104 2059 5151 XLV,
2086 5090 2162 5158 7).

569 5164 724 5227 Quod
747 5175 804 5221 et
823 5167 1012 5225 beatus
1033 5171 1321 5241 Apostolus
1341 5192 1434 5231 sua
1458 5179 1838 5247 ptredicatione
1859 5179 2161 5243 conﬁrmat,

569 5252 753 5310 dicens
779 5276 792 5308 :
817 5257 975 5325 Deus,
999 5263 1085 5332 qui
1107 5263 1238 5318 dixit
1263 5267 1327 5320 de
1349 5269 1569 5322 tenebris
1597 5272 1758 5323 lucem
1789 5272 2162 5340 splendescere,

644 5439 668 5511 τ
701 5430 878 5514 Locuns
907 5436 1005 5514 hic
1028 5437 1159 5492 alias
1185 5441 1443 5514 obscurus
1480 5445 1757 5499 restitutus
1787 5455 1869 5498 est
1911 5463 2013 5514 ope
2043 5463 2167 5509 ms.,

572 5503 674 5582 qui.
721 5504 936 5584 prmfert
993 5507 1110 5561 hanc
1142 5511 1360 5584 Avet'ba,
1412 5515 1484 5566 ita
1540 5517 1694 5569 crevit
1745 5503 2064 5584 inﬁrmilas,
2114 5503 2167 5568 ul

574 5572 696 5636 nisi,
729 5581 860 5636 etc.,
892 5575 1076 5628 sit.....
1109 5579 1287 5632 sit.....
1323 5572 1425 5636 etc.

573 5647 672 5763 de,
724 5641 845 5707 Ms.,
887 5647 1158 5700 insinuans
1201 5651 1302 5714 ait;
1361 5653 1488 5707 editi
1531 5655 1884 5717 uniformiter,
1934 5657 2170 5710 insinuat

610 5729 767 5763 tccns.

610 5729 767 5764 ιειῐηδ.

593 5851 630 5880 Γ
652 5794 670 5816 ε
706 5781 829 5835 Ant.
863 5794 913 5839 et
941 5784 1089 5854 i.ov.,
1119 5791 1234 5859 qui:
1267 5793 1554 5862 credimus;
1587 5813 1683 5853 ms.
1711 5807 1763 5854 et
1791 5795 1974 5862 Basil.,
1999 5799 2165 5853 credi-

574 5869 761 5905 atmus.

2272 4718 2531 4774 obediens
2556 4721 2806 4777 voluntas
2843 4723 3075 4793 Virginis
3096 4767 3110 4791 ,
3150 4741 3311 4794 quam
3341 4731 3627 4799 conceptio
3655 4731 3867 4790 Domini

2271 4807 2566 4866 Salvatoris
2593 4830 2606 4878 ;
2659 4818 2736 4868 sic
2767 4815 2933 4871 homo
2964 4818 3271 4886 priusquam
3302 4820 3527 4875 credere
3554 4823 3693 4879 velle
3730 4826 3863 4880 inci-

2269 4900 2410 4969 piat,
2442 4904 2613 4970 gratia
2643 4905 2893 4962 donantis
2923 4907 3220 4964 infunditur
3245 4912 3428 4977 cordi,
3468 4923 3526 4967 ut
3556 4915 3772 4984 incipiat
3811 4918 3862 4971 in

2269 4995 2486 5054 homine
2507 5015 2605 5069 per
2627 5001 2781 5055 ﬁdem
2803 5001 3048 5059 Christus
3070 5005 3307 5062 formari.
3336 5008 3472 5062 Cum
3502 5019 3682 5064 autem
3705 5011 3866 5064 Chri-

2224 5128 2229 5136 .
2271 5093 2387 5141 stus
2415 5089 2466 5142 in
2499 5107 2826 5162 unoquoque
2867 5093 3164 5162 formatur,
3214 5099 3327 5167 ipse
3363 5114 3423 5153 se
3464 5099 3691 5164 format;
3741 5102 3862 5172 quia

2271 5180 2387 5251 ipse
2431 5180 2585 5238 ﬁdem
2619 5185 2670 5238 in
2700 5187 2862 5241 corde
2901 5189 3317 5261 uniuscujusque
3358 5192 3628 5246 credentis
3668 5194 3857 5248 initiat.

2272 5271 2562 5342 Propterea
2603 5277 2655 5330 in
2703 5276 2940 5349 Epistola
2990 5296 3108 5352 qum
3153 5284 3220 5338 ad
3268 5283 3523 5340 llebtzcos
3551 5286 3747 5356 scripta
3781 5284 3862 5341 est

2344 5451 2366 5490 ι¹
2397 5453 2488 5534 _S_ic.
2512 5453 2709 5534 Basil._;
2742 5465 2797 5508 at
2828 5456 2956 5534 μιν,
2990 5471 3044 5514 et
3071 5461 3223 5527 Ant.,
3251 5465 3504 5534 effundat.

2347 5534 2368 5560 ο
2395 5525 2514 5586 Ms,
2545 5525 2798 5579 Dominus
2822 5527 3074 5585 Christus.

2349 5594 2481 5669 fSic
2503 5595 2696 5659 Basil.;
2727 5605 2782 5648 at
2804 5596 2933 5669 μοι’.
2962 5612 3015 5654 et
3038 5603 3160 5656 Ant.
3189 5619 3293 5658 non
3319 5605 3516 5660 habent
3538 5607 3650 5661 hrec
3674 5609 3852 5669 verba.

2263 5665 2524 5734 justitiam
2553 5683 2690 5746 non;
2733 5667 2940 5746 SCti‘SlC
2961 5673 3248 5741 pneferunt
3283 5676 3456 5729 locum
3488 5695 3499 5728 :
3533 5665 3858 5746 concepimus

2269 5745 2317 5787 ct
2363 5738 2744 5804 purturirimus.
2799 5737 3051 5810 Spiritum
3095 5746 3275 5798 salutis
3323 5755 3426 5798 tute
3469 5737 3855 5816 feciutus'super

2269 5815 2314 5860 τε
2321 5824 2457 5860 rram
2466 5849 2477 5862 .
