4124 6476
201 405 238 479 ς
266 419 368 473 m

1629 392 1958 452 EPISTOLA
1996 390 2156 448 XVII.

3419 391 3527 446 178

266 536 620 591 admonemur
665 534 725 582 ut
749 525 910 596 309
935 522 1244 594 aspiciamus
1272 518 1326 572 in
1353 522 1612 570 auctorem
1641 510 1766 581 fidei
1793 517 1842 562 et
1874 511 1919 568 Α
1946 520 2120 561 οπως
2144 504 2262 571 fuit,
2291 504 2345 559 in
2373 518 2440 560 eo
2468 503 2695 574 accipiat
2722 504 2934 570 lumen;
2965 511 3021 560 et
3049 505 3138 560 ubi
3168 505 3266 560 fuit
3292 506 3526 577 iniquus,

266 632 727 684 consummatorem
748 619 924 673 Iesum
955 612 1140 685 (Hebr.
1163 627 1256 676 xu,
1282 608 1338 678 2)
1369 626 1382 660 :
1412 605 1502 677 qui
1523 601 1715 678 procul
1742 600 1844 654 du-

265 720 356 775 bio
381 716 460 771 sic
485 722 569 769 est
595 718 784 766 auctor
813 705 934 762 ﬁdei
959 712 1157 760 nostra:
1182 741 1198 766 ,
1240 713 1359 754 cum
1402 697 1518 766 ipse
1547 693 1705 750 ﬁdem
1736 705 1845 745 non

263 806 587 864 habentibus
613 802 797 863 donat,
828 798 967 853 sicut
993 802 1077 850 est
1097 791 1337 862 ejusdem
1365 787 1483 842 ﬁdei
1509 797 1848 841 consumma-

263 907 372 962 tor,
404 910 528 952 cum
555 906 674 948 eam
705 890 757 944 in
788 885 1107 943 habentibus
1145 879 1388 951 augendo
1425 874 1760 944 multiplicat,
1794 878 1849 924 et

263 995 453 1044 sancta
500 980 814 1052 operatione
859 979 1216 1030 consummat.
1281 968 1420 1023 Dicit
1470 966 1612 1020 enim
1659 964 1850 1017 beatus

266 1075 544 1148 apostolus
571 1069 804 1125 Jacobus
833 1066 956 1134 quia
986 1063 1115 1118 ﬁdes
1143 1060 1370 1116 Abrahae
1395 1056 1562 1128 patris
1588 1053 1756 1109 nostri
1785 1067 1852 1106 ea:

264 1165 504 1238 operibus
533 1165 885 1216 consummata
914 1164 990 1208 est
1027 1153 1162 1224 (Jac.
1189 1167 1244 1215 η,
1278 1149 1390 1219 12).

336 1258 427 1312 lli.
460 1255 660 1309 Auctor
682 1256 765 1304 est
793 1259 922 1313 ergo
951 1243 1073 1298 ﬁdei
1103 1249 1318 1304 nostra},
1345 1243 1852 1302 consummatorque

267 1351 423 1406 Iesus
446 1388 460 1413 ,
495 1344 620 1415 quia
661 1343 774 1411 ipse
809 1343 1064 1407 operatur
1094 1334 1145 1389 in
1177 1332 1331 1386 nobis
1357 1338 1413 1383 et
1438 1327 1577 1382 velle
1606 1333 1661 1380 et
1689 1322 1852 1394 perﬁ—

267 1457 395 1500 cere
413 1480 426 1504 ,
457 1453 558 1510 pro
585 1436 725 1490 bona
755 1429 1052 1484 voluntate.
1103 1422 1259 1490 Quod
1286 1422 1331 1475 si
1360 1421 1414 1474 in
1439 1433 1506 1473 eo
1535 1424 1743 1470 tantum
1772 1419 1855 1467 est

269 1543 461 1588 auctor
488 1527 609 1582 ﬁdei
638 1532 853 1585 nostrae,
885 1519 1008 1587 quia
1039 1524 1280 1570 nostram
1307 1512 1636 1566 voluntatem
1663 1519 1856 1574 exspe-

271 1631 419 1688 ctat,
449 1628 508 1673 ut
535 1633 602 1672 ex
633 1613 785 1668 nobis
814 1625 932 1665 esse
972 1606 1101 1661 ﬁdes
1137 1602 1748 1672 incipiat,°consequens
1773 1601 1857 1649 est

269 1725 331 1770 ut
353 1685 514 1768 etiam
537 1711 937 1765 consummator
962 1698 1084 1752 fidei
1115 1705 1311 1750 nostra:
1331 1692 1455 1746 ideo
1476 1690 1708 1751 dicatur,
1732 1685 1856 1754 quia

270 1809 551 1873 exspectat
587 1807 644 1852 ut
680 1803 865 1851 nostro
907 1800 1112 1844 tantum
1149 1792 1349 1841 conatu
1397 1781 1463 1835 ad
1519 1792 1860 1834 consumma-

1948 598 2188 653 serviens
2215 595 2562 651 immunditia:
2590 605 2645 652 et
2668 595 2934 664 iniquitati
2962 595 3030 651 ad
3056 597 3424 668 iniquitatem,
3456 599 3532 655 ibi

1945 690 2118 757 gratia
2161 694 2466 759 praeventus
2513 696 2675 760 atque
2714 687 2928 757 adjutus
2968 690 3170 743 serviat
3210 688 3430 758 justitim
3475 690 3535 745 in

1945 779 2446 836 sanctilicationem.
3081 771 3088 775 “

2018 869 2146 924 CAP.
2177 885 2287 923 ut.
2320 869 2482 935 Deus,
2513 870 2633 925 dum
2659 887 2785 942 quos
2817 872 2922 925 vult
2948 872 3209 925 credentes
3233 873 3382 943 facit,
3413 889 3533 943 per-

1949 976 2194 1016 sonarum
2225 971 2462 1031 acceptor
2481 977 2584 1015 non
2614 969 2712 1015 est.
2753 958 2923 1015 Nemo
2951 978 2983 1014 a
3009 978 3064 1016 se
3087 961 3238 1015 habet
3264 963 3390 1017 uelle
3418 978 3536 1018 cre-

1950 1052 2088 1105 dere.
2135 1083 2206 1094 -—
2240 1049 2330 1106 42.
2378 1050 2636 1105 Miramur
2680 1059 2859 1104 autem
2899 1051 3157 1118 quosdam
3198 1052 3378 1107 dicere
3421 1070 3435 1105 :
3480 1053 3538 1107 Si

1951 1142 2197 1196 nolentes
2226 1151 2249 1181 ο
2274 1141 2413 1195 Deus
2445 1140 2570 1195 facit
2598 1149 2658 1195 ut
2685 1141 2853 1195 velint
2883 1142 3103 1195 credere
3121 1181 3135 1205 ,
3161 1142 3336 1196 nullus
3357 1151 3540 1196 autem

1952 1239 2036 1287 est
2056 1232 2148 1301 qui
2177 1231 2491 1286 naturaliter
2518 1231 2687 1300 possit
2711 1231 2932 1286 credere
2963 1231 3014 1284 in
3048 1231 3240 1285 Filium
3271 1232 3363 1286 Dei
3388 1271 3403 1297 ,
3447 1239 3541 1286 aut

1954 1324 2155 1394 aliquid
2187 1324 2313 1378 boni
2341 1323 2481 1378 velle
2511 1322 2654 1392 quod
2696 1324 2932 1392 pertinet
2962 1323 3028 1378 ad
3069 1324 3232 1378 vitam
3261 1332 3538 1388 (sternam,

1954 1431 2052 1472 cur
2085 1431 2214 1485 ergo
2254 1417 2416 1487 310
2454 1431 2560 1470 non
2590 1415 2718 1470 facit
2746 1430 2934 1469 omnes
2967 1416 3123 1480 velle,
3165 1422 3284 1469 cum
3327 1431 3432 1469 nou
3472 1417 3542 1470 sit

1955 1522 2307 1577 personarum
2353 1515 2606 1575 acceptor
2649 1505 2825 1560 Deus?
2876 1504 2954 1559 Ex
2983 1502 3175 1575 quibus
3203 1490 3398 1570 Verbis,
3423 1521 3542 1575 qua:

1955 1597 2150 1650 vestris
2178 1596 2369 1652 litteris
2397 1597 2562 1651 indita
2591 1606 2742 1662 sunt,
2775 1606 2998 1666 apparet
3034 1611 3129 1651 eos
3154 1597 3330 1651 minus
3358 1597 3543 1652 consi-

1957 1685 2149 1741 derare
2201 1686 2344 1755 quod
2392 1687 2592 1742 dicunt.
2648 1686 3005 1742 Personarum
3050 1689 3246 1757 quippe
3301 1687 3543 1756 acceptio

1961 1779 2101 1848 apud
2125 1778 2293 1832 Deum
2317 1787 2448 1833 tunc
2468 1787 2629 1843 esset,
2656 1780 2700 1834 si
2732 1779 3202 1849 (quemadmodum
3225 1778 3311 1833 isti
3332 1777 3541 1848 volunt)

273 1865 480 1953 tionem
510 1891 642 1947 ﬁdes
667 1903 785 1959 quae
823 1901 854 1940 a
885 1882 1040 1938 nobis
1093 1885 1283 1934 exorta
1319 1882 1402 1930 est
1447 1871 1754 1943 perveniat;
1794 1883 1859 1924 ac
1889 1865 1935 1923 B
1963 1871 2014 1925 in
2039 1871 2280 1939 quolibet
2308 1871 2584 1925 hominum
2623 1873 2835 1940 aliquod
2878 1872 3142 1926 inveniret
3169 1871 3324 1926 bona:
3351 1871 3543 1925 volun-

271 1989 355 2044 sic
382 1993 554 2041 totum
596 1982 706 2036 Deo
735 1977 987 2032 adimitur
1005 2015 1020 2040 ,
1049 1973 1094 2027 si
1122 1979 1177 2026 ct
1205 1969 1414 2023 initium
1441 1975 1496 2020 et
1520 1975 1860 2019 consumma-

272 2081 354 2133 tio
383 2076 508 2130 ﬁdei
551 2079 748 2127 nostra:
785 2065 1008 2122 humani
1037 2060 1243 2116 arbitrii
1288 2056 1491 2111 viribus
1541 2053 1855 2122 applicetur.

273 2167 432 2236 Quod
460 2144 583 2233 quia
619 2157 775 2216 vaide
811 2153 1030 2226 impium
1061 2161 1175 2217 est,
1217 2151 1262 2204 si
1301 2148 1696 2215 Scripturarum
1736 2157 1861 2236 san:

275 2231 491 2315 citarum—
519 2251 744 2320 eloquiis
772 2246 1092 2303 salutaribus
1130 2258 1235 2295 non
1265 2239 1564 2293 resistimus
1595 2244 1649 2300 ⁸,
1682 2231 1861 2287 omnia

274 2364 400 2420 qua:
437 2345 707 2418 pertinent
743 2339 810 2392 ad
842 2337 998 2391 bona:
1026 2331 1316 2387 voluntatis
1346 2327 1587 2420 initium‘
1619 2323 1702 2377 vel
1735 2336 1862 2420 pro-

275 2414 476 2498 tectum
495 2479 511 2504 ,
541 2437 708 2490 Deum
740 2431 792 2484 in
821 2429 975 2484 nobis
1003 2433 1057 2480 et
1086 2423 1324 2492 incipere
1377 2427 1433 2475 et
1460 2414 1721 2488 perlicere
1748 2414 1864 2468 sine

276 2535 457 2600 aliqua
487 2525 818 2583 hmsitatione
856 2519 1158 2576 credamus.
1201 2513 1318 2584 Ipse
1346 2519 1427 2566 est
1455 2509 1597 2564 enim
1626 2507 1716 2575 qui
1745 2522 1864 2575 ope-

276 2599 428 2684 ratur
456 2623 510 2674 in
538 2617 684 2673 nobis
713 2625 761 2668 et
790 2613 915 2667 uelle
942 2621 987 2665 et
1026 2609 1290 2679 perficere,
1323 2621 1415 2674 pro
1446 2601 1580 2655 bona
1608 2599 1868 2653 voluntate

277 2712 506 2781 (Philip.
531 2726 587 2771 u,
612 2706 722 2773 1'5).
755 2702 1060 2755 Clamemus
1081 2698 1242 2764 igitur
1265 2695 1316 2747 in
1349 2691 1651 2781 humilitate
1690 2687 1868 2742 cordis

277 2778 334 2860 et
361 2778 592 2858 veritate
621 2795 743 2848 fidei
765 2807 886 2847 cum
916 2788 1180 2859 propheta
1213 2802 1226 2836 :
1260 2784 1382 2838 Scio
1409 2823 1424 2848 ,
1458 2780 1680 2834 Domine
1706 2817 1719 2842 ,
1749 2778 1868 2847 quia

277 2915 386 2959 non
411 2904 486 2949 est
514 2894 568 2946 in
609 2889 816 2942 homine
845 2886 924 2939 via
960 2885 1104 2954 ejus,
1139 2897 1297 2950 neque
1329 2879 1425 2930 viri
1455 2883 1529 2929 est
1561 2884 1615 2927 ut
1644 2874 1872 2941 carrigat

277 2990 418 3043 viam
449 2998 596 3038 suam
627 2978 758 3048 (Jer.
786 2993 842 3043 χ,
864 2975 978 3043 23).
1004 2973 1120 3027 Non
1151 2979 1234 3026 est
1263 2971 1442 3036 itaque
1475 2967 1524 3021 in
1550 2965 1769 3019 homine
1784 2963 1870 3016 via

197 3111 200 3114 ~
281 3079 402 3149 ejus
429 3089 589 3145 quam
615 3071 780 3126 habet
809 3083 877 3122 ex
901 3067 1012 3120 Deo
1031 3105 1045 3128 ,
1070 3078 1245 3132 neque
1275 3061 1375 3114 viri
1417 3067 1500 3114 est
1539 3065 1597 3111 ut
1640 3056 1873 3121 corrigat

276 3171 424 3224 viam
440 3180 591 3222 suam
606 3175 767 3232 quam
786 3160 948 3214 habet
962 3173 1026 3211 ex
1044 3156 1242 3225 seipso.
1271 3153 1424 3207 Viam
1444 3165 1572 3218 ergo
1590 3164 1740 3203 suam
1763 3161 1872 3200 non

1954 1963 2085 2017 tatis
2109 1963 2338 2016 initium.
2371 1962 2504 2017 Cum
2529 1972 2706 2018 autem
2737 1965 2789 2018 in
2821 1965 2966 2020 nullo
2989 1965 3183 2018 bonam
3214 1965 3545 2019 voluntatem

1959 2053 2184 2119 invenit,
2214 2051 2307 2106 sed
2337 2068 2454 2106 eam
2489 2053 2654 2121 gratis
2693 2054 2779 2107 cui
2811 2054 3040 2107 voluerit
3071 2053 3095 2088 ά
3129 2054 3242 2122 ipse
3271 2052 3542 2117 concedit,

1961 2144 2270 2212 agnoscitur
2301 2143 2446 2197 nulla
2477 2157 2595 2197 esse
2625 2158 2973 2212 personarum
3026 2143 3296 2212 acceptio,
3327 2140 3546 2210 quando

1961 2233 2192 2301 gratuita
2238 2239 2320 2287 est
2368 2232 2621 2288 donantis
2657 2232 2709 2285 in
2751 2246 3072 2300 unoquoque
3112 2232 3342 2299 largitio.
3392 2230 3547 2296 Quod

1963 2318 2142 2378 autem
2169 2324 2372 2388 dicunt,
2400 2340 2496 2378 cur
2523 2339 2628 2378 non
2656 2323 2784 2378 facit
2807 2339 2996 2378 omnes
3020 2323 3192 2377 velle?
3239 2322 3387 2376 Itane
3414 2337 3547 2377 vero

1965 2418 2018 2472 in
2045 2418 2258 2472 nemine
2284 2419 2386 2470 hoc
2415 2417 2564 2484 facit,
2595 2417 2719 2486 quia
2750 2432 2855 2470 non
2897 2415 2950 2469 in
2980 2416 3227 2470 omnibus
3252 2414 3419 2469 facit?
3467 2413 3548 2466 An

1965 2525 2068 2561 non
2108 2507 2260 2561 habet
2298 2516 2599 2578 potestatem
2651 2508 2840 2578 ﬁgulus
2881 2507 3014 2572 luti,
3056 2523 3120 2560 ex
3159 2506 3338 2559 eadem
3375 2521 3550 2558 massa

1969 2601 2140 2669 facere
2161 2599 2304 2652 aliud
2331 2598 2535 2669 quidem
2562 2617 2650 2653 vas
2677 2602 2730 2653 in
2763 2599 3026 2663 honorent,
3051 2599 3196 2653 aliud
3214 2615 3330 2652 vero
3351 2599 3405 2652 in
3429 2614 3551 2652 con-

1970 2690 2230 2744 tumeliam
2279 2689 2456 2760 (Rom.
2488 2707 2563 2756 ιι,
2595 2690 2684 2762 21)
2711 2693 2733 2745 ?
2780 2700 2873 2744 aut
2911 2691 3116 2760 culpari
3147 2698 3325 2759 potest
3347 2690 3553 2758 justitia

1973 2780 2024 2833 in
2056 2772 2197 2834 vasis
2227 2781 2348 2844 irzc,
2379 2796 2499 2852 qua:
2523 2781 2668 2849 juste
2696 2797 2795 2850 pro
2832 2781 3036 2835 meritis
3058 2782 3261 2850 aptavit
3290 2781 3342 2834 in
3373 2780 3554 2833 interi-

1973 2877 2120 2934 tum;
2170 2871 2256 2923 vel
2304 2870 2668 2925 misericordia
2721 2871 2773 2924 in
2824 2870 2966 2924 vasis
3012 2869 3409 2934 misericordia,
3438 2881 3594 2936 quas

1973 2962 2089 3015 sine
2116 2961 2236 3015 ullis
2264 2962 2469 3016 meritis
2497 2962 2614 3016 solo
2643 2961 2827 3030 gratize
2852 2961 2998 3016 dono
3027 2961 3346 3030 praxparavit
3369 2960 3422 3012 in
3443 2959 3558 3027 glo-

1975 3053 2130 3106 riam.
2191 3051 2394 3118 Quibus
2443 3053 2616 3122 ipsam
2665 3067 2881 3122 quoque
2920 3052 3208 3122 praeparari
3255 3066 3285 3104 a
3333 3049 3558 3104 Domino

1974 3142 2306 3197 voluntatem
2336 3142 2612 3212 Scriptura
2653 3149 2792 3196 teste
2820 3141 3115 3196 docuimus.
3167 3141 3293 3218 Qua:
3319 3140 3362 3193 si
3393 3155 3500 3192 non
3527 3153 3559 3192 a

279 3260 449 3316 habet
472 3257 525 3311 in
554 3228 646 3319 se,
678 3266 778 3306 nec
804 3250 944 3303 viam
973 3261 1124 3302 suam
1153 3243 1396 3311 corrigit,
1429 3241 1530 3296 nisi
1559 3254 1681 3294 cum
1711 3236 1871 3291 recti-
1895 3232 1945 3297 Ο
1976 3232 2086 3286 Deo
2117 3233 2289 3298 datur,
2323 3232 2417 3286 sed
2447 3233 2499 3286 in
2530 3233 2746 3287 homine
2775 3233 3061 3294 invenitur,
3091 3231 3282 3284 falsum
3311 3238 3389 3285 est
3417 3228 3560 3298 quod

276 3353 468 3409 tudine
492 3347 670 3404 cordis
697 3344 898 3399 donum
926 3340 1112 3409 gratia:
1139 3336 1394 3407 spiritalis
1422 3331 1710 3402 acceperit.
1741 3329 1866 3383 ideo

277 3444 536 3500 Salomon
565 3437 694 3492 dicit
726 3451 739 3486 :
772 3432 965 3502 Dirigit
1004 3439 1175 3482 autem
1201 3426 1360 3480 corda
1391 3423 1644 3477 Dominus
1685 3418 1864 3490 (Prov.

277 3552 408 3598 χχι,
437 3533 518 3600 ‘2).
567 3531 763 3583 Beatus
817 3537 1032 3593 quoque
1072 3519 1349 3590 apostolus
1380 3515 1613 3570 Jacobus
1643 3519 1870 3567 testatur

275 3626 405 3696 quia
435 3638 582 3677 omne
613 3619 789 3671 datum
815 3615 1062 3684 Optimum
1101 3619 1149 3664 et
1181 3625 1331 3664 omne
1368 3607 1560 3661 donum
1586 3605 1869 3674 perfectum

277 3693 549 3772 desursum
571 3719 646 3764 est
668 3705 978 3762 descendens
1000 3719 1033 3755 a
1055 3701 1214 3754 Patre
1235 3700 1481 3752 luminum
1511 3695 1650 3764 (Jac.
1676 3711 1713 3758 ι,
1738 3693 1824 3762 17)
1851 3709 1865 3745 :

277 3822 470 3863 eorum
496 3803 698 3858 scilicet
737 3799 997 3852 luminum
1035 3793 1228 3861 quibus
1261 3805 1358 3858 per
1384 3786 1716 3841 Ezechielem
1747 3783 1870 3837 novi

276 3898 461 3956 cordis
493 3894 719 3962 gratiam
759 3885 1120 3958 repromittit,
1151 3882 1337 3936 dicens
1369 3897 1382 3932 :
1416 3877 1565 3930 Dabo
1604 3875 1743 3930 vobis
1781 3891 1870 3928 cor

273 4005 465 4046 nouum
484 4029 498 4051 ,
528 3996 577 4039 et
607 3984 861 4054 Spiritum
890 3993 1075 4033 novum
1103 3989 1293 4044 ponam
1321 3973 1374 4024 in
1405 3969 1574 4024 medio
1609 3967 1761 4021 vestri
1779 4007 1794 4030 ,
1821 3973 1871 4018 et

271 4084 548 4153 auferetur
577 4094 665 4130 cor
703 4073 960 4144 lapideum
991 4070 1055 4122 de
1086 4083 1242 4120 carne
1269 4073 1464 4139 vestra,
1494 4070 1542 4115 et
1570 4059 1703 4112 dabo
1732 4057 1870 4112 vobis

181 4181 184 4188 '
269 4150 370 4230 tor
393 4185 659 4234 carneum,
674 4176 722 4220 et
746 4164 998 4235 Spiritum
1016 4175 1188 4214 meum
1206 4156 1338 4210 dabo
1357 4157 1413 4208 in
1435 4151 1594 4217 vobis,
1612 4150 1871 4221 etfaciam

270 4278 332 4321 ut
362 4267 418 4318 in
448 4254 905 4333 justiﬁcationibus
933 4253 1058 4306 meis
1099 4248 1396 4309 ambuletis,
1439 4253 1488 4298 et
1523 4243 1726 4314 judicia
1758 4256 1871 4293 mea

271 4356 575 4418 observetis,
603 4361 650 4405 et
681 4349 885 4421 faciatis
915 4343 1128 4416 (Ezech.
1164 4355 1344 4402 xxxvi,
1370 4337 1483 4406 26).
1518 4336 1712 4389 Beatus
1738 4348 1873 4402 quo-

271 4463 387 4518 que
414 4445 611 4498 Paulus
647 4442 894 4496 humana:
923 4433 1285 4502 comprimens
1314 4425 1744 4498 prmsumptiouis
1772 4439 1870 4476 au-

273 4515 487 4592 daciam
517 4531 648 4587 dicit
680 4549 693 4582 :
727 4527 854 4591 Quis
875 4525 1012 4578 enim
1037 4533 1082 4576 te
1107 4521 1392 4575 discernit?
1427 4518 1548 4590 quid
1574 4524 1743 4568 autem
1774 4515 1870 4566 hac

1972 3340 2092 3382 eam
2125 3325 2404 3396 Scriptura
2449 3325 2738 3395 praeparari
2786 3325 2918 3380 dicit
2950 3333 2974 3360 ο
3014 3339 3044 3377 a
3085 3323 3331 3378 Domino.
3377 3321 3561 3376 Omnis

1972 3423 2151 3471 autem
2175 3417 2451 3486 Scriptura
2472 3417 2726 3471 divinitus
2748 3417 3002 3486 inspirata
3018 3455 3033 3478 ,
3061 3422 3250 3470 cuncta
3273 3429 3390 3482 quae
3410 3411 3558 3474 dicit,

1971 3521 2099 3561 vera
2129 3506 2276 3573 dicit,
2305 3509 2429 3576 quia
2457 3523 2526 3562 ex
2555 3508 2782 3562 veritate
2809 3515 2934 3561 sunt
2961 3507 3208 3561 universa
3237 3521 3356 3574 qua:
3381 3505 3511 3560 dicit
3542 3523 3558 3558 :

1972 3596 2195 3670 Eloquia
2217 3599 2359 3652 enim
2384 3597 2617 3664 Domini,
2641 3598 2842 3668 eloquia
2864 3607 3006 3650 casta
3031 3596 3205 3664 (Psal.
3229 3613 3301 3660 χι,
3319 3595 3395 3664 7).
3423 3595 3562 3650 Deus

1973 3703 2122 3757 ergo,
2147 3690 2240 3756 qui
2269 3689 2599 3743 voluntatem
2630 3697 2895 3757 praeparat
2917 3728 2931 3752 ,
2965 3689 3077 3756 ipse
3105 3687 3287 3740 donat.
3321 3685 3491 3750 Quam
3516 3685 3562 3738 si
3638 3751 3643 3756 1

1974 3779 2116 3832 Deus
2141 3794 2238 3847 per
2257 3793 2408 3832 suam
2432 3779 2658 3844 gratiam
2687 3778 2892 3832 homini
2913 3793 3019 3831 non
3040 3776 3263 3837 dederit,
3287 3790 3561 3842 nunquam

1971 3876 2152 3939 potest
2179 3868 2343 3922 homo
2371 3867 2425 3920 in
2455 3868 2623 3921 Deum
2652 3868 2790 3921 velle
2819 3867 3038 3921 credere
3062 3906 3076 3932 ,
3106 3867 3230 3934 quia
3260 3867 3429 3934 ipsam
3461 3881 3560 3919 vo-

1974 3959 2233 4013 luntatem
2256 3958 2427 4026 gratia
2449 3974 2556 4012 non
2582 3957 2805 4019 invenit,
2829 3957 2924 4011 sed
2943 3965 3199 4025 operatur
3220 3957 3273 4009 in
3295 3955 3533 4009 homine.

2043 4049 2172 4103 CAP.
2207 4065 2335 4104 xxn.
2395 4047 2653 4102 Credendi
2684 4047 2907 4119 facultas
2936 4049 3178 4101 humanae
3203 4055 3366 4113 potest
3395 4048 3562 4099 inesse

1973 4150 2192 4204 naturaz,
2216 4141 2337 4211 quia
2369 4139 2504 4193 Deus
2534 4146 2700 4209 potest
2723 4154 2838 4192 eam
2862 4154 3072 4192 sanare.
3105 4137 3272 4190 Adam
3301 4135 3561 4202 peccando

1973 4233 2194 4303 perdidit
2208 4230 2686 4302 fidem.—43.Cum
2699 4237 2876 4284 autem
2888 4228 3115 4283 dicimus
3127 4228 3392 4282 nemiuem
3405 4242 3565 4296 posse

1975 4326 2027 4378 in
2062 4325 2225 4377 Deum
2258 4323 2499 4389 credere,
2531 4321 2633 4376 nisi
2664 4335 2761 4390 per
2797 4319 3023 4386 gratiam
3050 4319 3144 4374 Dei
3176 4335 3270 4374 cor
3290 4313 3561 4373 illumine-

1975 4411 2083 4482 tur,
2114 4423 2172 4468 ut
2199 4414 2416 4478 credat,
2450 4429 2557 4468 non
2587 4411 2841 4467 credendi
2872 4411 3281 4480 possibilitatem
3313 4411 3561 4464 humanae

1975 4517 2178 4562 natura:
2205 4508 2425 4562 omnino
2455 4507 2629 4561 inesse
2659 4522 2766 4559 non
2800 4519 2958 4573 posse
2986 4503 3229 4567 dicimus,
3255 4503 3348 4558 sed
3380 4510 3438 4557 ut
3461 4503 3560 4556 ha-

276 4633 370 4684 bes
399 4624 533 4696 quod
559 4638 662 4676 non
691 4615 973 4687 accepisti?
1019 4613 1064 4667 si
1098 4620 1267 4664 autem
1296 4608 1571 4677 accepisti,
1605 4607 1728 4673 quid
1758 4604 1871 4674 glo—
1898 4611 1952 4670 1)
1977 4599 2102 4653 beat
2137 4599 2308 4668 ipsum
2339 4613 2530 4668 posse,
2565 4597 2704 4651 unde
2742 4595 2937 4649 debeat
2966 4611 3187 4664 sperare
3228 4611 3291 4650 ac
3331 4608 3559 4663 poscere

273 4719 440 4776 riaris
477 4712 625 4786 quasi
661 4725 764 4764 non
803 4705 1058 4774 acceperis
1112 4701 1166 4771 (Ι
1196 4699 1316 4754 Cor.
1351 4715 1422 4763 tv,
1453 4698 1547 4765 7)?
1587 4696 1721 4750 Cum
1763 4710 1872 4763 quo

280 4825 388 4864 nos
415 4812 628 4876 oportet
653 4799 922 4856 humiliter
949 4793 1340 4860 salubriterque
1371 4804 1696 4858 cognoscere
1722 4788 1869 4857 pari-

276 4908 368 4952 ter
398 4903 452 4949 et
480 4892 632 4946 fateri
661 4933 676 4956 ,
705 4887 874 4957 gratia
922 4884 1020 4937 Dei
1068 4897 1165 4935 nos
1195 4895 1314 4934 esse
1348 4878 1491 4947 quod
1532 4892 1718 4933 sumus
1750 4876 1796 4939 δ,
1827 4876 1870 4929 si

276 4999 467 5041 tamen
492 4979 694 5048 aliquid
722 4991 924 5031 sumus.
967 4973 1080 5039 Qua
1118 4972 1287 5042 gratia
1316 4971 1597 5023 humanum
1636 4985 1738 5022 non
1778 4983 1872 5020 au-

278 5081 468 5147 fertur,
489 5071 580 5126 sed
601 5078 844 5130 sanatur;
875 5081 983 5118 non
1005 5063 1275 5125 adimitur,
1299 5060 1394 5115 sed
1415 5059 1730 5125 corrigitur;
1765 5074 1871 5111 non

277 5171 625 5224 removetur,
656 5157 751 5211 sel
778 5155 1137 5211 illuminat-ur;
1177 5165 1282 5205 non
1313 5156 1620 5210 evacuatur,
1653 5147 1746 5202 sed
1777 5147 1872 5201 ad-

272 5257 497 5324 juvatur
521 5259 680 5317 atque
710 5252 951 5300 servatur
979 5241 1254 5296 arbitrium
1286 5257 1297 5291 :
1333 5247 1390 5292 ut
1419 5238 1470 5292 in
1512 5253 1618 5306 quo
1649 5236 1872 5292 infirmi-

277 5354 451 5398 tatem
479 5341 642 5394 homo
671 5335 874 5403 habuit,
904 5334 956 5387 in
980 5348 1045 5388 eo
1075 5332 1274 5385 habere
1303 5329 1523 5398 incipiat
1549 5329 1865 5394 sanitatem;

276 5450 389 5502 quo
410 5431 643 5493 errabat,
673 5426 861 5486 eodem
884 5426 936 5478 in
953 5423 1089 5478 viam
1115 5421 1207 5490 (al.
1233 5421 1284 5474 in
1309 5420 1416 5481 via)
1441 5418 1652 5483 redeat;
1684 5419 1736 5472 in
1763 5434 1870 5487 quo

353 5621 376 5645 ι·
407 5608 496 5662 Sic
517 5622 648 5668 ms..;
691 5612 746 5657 at
773 5603 930 5656 Basil.
953 5644 967 5666 ,
999 5617 1092 5654 nos
1118 5601 1421 5652 insistimus.
1465 5597 1592 5652 Lov.
1625 5606 1679 5652 et
1708 5596 1861 5663 Ant.,

278 5697 371 5734 nos
402 5680 704 5737 resistimus,
736 5673 829 5727 sed
856 5673 1013 5734 male.

354 5750 377 5786 δ
418 5748 545 5800 Lov.
579 5756 631 5799 et
659 5745 779 5796 Ant.
800 5783 813 5807 ,
845 5741 978 5811 quod
1009 5748 1057 5792 et
1086 5756 1290 5811 sumus.

359 5830 377 5855 τ
410 5815 568 5880 Lov.,
605 5815 722 5867 Ant.
756 5822 809 5865 et
841 5810 1025 5875 Basil.,
1057 5812 1098 5862 si
1121 5810 1358 5865 rotantes.

1977 4688 2423 4743 demonstramus.
2455 4687 2590 4741 Nam
2620 4687 2804 4755 utique
2841 4686 3158 4740 naturaliter
3186 4685 3408 4751 homini,
3440 4700 3561 4740 cum

1977 4782 2202 4851 cmperit
2241 4780 2292 4834 in
2335 4779 2429 4833 Dei
2471 4778 2662 4833 Filium
2693 4777 2914 4832 credere
2939 4817 2954 4842 ,
2986 4779 3029 4832 si
3060 4793 3216 4848 posse
3257 4777 3477 4832 credere
3506 4777 3561 4830 in

1979 4872 2286 4928 conditione
2314 4871 2471 4941 primi
2502 4871 2732 4925 hominis
2757 4871 2938 4925 datum
2963 4887 3069 4925 non
3100 4880 3264 4936 esset,
3288 4884 3558 4937 nunquam

1977 4973 2256 5034 peccatum
2293 4963 2359 5018 de
2389 4962 2700 5018 infidelitate
2730 4963 3102 5028 contraheret;
3144 4971 3318 5029 neque
3350 4959 3441 5013 ulli
3466 4973 3560 5010 ua-

1978 5063 2112 5109 turac
2156 5054 2411 5109 credendi
2440 5053 2665 5110 facultas
2695 5055 2853 5109 insita
2891 5062 3008 5117 est,
3042 5069 3201 5123 quam
3241 5050 3559 5105 rationalem

1979 5160 2084 5197 non
2116 5143 2237 5198 fecit
2267 5144 2424 5198 Deus.
2457 5142 2710 5214 Nunquid
2737 5147 2870 5200 enim
2910 5145 2973 5198 de
3001 5143 3157 5198 bobus
3188 5158 3311 5195 cura
3338 5149 3415 5195 est
3448 5139 3560 5196 Dee

1979 5237 2034 5310 (Ι
2057 5236 2176 5292 Cor.
2206 5255 2256 5292 ιχ
2283 5279 2297 5302 ,
2330 5237 2423 5308 9)?
2467 5238 2523 5293 in
2553 5239 2746 5307 quibus
2777 5255 2877 5293 nec
2917 5237 3134 5308 punitur
3163 5235 3428 5303 impietas,
3463 5247 3562 5288 nec

1975 5330 2148 5399 pictas
2175 5338 2483 5384 coronatur.
2535 5331 2610 5385 De
2639 5331 2944 5385 hominibus
2982 5337 3161 5381 autem
3193 5325 3440 5380 omnibus
3468 5341 3562 5380 cu-

1974 5438 2088 5477 ram
2118 5438 2233 5477 essc
2267 5423 2373 5477 Deo
2415 5423 2722 5478 cmlestibus
2749 5421 2977 5488 eloquiis
3007 5419 3316 5474 edocemur.

2047 5598 2070 5637 δ
2103 5601 2188 5656 Sic
2217 5618 2351 5664 ms.;
2393 5611 2443 5653 at
2475 5602 2622 5664 editi,
2649 5616 2762 5652 cum
2792 5598 3022 5651 voluerit.

2048 5683 2067 5705 υ
2100 5672 2173 5742 ita
2204 5689 2334 5734 ms.;
2377 5681 2432 5724 at
2469 5673 2518 5725 in
2553 5671 2710 5742 Basil.
2734 5711 2748 5731 ,
2773 5668 2912 5742 quod
2940 5685 3000 5721 ea
3032 5669 3082 5720 in
3116 5667 3386 5742 Scriptura
3417 5683 3553 5736 pne-

1969 5737 2148 5811 parari
2167 5743 2374 5805 dicitur;
2409 5742 2556 5806 Ant.,
2577 5758 2636 5794 ea
2666 5740 2936 5806 Scriptura
2955 5739 3246 5808 praeparari
3277 5737 3484 5792 dicitur.
