4108 6474
634 374 742 434 479

1629 381 1684 438 s.
1726 380 2088 438 renonum
2127 379 2432 436 EPlSCUPl
2472 340 2846 436 nusbsnsrs

3825 385 3939 433 μ..

704 495 792 550 ﬂ.
833 495 1050 553 Natura:
1087 499 1247 567 igitur
1277 498 1529 553 humana:
1563 498 1821 568 competit
1863 498 1994 553 ﬁdes
2015 538 2030 561 ,
2071 496 2223 565 cujus
2252 499 2304 557 Α
2328 496 2620 565 Apostolus
2641 494 2800 551 dicit:
2824 454 2971 550 Dcouo
2986 509 3115 564 ergo
3142 497 3413 569 unicuique
3433 498 3606 553 divisit
3625 516 3944 555 metutum

634 596 841 642 tantam
868 605 1052 644 curam
1077 589 1304 645 Creator
1327 586 1527 646 habere
1552 592 1819 659 dignatur,
1851 600 1911 644 ut
1939 591 2100 645 etiam
2131 605 2225 644 ca-

635 681 795 750 pillos
813 682 1004 751 capitis
1021 683 1188 737 nostri
1212 693 1520 737 numeratos
1541 698 1659 737 esse
1676 682 1887 737 Veritas
1902 682 2045 737 dicat
2073 684 2089 749 (
2097 681 2223 735 Luc.

635 785 727 836 xu,
754 770 843 841 i7)
880 788 893 823 :
926 782 986 825 ut
1009 771 1240 836 scilicet,
1271 771 1394 826 dum
1425 787 1483 825 se
1515 780 1719 826 tantum
1750 787 1780 824 a
1810 771 1922 825 Deo
1950 771 2098 839 diligi
2126 772 2226 825 hu-

635 880 796 920 mana
825 874 1016 920 natura
1046 866 1355 935 cognoscit,
1382 866 1691 933 diligentem
1723 881 1782 919 se
1806 864 1987 918 'Deum
2017 864 2223 933 diligat,

636 957 794 1025 eique
821 972 919 1026 per
944 954 1100 1011 ﬁdem
1129 957 1251 1026 puri
1276 956 1453 1011 cordis
1483 955 1758 1017 inhazreat,
1783 956 1869 1009 cui
1897 953 1964 1007 ad
1990 954 2224 1007 beatitu-

636 1048 817 1102 dinem
846 1046 978 1103 ﬁdes
998 1055 1079 1102 est
1099 1048 1207 1110 via,
1231 1048 1319 1102 cui
1343 1045 1631 1100 inﬁdelitas
1651 1054 1733 1100 est
1752 1059 1943 1114 magna
1968 1044 2181 1099 miseria
2208 1063 2220 1097 :

636 1143 689 1188 et
722 1133 842 1189 ideo
869 1134 1028 1201 digne
1054 1135 1295 1203 punitur,
1323 1149 1443 1188 cum
1473 1135 1529 1188 in
1551 1133 1647 1188 Dei
1679 1132 1869 1186 Filium
1893 1148 1999 1187 non
2028 1132 2224 1199 credit,

635 1226 762 1294 quia
792 1226 978 1280 vitium
1007 1234 1091 1280 est
1116 1226 1231 1295 ejus
1262 1224 1567 1287 inﬁdelitas,
1599 1226 1737 1280 sicut
1763 1225 1933 1279 virtus
1959 1229 2043 1279 est
2069 1223 2221 1288 fides,

635 1331 746 1371 non
774 1317 946 1384 qualis
974 1318 1025 1370 in
1057 1316 1392 1372 diemonibus
1417 1317 1700 1381 invenitur,
1732 1316 1827 1371 sed
1847 1316 2062 1386 qualem
2087 1315 2225 1371 Deus

634 1409 836 1463 sanctis
862 1409 974 1463 suis
1000 1409 1188 1477 donat,
1218 1426 1356 1478 quos
1384 1426 1453 1465 ex
1484 1411 1761 1480 impietate
1784 1410 2065 1479 justiﬁcat.
2105 1408 2224 1479 ipsa

638 1495 721 1555 est
752 1500 885 1557 ﬁdes
922 1516 1044 1570 qua:
1091 1518 1187 1573 per
1215 1503 1496 1558 caritatem
1528 1510 1802 1572 operatur.
1845 1500 1989 1555 Nam
2026 1510 2076 1554 rt
2114 1502 2224 1555 da:-

631 1607 811 1645 mones
832 1592 1068 1658 credunt,
1090 1601 1137 1646 et
1161 1594 1562 1647 contremiscunt
1603 1592 1743 1659 (Jac.
1768 1609 1825 1659 tt,
1853 1591 1973 1662 i9);
2001 1591 2092 1646 sed
2115 1607 2222 1645 non

630 1682 862 1751 diligunt
907 1698 1030 1738 eum
1060 1699 1089 1736 a
1120 1698 1228 1752 quo
1271 1699 1368 1753 per
1405 1684 1708 1754 superbiam
1755 1690 2116 1740 recesserunt.
2165 1682 2224 1738 in

629 1790 792 1843 quam
816 1775 1121 1845 superbiam
1148 1775 1274 1843 quia
1296 1776 1500 1845 primus
1526 1776 1689 1830 homo
1710 1774 1973 1829 diabolica
1996 1782 2080 1829 est
2101 1789 2227 1844 per-

2329 586 2454 655 ﬁdei
2482 586 2657 656 (Rem.
2685 603 2778 651 xu,
2810 586 2888 655 5).

2397 676 2529 730 Car.
2549 693 2701 732 um.
2736 676 2911 733 Potest
2936 679 3088 733 homo
3118 683 3427 735 naturaliter
3455 685 3689 749 credere,
3724 685 3866 737 licet.
3895 700 3950 737 es

2327 767 2570 821 divinitus
2600 769 2821 821 donetur
2846 779 2902 821 ut
2928 771 3127 822 credat.
3155 802 3228 813 -
3252 770 3340 823 45.
3366 769 3482 824 Non
3512 786 3646 839 ergo
3678 783 3918 843 propter

2322 873 2387 912 ea
2436 873 2543 913 non
2574 868 2751 929 potest
2780 860 2943 914 homo
2974 861 3294 915 naturaliter
3324 862 3544 917 credere
3563 904 3579 929 ,
3608 864 3738 933 quia
3794 863 3943 918 diti—

2328 949 2473 1003 nitus
2501 949 2550 1002 ei
2573 949 2808 1004 donatur
2836 960 2895 1005 ut
2923 950 3108 1007 credat
3130 963 3151 989 ε
3174 970 3189 1016 ;
3213 953 3321 1006 imo
3368 953 3421 1006 in
3460 954 3568 1008 hoc
3593 955 3844 1009 maxime
3872 957 3943 1008 ad

2329 1037 2631 1093 habendam
2660 1037 2821 1093 ﬁdem
2861 1040 3026 1095 homo
3054 1049 3269 1096 creatus
3307 1043 3638 1111 agnoscitur,
3672 1045 3811 1114 quia
3842 1061 3945 1114 per

2329 1127 2488 1182 ﬁdem
2535 1127 2773 1182 humana
2822 1139 3012 1184 natura
3041 1145 3110 1185 ex
3154 1138 3420 1187 vetustate
3466 1142 3819 1191 renovatum.
3847 1134 3942 1192 Sic

2328 1220 2471 1273 enim
2499 1227 2583 1275 est
2604 1220 2778 1276 omnis
2814 1221 2979 1276 homo
3005 1222 3309 1278 voluntario
3353 1234 3579 1294 peccato
3612 1227 3783 1296 primi
3833 1227 3943 1281 ho-

2328 1311 2491 1366 minis
2519 1311 2760 1380 vitiatus,
2792 1320 2850 1367 ut
2879 1312 3022 1380 Deus
3045 1315 3325 1371 voluntate
3350 1332 3447 1372 sua
3492 1318 3637 1373 bona
3669 1320 3939 1374 volunta-

2329 1410 2439 1456 tem
2486 1403 2719 1458 hominis
2757 1405 2928 1473 possit
2968 1420 3162 1460 sanare
3213 1406 3258 1461 si
3300 1408 3452 1462 velit.
3499 1407 3719 1469 Crcaoit~
3768 1414 3937 1475 enim,

2326 1493 2470 1549 sicut
2495 1492 2755 1563 scriptum
2784 1503 2889 1560 est,
2916 1504 2973 1548 ut
2999 1506 3171 1551 essent
3197 1499 3391 1561 omnia,
3423 1508 3471 1552 et
3499 1500 3771 1555 sanabiles
3817 1505 3939 1574 fecit

2327 1585 2563 1640 nationes
2592 1584 2733 1641 orbis
2756 1596 3014 1642 terrarum
3047 1588 3200 1660 (Sap.
3233 1605 3271 1654 ι,
3306 1589 3416 1663 ii).
3442 1590 3840 1649 Verumtamen
3867 1612 3939 1651 ne

2330 1673 2536 1731 homini
2575 1692 2642 1732 ex
2687 1678 2866 1747 seipso
2912 1688 3196 1749 putaretur
3228 1695 3348 1736 esse
3392 1683 3641 1737 sanitatis
3690 1684 3934 1753 initimn,

2330 1781 2459 1821 mox
2493 1783 2673 1824 sermo
2700 1768 2915 1825 divinus
2939 1769 3137 1839 adjecit
3163 1789 3175 1825 :
3206 1769 3278 1825 Et
3298 1789 3403 1826 non
3424 1786 3499 1826 est
3538 1774 3593 1827 in
3620 1774 3737 1828 illis
3766 1778 3935 1830 medi-

628 1863 883 1917 suasione
914 1864 1006 1932 (al.
1038 1864 1311 1932 suasione)
1341 1864 1601 1933 dejectus,
1633 1866 1685 1919 in
1716 1880 1824 1934 quo
1852 1864 2085 1934 perdidit
2121 1865 2224 1917 hu-
2251 1871 2301 1930 B
2326 1866 2615 1911 camentum
2652 1860 2945 1913 exterminii
2977 1858 3188 1931 (Ibid.).
3213 1859 3468 1927 Quamvis
3506 1863 3673 1930 igitur
3721 1865 3939 1921 homini

628 1953 935 2018 militatem,
951 1954 1182 2022 perdidit
1197 1956 1249 2024 3
1262 1959 1301 2024 1
1316 1958 1357 2024 1
1380 1954 1537 2008 ﬁdem
1558 1971 1572 2007 :
1592 1955 1823 2024 perdens
1843 1964 2022 2009 autem
2040 1954 2222 2021 ﬁdem,

616 2044 862 2113 perdidit
889 2045 1124 2100 divinam
1154 2048 1568 2116 protectionem.
1622 2046 1895 2116 Scriptum
1920 2056 2003 2101 est
2030 2049 2173 2102 enim
2207 2066 2222 2102 :

633 2134 734 2200 Qui
761 2154 866 2192 non
895 2138 1058 2190 credit
1095 2137 1234 2203 Deo,
1275 2155 1308 2192 a
1337 2138 1447 2193 Deo
1476 2156 1579 2194 non
1619 2142 1902 2211 protegitur
1944 2139 2131 2209 (Eccli.
2165 2158 2221 2206 tt,

631 2225 743 2297 15).
774 2227 981 2282 Exinde
1002 2229 1167 2298 cmpit
1186 2230 1449 2300 superbire
1472 2240 1628 2295 terra,
1652 2240 1703 2284 et
1723 2231 1875 2298 cinis,
1901 2233 2022 2303 quia
2046 2234 2101 2285 in
2122 2234 2226 2286 vita

617 2310 725 2370 'sua
752 2320 968 2389 projecit
998 2321 1179 2374 intima
1205 2312 1310 2374 sua'
1343 2320 1532 2389 (Eccli.
1566 2338 1622 2388 χ,
1646 2321 1698 2385 9,
1733 2321 1843 2392 10).
1892 2322 1969 2377 Ad
2001 2323 2114 2392 ipsa
2144 2325 2228 2377 in-

636 2409 766 2462 tima
808 2418 866 2463 ut
895 2409 1140 2465 homines
1164 2410 1408 2479 redeant,
1445 2411 1659 2466 divinus
1688 2428 1796 2467 non
1824 2412 2019 2466 desinit
2046 2428 2226 2468 sermo

629 2498 886 2566 clamare,
923 2501 1105 2556 dicens
1131 2519 1143 2554 :
1190 2501 1393 2567 Redite,
1417 2505 1862 2573 prwvaricatores,
1887 2503 1957 2557 ad
1975 2521 2065 2559 cor
2087 2503 2225 2574 (Isa.

630 2604 783 2654 XLVI,
801 2588 878 2660 8).
914 2590 1108 2645 Verum
1129 2632 1142 2657 ,
1175 2592 1409 2663 quiailli
1436 2609 1559 2646 caro
1588 2601 1744 2661 sunt,
1770 2593 1982 2663 spiritus
2010 2594 2222 2658 vadens,

629 2689 680 2732 et
704 2696 807 2733 non
828 2681 1031 2735 rediens
1053 2683 1279 2751 (lisatm.
1304 2698 1503 2747 Lxxvn,
1519 2681 1644 2753 59);
1672 2697 1772 2738 nec
1795 2699 2027 2752 unquam
2051 2685 2226 2740 redire

633 2772 769 2827 velle
795 2780 977 2842 potest
1003 2774 1119 2828 ovis
1148 2790 1361 2839 errans,
1395 2775 1496 2828 nisi
1528 2774 1690 2829 fuerit
1716 2776 1845 2831 boni
1876 2775 2118 2833 Pastoris
2144 2779 2229 2832 in-

628 2864 921 2932 quisitione
947 2867 1298 2935 praiventa'et
1322 2867 1564 2922 humeris
1588 2876 1863 2938 reportata
1899 2886 1912 2920 :
1940 2877 2227 2939 propterea

627 2964 815 3028 pastor
841 2957 1016 3013 bonus
1061 2960 1211 3014 venit
1258 2974 1505 3029 qumrere
1542 2968 1599 3015 et
1627 2960 1829 3015 salvam
1863 2960 2040 3017 facere
2067 2978 2225 3018 ovem

625 3046 921 3116 perditam,
951 3063 1070 3117 qua!
1098 3058 1372 3119 pastorem
1417 3066 1573 3106 suum
1612 3067 1855 3122 quaerere
1884 3068 1992 3107 non
2023 3062 2223 3123 potest,

626 3137 934 3207 priusquam
948 3140 1028 3214 .ab
1053 3155 1119 3194 eo
1142 3150 1434 3209 quaeratur,
1466 3141 1562 3196 sed
1592 3158 1623 3196 a
1654 3151 1933 3210 quaerente
1963 3146 2227 3213 praeveni-

2327 1946 2502 2016 primo
2530 1947 2779 2002 diabolus
2799 1947 3281 2019 ahstuleritﬁdem,
3309 1951 3420 2006 Deo
3451 1960 3629 2007 tamen
3661 1954 3930 2010 reddendi

2326 2037 2471 2107 quod
2499 2038 2724 2094 dederat
2752 2055 2860 2095 non
2890 2041 3110 2096 abstulit
3138 2050 3483 2113 potestatem,
3503 2060 3602 2100 nec
3630 2045 3930 2101 humanam

2325 2137 2573 2184 naturam
2601 2130 2847 2187 diabolus
2875 2133 3050 2202 potuit
3079 2148 3248 2202 usque
3276 2135 3414 2190 adeo
3443 2136 3658 2202 vitiare,
3693 2145 3754 2191 ut
3784 2137 3929 2193 dein-

2327 2234 2455 2289 ceps
2484 2236 2590 2275 non
2616 2231 2802 2291 posset
2825 2223 2971 2291 quod
2996 2224 3271 2288 amiserat,
3291 2224 3404 2280 Deo
3420 2242 3607 2282 rursus
3630 2228 3930 2298 largiente,

2325 2312 2587 2382 recipere.
2622 2313 3011 2385 .Omnipotens
3065 2318 3207 2372 enim
3247 2319 3340 2388 qui
3390 2320 3564 2388 potuit
3628 2322 3930 2378 humanam

2326 2403 2583 2475 formare,
2616 2416 2794 2477 potest
2818 2410 2981 2465 etiam
3004 2411 3269 2465 inlirmam
3300 2413 3540 2467 sanando
3567 2428 3670 2483 per;
3698 2416 3929 2485 gratiam

2325 2498 2624 2554 reformare
2644 2507 2701 2555 et
2736 2501 3012 2558 custodire
3054 2511 3321 2557 naturam.
3356 2507 3403 2557 Α
3429 2519 3537 2573 quo
3580 2506 3702 2576 ipsa
3738 2516 3929 2562 natura

2325 2589 2466 2645 sicut
2492 2590 2545 2644 in
2577 2591 2753 2668 primo
2791 2593 3011 2649 homine
3048 2593 3207 2648 ﬁdem
3227 2594 3295 2649 ad
3345 2595 3580 2651 salutem
3615 2607 3929 2668 acceperat.

2326 2682 2402 2737 ita
2429 2698 2573 2738 nunc
2603 2684 2658 2738 in
2695 2685 2921 2753 singulis
2974 2701 3201 2742 munere
3238 2686 3432 2742 divina:
3469 2687 3737 2744 bonitatis
3786 2690 3928 2745 acci-

2288 2810 2296 2817 .
2326 2774 2407 2844 pit
2437 2774 2531 2844 (al.
2557 2774 2788 2845 accepit)
2840 2776 3001 2847 312
3026 2792 3163 2846 quos
3206 2777 3351 2832 idem
3384 2778 3526 2833 Deus
3572 2779 3927 2848 praedestina.

2328 2875 2415 2922 tos
2438 2875 2493 2922 et
2514 2883 2612 2939 per
2640 2868 2797 2923 ﬁdem
2822 2869 3112 2925 salvandos
3132 2885 3201 2925 ex
3224 2871 3541 2940 parentibus
3577 2881 3755 2928 creat.

2399 2960 2490 3014 46.
2523 2958 2711 3016 Potest
2738 2961 2902 3030 igitur
2921 2960 3033 3017 Deo
3059 2962 3298 3017 donante
3325 2963 3490 3018 homo
3530 2963 3587 3017 in
3617 2964 3793 3018 Deum
3830 2981 3927 3019 na-

2327 3053 2577 3108 turaliter
2622 3052 2863 3108 credere.
2911 3052 3116 3108 Contra
3156 3062 3402 3108 naturam
3441 3054 3644 3125 quippe
3692 3056 3928 3111 hominis

2328 3153 2413 3197 est
2440 3143 2584 3213 quod
2634 3146 2690 3200 in
2735 3146 2903 3200 Deum
2940 3161 3049 3200 non
3075 3147 3274 3212 credit;
3313 3147 3439 3217 quia
3488 3148 3927 3204 incredulitatem

625 3243 746 3293 tur,
778 3239 838 3285 ut
865 3240 1087 3300 qumrat.
1122 3230 1314 3287 Pastor
1354 3243 1532 3288 autem
1561 3250 1682 3289 eam
1715 3234 1911 3290 frustra
1934 3246 2224 3305 qurereret,
2250 3249 2298 3311 ς
2328 3248 2438 3286 non
2466 3234 2630 3288 habet
2656 3250 2724 3289 ex
2752 3236 3029 3291 creatione
3055 3236 3171 3303 Dei,
3203 3238 3297 3293 sed
3340 3252 3407 3292 ex
3445 3238 3754 3293 voluntaria
3784 3255 3926 3310 prse-

623 3324 669 3377 si
699 3320 941 3392 quaerere
969 3325 1083 3393 ipsa
1112 3333 1385 3394 pastorem
1417 3327 1641 3393 quaesita
1690 3341 1796 3380 non
1829 3335 2011 3396 posset
2032 3336 2080 3381 ³.
2114 3328 2222 3382 Sed

624 3410 729 3465 hoc
750 3412 798 3465 ei
823 3414 1112 3482 quaerentis
1134 3415 1366 3482 pastoris
1388 3415 1602 3469 bonitas
1625 3414 1817 3480 donat,
1837 3423 1898 3470 ut
1920 3416 2081 3470 etiam
2106 3416 2221 3486 ipsa

539 3531 543 3534 ν
624 3502 902 3570 quaerendi
925 3504 1154 3572 pastoris
1175 3504 1370 3558 habeat
1384 3505 1741 3559 voluntatem.
1756 3505 2022 3572 Qumrilur
2038 3515 2217 3561 autem

622 3599 684 3645 ιιι
711 3600 957 3661 quaerat,
988 3593 1203 3663 quando
1235 3594 1568 3650 illuminatur
1598 3603 1656 3650 ut
1688 3597 1894 3651 credat.
1946 3597 2061 3653 lioe
2089 3612 2219 3667 ergo

623 3681 678 3735 in
713 3681 931 3736 homine
961 3681 1219 3737 divinitus
1249 3684 1426 3752 agitur
1447 3726 1462 3751 ,
1493 3684 1581 3739 cui
1614 3684 1772 3740 ﬁdem
1804 3684 1950 3741 Deus
1990 3686 2222 3742 infundit

621 3781 681 3827 ut
697 3772 882 3841 gratia:
897 3773 1038 3829 dono
1057 3774 1306 3829 virtutem
1325 3774 1579 3830 credendi
1596 3784 1788 3831 natura
1810 3778 2038 3847 recipiat
2056 3793 2217 3847 quam

620 3867 831 3932 amisit,
866 3874 922 3922 et
949 3867 1093 3936 quod
1124 3883 1230 3922 non
1270 3875 1484 3937 poterat
1508 3868 1696 3922 vitiata
1729 3882 1825 3938 per
1852 3869 2096 3939 culpam,
2126 3872 2216 3925 in-

617 3962 784 4032 cipiat
818 3977 1045 4032 poscere
1067 3960 1303 4017 formata
1340 3978 1441 4033 per
1467 3964 1719 4033 gratiam,
1750 3979 1814 4019 ac
1843 3964 1921 4019 sic
1956 3972 2217 4034 operante

618 4052 712 4108 illo
740 4054 952 4109 medico
977 4054 1070 4123 qui
1101 4067 1208 4109 non
1237 4062 1320 4109 est
1349 4069 1485 4125 opus
1514 4056 1680 4120 sanis,
1713 4055 1808 4109 sed
1837 4055 1978 4110 male
2007 4056 2213 4110 haben-

617 4145 792 4212 tibus,
824 4143 1105 4200 inﬁrmitas
1148 4147 1476 4215 expellatur,
1509 4155 1705 4201 natura
1747 4156 1987 4202 sanetur.
2041 4145 2213 4213 Quam

617 4237 903 4293 sanitatem
932 4241 1192 4307 poscebat
1230 4240 1321 4309 qui
1352 4240 1566 4295 dicebat
1599 4258 1612 4292 :
1645 4239 1759 4310 Ego
1779 4241 1890 4294 dixi
1918 4257 1935 4293 :
1963 4240 2209 4310 Domine,

618 4344 860 4382 Miserere
897 4330 1024 4391 mei,
1068 4346 1208 4387 sana
1243 4331 1474 4383 animam
1511 4347 1707 4394 meam,
1739 4332 1860 4401 quia
1888 4334 2093 4401 peccavi
2121 4333 2214 4388 tibi

618 4417 845 4481 (Psatm.
877 4435 964 4484 ιι,
998 4417 1071 4488 5).
1125 4419 1309 4474 Nullus
1348 4430 1527 4474 antem
1573 4430 1885 4477 sanctorum
1926 4424 2212 4481 sanitatem

617 4517 894 4580 posceret,
922 4511 966 4565 si
992 4512 1223 4565 humana
1248 4520 1437 4565 natura
1462 4501 1591 4566 sana
1616 4522 1788 4580 esset;
1820 4522 1876 4569 et
1902 4514 2096 4570 frustra
2125 4530 2213 4571 sa-

2324 3324 2659 3379 varicatione
2696 3326 2966 3387 mandati;
2997 3342 3097 3397 per
3138 3342 3298 3397 quam
3328 3328 3560 3383 sanitate
3589 3330 3835 3398 privatus
3869 3337 3929 3385 et

2325 3415 2550 3483 lusnine,
2580 3415 2683 3471 hoc
2712 3432 2811 3487 per
2835 3417 3072 3488 seipsum
3101 3425 3302 3489 potest,
3333 3425 3390 3472 ut
3419 3419 3719 3499 caecitatem
3762 3428 3927 3489 atque

2324 3507 2690 3562 infirmitatem
2720 3524 2873 3563 suam
2897 3510 3115 3579 proprio
3137 3509 3359 3565 arbitrio
3389 3523 3589 3578 augere
3616 3512 3813 3581 possit,
3837 3526 3928 3566 re.

2323 3613 2545 3653 movere
2586 3615 2695 3655 non
2724 3601 2918 3669 possit.
2958 3600 3125 3668 Cujus
3172 3608 3349 3655 tamen
3391 3600 3717 3658 illnminatio
3760 3612 3926 3673 atque

2321 3691 2531 3746 sanatio
2559 3693 2613 3746 in
2643 3700 2848 3748 tantum
2872 3701 2955 3748 est
2980 3693 3338 3762 omnipotenti
3358 3692 3602 3748 Creatori
3628 3694 3921 3762 possibilis,

2322 3792 2380 3837 ut
2404 3783 2470 3838 ad
2500 3774 2726 3853 gloriam
2759 3786 2992 3841 nominis
3012 3785 3149 3855 ejus,
3170 3787 3288 3856 ipso
3315 3786 3572 3850 donante,
3604 3803 3719 3843 non
3741 3788 3914 3844 solum

2321 3876 2492 3945 possit
2519 3876 2752 3931 infidelis
2776 3875 3021 3944 credere,
3051 3892 3237 3932 verum
3269 3878 3435 3932 etiam
3459 3877 3526 3931 ad
3556 3877 3920 3933 immortalem

2321 3975 2484 4035 atque
2510 3968 2972 4039 incorruptibilem
3002 3970 3125 4024 vita:
3152 3978 3357 4026 statum
3403 3984 3503 4040 per
3532 3969 3657 4025 tidei
3690 3971 3919 4040 gratiam

2320 4059 2637 4129 pervenire:
2672 4060 3071 4129 ubi,accipiens
3097 4060 3323 4128 gratiam
3352 4076 3451 4130 pro
3477 4061 3670 4129 gratia,
3691 4076 3922 4129 peccare

2321 4149 2543 4204 omnino
2582 4165 2691 4204 non
2731 4150 2924 4219 possit,
2962 4159 3018 4205 et
3064 4152 3236 4221 possit
3269 4149 3499 4207 feliciter
3540 4151 3727 4207 videre
3775 4157 3921 4223 quod

2324 4239 2568 4294 credidit.
2628 4239 2781 4302 Unde
2818 4258 2926 4297 vox
2979 4242 3068 4296 illa
3116 4240 3238 4297 ﬁdei
3276 4243 3502 4299 resultat
3546 4242 3601 4298 in
3649 4241 3915 4300 Psalmis:

2320 4328 2486 4385 Credo
2515 4332 2685 4386 videre
2724 4332 2858 4387 bona
2897 4332 3111 4389 Domini
3152 4336 3208 4388 in
3249 4345 3387 4389 terra
3415 4336 3692 4390 viventium
3739 4335 3914 4405 (Psal.

2323 4439 2470 4488 xxvi,
2504 4423 2612 4496 15).
2647 4424 2787 4480 Deus
2814 4426 2975 4495 igitur
3001 4426 3128 4481 licet
3150 4442 3255 4481 non
3281 4426 3351 4481 ad
3374 4428 3483 4481 hoc
3508 4426 3804 4482 humanam
3822 4442 3923 4481 na-

2323 4521 2498 4566 turam
2532 4513 2738 4578 fecerit,
2770 4524 2830 4569 ut
2869 4516 3152 4571 vitiaretur
3185 4530 3284 4585 per
3310 4516 3547 4586 culpam,
3592 4516 3709 4586 ipse
3735 4523 3919 4571 tamen

618 4602 841 4658 nitatem
872 4605 1099 4673 quisque
1137 4614 1388 4674 posceret
1413 4648 1426 4670 ,
1471 4607 1515 4662 si
1545 4608 1725 4663 sanari
1756 4610 1985 4663 humana
2008 4610 2207 4664 natura
2242 4628 2297 4688 D
2322 4604 2681 4672 omnipotenti
2716 4606 2960 4661 bonitate
2990 4614 3170 4677 potest
3190 4606 3432 4661 vitiatam
3456 4621 3651 4662 sanare
3677 4622 3776 4676 per
3802 4621 3922 4676 graa

620 4713 727 4752 non
751 4706 952 4766 posset.
998 4697 1196 4751 Natura
1228 4698 1388 4766 igitur
1414 4700 1643 4755 humana
1674 4701 1854 4755 sanari
1882 4711 2088 4772 potest;
2119 4702 2213 4757 sed

618 4787 761 4841 illius
787 4786 955 4854 gratia
986 4787 1229 4842 sanitatis
1258 4788 1455 4859 accipit
1500 4791 1698 4846 donum
1743 4808 1808 4846 ex
1840 4808 1948 4863 quo
1978 4793 2212 4848 creatio-

618 4881 702 4934 nis
739 4878 967 4947 sumpsit
995 4877 1224 4932 initium.
1256 4877 1389 4932 Nam
1418 4880 1464 4933 si
1492 4880 1652 4935 homo
1683 4883 2004 4937 naturaliter
2031 4882 2211 4937 sanari

616 4969 927 5025 nullatenus
954 4966 1154 5039 p'osset,
1186 4969 1250 5024 ad
1286 4970 1582 5025 sanandum
1610 4987 1732 5026 eum
1767 4973 2006 5029 ctelestis
2037 4972 2207 5026 medi-

614 5076 711 5119 cus
741 5076 849 5115 non
878 5060 1113 5115 venisset
1140 5060 1185 5113 b.
1227 5059 1433 5116 Rursus
1465 5062 1508 5115 si
1537 5077 1595 5116 se
1624 5062 1739 5132 ipse
1769 5077 1963 5117 sanare
2004 5070 2206 5132 posset,

578 5226 587 5233 ἰ
614 5154 823 5209 caelesti
854 5153 1063 5209 medico
1095 5169 1199 5208 non
1229 5163 1431 5223 egeret.
1466 5153 1699 5209 Sanatur
1727 5155 1871 5210 enim
1904 5170 2000 5225 per
2031 5153 2209 5218 ﬁdem,

614 5262 777 5313 quam
806 5247 852 5301 si
891 5263 959 5301 ex
985 5246 1170 5317 'seipso
1210 5248 1404 5316 aliquis
1434 5247 1634 5302 habere
1674 5254 1888 5316 posset,
1924 5247 2060 5302 Deus
2090 5262 2211 5300 eam

519 5336 531 5348 ¹
617 5336 822 5390 homini
853 5354 958 5391 non
990 5338 1237 5393 donaret.
1285 5338 1460 5394 Donat
1498 5347 1716 5402 autem,
1761 5336 2018 5406 quoniam
2062 5339 2214 5391 alteri

614 5426 771 5480 datur
814 5429 946 5497 ﬁdes
990 5431 1045 5483 in
1093 5430 1273 5484 eodem
1306 5431 1504 5501 Spiritu
1556 5428 1610 5501 (1
1640 5428 1760 5483 Car.
1796 5428 1868 5482 xu
1896 5469 1908 5493 ,
1941 5427 1996 5497 9)
2025 5472 2037 5495 ,
2075 5429 2215 5484 sicut

689 5698 712 5724 ⁸
740 5691 829 5767 Sic
856 5694 1011 5761 editi;
1045 5707 1097 5751 at
1142 5714 1265 5762 ms.,
1316 5698 1358 5750 si
1395 5713 1624 5767 qutrrere
1663 5696 1776 5767 ipsa
1805 5704 2061 5766 pastorem
2105 5711 2205 5748 non

617 5764 830 5833 quesita
862 5777 1049 5833 posset.

689 5832 714 5869 ι’
739 5831 867 5900 31‘s.,
893 5853 993 5889 non
1020 5841 1229 5891 veniret.

2323 4694 2473 4748 tiam.
2504 4694 2796 4750 Arbitrium
2826 4698 3011 4766 itaque
3037 4697 3269 4752 hominis
3297 4705 3454 4751 sanat
3482 4697 3627 4755 Deus
3662 4706 3826 4766 atque
3855 4698 3920 4752 il-

2318 4782 2564 4851 luminat,
2596 4796 2658 4839 ut
2685 4787 2848 4841 homo
2876 4787 2929 4842 in
2955 4786 3123 4841 Deum
3161 4787 3479 4841 naturaliter
3509 4785 3716 4842 credat.
3748 4784 3828 4840 Ita
3859 4785 3920 4840 ﬁt

2319 4882 2380 4928 ut
2408 4875 2571 4929 homo
2602 4874 2759 4929 ﬁdem
2789 4876 2991 4931 habere
3022 4874 3212 4945 possit,
3242 4876 3337 4931 sed
3363 4891 3482 4930 eam
3514 4876 3617 4931 nisi
3645 4890 3732 4930 -ex
3770 4875 3916 4931 dono

2318 4967 2413 5022 Dei
2437 4968 2637 5023 habere
2656 4983 2765 5024 non
2792 4970 2985 5038 possit.

2388 5060 2517 5116 Car.
2548 5076 2695 5115 XXIV.
2744 5057 2870 5115 Non
2917 5061 3095 5115 omnia
3129 5075 3246 5130 quae
3287 5056 3475 5113 habere
3523 5074 3800 5128 possumus
3853 5072 3917 5110 ex

2320 5150 2469 5210 nobis
2497 5151 2687 5207 habere
2713 5167 3005 5222 possumus.
3028 5182 3101 5194 -—
3127 5150 3244 5204 Non
3273 5149 3419 5204 enim
3448 5163 3793 5218 consequens
3834 5156 3919 5202 est

2320 5252 2379 5297 ut
2405 5245 2585 5299 omnia
2612 5259 2732 5314 qua:
2761 5244 2960 5298 habere
2991 5257 3425 5313 nospossumus,
3471 5242 3633 5296 etiam
3659 5256 3728 5296 ex
3756 5240 3916 5296 nobis

2319 5334 2522 5390 habere
2550 5336 2834 5406 possimus.
2868 5335 3001 5389 Nam
3031 5344 3088 5390 et
3113 5350 3239 5390 caro
3269 5342 3453 5391 nostra
3482 5334 3563 5391 sic
3588 5348 3618 5387 a
3645 5333 3759 5389 Deo
3775 5332 3913 5387 facta

2318 5435 2419 5492 est,
2452 5435 2511 5482 nt
2540 5428 2708 5498 possit
2752 5427 3073 5483 naturaliter
3116 5428 3321 5494 vivere,
3372 5428 3477 5483 hoc
3518 5427 3698 5497 ipsum
3733 5434 3918 5480 tamen

2392 5709 2413 5736 ε
2448 5698 2536 5753 Sic
2565 5694 2722 5760 editi;
2770 5700 2824 5748 at
2870 5709 2999 5763 ms.,
3028 5697 3149 5765 quia
3191 5695 3435 5749 divinitus
3465 5696 3509 5747 ei
3541 5710 3644 5747 non
3673 5692 3847 5747 datur
3862 5699 3920 5744 ut

2324 5769 2518 5821 credat.
