4124 6496
276 334 378 387 481

1657 344 1979 401 EPISTULA
2023 347 2177 404 XVII.

3444 368 3555 424 182

276 464 386 541 nun
414 464 483 504 ex
510 464 590 515 sc,
621 450 714 504 sed
744 465 810 505 ex
835 453 1013 508 anima
1039 455 1207 523 possit
1236 455 1455 510 habere.
1490 457 1607 511 Vita
1630 458 1788 525 igitur
1813 467 1862 522 ﬂ,
1897 462 1944 518 Α
1971 460 2207 528 aperibus
2237 462 2393 533 legis,
2436 466 2537 519 nisi
2565 484 2656 533 per
2693 468 2849 537 [idem
2879 469 3002 525 Jesu
3034 472 3256 541 Christi;
3285 487 3336 530 et
3375 494 3466 533 nos
3502 484 3558 533 in

276 546 337 590 ut
363 539 539 593 inesse
570 541 717 595 carni
749 543 1063 598 naturaliter
1102 545 1340 615 incipiat,
1395 547 1736 603 manifestum
1786 560 1871 604 est

272 643 399 683 eam
425 631 494 685 ab
521 620 699 686 anima
732 633 1051 701 ministrari;
1083 651 1147 691 ac
1172 638 1250 692 sic
1276 638 1493 706 quidem
1534 646 1713 709 potest
1741 654 1868 695 caro

271 734 461 778 nostra
515 724 715 792 vivere,
773 727 867 781 sed
913 728 958 782 si
1016 730 1068 783 in
1116 745 1180 785 ea
1236 731 1307 785 sit
1356 731 1554 796 anima,
1600 747 1719 805 quae
1758 732 1868 785 vita

271 810 394 880 ejus
415 823 518 869 est.

347 904 437 960 47.
463 906 849 964 Verumtamen
896 911 948 964 in
1005 912 1182 968 anima
1232 922 1413 968 nostra
1462 924 1707 971 etcarne
1758 932 1865 971 non

269 1011 497 1065 parvum
526 999 681 1053 nobis
706 1001 889 1067 gratiae
914 1000 1009 1055 Dei
1034 1011 1362 1058 monstratur
1383 1005 1709 1073 exemplum.
1732 1003 1864 1058 Nam

265 1087 412 1143 sicut
432 1103 499 1142 ex
528 1088 703 1157 seipsa
735 1105 863 1145 caro
895 1092 1059 1146 vitam
1091 1109 1197 1147 non
1230 1094 1414 1157 habe',
1438 1095 1532 1149 sed
1574 1098 1642 1150 ab
1688 1097 1863 1150 anima

270 1179 504 1248 accipit;
537 1180 614 1233 sic
644 1181 807 1235 homo
834 1189 941 1237 n‘on
974 1192 1152 1253 potest
1174 1184 1373 1238 habere
1400 1184 1579 1248 ﬁdem,
1623 1187 1724 1240 nisi
1756 1202 1868 1240 mu-

266 1282 403 1323 nere
431 1268 525 1323 Dei
549 1268 799 1325 donantis
845 1273 1136 1342 acceperit.
1179 1273 1333 1327 Sicut
1381 1268 1541 1328 etiam
1576 1265 1861 1346 (allenim)

270 1368 328 1414 ut
356 1374 485 1416 caro
514 1362 678 1426 vivat,
710 1363 876 1418 salius
906 1381 1042 1435 Opus
1076 1376 1161 1435 est
1197 1367 1411 1431 animae,
1457 1368 1531 1420 ita
1562 1383 1776 1438 quoque
1806 1375 1865 1421 ut

268 1450 434 1502 homo
462 1450 666 1515 credat,
692 1452 858 1506 solius
887 1468 1023 1522 opus
1071 1462 1153 1508 est
1189 1456 1404 1521 gratim;
1457 1464 1513 1510 et
1555 1458 1694 1511 sicut
1734 1474 1863 1512 caro

270 1542 405 1596 nihil
434 1543 875 1623 operari'potest,
906 1548 949 1600 si
980 1561 1101 1600 eam
1131 1547 1400 1602 vivilicarc
1431 1549 1607 1602 anima
1633 1550 1860 1614 desinat,

267 1632 349 1686 sic
377 1632 540 1685 homo
566 1633 696 1686 nihil
724 1634 861 1688 bene
886 1635 1023 1689 velle
1052 1645 1250 1704 potest,
1282 1637 1326 1690 si
1366 1638 1433 1690 ab
1457 1653 1523 1692 eo
1553 1641 1740 1706 gratia:
1771 1639 1862 1708 ju-

270 1737 466 1777 vamen
496 1723 770 1777 abscedat.
818 1723 883 1778 Ut
930 1738 1059 1793 ergo
1111 1741 1238 1781 earo
1286 1735 1341 1780 et
1377 1728 1556 1783 vivere
1597 1730 1769 1798 possit
1808 1738 1863 1784 et

1975 548 2233 608 Christum
2280 552 2456 608 Jesum
2506 567 2524 591 ⁸·
2570 558 2840 623 credimus,
2872 570 2927 613 ut
2966 558 3313 633 justiﬁcemur
3352 583 3415 621 ea:
3452 570 3559 637 ﬁde

1973 642 2183 731 Christi,
2208 654 2378 701 etnon
2406 665 2470 701 ex
2498 651 2735 719 operibus
2764 652 2909 724 legis.
2940 652 3160 725 Propter
3183 658 3318 726 quod
3343 675 3409 712 ea:
3430 676 3555 729 ope-

1970 735 2110 788 ribus
2139 738 2266 809 legis
2287 755 2391 792 non
2405 738 2779 809 justi/imbitur
2798 745 2965 796 omnis
2989 760 3110 798 caro
3136 743 3333 814 (Colat.
3363 764 3416 811 It,
3439 746 3551 815 i6).

1972 824 2036 879 Et
2066 828 2227 895 paulo
2254 838 2375 896 post
2404 828 2525 882 ﬁdei
2554 832 2781 897 gratiam
2809 835 3225 901 cnmmendans,
3259 853 3357 906 per
3388 843 3555 906 quam

1970 932 2093 970 vera
2125 917 2403 986 confertur
2431 920 2717 988 unicuique
2735 923 2960 990 justitia,
2995 924 3073 979 sic
3100 924 3174 979 ait
3206 944 3218 978 :
3255 924 3381 980 Non
3413 926 3553 998 abji-

1970 1008 2047 1060 cio
2075 1009 2298 1077 gratiam
2326 1007 2422 1062 Dei
2446 1026 2463 1063 :
2492 1012 2537 1064 si
2565 1012 2702 1065 enim
2730 1030 2820 1082 per
2844 1013 3003 1084 legem
3018 1015 3255 1084 justitia,
3276 1033 3399 1089 ergo
3426 1035 3552 1088 gra-

1970 1099 2035 1150 tis
2064 1096 2296 1152 Christus
2326 1108 2556 1155 mortuus
2576 1112 2651 1155 est
2675 1100 2862 1170 (lbid.,
2891 1102 3003 1173 21).
3030 1105 3158 1159 [tem
3188 1122 3309 1161 cum
3342 1116 3553 1178 patrem

1970 1199 2212 1243 nostrum
2245 1189 2513 1247 Abraham
2538 1208 2643 1247 non
2676 1209 2744 1247 ex
2765 1196 3019 1264 operibus
3042 1197 3203 1263 legis,
3232 1197 3336 1251 sed
3355 1213 3423 1253 cx
3453 1197 3558 1253 ﬁde

1962 1276 2312 1344 jnstiﬁcatum
2346 1290 2632 1346 assereret,
2657 1281 2882 1337 dicens:
2919 1284 3065 1338 Sicut
3097 1285 3362 1339 Abraham
3385 1286 3555 1340 credi-

1968 1361 2043 1421 dit
2069 1368 2196 1433 Deo,
2239 1379 2290 1423 et
2320 1380 2613 1441 reputatum
2654 1382 2729 1426 est
2760 1373 2836 1427 illi
2865 1375 2932 1427 ad
2949 1376 3212 1444 justitiam
3242 1375 3441 1445 (Colat.
3474 1393 3553 1442 ut.

1967 1458 2053 1531 6);
2088 1470 2146 1515 ut
2183 1463 2344 1516 etiam
2398 1472 2589 1532 gentes
2635 1480 2770 1533 quas
2824 1467 3015 1519 semini
3065 1467 3293 1521 Abrahae
3341 1467 3555 1522 divinus

1969 1569 2149 1608 sermo
2173 1555 2416 1624 promisit
2447 1571 2514 1609 ex
2539 1555 2638 1610 ﬁde
2659 1542 2939 1625 justiﬁcari
2968 1559 3278 1613 ostenderet
3298 1556 3347 1619 ἀ.
3394 1574 3554 1613 secu-

1967 1652 2052 1698 tus
2073 1645 2316 1714 adjunxit
2345 1665 2356 1697 :
2389 1643 2692 1716 Cognoscite
2736 1665 2858 1718 ergo
2888 1649 3009 1718 quia
3049 1649 3135 1718 qui
3176 1664 3240 1701 ex
3266 1649 3372 1718 fide
3411 1656 3551 1711 sunt,

1968 1735 2018 1788 bi
2047 1746 2167 1788 sunt
2194 1736 2292 1805 ﬁlii
2317 1732 2560 1789 Abralue.
2588 1735 2880 1791 Proridens
2929 1746 3099 1790 autent
3130 1738 3403 1807 Scriptura
3434 1739 3554 1807 quia

173 1815 189 1826 °
267 1817 503 1885 operari,
530 1819 811 1887 prmsentis
828 1819 1019 1873 animi!)
1042 1819 1402 1875 viviﬁcatioue
1425 1819 1669 1888 fulcitur;
1697 1808 1862 1878 homo
1896 1827 1941 1884 B
1967 1844 2032 1880 ea:
2052 1828 2157 1897 ﬁde
2169 1828 2528 1898 justiﬁcantur
2554 1838 2750 1899 gentes,
2784 1828 2924 1882 Deus
2944 1830 3307 1898 praznuntiavit
3328 1827 3554 1881 Abrahae

267 1923 487 1978 quoque
516 1917 575 1963 ut
600 1910 797 1964 bonum
830 1911 957 1964 velit
979 1911 1278 1975 aut-faciat,
1324 1913 1509 1981 gratia:
1548 1914 1867 1968 vivilicantis

267 2000 509 2054 subsidio
552 1998 751 2067 jugiter
795 2000 1101 2068 adjuvatur.
1132 2000 1363 2056 Interest
1401 2013 1579 2057 autem
1626 2011 1682 2056 ut
1736 2019 1865 2058 caro

270 2099 454 2145 nostra
494 2100 750 2161 quantum
776 2094 933 2163 (forte
960 2092 1217 2163 quandiu)
1249 2086 1550 2148 ivivilicatur
1572 2094 1640 2148 ab
1664 2094 1861 2160 anima,

269 2197 379 2235 non
407 2182 580 2237 solum
606 2182 758 2247 bene,
790 2181 881 2236 sed
907 2183 1065 2237 etiam
1082 2184 1223 2236 male
1251 2183 1506 2254 operandi
1536 2184 1764 2253 accipiat
1789 2184 1867 2238 fa-

268 2274 545 2329 cultatem.
579 2275 711 2329 Cum
735 2285 910 2329 autem
940 2291 1040 2330 nos
1061 2276 1227 2343 gratia
1246 2274 1495 2340 viviticat,
1523 2292 1629 2330 non
1669 2276 1766 2330 nisi
1797 2275 1863 2329 ad

266 2366 409 2419 bene
437 2365 724 2421 volendum
745 2407 759 2430 ,
794 2381 893 2419 nec
920 2366 1021 2419 nisi
1051 2366 1116 2419 ad
1154 2366 1293 2421 bene
1338 2366 1668 2435 operandum
1709 2362 1863 2421 nobis

265 2456 597 2526 adjutorium
625 2457 1011 2513 subministrat.
1040 2464 1313 2526 Agnoscat
1340 2454 1502 2525 igitur
1523 2458 1686 2513 homo
1716 2459 1768 2511 in
1794 2474 1861 2513 eo

264 2561 326 2602 se
355 2549 674 2603 naturaliter
700 2548 921 2603 crciere
951 2563 1128 2617 posse,
1172 2549 1227 2602 in
1254 2562 1364 2616 quo
1407 2558 1651 2603 naturam
1700 2549 1862 2604 habet

261 2637 603 2692 credulitatis
632 2652 697 2692 ac
722 2636 845 2692 ﬁdei
872 2653 1128 2707 capacem
1158 2639 1323 2708 (quod
1364 2639 1685 2694 animalibus
1726 2640 1861 2694 irra-

265 2730 561 2786 tionalibus
608 2729 793 2784 datum
838 2729 1092 2783 divinitus
1121 2745 1230 2784 non
1260 2729 1406 2800 est);
1438 2746 1546 2784 non
1584 2738 1764 2784 tamen
1801 2745 1860 2785 se

263 2830 417 2892 putet
443 2821 468 2859 ι)
492 2820 561 2875 ad
585 2819 886 2875 habendam
911 2819 1069 2874 ﬁdem
1093 2834 1260 2888 usque
1284 2820 1419 2875 adeo
1441 2835 1560 2875 esse
1582 2821 1857 2886 idoneum,

262 2922 325 2969 ut
352 2929 420 2975 ex
465 2913 744 2968 voluntate
772 2928 866 2969 sua
897 2903 1146 2967 consta’re
1184 2910 1307 2968 ﬁdei
1356 2912 1646 2966 arbitretur
1693 2927 1858 2966 exor-

261 3003 431 3057 dium.
463 3002 663 3067 Yolens
692 3002 833 3055 enim
864 3002 1028 3056 homo
1059 3002 1223 3056 habet
1247 3001 1437 3067 ﬁdem;
1463 3002 1558 3056 sed
1580 3002 1719 3056 Deus
1763 3002 1856 3070 qui

166 3116 175 3127 ·
263 3095 424 3150 ﬁdem
452 3095 636 3158 donat,
672 3094 784 3163 ipse
814 3094 1047 3150 hominis
1083 3102 1350 3183 mutat.et
1379 3094 1560 3163 dirigit
1605 3094 1853 3149 volunta-

1967 1917 2143 1971 dicens
2172 1921 2333 1989 :quia
2361 1917 2721 1973 benedicentur
2748 1922 2802 1973 in
2833 1930 2879 1973 te
2917 1937 3094 1974 onmes
3119 1930 3292 1990 gentes
3338 1918 3549 1988 (Genes.

1967 2023 2059 2072 xu,
2091 2007 2166 2078 5).
2204 2006 2373 2077 Igitur
2397 2010 2482 2088 qui
2510 2026 2577 2062 ea:
2596 2011 2701 2080 [ide
2729 2020 2847 2063 sunt
2892 2009 3254 2064 benedicentur
3275 2027 3388 2064 cum
3409 2010 3552 2079 ﬁdeli

1965 2097 2229 2153 Abraham
2271 2096 2469 2169 (Galat.
2513 2115 2593 2167 ιιι,
2618 2101 2666 2165 7,
2700 2100 2755 2165 8,
2783 2101 2860 2169 9).
2919 2101 3072 2155 Hunc
3129 2108 3309 2155 autem
3341 2109 3552 2169 patrem

1968 2199 2208 2245 nostrum
2241 2189 2508 2243 Abraham
2540 2207 2647 2245 non
2677 2207 2744 2244 ex
2774 2192 3045 2260 operibus,
3079 2191 3172 2245 sed
3196 2207 3262 2244 ex
3307 2190 3411 2244 title
3435 2189 3552 2258 jus-

1967 2278 2222 2334 tilieatum
2250 2296 2371 2337 esse
2399 2280 2755 2344 conﬁrmans,
2785 2283 2891 2336 alio
2914 2282 3036 2337 loco
3064 2283 3145 2336 sic
3175 2281 3412 2351 loquitur
3442 2299 3454 2333 :
3489 2277 3551 2334 Si

1963 2372 2099 2423 enim
2125 2371 2389 2427 Abraham
2429 2388 2493 2424 ea:
2520 2373 2759 2440 operibus
2780 2373 3100 2443 justiﬁcatus
3125 2381 3220 2438 est,
3253 2372 3403 2425 habet
3431 2369 3547 2441 glo-

1964 2459 2118 2526 riam,
2149 2460 2239 2513 sed
2266 2476 2368 2513 non
2398 2461 2540 2530 apud
2568 2460 2750 2517 Deum.
2785 2460 2923 2528 Quid
2954 2463 3099 2517 enim
3152 2461 3428 2531 Scriptura
3469 2448 3550 2513 di-

1963 2548 2080 2601 cit?
2109 2546 2337 2602 Credidit
2376 2548 2638 2603 Abraham
2686 2550 2818 2618 Deo,
2866 2561 2918 2606 et
2954 2561 3245 2619 reputatum
3272 2560 3348 2604 est
3375 2550 3455 2604 illi
3480 2549 3551 2603 ad

1953 2639 2212 2709 justitiam
2244 2639 2400 2711 (Gen.
2424 2658 2509 2706 xv,
2536 2641 2590 2712 6)
2619 2660 2630 2695 :
2660 2644 2708 2696 ei
2745 2652 2915 2696 autem
2938 2633 3027 2714 qui
3067 2650 3329 2712 o‘peratur,
3355 2658 3549 2695 merces

1963 2744 2064 2780 non
2096 2730 2382 2798 imputatur
2407 2740 2690 2784 secundum
2719 2734 2965 2802 gratiam,
2994 2732 3085 2786 sed
3104 2732 3385 2786 secundum
3407 2732 3549 2786 debi-

1964 2828 2090 2885 tum,
2113 2822 2160 2872 ei
2184 2838 2298 2874 vero
2339 2824 2425 2891 qui
2472 2839 2574 2875 non
2605 2834 2871 2891 operatur,
2895 2824 3125 2877 credenti
3153 2831 3323 2877 autem
3350 2824 3405 2877 in
3433 2840 3549 2876 eum

1961 2908 2049 2978 qui
2063 2909 2318 2979 justiﬁcat
2352 2910 2592 2979 impium,
2618 2921 2883 2980 reputatur
2916 2913 3046 2983 fides
3068 2912 3178 2984 ejus
3204 2913 3274 2966 ad
3283 2913 3546 2984 justitiam

1962 2997 2140 3069 (Rom.
2175 3015 2244 3065 IV,
2277 2999 2330 3062 Ξ,
2364 3000 2416 3065 5,
2450 2999 2502 3063 4,
2532 2999 2607 3069 5).

2032 3089 2120 3145 49.
2147 3090 2280 3145 Cum
2310 3106 2439 3161 ergo
2468 3091 2759 3162 Apostolus
2783 3092 2850 3147 de
2896 3093 2980 3147 his
3031 3093 3276 3162 gentibus
3317 3093 3548 3160 loquens

263 3197 394 3242 tem.
432 3186 677 3241 Dominus
706 3187 849 3241 enim
881 3187 1026 3240 dabit
1052 3182 1372 3251 suavitatem,
1405 3195 1455 3240 et
1495 3198 1634 3241 terra
1680 3195 1857 3241 nostra
1885 3182 1929 3245 C
1961 3197 2099 3253 qum,
2124 3183 2430 3238 naturaliter
2448 3201 2510 3238 ea
2538 3201 2651 3256 qute
2672 3186 2797 3256 legis
2827 3195 2946 3239 sunt
2966 3185 3240 3245 iacientes.
3272 3183 3548 3239 ostendunt

254 3279 408 3331 dabit
434 3279 655 3344 fructum
684 3294 829 3331 suum
860 3276 1033 3346 (Psal.
1059 3293 1279 3341 Lxxxw,
1311 3277 1420 3343 15).

332 3369 492 3441 313
517 3367 647 3422 Car.
692 3385 817 3422 xxv.
842 3366 1029 3422 Gentes
1055 3384 1170 3441 qua:
1196 3368 1506 3422 naturaliter
1533 3384 1595 3422 ea
1625 3385 1736 3437 qua:
1766 3368 1864 3422 lea

258 3463 343 3533 gis
365 3470 486 3514 sunt
517 3461 733 3532 faciunt,
761 3461 970 3514 nonnisi
1010 3459 1297 3515 Christiani
1322 3452 1500 3530 ﬁdeles
1528 3461 1855 3531 intelligendi

261 3559 405 3605 sunt.
433 3582 507 3593 —
529 3548 618 3603 48.
648 3548 723 3604 De
745 3548 831 3604 his
855 3550 1019 3618 igitur
1039 3550 1094 3603 in
1120 3549 1314 3619 quibus
1346 3558 1536 3604 natura
1565 3549 1747 3605 divino
1777 3565 1857 3604 sa-

254 3648 423 3694 natur
442 3654 683 3703 munere,
717 3647 775 3694 ut
801 3640 856 3693 in
903 3639 1073 3694 Deum
1103 3639 1419 3694 naturaliter
1447 3639 1697 3707 credant,
1728 3640 1851 3709 qui-

252 3745 368 3799 que
396 3732 562 3800 gratis
590 3747 689 3801 per
716 3729 874 3785 ﬁdem
896 3729 1200 3799 iustiﬁcati,
1235 3730 1400 3784 etiam
1429 3730 1496 3784 ad
1538 3732 1679 3785 bene
1722 3746 1854 3801 ope-

256 3818 491 3875 randum
512 3821 766 3875 auxilium
786 3821 971 3889 gratiae
990 3820 1368 3888 subsequentis
1392 3820 1682 3888 accipiunt,
1707 3818 1854 3889 Apo-

258 3911 434 3967 stolus
458 3911 588 3965 dicit
612 3928 627 3963 :
658 3910 788 3964 Cum
814 3911 953 3964 enim
977 3919 1151 3981 gentes
1182 3925 1296 3981 qua:
1316 3908 1479 3979 legem
1508 3925 1612 3963 non
1640 3908 1849 3974 habent,

254 4002 571 4056 naturaliter
598 4017 711 4073 qua:
734 4001 862 4071 legis
888 4010 1007 4054 sunt
1028 4001 1250 4072 faciunt,
1280 3999 1535 4070 ejusmodi
1557 3999 1721 4070 legem
1745 4018 1849 4053 non

256 4092 502 4147 habentes
557 4093 654 4164 ipsi
696 4092 792 4146 sibi
819 4100 939 4147 sunt
985 4092 1088 4155 lex,
1134 4093 1221 4162 qui
1250 4087 1529 4144 ostendunt
1560 4107 1689 4161 opus
1719 4091 1847 4161 legis

256 4186 508 4254 scriptum
530 4185 584 4237 in
605 4181 844 4238 cordibus
873 4184 981 4238 suis
1004 4182 1180 4256 (Rom.
1208 4198 1263 4247 ιι,
1286 4181 1394 4250 14).
1429 4180 1600 4247 Quem
1625 4182 1844 4250 quidem

257 4277 505 4347 Apostoli
536 4277 713 4331 locum
758 4277 810 4329 hi
834 4292 919 4339 QUI
948 4289 1157 4331 θιιριτιιε
1175 4290 1580 4329 (ιοκτιιιωιειικτ
1602 4275 1852 4342 gentibus

255 4366 550 4423 incredulis
604 4367 877 4434 assignare
923 4365 1280 4429 contendunt,
1325 4379 1395 4419 ex
1443 4364 1546 4420 hoc
1594 4364 1846 4420 videlicet

254 4460 406 4532 quod
432 4462 594 4515 etiam
621 4461 693 4514 illi
719 4460 811 4528 qui
857 4459 981 4513 tidei
1033 4461 1259 4530 gratiam
1291 4475 1399 4515 non
1446 4460 1718 4530 recipiunt
1758 4461 1847 4514 illa

1957 3276 2087 3343 opus
2142 3275 2269 3344 legis
2314 3276 2564 3346 scriptum
2616 3276 2670 3329 in
2700 3275 2937 3329 cordibus
2965 3276 3073 3329 suis
3105 3274 3278 3346 (Rom.
3322 3290 3377 3340 tt,
3434 3273 3546 3344 id),
3589 3272 3600 3281 ”

1957 3362 2026 3419 de
2052 3363 2137 3419 his
2165 3379 2225 3419 se
2272 3364 2418 3434 loqui
2469 3361 2698 3421 testetur
2739 3367 2830 3434 qui
2856 3366 3235 3435 justiticantur,
3276 3365 3546 3420 Abraham

1957 3460 2136 3509 autem
2163 3463 2372 3524 patrem
2398 3464 2643 3510 nostrum
2674 3471 2779 3511 non
2807 3472 2874 3512 ex
2903 3457 3185 3528 operibus,
3218 3457 3312 3512 sed
3342 3472 3409 3510 ex
3439 3455 3544 3511 ﬁde

1952 3544 2301 3612 iustiﬁcatam
2330 3561 2448 3602 esse
2486 3557 2903 3613 commemoret,
2927 3550 3047 3619 quis
3093 3550 3289 3602 auleat
3345 3549 3461 3603 illas
3492 3548 3546 3602 in

1955 3634 2061 3688 hoc
2108 3634 2230 3690 loco
2270 3645 2461 3704 gentes
2520 3638 2764 3707 accipere
2824 3653 2960 3707 quas
3005 3648 3218 3694 constat
3266 3655 3373 3694 non
3422 3653 3546 3694 esse

1950 3722 2268 3792 justlﬁcatas
2296 3741 2360 3779 ex
2387 3726 2511 3794 ﬁde,
2551 3743 2671 3782 cum
2701 3730 2816 3799 ipse
2840 3738 3066 3785 testetur
3080 3730 3370 3800 Apostolus
3419 3731 3546 3797 quia

1955 3833 2105 3869 omne
2132 3816 2268 3887 quod
2315 3834 2418 3872 non
2446 3828 2523 3871 est
2568 3836 2633 3873 ea:
2675 3819 2780 3890 ﬁde
2804 3829 3068 3891 peccatum
3095 3829 3170 3874 est
3228 3819 3404 3891 (Rom.
3433 3836 3541 3885 le,

1954 3907 2078 3977 25),
2110 3916 2165 3961 et
2208 3900 2336 3976 quia
2384 3910 2497 3962 sine
2543 3909 2650 3978 fide
2694 3909 3011 3980 impossibile
3058 3920 3135 3963 est
3183 3909 3388 3979 placere
3435 3910 3540 3963 Deo

1957 3997 2145 4069 (Hebr.
2175 4014 2246 4064 ιιι,
2276 3997 2371 4068 6)?
2400 3998 2552 4065 Quod
2574 4000 2619 4054 si
2648 3999 2916 4053 Abraham
2960 4014 3028 4053 ex
3069 3999 3168 4052 ﬁde
3188 3997 3537 4066 justiﬁeatum

1955 4104 2075 4143 esse
2103 4096 2334 4151 constat,
2376 4089 2530 4157 cujus
2581 4087 2771 4144 semini
2800 4091 2966 4161 31!.
3008 4098 3195 4158 gentes
3243 4089 3537 4159 Apostolus

1953 4180 2244 4249 promissas
2271 4194 2387 4234 esse
2416 4189 2821 4245 commemorat,
2853 4180 3094 4250 quisquis
3128 4180 3322 4235 asserit
3348 4188 3540 4249 gentes

1954 4287 2059 4326 non
2088 4286 2156 4325 ex
2185 4270 2308 4338 ﬁde,
2349 4272 2441 4326 sed
2473 4287 2539 4326 ex
2586 4272 2841 4340 operibus
2864 4272 2953 4341 jus
2980 4272 3143 4326 ilicari
3190 4286 3372 4340 posse,
3403 4271 3533 4340 quid

1953 4369 2218 4431 superest,
2252 4361 2352 4415 nisi
2407 4369 2464 4415 ut
2515 4374 2607 4415 eas
2653 4366 2813 4428 neget
2839 4362 2906 4415 ad
2936 4359 3161 4414 Abrahae
3208 4374 3418 4423 semen,
3447 4359 3535 4414 cui

1953 4462 2140 4521 gentes
2167 4452 2442 4522 promissa:
2469 4459 2614 4517 sunt,
2643 4452 2951 4521 pertinere?
2974 4467 3096 4506 cum
3117 4451 3386 4504 Abraham
3408 4452 3540 4522 (sic-

252 4568 378 4625 qua:
397 4553 464 4607 ad
490 4556 826 4607 honestatem
848 4568 1059 4614 morum
1084 4560 1139 4606 et
1159 4551 1404 4606 humanae
1423 4553 1704 4607 societatis
1726 4554 1847 4606 vin-
1875 4557 1928 4615 1)
1953 4553 2013 4599 ut
2041 4544 2329 4615 Apostolus
2357 4545 2507 4615 dicit)
2555 4546 2790 4614 pater'sit
2822 4545 3050 4597 omnium
3094 4543 3405 4597 credentium
3446 4561 3539 4613 per

252 4642 438 4699 culum
484 4643 755 4711 pertinent
788 4640 1018 4694 naturali
1048 4641 1277 4709 quadam
1330 4640 1447 4708 lege
1475 4643 1553 4697 sic
1605 4651 1843 4708 servant,

253 4740 317 4788 ut
339 4715 501 4786 etiam
533 4746 628 4786 eos
653 4731 743 4799 qui
775 4731 865 4784 illa
894 4730 1097 4784 violare
1144 4729 1478 4783 contendunt
1518 4731 1844 4798 judiciorum

248 4825 507 4893 :eqnitate
535 4838 600 4877 ac
636 4822 928 4877 severitate
954 4829 1261 4876 coerceant.
1292 4819 1391 4875 Ubi
1434 4822 1622 4876 minus
1668 4830 1847 4877 atten-

250 4917 396 4969 dunt
441 4914 739 4984 apostolico
773 4928 925 4967 suam
973 4913 1298 4967 sententiam
1330 4927 1551 4981 prorsus
1598 4916 1843 4969 enervari

250 5023 526 5071 sermone,
554 5021 713 5073 quem
742 5005 990 5074 superius
1016 5003 1272 5073 praemisit
1300 5002 1483 5057 dicens
1517 5022 1529 5056 :
1560 5002 1685 5058 Non
1706 5008 1843 5059 enim

252 5097 518 5150 auditores
539 5096 666 5168 legis
688 5095 819 5166 justi
842 5104 961 5149 sunt
989 5093 1128 5163 apud
1153 5092 1334 5157 Deum,
1359 5093 1449 5147 sed
1469 5096 1693 5164 [actores
1716 5096 1844 5166 legis

248 5185 678 5260 iustiﬁcabuntur
705 5184 890 5253 (lbid.,
925 5184 1048 5248 13);
1075 5182 1356 5251 justilicari
1379 5191 1559 5237 autem
1591 5183 1708 5238 sine
1740 5184 1846 5239 tide

252 5280 527 5333 neminem
550 5290 709 5346 posse
730 5275 870 5329 idem
918 5277 1110 5329 beatus
1150 5273 1429 5343 apostolus
1457 5273 1722 5341 oStcudit,
1763 5275 1844 5329 di-

250 5383 385 5424 cens
417 5387 430 5419 :
465 5366 697 5422 Scientes
717 5376 889 5421 autem
916 5367 1052 5439 quod
1075 5383 1177 5421 non
1201 5365 1578 5437 justi/imbitur
1598 5366 1749 5421 homo
1774 5384 1841 5422 ea:

329 5601 352 5629 ι
385 5588 525 5644 Editi
553 5589 640 5643 hic
664 5587 867 5642 addunt
893 5589 1028 5659 quod
1058 5591 1192 5644 ririt.
1245 5587 1341 5642 Ms.
1388 5605 1495 5644 non
1526 5588 1692 5654 addit,
1741 5605 1841 5645 nec

253 5662 321 5723 sd
347 5677 563 5717 sensum
596 5659 903 5727 requiritur.
1166 5690 1177 5697 -

286 5767 298 5781 .
329 5735 352 5769 ιδ
379 5731 440 5787 ιιι
468 5730 642 5793 editis,
666 5739 723 5781 ut
751 5746 806 5782 se
832 5736 991 5798 putet.

329 5815 352 5842 ε
385 5802 475 5858 Sic
517 5815 616 5854 ms.
658 5799 809 5869 juxta
848 5798 1091 5855 Gnaeum
1115 5806 1322 5854 textum
1369 5798 1426 5855 S.
1487 5798 1672 5871 Pauli;
1705 5801 1836 5862 editi

1950 4638 2255 4707 prwputium
2288 4645 2345 4705 ο,
2374 4645 2430 4688 ιιι
2463 4645 2723 4704 reputatur
2759 4644 2807 4688 et
2831 4636 2935 4688 illis
2967 4635 3038 4687 ad
3056 4634 3321 4704 justitiam
3352 4633 3535 4707 (Rom.

1950 4746 2022 4796 tv,
2062 4728 2165 4797 ll’).
2199 4727 2463 4795 Quoniam
2487 4728 2647 4797 igitur
2674 4742 2805 4779 unus
2834 4725 2992 4792 Deus,
3022 4727 3108 4794 qui
3148 4726 3408 4797 jnstiﬁcat
3439 4725 3541 4776 cir-

1949 4821 2310 4873 cumcisionem
2335 4834 2401 4872 ea:
2437 4818 2558 4887 ﬁde,
2609 4826 2658 4870 et
2685 4818 2995 4888 prwputium
3040 4832 3131 4885 per
3169 4816 3326 4885 [idem
3349 4812 3529 4886 (Rom.

1946 4927 2025 4978 nt,
2058 4911 2170 4982 50),
2201 4910 2489 4980 Apostolus
2519 4917 2697 4963 autem
2750 4909 2813 4963 de
2838 4909 2918 4962 his
2946 4908 3034 4979 qui
3078 4908 3444 4978 justiﬁcantur
3464 4900 3539 4960 se

1950 5004 2094 5069 loqui
2123 5003 2461 5068 monstravit,
2499 5017 2619 5057 cum
2649 5002 2715 5056 de
2755 5001 3002 5070 gentibus
3057 5002 3372 5055 naturaliter
3414 5014 3536 5067 qua:

1950 5094 2082 5163 legis
2111 5101 2236 5148 sunt
2259 5093 2571 5147 facientibus
2605 5101 2660 5147 et
2686 5106 2822 5161 opus
2852 5091 2984 5159 legis
3012 5092 3063 5145 iu
3107 5106 3208 5144 suo
3241 5091 3403 5144 corde
3434 5089 3530 5141 ba-

1948 5185 2197 5240 bentibus
2225 5184 2520 5254 disputaret
2553 5201 2566 5237 :
2596 5184 2684 5238 ille
2722 5198 2910 5239 sensus
2956 5191 3039 5237 est
3066 5183 3285 5236 veritati
3331 5195 3534 5235 conve-

1949 5276 2118 5341 niens,
2151 5274 2293 5344 quod
2324 5276 2416 5338 (al.
2442 5276 2571 5345 quo)
2600 5286 2786 5344 gentes
2807 5275 2860 5328 in
2883 5274 3072 5330 eodem
3094 5273 3213 5327 loco
3261 5271 3532 5341 accipiun—

1949 5376 2037 5422 tur
2086 5381 2220 5436 quas
2248 5365 2389 5422 Deus
2412 5364 2533 5423 ﬁdei
2555 5367 2697 5421 dono
2720 5364 2998 5436 justiticat,
3031 5371 3087 5418 et
3115 5362 3167 5417 in
3190 5377 3256 5417 eo
3278 5362 3424 5431 quod
3446 5363 3527 5419 eis

1948 5605 2097 5654 vero.
2129 5593 2182 5646 in
2213 5593 2418 5649 Christo
2445 5592 2589 5649 Iesu.

2018 5659 2042 5697 *³
2070 5662 2229 5730 Eiliti,
2266 5666 2457 5719 Paulus
2487 5663 2811 5728 ostenderet;
2840 5661 2932 5716 sed
2960 5662 3114 5717 abest
3141 5660 3341 5717 Paulus
3370 5675 3400 5715 a
3433 5676 3533 5717 ms.

2021 5743 2044 5769 ε
2075 5734 2163 5789 Sic
2191 5736 2352 5799 editi;
2403 5746 2458 5787 at
2499 5750 2622 5796 ms.,
2647 5742 2794 5803 pater
2828 5734 2894 5786 sit
2916 5735 3143 5790 omnium
3197 5733 3535 5798 credentium,

1945 5813 2000 5855 ut
2030 5814 2286 5873 reputt-tur
2307 5816 2355 5859 et
2386 5805 2487 5858 illis
2518 5805 2648 5874 ﬁdes
2677 5803 2745 5855 ad
2759 5803 3041 5874 jus'itiam.
