4124 6474
601 379 706 433 485

1669 368 1726 422 S.
1768 363 2126 420 FL'LGENTII
2168 362 2464 419 EPISCOPI
2507 362 2874 419 RCSPENSIS

3769 344 3875 426 sit

598 489 720 543 ﬁdei
748 488 974 556 gratiam
1003 485 1208 549 tribuit,
1239 499 1374 555 opus
1402 482 1535 552 legis
1558 495 1666 536 sua:
1697 481 1748 533 in
1771 494 1960 534 eorum
1991 476 2171 531 cordi-
2201 480 2249 537 Λ
2281 477 2408 545 ligat
2435 478 2527 546 qui
2557 478 2611 531 in
2640 478 2807 532 Deum
2837 493 2944 531 non
2974 477 3164 543 credit,
3187 478 3299 533 ﬁeri
3322 481 3631 536 nullatenus
3653 494 3872 552 potest:

606 594 695 633 aus
722 578 916 630 donata
943 575 1329 642 justiﬁcatione
1376 571 1702 635 conscribit,
1729 577 1786 622 ut
1831 569 1947 621 sine
1987 566 2177 620 Testa—

598 676 764 723 ment.
797 667 1001 721 Veteris
1055 667 1235 720 littera
1285 681 1383 733 per
1430 663 1560 716 Novi
1601 660 1928 714 Testamenti
1955 657 2182 726 gratiam

600 769 788 813 natura
812 768 1068 812 renovata
1094 773 1231 826 opus
1268 756 1401 824 legis
1450 754 1516 808 ad
1546 755 1650 807 hoc
1676 753 1935 821 scriptum
1965 751 2182 816 habeat,

601 859 660 903 ut
688 854 752 902 ad
785 849 1036 918 populum
1069 848 1181 912 Dei,
1208 863 1314 901 non
1345 861 1568 914 Operutn
1619 842 2038 912 prarcedentium
2067 856 2184 894 me-

598 942 723 1005 rito,
752 938 1263 1007 scdjustiﬁcationis
1285 936 1521 1004 gratuito
1545 948 1764 987 munere
1807 931 2032 1000 incipiat
2060 946 2184 1000 per-

601 1031 774 1083 tinere
819 1029 973 1094 Quod
1006 1028 1158 1082 nobis
1181 1043 1276 1082 ore
1315 1025 1635 1096 prophetico
1682 1023 1918 1079 cmlestis
1966 1023 2184 1090 dignata

601 1129 683 1175 est
711 1121 928 1187 vulgare
956 1118 1220 1180 doctrina,
1247 1125 1435 1171 sancto
1466 1114 1734 1169 Hieremia
1764 1114 1977 1168 dicente
2012 1131 2023 1164 :
2049 1111 2186 1164 Ecce

602 1213 710 1264 dies
742 1193 939 1264 venient
963 1209 1052 1278 (al.
1081 1206 1347 1276 veniunt),
1377 1209 1503 1259 dicit
1543 1206 1817 1269 Dominus,
1853 1214 1901 1258 et
1947 1221 2186 1257 consum-

601 1302 752 1356 maba
784 1320 936 1369 super
967 1301 1171 1353 domum
1216 1299 1404 1363 Israel,
1428 1310 1476 1352 et
1499 1315 1652 1366 super
1676 1298 1882 1350 domum
1913 1295 2054 1348 Iuda
2088 1295 2185 1349 Te-

601 1399 906 1443 stamentum
956 1406 1138 1442 novum
1169 1388 1300 1457 (Jer.
1355 1405 1510 1453 xxxi,
1543 1388 1655 1455 5|).
1702 1385 1769 1438 Et
1806 1385 1964 1455 paulo
2015 1395 2181 1454 post:

604 1479 737 1543 Quia
791 1482 886 1532 hoc
947 1489 1022 1532 est
1059 1469 1463 1534 vlI'esta‘rnemnn
1511 1480 1646 1549 quod
1696 1479 1970 1546 disponam
2012 1475 2186 1528 domui

602 1569 788 1633 Israel,
814 1581 927 1639 post
958 1571 1064 1623 dies
1094 1572 1216 1622 istos
1247 1571 1338 1638 (al.
1365 1571 1502 1622 illos)
1525 1609 1539 1631 ,
1589 1571 1710 1621 dicit
1742 1569 2015 1632 Dominus,
2055 1565 2186 1619 dabo

598 1661 735 1729 leges
767 1677 907 1712 meas
956 1661 1008 1711 in
1049 1660 1206 1712 corda
1251 1677 1443 1722 eorum,
1476 1669 1522 1711 et
1552 1660 1604 1711 in
1626 1658 1858 1712 sensibus
1894 1675 2066 1711 eorum
2096 1675 2186 1709 suo

599 1749 913 1820 perscribam
937 1767 1046 1815 eas,
1077 1760 1124 1802 et
1164 1767 1250 1802 ero
1273 1751 1343 1803 eis
1365 1753 1415 1802 in
1448 1749 1632 1810 Deum,
1668 1758 1714 1801 et
1741 1749 1841 1817 ipsi
1888 1758 2037 1800 erunt
2062 1748 2190 1800 mihi

2285 569 2420 635 Quia
2452 586 2651 624 corss'r
2684 586 3038 633 ITNCSQI'ISQL'E
3069 587 3312 626 casusne
3342 573 3543 642 aliquid
3573 589 3695 630 esse
3731 577 3882 644 quod

2285 680 2393 718 non
2424 664 2614 733 diligit,
2649 663 2872 731 diligere
2902 680 3030 718 vero
3060 681 3219 719 nemo
3246 675 3425 734 potest
3452 667 3596 735 quod
3619 684 3740 722 esse
3767 687 3880 724 non

2284 755 2475 808 credit.
2505 755 2793 823 Apostolus
2831 764 3012 808 autem
3062 755 3191 808 dicit
3241 758 3358 811 sine
3412 760 3643 813 caritate
3693 761 3876 827 ﬁdem,

2284 851 2588 914 cazteraque
2617 845 2760 898 bona
2793 860 2956 913 opera
2984 845 3233 914 cuiquam
3263 848 3520 916 prodesse
3549 866 3657 904 non
3685 867 3878 920 posse;

2283 933 2412 988 dicit
2441 935 2583 987 enim
2612 953 2624 985 :
2659 933 2718 988 Si
2748 934 2976 989 habuero
3028 952 3232 989 onmem
3261 938 3436 1005 fidem,
3469 941 3544 992 ita
3572 951 3628 993 ut
3674 954 3877 998 montes

2288 1026 2630 1092 transferam;
2660 1032 2710 1076 et
2735 1025 2778 1076 si
2809 1024 3118 1078 distribuere
3141 1027 3193 1077 in
3223 1025 3364 1080 cibos
3390 1045 3676 1098 pauperum
3702 1049 3881 1086 omnes

2288 1115 2564 1184 facultates
2594 1132 2754 1179 meas,
2794 1124 2843 1168 et
2873 1117 3138 1170 tradidero
3160 1134 3344 1186 corpus
3369 1137 3535 1173 meum
3555 1132 3611 1174 ut
3639 1127 3880 1194 ardeam,

2287 1207 2557 1258 caritatem
2583 1216 2756 1258 autem
2782 1224 2881 1260 non
2903 1208 3141 1272 habeam,
3162 1210 3291 1262 nihil
3316 1211 3443 1263 mihi
3456 1213 3664 1280 prodest
3685 1215 3740 1285 (Ι
3756 1217 3877 1271 Cor.

2289 1313 2402 1359 xm,
2431 1295 2484 1362 Ξ,
2517 1297 2602 1364 5).
2639 1297 2695 1350 Si
2725 1313 2854 1366 ergo
2884 1314 3049 1368 opera
3077 1316 3198 1354 cum
3234 1300 3336 1354 ﬁde
3356 1302 3474 1356 sine
3499 1306 3728 1360 caritate
3749 1324 3880 1376 pro-

2288 1387 2444 1441 desse
2473 1403 2579 1441 non
2612 1399 2859 1457 possunt,
2886 1390 3160 1458 quomodo
3208 1391 3505 1460 proderunt
3550 1411 3716 1465 opera
3758 1415 3880 1467 qua:

2290 1480 2342 1533 in
2374 1479 2475 1532 lide
2507 1496 2614 1533 non
2645 1477 2810 1533 ﬁunt?
2845 1479 2997 1534 L'nde
3030 1499 3135 1535 non
3184 1484 3453 1539 immerito
3496 1487 3687 1542 beatus
3730 1491 3878 1558 Apo-

2293 1567 2464 1621 stolus
2503 1584 2601 1637 pro
2635 1568 3202 1625 Thessalonicensihus
3232 1583 3352 1626 orat
3381 1584 3440 1627 ut
3478 1577 3558 1629 eis
3606 1576 3744 1631 Dens
3776 1582 3876 1632 im-

2289 1661 2427 1727 pleat
2483 1679 2683 1714 omnem
2714 1663 3027 1716 uoluntatem
3059 1663 3333 1727 bonitatis,
3365 1677 3414 1718 et
3459 1685 3586 1736 opus
3641 1672 3768 1738 ﬁdei
3823 1675 3876 1725 in

2292 1754 2475 1811 tirtute
2504 1751 2592 1822 (II
2622 1751 2797 1805 Thess.
2833 1769 2867 1814 ι,
2906 1753 3013 1822 11).
3046 1753 3182 1807 Nam
3212 1763 3267 1808 et
3310 1757 3362 1809 in
3393 1757 3584 1812 eodem
3617 1759 3758 1823 loco,
3788 1763 3876 1816 ubi
3961 1792 3971 1800 -

597 1842 651 1894 in
695 1843 968 1910 populum;
1014 1852 1061 1894 et
1116 1859 1217 1894 non
1265 1841 1460 1894 docebit
1505 1842 1848 1911 unusquisque
1898 1841 2186 1909 proximum
2219 1842 2358 1901 Bde
2386 1843 2633 1908 gentibus
2662 1844 2833 1909 legem
2865 1844 3177 1897 naturaliter
3199 1844 3514 1903 facientibus
3534 1849 3872 1918 loquebatur.

600 1950 765 1996 suum,
791 1942 837 1986 et
867 1935 1210 2003 unusquisque
1239 1937 1451 2004 fratrem
1481 1951 1625 1986 suum
1658 1935 1830 1986 dicens
1875 1951 1893 1986 :
1925 1930 2187 2003 Cognosce

599 2024 805 2079 Deum:
829 2028 1068 2096 quoniam
1100 2044 1274 2079 onmes
1314 2029 1475 2078 scient
1505 2043 1584 2078 me
1613 2044 1643 2077 a
1695 2027 1893 2094 majore
1922 2042 2078 2093 usque
2119 2024 2187 2076 ad

599 2117 851 2168 minorem
891 2132 1096 2178 eorum,
1131 2117 1249 2184 quia
1294 2116 1544 2183 propi.ius
1581 2131 1666 2166 ero
1712 2113 2067 2184 iniquitatibus
2096 2130 2186 2166 eo-

600 2222 755 2268 rum,
809 2216 858 2258 et
900 2215 1224 2274 peccatorum
1272 2207 1475 2259 illorum
1526 2207 1640 2276 jam
1700 2224 1802 2262 non
1861 2203 2187 2259 memorabor

601 2294 789 2366 (Ibid.,
824 2296 912 2359 53,
945 2295 1054 2364 at).
2175 2371 2180 2374 _

669 2386 799 2447 CAP,
828 2403 970 2439 XXVI.
1007 2385 1245 2457 Cognitio
1295 2386 1392 2440 Dei
1439 2390 1550 2441 sine
1576 2389 1848 2442 dilectione
1903 2387 2034 2441 nihil
2062 2404 2188 2456 pro-

602 2477 732 2530 dest.
761 2476 919 2531 Fides
943 2480 1055 2531 sine
1102 2481 1319 2532 caritate
1346 2489 1511 2548 potest
1540 2498 1671 2544 esse,
1696 2497 1797 2533 non
1825 2481 2088 2548 prodesse.
2118 2509 2190 2519 —

603 2568 689 2622 50.
723 2568 849 2624 Haec
871 2580 1049 2624 autem
1072 2571 1294 2625 scientia
1328 2573 1378 2625 in
1400 2587 1504 2641 qua
1552 2573 1631 2628 sic
1660 2573 1802 2626 Dens
1854 2574 2184 2642 agnoscitur,

604 2667 659 2714 ut
689 2669 1029 2730 peccatorum
1053 2663 1297 2716 remissio
1319 2662 1512 2717 divina:
1542 2663 1946 2734 prepitiationis
1966 2680 2190 2719 munere

601 2751 885 2817 tribuatur,
911 2752 1068 2820 longe
1091 2754 1194 2807 alia
1228 2763 1310 2808 est
1355 2755 1421 2808 ab
1477 2756 1565 2809 illa
1615 2757 1925 2824 cognitione
1972 2757 2190 2810 illorum

599 2841 710 2910 qui,
760 2853 1123 2913 cognoscentes
1163 2843 1346 2911 Deum,
1381 2863 1482 2900 non
1506 2849 1638 2900 sicut
1669 2847 1835 2900 Deum
1861 2848 2189 2918 gloriﬁcave-

598 2944 738 3003 runt,
768 2946 857 2988 aut
875 2939 1074 3007 gratias
1094 2947 1322 3008 egerunt,
1353 2939 1442 2992 sed
1463 2949 1778 2992 evanuerunt
1819 2940 1872 2993 in
1915 2942 2190 3010 cogitatio-

596 3025 746 3078 nibus
772 3028 914 3091 suis;
945 3028 1035 3098 qui
1064 3028 1290 3082 dicentes
1319 3046 1374 3082 se
1417 3047 1529 3083 esse
1569 3032 1856 3099 sapientes,
1888 3032 2033 3084 stulti
2065 3034 2189 3101 facti

596 3126 734 3180 sunt,
760 3128 808 3170 et
831 3127 1152 3172 mutaverunt
1183 3121 1404 3190 gloriam
1424 3120 1830 3190 incorruptibilis
1860 3121 1957 3174 Dei
1979 3125 2030 3175 in
2053 3124 2192 3176 simi-

2289 1942 2415 1987 ante
2464 1935 2792 2002 przcmiserat
2840 1934 3024 1988 dicens
3050 1921 3275 1989 {Gloria
3321 1950 3512 2004 autem,
3539 1948 3589 1992 et
3615 1941 3804 2008 honor,
3829 1953 3876 1995 et

2289 2039 2394 2092 pax
2425 2026 2562 2076 omni
2593 2035 2828 2092 aperanti
2860 2027 3065 2088 bonum,
3110 2025 3296 2081 Juda’o
3344 2031 3590 2097 primunt,
3615 2043 3663 2084 et
3695 2032 3874 2088 Gra'ce

2292 2111 2469 2180 (Rom.
2505 2127 2562 2177 ιι,
2589 2112 2696 2179 10).
2724 2111 3006 2176 Quomodo
3029 2123 3209 2168 autem
3239 2115 3541 2173 inﬁdelibus
3563 2127 3742 2188 potest
3762 2138 3877 2176 esse

2288 2201 2480 2267 gloria,
2509 2216 2626 2268 quae
2683 2216 2790 2254 non
2841 2201 2998 2254 datur
3027 2203 3128 2255 nisi
3176 2202 3517 2270 justiﬁcatis?
3549 2205 3690 2270 Quos
3738 2211 3878 2265 enim

2291 2290 2432 2344 Deus
2455 2291 2782 2360 justi/icarit,
2815 2291 2932 2344 illas
2962 2300 3009 2344 et
3038 2292 3346 2361 glorificarit
3391 2293 3569 2363 (Rom.
3596 2313 3708 2361 vnl,
3743 2297 3831 2366 '50)
3865 2318 3877 2351 :

2291 2380 2508 2434 Iustitia
2539 2392 2711 2433 autem
2742 2380 2837 2434 Dei
2867 2399 2959 2455 per
2978 2382 3134 2450 ﬁdem
3161 2383 3287 2436 Iesu
3305 2381 3496 2438 Citriin
3526 2404 3683 2457 super
3710 2408 3881 2444 omnes

2292 2470 2376 2540 qui
2407 2469 2621 2521 credunt
2647 2468 2822 2537 (Rom.
2858 2486 2933 2533 ιιι,
2963 2470 3085 2539 9.·3.);
3121 2480 3214 2524 aut
3253 2474 3372 2540 quis
3401 2474 3881 2532 honorincredulis

2294 2561 2526 2626 dabitur,
2553 2577 2673 2614 cum
2699 2561 2840 2614 hunc
2871 2576 2978 2614 non
3011 2563 3109 2614 nisi
3135 2563 3478 2618 credentibus
3507 2566 3668 2620 tribui
3699 2568 3882 2621 beatus

2295 2649 2486 2705 Petrus
2509 2651 2754 2715 edoceat,
2775 2651 2958 2706 dicens
2991 2669 3004 2705 :
3035 2651 3190 2706 Vobis
3207 2656 3360 2725 igitur
3375 2657 3542 2710 honor
3561 2660 3884 2714 credentibus

2297 2740 2350 2811 (I
2383 2741 2527 2794 Petr.
2563 2757 2617 2805 ιι,
2654 2740 2743 2809 7)?
2766 2741 2864 2794 Vel
2885 2743 3158 2810 quomodo
3189 2746 3291 2797 erit
3321 2761 3424 2814 pax
3456 2747 3505 2800 ei
3531 2764 3620 2810 om
3649 2765 3754 2804 non
3790 2768 3882 2805 εει·

2296 2847 2609 2886 unusunus
2638 2831 2898 2898 sanguine
2922 2830 3045 2886 Jesu
3078 2831 3298 2898 Christi,
3325 2836 3377 2887 in
3401 2850 3510 2903 quo
3538 2837 3678 2892 Deus
3708 2841 3886 2908 paciﬁ-

2295 2923 2452 2986 cavit,
2488 2923 2592 2974 sive
2619 2938 2732 2992 qua:
2761 2923 2813 2974 in
2847 2923 2996 2976 terris
3036 2934 3155 2975 sunt
3179 2922 3398 2995 (Ep/tes.
3429 2943 3464 2990 ι,
3497 2926 3611 2995 10),
3639 2930 3748 2982 sive
3775 2947 3888 3000 qua

2293 3024 2348 3075 in
2378 3021 2554 3074 ccelis?
2593 3019 2713 3090 Ipse
2741 3032 2814 3073 est
2845 3022 2982 3072 enim
3033 3038 3140 3090 pax
3178 3031 3382 3087 nostra,
3411 3026 3501 3094 qui
3527 3027 3652 3094 fecit
3675 3037 3888 3099 utraque

2295 3127 2452 3162 unum
2477 3108 2694 3179 (Ephes.
2729 3125 2785 3172 ιι,
2822 3108 2932 3176 14).
2954 3107 3079 3163 Ηίεε
3111 3124 3289 3163 autem
3317 3126 3418 3180 pax
3449 3113 3565 3166 sine
3587 3115 3815 3170 caritate
3837 3127 3889 3170 et

596 3207 866 3260 litudinem
893 3211 1134 3278 imaginis
1175 3210 1524 3278 corruptibilis
1554 3211 1776 3264 hominis
1828 3210 2004 3279 (Rom.
2031 3229 2065 3277 ι,
2094 3213 2180 3277 21,

2295 3201 2398 3255 ﬁde
2428 3200 2637 3254 Christi
2657 3216 2763 3252 non
2808 3209 2989 3268 potest
3033 3199 3317 3268 possideri,
3348 3203 3472 3270 quia
3497 3204 3784 3272 justiﬁcati
3825 3223 3889 3258 ea:

597 3294 686 3359 22,
714 3295 826 3366 9.5).
851 3295 941 3349 lsti
971 3297 1111 3350 enim
1147 3298 1272 3364 quia
1300 3299 1415 3352 sine
1450 3300 1619 3367 gratia
1651 3299 1793 3364 ﬁdei,
1825 3316 1944 3370 qua}
1975 3303 2070 3370 per
2089 3319 2182 3358 ca-

2288 3292 2394 3360 ﬁde
2422 3307 2599 3359 pacem
2629 3289 2874 3342 habemus
2903 3290 2973 3341 ad
2995 3288 3160 3342 Deum
3187 3308 3281 3358 per
3319 3290 3602 3346 Dominum
3647 3306 3881 3371 nostrum

597 3388 812 3440 ritatetn
862 3397 1134 3456 operatur,
1188 3389 1354 3442 Deum
1404 3400 1792 3458 cognoverunt,
1820 3393 1934 3461 ipsa
1964 3411 2059 3448 sua
2090 3411 2183 3449 co-

2293 3379 2463 3432 Iesum
2487 3380 2768 3446 Christum,
2800 3397 2891 3448 per
2946 3396 3095 3448 quem
3143 3391 3192 3433 et
3222 3399 3486 3436 accessum
3522 3385 3772 3440 habemus
3799 3405 3889 3458 per

598 3479 840 3544 gnitione
863 3479 1262 3534 inexcusabiles
1293 3479 1418 3534 facti
1445 3489 1604 3547 sunt;
1637 3483 1691 3536 hi
1725 3499 1852 3538 vero
1893 3486 1982 3553 qui
2013 3485 2182 3540 Deum

2293 3469 2441 3538 fidem
2475 3471 2525 3521 in
2549 3469 2718 3538 gratia
2742 3470 2863 3533 ista,
2894 3470 2947 3520 in
2978 3466 3077 3538 qua
3105 3479 3299 3523 stamus
3322 3481 3371 3524 et
3399 3473 3686 3542 gloriamur
3726 3478 3778 3529 in
3801 3494 3891 3545 spe

599 3564 723 3620 ﬁdei
771 3567 1119 3636 perceptione
1166 3579 1531 3637 cognoscunt,
1583 3574 1985 3629 inaccusahiles.
2028 3574 2184 3632 ﬁunt.

602 3655 731 3721 Quis
760 3659 896 3711 enim
920 3658 1379 3714 accusabitelectos
1402 3660 1497 3715 Dei
1523 3661 1697 3732 (Rom.
1733 3681 1840 3729 Vill,
1866 3666 1954 3734 55)
1975 3668 1998 3719 ?
2019 3667 2186 3722 Nemo

601 3746 785 3815 utique
815 3765 826 3799 :
856 3745 1200 3818 Diligentibus
1229 3751 1370 3804 enim
1396 3752 1474 3807 eis
1502 3751 1666 3807 Deum
1689 3758 1866 3808 omnia
1896 3774 2185 3827 cooperan-

603 3847 686 3890 tur
713 3839 766 3891 in
793 3839 977 3892 bonum
1002 3838 1189 3911 (Ibid.,
1216 3840 1328 3912 28).
1355 3841 1422 3896 Et
1470 3844 1591 3899 ideo
1618 3861 1712 3900 eos
1737 3848 1917 3903 nullus
1947 3859 2185 3913 accusat,

595 3926 725 3995 .quia
752 3927 892 3983 Deus
918 3943 1012 3984 eos
1057 3931 1351 3986 secundum
1406 3936 1741 4004 propositum
1798 3940 2104 4007 prmscitos,
2135 3949 2191 3996 et

601 4019 1028 4088 praedestinatos,
1057 4033 1386 4095 vocatosque
1404 4026 1684 4096 justiﬁcat,
1717 4039 1881 4100 atque
1901 4034 2189 4102 gloriﬁcat;

602 4119 662 4163 ut
688 4111 1006 4178 gloriatione
1033 4113 1164 4183 legis
1192 4115 1456 4172 factorum
1487 4134 1590 4189 qua
1621 4136 1679 4175 se
1709 4121 1874 4177 homo
1925 4125 2194 4194 superbus

603 4200 813 4253 extollit
836 4203 1072 4269 exclusa,
1097 4220 1195 4273 per
1222 4207 1394 4274 legem
1419 4206 1560 4273 ﬁdei,
1593 4226 1712 4278 qua:
1760 4225 1859 4280 per
1903 4215 2188 4269 caritatem

604 4299 898 4359 operatur,
947 4295 1032 4364 qui
1081 4296 1372 4365 gloriatur,
1423 4299 1479 4350 in
1534 4296 1759 4354 Domino
1816 4301 2068 4371 glorietur
2119 4302 2194 4376 (I

605 4379 726 4436 Cor.
759 4399 798 4450 ι,
822 4383 933 4452 51).

676 4474 764 4528 51.
791 4474 942 4541 Quod
970 4477 1014 4531 si
1042 4478 1361 4546 quibusdam
1385 4483 1838 4548 cognoscentibus
1860 4483 2064 4548 Deum,
2094 4503 2195 4543 nec

2289 3560 2710 3630 gloriwﬁliorum
2737 3558 2830 3610 Dei
2855 3559 3101 3627 (Rom.v,
3121 3559 3265 3630 1,2).
3294 3560 3424 3626 ρυω
3450 3580 3567 3632 spes
3593 3576 3614 3602 ⁸
3637 3565 3760 3620 ideo
3783 3584 3882 3620 non

2291 3652 2584 3722 confundit,
2617 3653 2736 3721 quia
2766 3652 2964 3710 caritas
2989 3649 3087 3703 Dei
3116 3653 3309 3721 diffusa
3330 3656 3480 3708 estin
3511 3651 3754 3712 cordibus
3797 3678 3889 3714 no-

2291 3742 2411 3796 stris
2428 3759 2517 3812 per
2534 3741 2785 3812 Spiritum
2809 3750 3062 3805 sanctum,
3080 3745 3164 3812 qui
3189 3744 3341 3796 datus
3361 3755 3433 3798 est
3452 3748 3880 3819 nobis(Ibid.,5).

2294 3832 2614 3901 Accepimus
2655 3832 2797 3885 enim
2829 3832 3065 3901 spiritum
3096 3833 3392 3904 adoptionis
3413 3836 3674 3906 ﬁliorum,
3699 3842 3755 3893 in
3785 3858 3878 3911 quo

2293 3924 2600 3987 clamamus,
2644 3922 2788 3976 Abba
2823 3922 2982 3975 Pater
3007 3921 3184 3994 (Rom.
3213 3941 3322 3990 vm,
3358 3925 3462 3995 16).
3499 3927 3566 3982 Ut
3597 3931 3757 3998 igitur
3787 3933 3882 3986 ho-

2296 4016 2468 4070 mines
2497 4014 2589 4068 ﬁlii
2623 4014 2718 4069 Dei
2749 4013 2895 4077 ﬁant,
2922 4014 3114 4068 Filium
3150 4015 3242 4070 Dei
3274 4018 3490 4072 unicum
3514 4035 3610 4089 per
3632 4021 3792 4076 ﬁdem
3808 4040 3887 4078 re-

2297 4106 2521 4175 cipiunt,
2542 4114 2596 4160 et
2619 4106 2735 4174 ipso
2757 4104 2993 4158 donante
3023 4104 3162 4159 hanc
3186 4107 3458 4176 accipiunt
3479 4109 3501 4145 ιι
3537 4121 3882 4179 potestatem,

2297 4208 2437 4253 utet
2467 4200 2519 4252 in
2549 4213 2670 4252 eum
2701 4197 2942 4262 credant,
2993 4207 3047 4252 et
3084 4199 3150 4252 ad
3202 4216 3481 4256 numerum
3528 4203 3764 4260 ﬁliorum
3797 4207 3889 4263 Dei

2299 4291 2606 4358 pertineant
2639 4306 2650 4341 :
2687 4286 2944 4360 Quotquot
2977 4290 3117 4342 enim
3143 4303 3444 4361 receperunt
3473 4311 3606 4357 eum,
3646 4297 3788 4351 dedit
3816 4302 3887 4353 eis

2300 4397 2601 4456 potestatem
2628 4387 2767 4457 filios
2818 4386 2916 4440 Dei
2944 4388 3082 4457 ﬁeri,
3114 4389 3192 4442 his
3241 4393 3327 4460 qui
3357 4393 3574 4447 credunt
3600 4397 3653 4448 in
3685 4400 3890 4452 nomine

2301 4483 2413 4550 ejus
2461 4479 2649 4552 (Joan.
2695 4496 2730 4544 ι,
2769 4478 2888 4550 12).
2919 4479 2977 4533 1η
3028 4497 3214 4536 eorum
3267 4483 3519 4540 cordibus
3573 4488 3665 4542 dat
3711 4490 3883 4559 legem

607 4575 786 4621 tamen
817 4567 972 4621 sicut.
1013 4569 1179 4622 Deum
1209 4570 1632 4637 gloriticamibus
1651 4613 1666 4637 ,
1714 4577 1950 4644 cognitio
1981 4579 2070 4632 ina
2109 4581 2194 4634 ηί-
2222 4587 2274 4648 D
2300 4586 2472 4634 suam,
2505 4580 2560 4624 et
2587 4571 2639 4624 in
2669 4571 2914 4625 sensibus
2941 4586 3129 4625 eorum
3153 4573 3336 4627 scribit
3357 4590 3497 4642 eam,
3531 4577 3581 4632 id
3605 4589 3691 4633 est
3719 4581 3886 4650 legem

609 4658 683 4712 bil
745 4659 944 4728 proluit
999 4659 1064 4713 ad
1112 4661 1378 4728 salutem,
1427 4665 1700 4733 quomodo
1757 4667 1812 4720 hi
1860 4677 2118 4738 poterunt
2168 4682 2196 4711 ει

607 4749 734 4818 justi
756 4764 875 4804 esse
915 4749 1055 4820 apud
1082 4751 1284 4818 Deum,
1316 4754 1408 4823 qui
1461 4755 1541 4810 sic
1591 4757 1644 4811 in
1694 4757 1806 4812 suis
1835 4760 2076 4818 moribus
2124 4771 2202 4816 at-

607 4855 717 4908 que
758 4841 1010 4910 operibus
1055 4842 1335 4923 bonitatis
1367 4846 1569 4916 aliquid
1610 4858 1946 4916 servant,_ut
1999 4853 2102 4908 hoc
2131 4854 2200 4910 ad

610 4931 773 4987 ﬁnem
817 4931 1136 4989 Christianae
1184 4935 1307 4991 ﬁdei
1354 4939 1700 5009 caritatisque
1757 4958 1865 4996 non
1917 4943 2200 5000 referant?

607 5025 802 5096 quibus
823 5026 1000 5097 aliqua
1021 5027 1237 5097 quidem
1258 5030 1420 5097 bona,
1443 5046 1562 5102 qua:
1579 5032 1644 5087 ad
1661 5033 1938 5090 societatis
1949 5035 2198 5092 humana:

611 5117 774 5188 315
799 5119 1071 5188 pertinent
1092 5121 1423 5189 arquitatem,
1456 5123 1633 5178 inesse
1661 5133 1920 5194 possunt;
1946 5126 2040 5181 sed
2069 5129 2195 5197 quia

616 5224 724 5263 non
748 5208 849 5263 ﬁde
875 5217 930 5265 et
958 5211 1182 5266 caritate
1204 5210 1230 5248 δ
1254 5212 1348 5267 Dei
1369 5212 1519 5278 ﬁunt,
1545 5215 1800 5284 prodesse
1821 5231 1928 5271 non
1951 5228 2199 5288 possunt.

617 5296 824 5354 Etenim
855 5297 969 5356 ﬁeri
1002 5309 1182 5371 potest
1232 5310 1290 5356 ut
1317 5303 1596 5374 quisquam
1629 5305 1795 5360 Deum
1844 5322 1962 5362 esse
1990 5309 2196 5374 credat,

617 5389 708 5458 qui
737 5389 901 5445 Deum
942 5409 1048 5446 non
1080 5391 1283 5460 diligit;
1315 5403 1367 5447 ut
1399 5403 1575 5448 autem
1606 5397 1887 5465 quisquam
1919 5397 2086 5453 Deum
2115 5400 2199 5455 di-

690 5580 712 5640 ἐ·
747 5568 904 5640 Editi,
934 5580 1225 5640 potuerunt.
1251 5569 1371 5632 Ms,
1403 5579 1660 5638 poterunt.

690 5639 713 5678 1³
745 5638 904 5708 Editi,
931 5638 1054 5710 quia
1101 5659 1205 5695 non
1260 5643 1497 5694 caritate.
1531 5641 1650 5703 Ms.,
1684 5640 1804 5707 quia
1850 5656 1950 5692 non
1999 5641 2104 5705 ﬁde
2150 5653 2199 5696 et

616 5713 854 5767 caritate.

691 5791 712 5850 ἐ
747 5779 801 5834 In
825 5781 968 5842 edd.,
991 5798 1116 5848 quos
1154 5797 1272 5850 spes
1297 5782 1428 5843 ideo,
1453 5790 1558 5835 etc.

687 5849 712 5887 (³
741 5850 799 5904 ln
822 5853 1032 5906 excusis
1061 5849 1290 5905 habetur
1321 5853 1578 5919 accipiunt
1609 5867 1640 5902 (ι
1681 5849 1926 5917 Domino,
1973 5850 2028 5905 in
2070 5866 2196 5920 tus.,

2303 4669 2449 4736 ﬁdei,
2471 4676 2591 4738 quae
2622 4669 2881 4739 inspirata
2915 4668 3173 4738 justiﬁcat
3193 4715 3208 4737 ,
3237 4689 3345 4728 non
3393 4674 3568 4743 legent
3600 4677 3888 4745 factorum,

2302 4775 2421 4829 qua:
2446 4761 2608 4815 etiam
2639 4760 3016 4839 observatores
3042 4778 3170 4817 suos
3200 4775 3223 4801 ε
3253 4765 3370 4819 sine
3390 4765 3732 4825 dubitatione
3761 4787 3889 4826 con-

2302 4844 2539 4910 demnat.

2377 4943 2508 4998 CAP.
2535 4959 2698 4998 xxvn.
2730 4941 2842 4997 Lex
2870 4945 3150 5014 factorum,
3175 4961 3291 5016 qua:
3319 4951 3630 5004 naturaliter
3657 4967 3770 5006 esse
3795 4970 3888 5021 po-

2304 5047 2400 5092 test
2428 5039 2481 5091 in
2520 5036 2761 5090 cordibus
2786 5036 3096 5106 inﬁdelium,
3127 5037 3192 5091 ab
3222 5039 3489 5108 impietate
3518 5059 3621 5096 non
3673 5044 3879 5100 liberat.

2303 5129 2474 5183 —52.
2506 5128 2637 5183 Nam
2667 5129 2758 5183 illa
2786 5143 2905 5198 qua:
2933 5129 3020 5184 lex
3049 5129 3314 5185 factorum
3343 5140 3446 5196 est,
3469 5149 3588 5202 quae
3618 5136 3888 5192 hominem

2303 5221 2598 5293 justiﬁeare
2627 5238 2736 5277 non
2759 5228 2958 5292 potest,
2997 5222 3123 5291 quia
3148 5239 3213 5276 ex
3233 5224 3471 5294 operibus
3495 5225 3624 5295 legis
3671 5244 3777 5281 non
3798 5229 3887 5300 ju-

2306 5312 2614 5385 stiﬁcabitur
2629 5313 2796 5368 omnis
2826 5329 2968 5378 caro,
2989 5321 3167 5383 potest
3187 5313 3403 5382 quidem
3426 5317 3745 5372 naturaliter
3770 5333 3886 5372 esse

2308 5415 2362 5461 et
2406 5407 2457 5461 in
2503 5405 2665 5462 corde
2693 5405 2931 5474 gentium
2960 5415 3015 5460 et
3045 5406 3098 5460 in
3145 5407 3308 5462 corde
3337 5408 3631 5464 inﬁdelium
3672 5409 3876 5465 Judaio-

2342 5601 2411 5640 on
2445 5585 2742 5657 nabetur_a
2791 5583 3042 5657 Domino,
3086 5585 3277 5657 melius
3321 5585 3535 5656 quidem
3565 5606 3576 5638 :
3609 5589 3735 5657 quia
3764 5604 3878 5642 cum

2305 5656 2502 5737 dicitur
2524 5657 2634 5724 ipso
2667 5655 2892 5708 donante
2936 5656 3217 5724 accipiunt,
3249 5655 3443 5711 fruStra
3476 5655 3692 5713 additur
3717 5678 3749 5712 α
3779 5657 3883 5712 Do-

2305 5743 2465 5778 mmo.

2382 5804 2404 5832 ‘-'
2427 5794 2548 5861 Ms.,
2575 5797 2797 5866 factores
2821 5811 2960 5849 suos.
