4108 6480
271 315 378 370 485

1655 309 1981 370 EPISTOLA
2021 311 2176 370 XVH.

3384 292 3397 303 ~
3439 323 3545 378 436

260 447 389 487 rum
420 439 442 466 ³
470 446 482 482 :
515 442 633 497 quae
663 436 838 482 tamen
861 426 978 481 sine
1002 422 1104 480 ﬁde
1143 420 1341 480 Christi
1367 422 1669 479 nullatenus
1691 424 1857 494 justi-
1892 425 1936 484 A
1968 421 2092 481 ﬁcat
2130 433 2320 494 gentes
2360 424 2517 489 Deus,
2549 432 2607 479 ut
2656 425 2833 480 dando
2861 429 3091 494 gratiam
3120 439 3346 485 renovet
3389 440 3546 486 natu-

261 521 393 576 ﬂeat
415 528 711 576 sectatores
732 519 895 589 316
922 533 1067 580 suos,
1098 517 1191 570 sed
1221 532 1316 570 eos
1344 524 1490 568 tenet
1511 515 1724 569 vinculo
1746 516 1846 568 im-

257 591 482 685 pietatis
511 610 820 665 obstrictos.
853 608 974 662 lianc
1018 607 1201 676 utique
1240 606 1338 658 luit
1367 607 1420 659 in
1468 605 1633 658 corde
1673 603 1846 670 Pauli,

257 702 484 772 quando
509 700 606 753 fuit
636 698 957 762 incredulus,
990 697 1268 750 secundum
1323 696 1703 749 cumulationem
1731 712 1848 764 per-

259 809 481 865 sequens
505 789 791 844 Ecclesium
818 787 935 852 Dei,
971 797 1025 841 et
1045 786 1325 840 secundum
1347 785 1626 855 justitiam,
1659 801 1773 855 qua:
1793 786 1848 837 in

259 889 380 952 tege
430 891 524 945 est,
575 888 906 933 conversatus
951 878 1066 931 sine
1122 877 1330 946 querela
1379 875 1557 944 (Rom.
1609 891 1684 936 ιιι,
1729 873 1842 941 20).

262 971 441 1038 Quam
473 979 653 1024 tamen
698 968 820 1037 quia
853 983 919 1021 ex
951 967 1060 1020 Deo
1107 983 1216 1020 non
1262 966 1467 1029 habuit,
1500 964 1622 1020 ideo
1667 965 1799 1018 dicit
1833 983 1845 1016 :

265 1062 400 1127 Qua:
426 1061 549 1114 mihi
582 1062 790 1131 [uerunt
839 1059 1006 1123 lucra,
1037 1057 1146 1109 Iuec
1174 1056 1454 1109 arbitratus
1505 1072 1614 1108 sum
1645 1064 1852 1124 propter

260 1153 528 1206 Christum
583 1144 942 1202 detrimenta:
988 1154 1335 1199 verumtamen
1383 1147 1620 1198 existimo
1659 1146 1851 1198 omnia

257 1244 629 1296 detrimentum
673 1237 786 1292 esse
823 1247 1030 1307 prapter
1058 1238 1361 1289 eminentem
1411 1237 1681 1288 scientiam
1725 1234 1849 1288 Jesu

255 1331 462 1383 Christi
489 1329 695 1382 Domini
725 1327 846 1392 mei,
873 1334 1081 1394 propter
1112 1340 1258 1394 quem
1287 1325 1461 1376 omnia
1489 1324 1850 1377 detrimentum

263 1422 366 1491 feci
390 1430 439 1472 et
466 1418 692 1471 arbitror
711 1426 765 1469 ut
794 1424 1044 1476 stercora,
1078 1422 1132 1466 ut
1164 1412 1422 1466 Christum
1452 1414 1779 1483 lucrifaciam
1802 1422 1853 1466 et

259 1513 503 1565 inveniar
532 1509 584 1562 in
631 1509 720 1560 illo
757 1522 860 1559 non
890 1503 1083 1557 habens
1112 1520 1280 1556 meam
1323 1503 1602 1572 justitiam,
1633 1519 1745 1574 qua:
1786 1518 1850 1556 ea:

261 1605 378 1670 lege
402 1611 495 1662 est,
521 1592 610 1652 sed
639 1598 782 1650 illam
805 1611 917 1666 quae
938 1603 1013 1647 est
1035 1608 1097 1646 ea:
1125 1593 1229 1663 ﬁde
1257 1591 1483 1657 Christi,
1513 1610 1628 1662 qua:
1649 1610 1712 1646 ex
1741 1591 1850 1646 Deo

265 1694 466 1762 iustitia
496 1708 557 1744 ex
581 1691 683 1758 [ide
716 1688 784 1740 ad
826 1685 1234 1756 cognoscendum
1271 1686 1416 1738 illum
1441 1683 1659 1756 (Philip.
1689 1700 1765 1748 ιιι,
1795 1682 1848 1748 6,

256 1783 319 1848 7,
343 1784 398 1847 8,
427 1781 478 1845 9,
526 1780 638 1850 ιο).

338 1872 424 1925 55.
456 1871 584 1936 Quis
615 1885 719 1924 non
749 1869 835 1921 his
862 1867 1041 1922 verbis
1066 1866 1374 1936 apostolicis
1394 1867 1572 1920 videat
1586 1866 1853 1935 justitiam

260 1980 391 2036 quae
417 1979 482 2015 ex
531 1963 646 2028 lege
676 1968 758 2014 est
787 1974 909 2013 esse
939 1973 1004 2012 ex
1032 1957 1269 2020 homine,
1295 1957 1558 2025 justitiam
1582 1972 1711 2009 vero
1737 1970 1854 2025 qua:

268 2068 338 2107 ex
363 2049 466 2104 ﬁde
495 2049 692 2102 Christi
723 2056 805 2101 est
849 2063 956 2100 non
988 2061 1106 2100 esse
1129 2045 1228 2098 nisi
1259 2061 1325 2099 ex
1355 2045 1499 2099 Deo?
1529 2045 1620 2098 illa
1650 2053 1731 2099 est
1754 2045 1854 2112 igi-

264 2151 359 2196 tur
383 2140 590 2210 justilia
621 2153 718 2208 per
745 2153 905 2206 quam
936 2137 1131 2205 impius
1154 2136 1377 2202 erigitur
1399 2143 1455 2188 ut
1483 2135 1638 2190 cadat
1667 2135 1718 2188 in
1749 2150 1856 2205 ρων

266 2246 420 2296 nam,
452 2231 551 2282 ista
573 2236 752 2304 autem
775 2234 858 2281 est
881 2241 978 2295 per
999 2240 1160 2294 quam
1202 2224 1520 2292 justilicatus
1549 2225 1859 2278 humiliatur

266 2330 328 2374 ut
357 2320 628 2374 exaltetur
650 2317 716 2372 ad
737 2318 981 2386 gloriam.
1009 2316 1135 2370 Ideo
1165 2332 1285 2370 cum
1313 2317 1364 2368 in
1398 2316 1485 2368 illa
1507 2331 1626 2384 qua:
1650 2332 1716 2370 ex
1739 2317 1855 2384 lege

260 2419 354 2466 est
411 2411 527 2464 sine
556 2409 776 2477 querela
805 2417 1218 2462 conversaretur
1264 2405 1574 2474 Apostolus,
1606 2404 1769 2460 fuisse
1795 2421 1856 2460 se

264 2502 492 2571 impium
544 2517 650 2554 non
681 2508 870 2567 negat,
903 2499 1085 2552 dicens
1120 2516 1131 2549 :
1170 2497 1236 2551 Ut
1265 2499 1386 2568 quid
1435 2499 1572 2550 enim
1620 2497 1855 2552 Christus

265 2612 383 2648 cum
405 2594 572 2646 adhuc
598 2593 797 2663 inﬁrmi
836 2607 1059 2645 essemus
1092 2590 1370 2643 secundum
1402 2599 1594 2658 tempus
1632 2608 1724 2660 pro
1754 2593 1854 2644 im-

266 2687 368 2753 piis
401 2692 628 2736 mortuus
657 2691 735 2735 est
767 2681 942 2744 (Rom.
977 2697 1036 2745 v,
1063 2680 1158 2747 6)?
1188 2680 1465 2736 Inimicum
1514 2699 1729 2752 quoque
1758 2683 1855 2738 Dei

267 2790 328 2828 se
359 2772 521 2826 fuisse
567 2773 829 2826 veraciter
871 2771 1158 2825 conlitetur
1198 2771 1382 2824 dicens
1414 2789 1426 2822 :
1460 2771 1521 2825 Si
1550 2774 1704 2837 enim,
1739 2789 1854 2826 cum

266 2867 468 2919 inimici
496 2849 1097 2918 es.emus.reccncilia'ti
1124 2879 1298 2917 sumus
1345 2862 1455 2918 Deo
1502 2881 1592 2934 per
1638 2875 1854 2920 mortem

268 2956 400 3010 Filii
419 2965 548 3026 ejus,
574 2955 732 3008 multo
759 2958 922 3024 magis
946 2955 1264 3007 reconciliati
1292 2956 1420 3007 salvi
1443 2957 1631 3008 erimus
1661 2958 1714 3009 in
1751 2958 1854 3010 vita

267 3050 430 3118 ipsius
449 3047 512 3099 ab
534 3065 614 3100 ira
638 3063 727 3113 per
745 3049 908 3116 ipsum
925 3044 1110 3110 (Ibid,
1134 3045 1243 3115 10).
1267 3045 1406 3112 Quid
1429 3061 1556 3114 ergo
1576 3048 1856 3117 prodesset

1952 531 2087 568 ram.
2119 514 2409 569 Caritatem
2440 515 2661 584 quippe,
2686 529 2805 583 qua:
2825 516 3091 584 plenitudo
3119 527 3195 570 est
3221 519 3348 589 legis
3367 519 3547 589 (Ito'm.

1954 622 2066 670 xui,
2096 604 2206 675 10),
2238 604 2303 658 ad
2334 604 2436 659 hoc
2467 619 2562 673 per
2590 604 2849 674 Spiritum
2879 622 3034 660 suum
3071 606 3342 673 dilfundit,
3380 619 3436 662 ut
3458 611 3544 662 l'a—

1951 699 2059 751 ciat
2087 698 2294 766 impleri
2317 698 2459 768 quod
2490 698 2758 768 przecipit;
2790 705 2844 753 et
2874 699 3282 755 illuminationis
3309 703 3541 768 gratiam

1951 803 2048 856 per
2094 788 2339 856 spiritum
2388 787 2510 843 ﬁdei
2539 797 2826 858 propterea
2858 789 3117 857 largitur,
3149 799 3207 844 ut
3233 791 3376 860 quod
3423 791 3540 845 Deo

1951 880 2207 948 placitum
2265 888 2368 947 est,
2418 878 2549 934 ﬁdes
2604 895 2701 950 per
2748 882 3028 936 caritatem
3085 892 3359 951 operetur.
3411 884 3543 949 Quae

1890 1036 1903 1049 _
1950 971 2190 1038 quandiu
2230 971 2284 1024 in
2315 971 2534 1026 homine
2564 987 2670 1026 non
2700 980 2818 1036 est;
2848 972 3102 1041 quidquid
3133 974 3248 1028 sine
3279 975 3396 1042 lege
3421 973 3548 1028 ﬁdei

1951 1075 2050 1129 per
2072 1060 2247 1128 legem
2276 1061 2580 1115 naturalem
2629 1063 2886 1131 scriptum
2939 1065 3201 1117 remansit
3232 1065 3284 1118 in
3325 1064 3548 1120 homine

1951 1146 2269 1219 operantem
2313 1151 2621 1206 nullatenus
2665 1152 2857 1219 salvat,
2889 1153 3015 1220 quia
3059 1154 3216 1223 317
3267 1155 3545 1208 neminem

1956 1242 2098 1297 Deus
2127 1243 2243 1298 sine
2268 1241 2369 1297 ﬁde
2391 1241 2672 1312 justiﬁcat,
2705 1259 2806 1298 nec
2833 1253 3012 1313 potest
3037 1229 3284 1314 operatiti
3315 1237 3547 1301 salutem

1953 1335 2256 1402 acquirere,
2287 1335 2411 1402 quia
2456 1336 2570 1389 sine
2606 1336 2711 1405 ﬁde
2739 1337 3055 1406 impossibile
3080 1347 3156 1392 est
3185 1339 3388 1406 placere
3430 1339 3545 1394 Deo

1955 1423 2144 1494 (Hebr.
2174 1441 2246 1490 χι,
2273 1424 2350 1494 6).
2393 1425 2564 1479 Nemo
2597 1424 3373 1512 e‘rgqiwucalmiconetur
3403 1431 3544 1484 assi-

1952 1531 2119 1586 gnare
2148 1519 2318 1585 legem
2343 1533 2504 1587 quam
2537 1519 2676 1588 Deus
2706 1535 2814 1572 non
2857 1519 3136 1592 condendo
3161 1530 3428 1588 naturam,
3449 1521 3547 1576 sed

1952 1606 2204 1662 donando
2233 1610 2461 1676 gratiam
2512 1609 2563 1662 in
2593 1609 2756 1664 corde
2801 1611 3040 1676 gentium
3068 1611 3273 1664 scribit.
3309 1611 3434 1667 Haec
3462 1621 3547 1668 est

1954 1699 2097 1753 enim
2125 1699 2231 1763 lex,
2251 1715 2355 1753 non
2384 1715 2490 1768 qua
2521 1700 2684 1754 homo
2708 1701 2981 1755 societatis
2997 1701 3252 1755 humanas
3272 1702 3544 1758 vinculum

1887 1787 1926 1843 Β
1956 1791 2120 1858 etiam
2165 1791 2282 1845 sine
2321 1791 2426 1844 ﬁde
2473 1791 2727 1855 custodit,
2779 1790 2874 1844 sed
2930 1806 3026 1860 per
3068 1807 3229 1858 quam
3278 1792 3546 1848 credendo

1956 1880 2123 1935 Deum
2150 1881 2432 1949 cognoscit
2461 1889 2516 1934 et
2543 1881 2749 1948 diligit;
2779 1897 2886 1935 non
2917 1897 3013 1950 per
3043 1897 3201 1951 quam
3245 1883 3346 1937 sibi
3377 1884 3545 1937 etiam

1955 1972 2096 2026 bona
2118 1987 2285 2041 opera
2310 1973 2393 2027 vel
2421 1974 2589 2042 ipsam
2636 1973 2796 2027 tidem
2828 1973 3054 2041 quisque
3083 1975 3346 2042 superbus
3373 1974 3547 2028 vindi-

1956 2072 2061 2126 cat,
2095 2063 2189 2118 sed
2228 2079 2332 2131 qua
2364 2063 2475 2116 Deo
2517 2064 2570 2116 in
2617 2077 2676 2116 se
2705 2063 3131 2117 misericorditer
3157 2065 3404 2132 operanti
3431 2071 3544 2118 tam

1958 2157 2114 2209 ﬁdem
2143 2171 2294 2210 suam
2338 2170 2498 2223 quam
2543 2156 2683 2208 bona
2731 2169 2899 2223 opera
2945 2154 3220 2222 subjectus
3266 2155 3540 2222 assignat:
3621 2141 3624 2144 ’

1957 2248 2070 2303 hmo
2091 2250 2235 2302 enim
2265 2264 2360 2302 cor
2383 2249 2615 2302 hominis
2647 2249 2718 2301 ita
2740 2248 3017 2317 componit
3044 2256 3098 2322 et
3122 2247 3318 2316 dirigit,
3343 2257 3400 2300 ut
3421 2263 3544 2302 cum

1956 2339 2119 2394 homo
2151 2349 2418 2408 praecepta
2450 2339 2545 2393 Dei
2568 2338 2732 2400 audit,
2761 2338 2813 2392 id
2841 2338 3030 2392 donari
3061 2337 3160 2390 sibi
3181 2337 3325 2405 quod
3353 2338 3542 2406 princi-

1959 2431 2103 2499 pitur
2129 2437 2338 2498 poscat,
2363 2439 2418 2484 ct
2465 2445 2587 2483 cum
2627 2430 2679 2482 in
2710 2428 2812 2482 ﬁde
2843 2436 3117 2496 Operatur,
3149 2427 3319 2494 gratia
3360 2427 3453 2481 Dei
3483 2442 3544 2482 se

1951 2521 2150 2589 jugiter
2172 2519 2415 2588 adjuvari
2446 2536 2552 2574 non
2577 2520 2835 2586 ambigat.

2024 2609 2152 2664 Car.
2184 2625 2368 2663 xxvut.
2427 2609 2576 2672 Quod
2611 2607 2750 2662 Deus
2793 2625 2897 2661 non
2927 2609 3089 2677 faciat
3129 2623 3307 2661 omnes
3335 2607 3542 2658 credere

1956 2702 2102 2767 velle,
2132 2703 2348 2770 pertinet
2378 2700 2446 2753 ad
2475 2709 2670 2753 secreta
2690 2699 2800 2767 ejus
2823 2697 3230 2767 judicia.—55.
3259 2696 3414 2762 Quod
3443 2711 3542 2750 au-

1958 2801 2064 2846 tem
2090 2791 2423 2857 interrogant
2451 2789 2538 2843 isti
2565 2789 2632 2842 de
2666 2789 2772 2841 Deo
2822 2789 3089 2841 dicentes:
3141 2786 3251 2840 Cur
3279 2801 3409 2852 ergo
3435 2801 3545 2839 non

1957 2882 2083 2938 fecit
2103 2895 2291 2935 omnes
2315 2881 2560 2934 homines
2588 2879 2726 2932 velle
2755 2876 2996 2940 'credere,
3018 2891 3140 2931 cum
3172 2891 3279 2930 non
3310 2878 3378 2930 sit
3418 2891 3546 2944 per-

1934 2985 2215 3027 sonarum
2263 2971 2509 3040 acceptio
2559 2973 2700 3038 apud
2739 2969 2963 3024 Deum?
3013 2969 3152 3023 scire
3199 2967 3397 3022 debent
3445 2968 3548 3021 hoc

1962 3063 2014 3117 in
2073 3063 2176 3117 illis
2223 3061 2500 3116 altioribus
2549 3061 2782 3126 positum
2845 3075 2873 3111 a
2927 3058 3121 3125 quibus
3165 3058 3347 3110 sancta
3398 3055 3547 3108 Scri-

270 3135 436 3190 Paulo
465 3137 582 3190 sine
613 3136 916 3202 cognmione
954 3132 1152 3188 Christi
1185 3135 1327 3188 illam
1354 3150 1472 3204 qua:
1513 3137 1566 3190 in
1599 3137 1712 3204 lege
1739 3137 1851 3192 lac-

1959 3162 2112 3222 ptura
2136 3153 2381 3205 humanae
2403 3149 2728 3205 curiositatis
2754 3156 2972 3203 coercet
2999 3147 3276 3201 audaciam
3294 3156 3314 3182 σ
3331 3145 3542 3200 dicens:

270 3237 448 3282 torum
471 3234 574 3290 est,
597 3239 813 3279 servare
837 3224 1100 3292 justi-liam
1126 3243 1137 3276 :
1171 3240 1295 3278 cum
1325 3225 1440 3294 ipse
1470 3225 1718 3279 Salvator
1754 3242 1853 3280 no-

263 3329 381 3376 ster
404 3320 597 3374 Judaais
618 3319 798 3374 dicat:
825 3317 945 3371 Nisi
974 3321 1306 3390 cognoveritis
1329 3323 1450 3390 quia
1471 3337 1563 3391 ego
1591 3338 1724 3388 sum,
1751 3338 1856 3375 mo-

266 3413 476 3467 riemini
504 3414 559 3464 in
600 3411 824 3481 peccatis
853 3411 1034 3462 vestris
1067 3408 1248 3479 (Joan.
1275 3427 1383 3474 vm,
1409 3409 1522 3479 24).
1562 3410 1704 3480 Ergo
1728 3413 1854 3480 quia

268 3499 529 3574 justitiam
559 3517 677 3566 qua:
718 3508 802 3554 est
845 3515 911 3552 ex
943 3499 1046 3553 ﬁde
1091 3497 1288 3554 Christi
1315 3499 1380 3552 ad
1423 3501 1854 3567 cognoscendum

271 3595 419 3650 illum
451 3607 567 3646 esse
608 3597 833 3644 testatur
864 3588 1171 3658 Apostolus,
1205 3589 1547 3644 manifestum
1577 3600 1658 3646 est
1681 3592 1852 3658 legem

273 3686 398 3740 ﬁdei
425 3699 564 3748 esse,
595 3697 754 3751 quam
776 3695 834 3734 se
856 3680 998 3733 Deus
1026 3680 1078 3732 in
1095 3679 1262 3734 corde
1283 3696 1502 3734 suorum
1531 3683 1854 3751 scripturum

271 3791 390 3831 esse
420 3775 684 3844 promisit.
710 3771 866 3838 Quod
901 3769 1142 3839 ejusdem
1171 3778 1328 3825 tenor
1357 3770 1640 3826 evidenter
1669 3782 1855 3827 osten-

272 3869 366 3923 dit.
395 3867 472 3920 lbi
504 3867 646 3920 enini
675 3865 806 3919 dicit
844 3863 984 3916 Deus
1013 3878 1025 3913 :
1058 3859 1127 3914 Et
1156 3877 1260 3914 non
1282 3861 1484 3915 docebit
1511 3864 1856 3934 unusquisque

269 3963 563 4030 proximum
587 3974 756 4020 suum,
779 3965 829 4010 et
856 3957 1202 4026 unusquisque
1227 3955 1437 4025 fratrem
1454 3969 1620 4018 suum,
1645 3955 1853 4007 dicens:

273 4053 534 4124 Cognosce
562 4049 873 4112 Dominum;
903 4048 1024 4117 quia
1073 4061 1249 4100 omnes
1279 4047 1444 4099 scient
1490 4061 1570 4099 me
1599 4061 1630 4116 ιι
1659 4045 1858 4098 minore

273 4161 430 4211 usque
459 4142 527 4194 ad
551 4142 803 4211 majorem
833 4153 1010 4192 eorum
1034 4135 1167 4206 (Jer.
1202 4151 1353 4199 xxxr,
1384 4133 1496 4204 54).

342 4233 430 4286 54.
465 4231 590 4285 Haec
609 4238 698 4284 est
718 4229 827 4292 lex,
849 4242 1009 4298 quam
1028 4226 1169 4281 Deus
1198 4225 1384 4281 scribit
1408 4225 1462 4279 in
1492 4224 1744 4280 cordibus
1764 4240 1857 4280 eo-

276 4339 396 4381 rum
426 4323 682 4388 ninnium,
707 4337 814 4374 non
845 4335 941 4390 per
971 4318 1337 4374 conditionem
1377 4327 1602 4383 natum,
1637 4317 1731 4372 sed
1761 4332 1859 4387 per

273 4416 574 4486 largitatem
596 4414 780 4482 gratia:
803 4430 816 4476 ;
851 4427 957 4465 non
985 4425 1083 4480 per
1108 4411 1334 4464 liberum
1359 4409 1640 4463 arbitrium
1676 4409 1854 4463 homi-

1961 3243 2162 3295 Altiora
2193 3250 2237 3292 te
2266 3257 2329 3293 ne
2348 3240 2610 3310 quwsieris
2639 3248 2687 3290 et
2717 3238 2936 3308 fortiora
2959 3247 3004 3289 te
3033 3253 3097 3290 ne
3113 3245 3367 3290 scrutatus
3391 3235 3549 3306 [ueris

1956 3332 2044 3386 sed
2072 3311 2185 3401 qua:
2213 3329 2457 3407 praecepit
2497 3329 2585 3381 tibi
2613 3327 2775 3393 Deus,
2806 3327 2897 3380 illa
2936 3328 3103 3398 cogita
3131 3342 3329 3395 semper
3359 3322 3545 3394 (Eccli.

1957 3439 2031 3488 ιιι,
2064 3421 2174 3488 29.).
2210 3420 2331 3475 Haec
2360 3419 2551 3487 altiora
2584 3419 2671 3472 ille
2699 3419 2790 3488 qui
2827 3432 2997 3486 usque
3028 3417 3080 3470 in
3111 3415 3330 3471 tertium
3354 3415 3549 3470 cmlum

1957 3519 2144 3581 raptus
2169 3518 2271 3574 est,
2302 3525 2368 3563 eo
2400 3508 2569 3576 magis
2599 3508 2816 3562 territus
2845 3522 2953 3575 quo
2978 3506 3148 3574 magis
3196 3504 3545 3566 illuminatns,

1958 3603 2193 3671 expavit.
2226 3599 2378 3654 Unde
2417 3601 2586 3667 magis
2615 3599 2851 3652 clamare
2880 3613 2986 3651 non
3019 3605 3215 3650 cessat.
3251 3593 3295 3647 Ο
3326 3594 3547 3648 altitudo

1957 3693 2253 3748 divitiarum
2279 3690 2546 3760 sapienti/2
2565 3699 2612 3742 et
2641 3690 2870 3742 scientia:
2897 3687 2993 3740 Dei
3018 3689 3036 3740 .'
3068 3685 3232 3750 Quam
3254 3688 3546 3754 incompre-

1958 3781 2230 3835 hensibilia
2261 3787 2379 3833 sunt
2398 3779 2601 3849 judicia
2637 3779 2750 3848 ejus
2777 3787 2826 3832 et
2866 3776 3248 3848 investigabiles
3279 3778 3372 3830 via:
3395 3776 3547 3845 ejus!

1962 3871 2088 3936 Quis
2115 3873 2254 3924 enim
2283 3871 2516 3940 cognovit
2543 3886 2748 3923 sensum
2780 3867 3032 3921 Domini?
3052 3877 3141 3918 aut
3162 3867 3276 3936 quis
3305 3865 3551 3918 consilia-

1958 3964 2064 4017 rius
2092 3963 2203 4032 ejus
2235 3961 2377 4031 j'uit?
2404 3968 2493 4012 aut
2521 3960 2634 4027 quis
2683 3961 2828 4028 prior
2857 3951 2996 4011 dedit
3038 3957 3134 4020 illi,
3166 3965 3216 4009 et
3243 3954 3551 4009 retribuetur

1958 4056 2044 4108 ei?
2077 4054 2320 4124 quoniam
2357 4068 2423 4105 ea;
2460 4051 2604 4119 ipso,
2649 4060 2697 4102 et
2745 4066 2835 4118 per
2874 4050 3063 4113 ipsum,
3111 4055 3160 4100 et
3189 4047 3243 4099 in
3291 4047 3403 4115 ipso
3430 4052 3552 4098 sunt

1961 4149 2178 4201 omnia:
2236 4146 2333 4213 ipsi
2373 4144 2542 4214 gloria
2585 4143 2640 4194 in
2699 4139 2892 4195 siccata
2942 4137 3121 4207 (Rom.
3156 4153 3240 4202 χι,
3284 4136 3374 4196 55.
3407 4134 3474 4189 54
3502 4145 3553 4188 et

1959 4237 2235 4310 seq.).S.t't‘
2266 4252 2362 4290 ssr
2390 4250 2524 4290 unco
2549 4248 2716 4300 nonis,
2740 4240 2794 4287 et
2822 4232 2877 4285 in
2905 4231 2988 4284 his
3006 4230 3096 4299 qui
3122 4229 3417 4293 salvantur,
3435 4240 3554 4294 gra-

1962 4331 2149 4383 tuitam
2173 4328 2268 4394 Dei
2308 4325 2756 4388 misericordiam,
2785 4330 2840 4376 et
2864 4322 2916 4375 in
2950 4321 3034 4375 his
3066 4321 3158 4388 qui
3187 4319 3553 4374 condemnau-

1959 4429 2047 4476 tur
2075 4414 2257 4473 verain
2288 4417 2383 4471 Dei
2406 4415 2670 4486 justitiam
2719 4413 2836 4467 sine
2862 4412 3197 4466 dubitatione
3226 4411 3466 4474 credere.
3499 4419 3554 4464 et

275 4509 377 4572 nis,
405 4507 499 4561 sed
539 4521 635 4574 per
661 4504 1016 4558 ministerium
1063 4501 1389 4569 evangelicae
1432 4500 1851 4570 praedicationis;

1964 4513 2126 4567 corde
2170 4511 2406 4565 contrito
2451 4517 2614 4577 atque
2669 4506 2950 4561 humiliato
2990 4503 3411 4558 misericordiam
3443 4501 3552 4556 Do-

275 4614 382 4654 non
402 4599 456 4652 in
484 4595 657 4666 lapide
679 4610 775 4665 per
802 4595 1039 4647 litteram
1067 4593 1280 4647 Veteris
1301 4593 1630 4647 'l‘estamenti
1651 4633 1664 4656 ,
1690 4593 1782 4646 sed
1808 4594 1862 4647 in

255 4675 435 4746 corde
455 4703 551 4758 per
571 4687 830 4757 Spiritum
861 4685 956 4738 Dei
978 4684 1102 4737 vivi.
1130 4677 1284 4748 Quod
1313 4684 1503 4738 beatus
1532 4681 1729 4738 Paulus
1751 4685 1866 4738 evi-

274 4781 465 4836 denter
512 4780 748 4834 insinuat
776 4775 960 4830 dicens
989 4792 1002 4827 :
1038 4773 1276 4844 Epistola
1301 4776 1426 4828 estis
1473 4772 1666 4828 Christi
1705 4776 1862 4829 mini-

271 4882 439 4929 strata
463 4889 496 4924 α
525 4869 672 4926 nobis
697 4868 747 4932 ι’,
766 4876 814 4922 et
845 4867 1040 4936 scripta
1069 4882 1172 4918 non
1204 4873 1514 4928 atramento,
1547 4865 1638 4918 sed
1659 4865 1862 4936 Spiritu

277 4963 371 5018 Dei
398 4962 494 5018 vivi
510 4980 530 5026 ;
559 4977 663 5016 non
699 4961 757 5014 in
787 4957 974 5012 tabulis
996 4955 1237 5027 lapideis,
1270 4955 1360 5009 sed
1388 4957 1444 5009 in
1474 4955 1661 5010 tabulis
1689 4957 1859 5012 cordis

273 5054 575 5110 carnalibus
589 5053 643 5125 (1
649 5051 676 5108 ι
693 5051 813 5108 Cor.
839 5068 916 5118 ιιι,
942 5051 1020 5120 5).
1036 5047 1150 5106 Hoc
1164 5062 1295 5118 ergo
1317 5048 1459 5104 Deus
1471 5049 1656 5103 scribit
1677 5050 1730 5104 in
1746 5065 1864 5105 cor-

271 5149 426 5204 dibus
450 5147 729 5204 hominum
758 5160 855 5217 per
882 5143 1140 5215 Spiritum
1169 5157 1344 5208 suum,
1369 5141 1511 5211 quod
1532 5142 1727 5196 exinde
1746 5143 1862 5198 dia-

270 5240 381 5296 boli
407 5238 606 5294 delevit
632 5237 851 5303 invidia,
869 5251 967 5306 per
987 5250 1147 5304 quam
1169 5249 1317 5290 mors
1339 5234 1560 5289 intravit
1586 5235 1640 5288 in
1671 5236 1860 5292 orbem

271 5339 556 5386 terrarum.
585 5328 782 5384 Scribit
803 5328 982 5395 itaque
1011 5327 1182 5395 legem
1214 5325 1364 5388 ﬁdei,
1389 5341 1487 5396 per
1515 5340 1675 5398 quam
1696 5326 1857 5395 justi-

349 5560 369 5586 ⁸
399 5549 488 5604 Sic
509 5565 609 5603 ms.
639 5546 704 5600 At
730 5544 882 5608 editi,
907 5553 956 5597 et
975 5544 1031 5597 in
1061 5543 1215 5598 corde
1239 5544 1526 5612 gentilium,
1551 5553 1601 5597 et
1623 5544 1676 5597 in
1703 5545 1855 5598 corde

278 5622 504 5692 ﬁdelium
527 5618 846 5692 Judreoruin.

345 5695 370 5728 ι
396 5691 514 5751 515.,
540 5689 845 5741 ministrata
860 5702 950 5754 per
976 5701 1090 5738 nos.

352 5772 369 5800 ⁸
397 5759 485 5816 Sic
506 5775 627 5824 Ius.;
659 5755 818 5812 Basil.
843 5753 990 5822 vero,
1015 5762 1152 5809 arcet
1177 5756 1469 5822 audaciam.
1491 5757 1612 5814 Ant.
1631 5761 1681 5812 et
1707 5753 1862 5822 Lov.,

1968 4604 2112 4657 mino
2138 4601 2507 4670 judiciumque
2536 4605 2758 4653 cantare
2784 4595 2956 4670 (Psal.
2982 4611 3029 4658 c,
3048 4595 3122 4662 1),
3147 4595 3237 4664 qui
3262 4603 3317 4648 et
3341 4594 3392 4646 in
3417 4595 3557 4647 vasis

1967 4689 2059 4751 ita:
2088 4705 2249 4763 atque
2295 4693 2492 4762 aptatis
2534 4691 2586 4744 in
2618 4690 2891 4743 interitum
2933 4687 3170 4742 ostendit
3202 4685 3420 4754 justitia:
3445 4699 3554 4738 sua:

1966 4787 2170 4842 nullam
2211 4785 2547 4853 iniquitatem
2593 4782 2828 4852 placere,
2877 4789 2934 4834 et
2970 4779 3303 4834 demonstrat
3333 4778 3385 4831 in
3415 4779 3555 4832 vasis

1967 4877 2352 4933 misericordia:
2380 4875 2504 4944 quia
2535 4881 2718 4944 potest
2754 4871 2873 4940 ejus
2910 4870 3125 4926 bonitas
3153 4870 3330 4924 omnia
3361 4868 3556 4938 quibus

1967 4967 2200 5024 voluerit
2229 4975 2448 5036 peccata
2477 4965 2749 5020 dimittere
2779 4963 2830 5017 ά.

2039 5060 2169 5113 Car.
2189 5054 2632 5112 n1x.Falluntur
2652 5055 2740 5126 qui
2758 5054 3059 5109 existimant
3082 5054 3308 5108 divinam
3329 5049 3557 5104 volunta-

1970 5161 2067 5203 tem
2084 5147 2350 5219 a’qualiter
2362 5162 2416 5200 se
2428 5145 2614 5200 habere
2633 5162 2757 5216 erga
2779 5143 3056 5199 salvandos
3071 5152 3119 5197 et
3134 5139 3558 5196 damnandos.—

1966 5238 2054 5294 56.
2087 5239 2220 5293 illud
2245 5254 2374 5296 vero
2401 5236 2772 5309 Apostolicum
2799 5234 2891 5290 ubi
2931 5234 3126 5288 dicitur
3161 5233 3230 5288 de
3270 5231 3420 5286 Deo:
3455 5228 3556 5294 Qui

1967 5330 2072 5384 vult
2092 5345 2266 5383 omnes
2294 5330 2524 5385 homines
2546 5328 2714 5382 salvos
2745 5325 2880 5397 ﬁeri,
2911 5331 2962 5378 et
2990 5324 3060 5377 ad
3088 5325 3403 5396 agnitionem
3435 5322 3558 5376 veri«

1965 5557 2184 5601 exercet.

2039 5621 2061 5652 ·¹
2113 5618 2210 5671 Ms.
2232 5657 2247 5687 ,
2296 5629 2344 5673 et
2377 5620 2429 5671 in
2463 5618 2596 5687 vasis
2619 5616 3004 5687 misericordiae,
3037 5633 3137 5685 qua
3159 5614 3424 5687 potestatis
3447 5613 3558 5687 ejus

1979 5686 2179 5769 bonitas
2233 5684 2410 5742 omnia
2490 5686 2668 5758 quibus
2724 5685 2940 5741 voluerit
3014 5684 3227 5756 peccata
3287 5684 3418 5737 t'alet
3473 5685 3558 5736 di-

1977 5768 2195 5812 mittere.
