4108 6480
599 333 700 388 δεῖ

1624 334 1681 388 S.
1723 333 2084 392 FULGENTII
2126 330 2426 388 EPISCOPI
2469 329 2840 387 RUSPENSIS
3805 334 3890 389 is:

603 451 723 504 tatis
751 448 920 503 venire
949 447 1003 519 (1
1056 447 1186 502 Tim.
1221 461 1280 513 tt,
1321 446 1400 517 ι),
1435 459 1541 502 non
1571 448 1708 502 sicut
1736 437 1950 516 oportet
1993 447 2191 500 intelli—
2223 450 2269 507 Α
2297 461 2484 500 sensus
2513 455 2702 514 aperto
2722 457 2970 499 sermone
2992 457 3051 498 se
3081 443 3307 514 prcebuit
3337 435 3785 513 agnoscendum,
3815 450 3891 516 qui

602 548 754 607 gunt,
785 540 878 608 qui
907 539 1048 594 hanc
1070 538 1164 593 Dei
1207 538 1559 604 voluntatem,
1600 539 1735 592 sicut
1765 538 1817 591 in
1845 538 1984 592 vasis
2025 538 2188 590 mise-

604 631 872 697 ricordiae,
899 630 976 684 sic
1005 639 1061 684 et
1099 630 1152 683 in
1177 629 1322 683 vasis
1346 629 1435 682 ira:
1465 627 1829 698 accipiendam
1859 628 2187 692 existimant,

605 723 784 775 minus
835 720 1244 775 considerantes
1291 720 1693 774 veracissimam
1743 719 2031 789 Scriptura:
2068 734 2190 773 sen-

601 814 850 877 tentiam,
907 829 1026 882 quae
1065 813 1257 867 divina:
1308 812 1690 866 commendans
1741 811 2190 881 omnipotentiam

601 905 926 958 voluntatis:
959 901 1149 958 Omnia
1180 905 1393 974 (inquit)
1421 920 1734 976 quaecunque
1766 905 1922 958 voluit
1961 903 2102 974 fecit,
2133 905 2188 956 in

597 995 725 1048 caelo
774 1005 824 1048 et
851 996 906 1048 in
938 1005 1095 1060 terra,
1124 996 1175 1048 in
1203 996 1334 1048 mari
1366 1005 1414 1047 et
1437 996 1488 1048 in
1520 995 1757 1048 omnibus
1783 994 1982 1065 abyssis
2012 993 2187 1063 (Psal.

598 1101 812 1148 cxxxtv,
845 1085 932 1153 6);
960 1087 1164 1155 ipsique
1185 1085 1298 1140 Deo
1322 1102 1508 1140 rursus
1536 1086 1696 1140 dicit:
1727 1087 1912 1141 Subest
1933 1087 2068 1140 enim
2099 1084 2190 1139 tibi

597 1194 712 1232 eum
740 1178 895 1242 voles,
925 1195 1072 1250 posse
1096 1177 1248 1246 (Sap.
1273 1192 1368 1240 xu,
1396 1176 1804 1242 18).Quomodo
1829 1177 1987 1244 igitur
2007 1178 2189 1231 omnia

597 1284 718 1337 qum
747 1271 858 1322 vult
879 1269 1020 1332 facit,
1042 1269 1085 1322 si
1111 1269 1297 1322 volens
1326 1270 1599 1323 hominem
1632 1268 1840 1322 salvum
1867 1267 1999 1331 fieri,
2033 1267 2188 1335 cujus

597 1357 744 1411 salus
777 1373 881 1411 non
913 1359 1011 1411 nisi
1042 1375 1071 1410 a
1102 1358 1240 1411 bona
1292 1359 1478 1428 incipit
1506 1357 1801 1420 voluntate,
1848 1357 2019 1426 ipsum
2049 1356 2188 1410 velle

593 1468 704 1509 non
736 1453 788 1506 in
817 1454 1034 1507 homine
1079 1454 1220 1508 Deus
1256 1455 1493 1516 inchoat,
1528 1451 1622 1507 sed
1661 1460 1719 1504 ut
1747 1451 1814 1503 ab
1843 1451 2061 1504 homine
2085 1465 2186 1503 na-

593 1553 775 1599 scatur
804 1546 1122 1614 exspectat?
1169 1544 1212 1596 Ο
1234 1560 1393 1611 quam
1419 1546 1708 1612 pessimum
1741 1541 1888 1595 nefas
1909 1541 2184 1604 asseritur,

588 1634 715 1689 dum
739 1635 924 1703 gratia:
950 1635 1042 1688 Dei
1067 1635 1457 1688 contumaciter
1484 1633 1840 1702 repugnatur!
1868 1640 1922 1686 et
1943 1632 2186 1685 homines

589 1741 755 1796 opere
788 1727 882 1781 Dei
918 1742 977 1780 se
1012 1728 1061 1780 in
1105 1727 1303 1778 bonum
1335 1725 1529 1778 mutari
1572 1733 1790 1791 negant,
1819 1724 1910 1793 qui
1941 1722 2185 1776 homines

586 1831 696 1870 non
726 1826 926 1879 essent,
978 1815 1079 1870 nisi
1129 1816 1370 1868 bonitate
1416 1815 1508 1868 Dei
1557 1815 1836 1883 operantis
1865 1813 2179 1868 existerent.
2216 1819 2260 1878 Β
2293 1837 2392 1890 pro
2417 1820 2642 1873 veritate
2670 1818 2791 1871 ﬁdei
2834 1819 2958 1873 huic
2985 1834 3161 1887 pmvm
3189 1828 3363 1890 genie;

585 1901 738 1962 Itane
780 1922 906 1960 vero
937 1921 1115 1958 rerum
1139 1905 1272 1959 ordo
1298 1905 1446 1958 credi
1477 1905 1723 1974 putarivc
1749 1905 2011 1973 permittit
2042 1913 2091 1969 ι,
2125 1909 2182 1955 ιιι

587 1997 754 2065 Deus,
793 1998 882 2065 qui
912 2005 1126 2050 creator
1153 2005 1236 2049 est
1266 1997 1520 2061 hominis,
1577 1995 1755 2048 valeat
1785 1994 2054 2047 hominem
2099 1992 2180 2045 fa-

588 2104 738 2148 cere,
769 2102 874 2140 non
902 2095 1217 2149 mutare;et
1245 2086 1334 2154 qui
1360 2085 1557 2138 nullius
1585 2092 1707 2152 eget
1737 2083 2184 2152 adjutorio318

589 2187 651 2232 ut
677 2178 950 2232 hominem
983 2177 1162 2239 faciat,
1213 2176 1424 2245 operari
1469 2183 1646 2228 tamen
1677 2173 1823 2242 quod
1852 2173 1964 2226 vult
1990 2173 2042 2225 in
2083 2173 2182 2227 ho-

587 2269 748 2323 minis
787 2267 1061 2320 voluntate
1118 2282 1225 2320 non
1278 2267 1448 2335 possit
1491 2266 1801 2334 priusquam
1853 2266 1906 2318 iu
1965 2263 2184 2317 homine

588 2360 764 2430 ipsum
795 2359 934 2412 velle
965 2359 1256 2429 repererit;
1283 2367 1336 2411 et
1359 2359 1503 2411 utsit
1524 2358 1706 2421 homo,
1738 2357 1932 2410 habeat
1953 2370 2021 2410 ex
2049 2356 2180 2420 Deo,

588 2457 648 2502 ut
663 2456 842 2502 autem
863 2449 1053 2502 melior
1069 2449 1156 2512 sit,
1171 2450 1365 2503 habeat
1380 2465 1446 2503 ex
1467 2449 1673 2517 seipso;
1693 2463 1755 2501 ac
1767 2448 1843 2501 sic
1855 2449 2183 2502 voluntatem

588 2541 846 2596 bonitatis
868 2557 971 2611 qua
1004 2541 1054 2594 in
1088 2541 1253 2594 Deum
1283 2540 1542 2606 creditur,
1590 2555 1697 2592 non
1725 2539 1904 2592 divina
1948 2539 2182 2604 bonitas,

589 2632 685 2688 sed
711 2633 941 2687 humana
974 2633 1210 2702 pravitas
1240 2633 1526 2700 operetur?
1556 2630 1758 2685 Pravus
1785 2641 1868 2684 est
1895 2631 2039 2684 enim
2069 2647 2186 2684 om-

591 2724 676 2778 nis
705 2723 891 2791 homo,
925 2725 1232 2793 priusquam
1278 2723 1329 2775 in
1361 2721 1527 2776 Deum
1558 2721 1742 2777 credat
1770 2739 1785 2786 ;
1816 2731 1872 2775 et
1896 2722 2021 2791 quia
2052 2723 2186 2776 scri-

591 2822 742 2884 ptum
779 2821 901 2869 est:
939 2813 1104 2867 Erunt
1150 2829 1311 2882 prava
1351 2813 1404 2864 in
1453 2813 1648 2865 directa
1703 2810 1838 2879 (Isa.
1892 2829 1981 2873 ιι..
2011 2811 2091 2882 4),
2118 2828 2185 2866 ex

592 2924 762 2978 pravo
804 2908 862 2961 iit
908 2908 1072 2961 homo
1114 2914 1314 2969 rectus,
1366 2921 1429 2959 ex
1473 2904 1670 2959 infideli
1722 2905 1892 2960 fidelis
1931 2904 2181 2959 eﬂicitur.

591 2997 757 3066 Igitur
777 2998 820 3050 si
835 2997 973 3050 Deus
999 3011 1175 3066 prava:
1187 2997 1452 3049 voluntati
1482 2997 1776 3051 bonitatem
1796 3012 1902 3050 non
1928 2996 2114 3049 tribuit
2132 2991 2180 3059 δ,

594 3089 687 3145 sed
710 3099 767 3144 ut
795 3105 863 3144 ex
893 3104 952 3143 se
975 3089 1086 3158 ipsa
1099 3090 1241 3143 bona
1258 3089 1661 3158 liatexspectat,
1678 3096 1999 3158 potestergo
2021 3103 2183 3158 prava

2297 539 2479 606 utique
2509 553 2615 591 non
2653 547 3002 607 posteaquam
3031 537 3215 607 cmpit,
3249 537 3345 591 sed
3389 538 3498 591 hoc
3549 538 3738 605 ipsum
3765 541 3889 607 quod

2292 630 2472 698 carpit,
2506 629 2856 682 mutationem
2903 626 3138 680 dextera:
3167 623 3374 681 Excelsi
3407 641 3538 680 esse
3567 640 3686 678 non
3720 627 3888 681 tacuit.

2293 719 2525 775 Proinde
2573 719 2626 773 hi
2656 719 2748 788 qui
2778 718 3112 772 voluntatem
3144 716 3238 771 Dei
3285 733 3389 786 qua
3421 732 3633 771 omnes
3658 717 3890 772 homines

2295 813 2404 865 vult
2432 811 2610 865 salvos
2631 809 2766 874 fieri,
2789 809 3051 877 aequalem
3079 818 3100 845 ε
3126 811 3267 864 circa
3296 808 3662 864 redimendos
3684 816 3742 861 et
3768 808 3892 862 dam-

2291 903 2496 957 nandos
2525 903 2853 966 existimant,
2885 917 3006 956 cum
3043 902 3359 970 interrogati
3404 901 3622 956 fuerint
3652 917 3752 956 cur
3777 904 3889 956 velit

2259 1049 2272 1063 ,
2291 995 2431 1049 Deus
2461 1011 2647 1049 omnes
2689 994 2937 1048 homines
2985 994 3164 1048 salvos
3194 993 3330 1059 fieri,
3363 1009 3460 1049 uec
3490 1002 3692 1046 tamen
3720 1009 3889 1048 omnes

2289 1088 2420 1143 salvi
2453 1089 2603 1151 tiant,
2635 1086 2763 1156 quid
2793 1084 3236 1155 respondebunt?

2361 1181 2488 1235 CAP.
2520 1196 2648 1233 xxx.
2694 1179 2892 1233 Bonam
2937 1181 3250 1232 voluntatem
3287 1176 3516 1232 hominis
3575 1191 3688 1229 non
3717 1193 3884 1245 τείρει

2288 1280 2392 1324 ctat
2418 1270 2575 1333 Deus,
2608 1271 2696 1322 sed
2717 1269 2912 1322 tribuit.
2945 1270 3101 1322 Salus
3131 1271 3358 1338 gratuita
3381 1268 3586 1321 adultis
3617 1270 3755 1321 sicut
3780 1286 3883 1334 par-

2291 1364 2438 1417 vulis.
2465 1362 2734 1416 Cruciatns
2765 1362 3231 1432 infantium—58.
3268 1364 3345 1416 An
3378 1363 3512 1416 illud
3548 1363 3706 1431 quod
3729 1372 3884 1417 vestra

2290 1469 2384 1507 eos
2406 1453 2586 1507 dicere
2618 1461 2844 1506 testatur
2865 1453 3119 1520 epistola;
3154 1453 3204 1506 id
3233 1463 3333 1516 est,
3366 1454 3492 1522 quia
3532 1453 3685 1508 Deus
3713 1469 3883 1522 exspe-

2291 1553 2402 1600 ctat
2426 1545 2657 1600 hominis
2689 1545 3042 1608 voluntatem,
3069 1553 3126 1597 ut
3152 1559 3360 1613 aequum
3391 1546 3460 1600 sit
3495 1546 3555 1598 in
3597 1546 3796 1613 ὼ

2291 1640 2585 1707 praemium,
2612 1638 2663 1690 in
2695 1636 2998 1689 nolentibus
3024 1643 3202 1689 autem
3240 1635 3395 1704 .justa
3424 1632 3464 1690 ’(1

2292 1740 2349 1783 ιιι
2377 1730 2740 1799 prolixitatem
2769 1729 3002 1781 vitantes
3029 1729 3338 1782 omittamus
3359 1728 3426 1799 alj

3630 1633 3943 1691 ﬂia?Setf'i€

3511 1735 3632 1797 [me
3683 1735 3883 1797 possunt

3432 1819 3469 1873 is
3505 1835 3568 1872 re
3576 1819 3784 1888 plicari,
3813 1820 3879 1871 in-

2287 1912 2445 1964 terim
2497 1911 2809 1965 testimonio
2841 1911 3232 1966 convincantur
3277 1911 3440 1966 at-e
3491 1911 3882 1966 confundantur

2287 2020 2388 2056 non
2420 2003 2733 2073 loquentium
2765 2003 3048 2068 hominum,
3092 2002 3184 2055 sed
3227 2002 3504 2073 tace'ium
3538 2004 3874 2072 parvulorum.

2288 2095 2340 2148 in
2365 2095 2557 2163 quibus
2586 2095 2655 2147 ad
2698 2094 3064 2148 evacuandam
3105 2094 3426 2163 sapientihn
3459 2095 3624 2148 verbi
3676 2097 3876 2147 multum

2287 2185 2596 2252 resplendet
2626 2185 2794 2236 virtus
2843 2183 3019 2236 crucis
3046 2182 3263 2245 Christi,
3297 2182 3618 2252 qt‘gratis
3647 2183 3701 2235 in
3723 2183 3876 2235 omni-

2287 2277 2384 2329 bus
2415 2275 2723 2330 hominibus
2770 2274 2986 2343 propria
3018 2275 3292 2328 utentibus
3329 2273 3622 2343 v‘tate
3649 2273 3872 2327 eamdem

2288 2369 2515 2422 salutem
2535 2383 2563 2421 a
2588 2383 2644 2421 se
2675 2367 2913 2422 ostendit
2946 2365 3080 2429 fieri,
3109 2381 3268 2434 quam
3293 2366 3343 2419 in
3365 2363 3673 2434 lnf‘IUS
3700 2363 3874 2416 nullam

2289 2460 2448 2529 319
2470 2459 2800 2512 voluntatem
2827 2457 3147 2510 habentibus
3177 2457 3432 2524 dignatur
3456 2453 3706 2529 om.
3735 2453 3786 2506 ln
3806 2455 3871 2506 eis

2289 2564 2519 2615 namque
2543 2563 2643 2600 nec
2664 2547 2802 2599 bona
2827 2546 3076 2598 voluntas
3099 2553 3198 2607 est,
3221 2555 3279 2598 ut
3303 2561 3520 2614 {equum
3547 2541 3873 2615 sit‘olen-

2289 2640 2432 2694 tibus
2454 2639 2765 2707 praemium;
2801 2653 2900 2692 nec
2941 2638 3103 2703 mala,
3128 2647 3184 2691 ut
3215 2639 3285 2690 sit
3325 2638 3376 2690 in
3408 2636 3868 2707 nolentibus‘ta

2288 2728 2583 2782 damnatio.
2628 2726 2684 2778 Si
2728 2739 2856 2792 ergo
2884 2725 2949 2778 ad
2982 2726 3268 2778 salvandos
3312 2726 3588 2788 homines,
3623 2725 3756 2777 sicut
3798 2721 3810 2774 i

2288 2819 2496 2880 volunt,
2530 2832 2636 2870 non
2685 2815 2883 2870 excitat
2913 2831 3088 2883 neque
3118 2824 3310 2880 mutat,
3341 2816 3433 2869 sed
3465 2821 3750 2884 exspectat
3782 2812 3864 2865 lio-

2290 2910 2492 2962 minum
2521 2907 2855 2968 voluntates;
2882 2905 3157 2975 ,quomodo
3181 2905 3468 2959 infantibus
3491 2906 3588 2974 qui
3617 2905 3867 2974 baptizan-

2291 3011 2396 3066 tur,
2421 3009 2476 3054 et
2505 3001 2557 3053 in
2587 2997 2780 3053 eadem
2811 2997 3033 3052 infantia
3065 2999 3384 3062 moriuntur,
3417 2998 3592 3051 donat
3634 3006 3864 3050 :eternam

2291 3092 2539 3155 salutem,
2585 3104 2815 3158 quorum
2866 3089 3062 3141 bonam
3109 3104 3208 3142 nec
3235 3095 3517 3157 exspectat
3560 3103 3662 3142 nec
3690 3083 3865 3139 invenit

595 3182 844 3236 voluntas
864 3197 930 3235 ex
961 3196 1019 3234 se
1045 3181 1340 3234 bonitatem
1371 3181 1612 3248 gignere,
1638 3181 1708 3233 ita
1729 3188 1786 3232 ut
1812 3195 1933 3234 cum
1962 3195 2030 3232 ex
2062 3178 2175 3232 Deo
2203 3192 2246 3253 ρ
2280 3182 2650 3236 voluntatem?
2673 3180 2804 3235 Item
2831 3181 2964 3235 alios
2985 3180 3254 3248 quomodo
3270 3182 3383 3235 sine
3397 3182 3722 3249 baptismate
3739 3191 3859 3230 mor-

593 3272 790 3326 habeat
828 3282 887 3325 ut
914 3272 1002 3332 sit,
1033 3287 1142 3325 non
1191 3271 1297 3324 nisi
1340 3287 1405 3324 ex
1437 3285 1496 3324 se
1523 3271 1723 3324 habere
1754 3273 1925 3338 possit
1961 3280 2018 3324 ut
2043 3271 2187 3325 bona

594 3365 698 3428 sit;
729 3379 791 3417 ac
810 3365 888 3418 sic
916 3364 1008 3433 (al.
1034 3380 1096 3418 ac
1133 3363 1200 3431 si)
1233 3364 1578 3431 omnipotens
1608 3369 1662 3416 et
1691 3362 1862 3415 bonus
1893 3362 1958 3416 de
1989 3362 2185 3414 volun-

594 3454 796 3508 tatibus
833 3454 1113 3508 hominum
1155 3454 1309 3507 malis
1358 3453 1558 3528 bonum
1608 3451 1776 3521 possit
1824 3452 2036 3521 operari
2066 3467 2187 3506 cum

596 3547 749 3612 velit,
784 3555 844 3600 ut
872 3555 1052 3600 autem
1086 3546 1212 3614 ipsa:
1242 3544 1548 3598 voluntates
1578 3545 1732 3598 bontc
1761 3530 1899 3609 sint,
1916 3545 2043 3598 velit
2071 3545 2189 3614 qui-

595 3636 740 3700 dem,
764 3635 943 3690 facere
965 3644 1143 3690 autem
1175 3635 1482 3700 nullatenus
1509 3635 1700 3704 possit.
2081 3669 2086 3674 ι
2147 3700 2150 3702 _

663 3725 750 3778 57.
779 3725 912 3792 Quis
937 3727 1084 3780 enim
1117 3727 1324 3781 nesciat
1353 3726 1508 3780 malte
1530 3727 1824 3783 voluntatis
1852 3727 2016 3782 fuisse
2047 3727 2186 3782 Pau-

591 3817 702 3871 lum
731 3833 854 3872 cum
884 3826 1300 3886 persequeretur
1328 3816 1621 3872 Ecclesiam
1645 3817 1737 3871 Dei
1769 3826 1822 3871 et
1846 3827 2186 3888 expugnaret

591 3909 773 3964 illam?
788 3910 942 3980 cujus
965 3919 1142 3964 tamen
1165 3909 1369 3963 malitia
1390 3910 1528 3964 bene
1551 3925 1674 3964 usus
1698 3908 2184 3978 e‘stDeus,quando

587 4011 948 4074 persequente
996 4001 1163 4057 Saulo
1195 4013 1216 4040 ε
1250 4002 1443 4056 beatus
1472 4001 1780 4070 Stephanus
1809 4009 1893 4056 est
1917 3999 2182 4071 martyrio

588 4102 897 4150 coronatus.
926 4092 1137 4162 Ergone
1167 4093 1342 4162 potuit
1372 4093 1512 4148 Deus
1539 4093 1874 4162 Stephanum
1918 4107 2183 4146 coronare

587 4201 686 4256 per
713 4185 860 4238 Sauli
887 4184 1247 4253 persecutoris
1282 4182 1682 4247 infidelitatem,
1705 4189 1760 4235 et
1779 4190 2181 4250 persecutorem

587 4278 808 4332 Saulum
851 4277 994 4330 Deus
1023 4284 1338 4330 convertere
1383 4275 1624 4342 nequivit
1652 4273 1719 4327 ad
1750 4273 1942 4328 tidem?
1971 4272 2182 4341 Ergone

588 4365 788 4420 Paulus
836 4366 984 4435 prior
1023 4365 1360 4418 voluntatem
1413 4379 1565 4416 suam
1611 4364 1723 4417 Deo
1779 4363 1960 4442 dedit,
2009 4372 2063 4417 et
2103 4365 2180 4419 sic

585 4457 739 4511 Deus
759 4457 917 4511 fidem
951 4455 1115 4508 Paulo
1146 4455 1348 4509 volenti
1377 4453 1661 4508 retribuit?
1688 4453 1752 4507 Et
1785 4455 1873 4509 ubi
1923 4462 2006 4509 est
2036 4455 2178 4524 quod

2292 3284 2414 3327 tuos
2444 3272 2652 3325 wternis
2683 3269 2994 3323 cruciatibus
3040 3271 3278 3333 damnat,
3308 3287 3430 3324 cum
3473 3271 3530 3323 in
3563 3269 3642 3323 eis
3688 3265 3860 3320 nullast

2291 3368 2504 3435 culpam
2536 3364 2690 3418 make
2720 3364 3016 3416 voluntatis
3046 3364 3316 3416 inveniat?
3392 3373 3405 3384 ‘

2370 3453 2456 3507 59.
2491 3453 2679 3506 Nonne
2710 3453 2842 3505 i-tos
2878 3452 3124 3505 inimicos
3153 3453 3336 3518 gratim
3367 3451 3482 3509 Dei.
3525 3468 3618 3506 nec
3647 3451 3855 3518 defense-

2291 3564 2374 3601 res
2404 3547 2641 3609 humani,
2691 3545 2780 3597 sed
2823 3543 3118 3614 deceptores
3146 3544 3368 3607 arbitrii,
3411 3544 3474 3596 ad
3510 3543 3617 3597 hoc
3641 3555 3731 3594 sua
3754 3550 3858 3608 per-

2294 3637 2523 3690 vei-sitas
2554 3635 2717 3701 cogit,
2745 3642 2804 3686 ut
2832 3633 3001 3687 Deum
3037 3643 3230 3702 putent
3254 3633 3492 3700 iniquum
3521 3634 3576 3686 in
3602 3631 3741 3686 obitu
3767 3641 3860 3679 omo

2290 3727 2439 3780 nium
2490 3724 2862 3794 parvulorum,
2896 3723 2984 3777 ubi
3015 3723 3160 3776 nulla
3192 3723 3590 3777 interveniente
3619 3719 3700 3774 vel
3729 3717 3858 3770 boni-

2289 3829 2425 3880 tate,
2449 3817 2533 3871 vel
2559 3815 2761 3869 malitia
2786 3815 3101 3880 voluntatis,
3132 3804 3266 3869 alios
3291 3815 3476 3868 vident
3507 3812 3666 3882 potiri
3697 3820 3852 3875 regit".

2288 3910 2424 3964 alios
2457 3906 2842 3963 interminabili
2889 3907 3176 3975 deputatos
3225 3906 3518 3960 incendio?
3566 3899 3782 3958 Proinde
3818 3897 3853 3948 si

2287 4001 2361 4055 ita
2389 4009 2471 4056 est
2501 4011 2559 4054 ut
2600 4000 2703 4068 ipsi
2734 4000 3005 4065 sentiunt,
3055 3999 3233 4054 nullus
3262 3998 3424 4054 debet
3462 3998 3716 4068 parvulus
3741 3988 3852 4045 mori

2291 4095 2602 4163 priusquam
2645 4091 2714 4145 ad
2761 4096 2979 4145 :etatem
3029 4090 3312 4160 perveniat
3351 4090 3404 4144 in
3436 4106 3542 4160 qua
3590 4085 3750 4158 possit
3787 4077 3855 4130 vel

2289 4189 2485 4240 bonam
2520 4184 2850 4238 voluntatem
2887 4184 3112 4246 habere,
3143 4182 3226 4237 vel
3258 4182 3486 4246 malam;
3523 4190 3582 4235 ut
3613 4180 3742 4232 Deus
3770 4186 3852 4225 nec

2286 4279 2587 4347 baptizatos
2617 4276 2872 4346 parvulos
2914 4277 3032 4330 sine
3072 4275 3212 4330 bona
3241 4275 3524 4329 voluntate
3564 4273 3744 4327 salvet.
3771 4278 3850 4318 ue-

2285 4386 2390 4439 que
2420 4385 2528 4423 non
2569 4369 2874 4438 baptizatos
2911 4367 3028 4421 sine
3058 4367 3198 4420 mala
3228 4366 3508 4419 voluntate
3537 4361 3844 4418 condemnet.

2283 4462 2336 4516 Si
2362 4463 2504 4516 enim
2527 4462 2620 4514 Dei
2645 4461 2860 4514 bonitas
2880 4459 3108 4513 salutem
3138 4474 3244 4511 non
3277 4457 3466 4526 incipit
3498 4452 3722 4509 hominis
3748 4460 3852 4514 ope-

584 4551 700 4618 ipse
728 4549 888 4603 dicit:
917 4547 1042 4622 Quis
1071 4549 1214 4618 prior
1234 4547 1374 4600 dedit
1403 4547 1499 4609 illi,
1525 4555 1573 4599 et
1594 4546 1904 4600 retribuetur
1933 4549 1978 4601 ei
1997 4546 2173 4612 (Rom.
2211 4563 2258 4622 ι)
2284 4553 2411 4617 rari,
2445 4553 2546 4605 nisi
2573 4552 2769 4604 bonam
2802 4550 2920 4619 ejus
2953 4549 3218 4603 invenerit
3244 4548 3604 4608 γοιυηιηιρηι,
3636 4543 3842 4607 iniquum

581 4656 658 4707 xi,
689 4639 815 4708 55)?
862 4621 1018 4705 Quod
1047 4639 1230 4708 utique
1279 4654 1386 4692 non
1413 4638 1653 4702 dixisset,
1685 4639 1728 4691 si
1779 4653 1808 4691 a
1838 4654 1896 4692 se
1925 4638 2174 4691 volunta-

582 4741 691 4784 tem
715 4729 826 4784 Deo
847 4729 1048 4793 datam,
1074 4739 1124 4784 et
1152 4749 1182 4782 ει
1209 4731 1317 4785 Deo
1337 4730 1435 4783 sibi
1457 4729 1611 4782 ﬁdem
1635 4739 1987 4797 cognosceret
2016 4732 2174 4784 retri-

580 4821 786 4878 butam.
837 4819 987 4876 lianc
1040 4822 1221 4890 itaque
1277 4820 1590 4888 amentiam,
1623 4830 1679 4875 et
1723 4835 1752 4875 a
1785 4821 2030 4876 ﬁdelibus
2069 4823 2178 4876 suis

579 4921 804 4976 arceat,
865 4920 921 4966 et
977 4913 1043 4966 ab
1091 4911 1398 4967 infidelibus
1429 4913 1569 4967 Deus
1619 4913 1847 4968 auferat.
1903 4913 1994 4967 llle
2035 4915 2178 4968 enim

578 5013 688 5058 tam
756 5003 980 5074 profana
1039 5005 1368 5072 cogitatione
1440 5005 1737 5074 polluitur,
1797 5004 1882 5060 cui
1951 5007 2120 5072 gratia
2156 5047 2171 5071 ,

577 5095 663 5149 vel
715 5094 982 5150 obdurato
1038 5111 1145 5149 non
1172 5095 1352 5159 datur,
1383 5096 1466 5149 vel
1500 5097 1710 5163 ingrato
1751 5096 2012 5150 aufertur.
2044 5095 2189 5150 Deus

609 5184 752 5238 enim
777 5193 1098 5239 convertens
1121 5184 1351 5238 vivificat
1378 5201 1516 5254 quos
1537 5185 1651 5237 vult
1673 5183 1850 5239 salvos
1873 5186 1984 5239 fieri
2007 5203 2020 5250 ;
2053 5185 2193 5239 Deus

565 5256 621 5342 νο
649 5276 886 5330 luntates
926 5277 1204 5330 hominum
1235 5268 1422 5339 mutat,
1451 5283 1508 5328 ut
1538 5291 1656 5329 esse
1702 5275 1856 5328 bonae
1901 5276 2187 5344 incipiant.

585 5365 714 5427 ideo
744 5368 1001 5435 scriptum
1033 5379 1116 5422 est
1142 5384 1152 5418 :
1206 5365 1272 5419 Et
1304 5367 1437 5430 dixi,
1471 5383 1606 5420 nunc
1645 5367 1791 5436 coepi,
1825 5367 1934 5420 Itazc
1964 5377 2040 5420 est
2069 5385 2188 5420 mu-

591 5459 724 5511 tatio
754 5454 778 5493 ά
807 5457 1034 5510 dexterae
1083 5457 1291 5510 lia-celsi
1323 5457 1491 5525 (Psat.
1537 5473 1715 5522 Lxxvt,
1763 5457 1872 5524 ll).
1905 5456 2188 5528 Propheta:

673 5620 692 5642 ἰ
720 5607 880 5678 Editi,
908 5611 1234 5678 permittitur.

650 5677 672 5712 λ
701 5678 793 5753 Sic
814 5677 974 5732 Basil.
1005 5679 1071 5731 At
1094 5678 1224 5733 Lov.
1256 5692 1308 5732 et
1332 5682 1492 5742 Ant.,'
1511 5679 1701 5734 bonam
1730 5679 2194 5753 nontribuit,sup-

578 5747 666 5821 ple
703 5747 1027 5821 uoluntatem.

655 5829 685 5885 ,ι
719 5819 845 5886 ηε..
874 5817 1067 5886 Saulo;
1097 5817 1244 5885 editi,
1279 5818 1467 5876 Paulo.

2290 4645 2395 4699 erit
2422 4659 2545 4697 eum
2573 4642 2658 4697 vel
2687 4642 2930 4696 damnari
2963 4642 3045 4694 vel
3079 4640 3290 4704 redimi,
3319 4641 3410 4709 qui
3441 4641 3579 4692 liene
3603 4651 3696 4689 nec
3715 4626 3845 4682 velle.

2290 4751 2391 4790 nec
2421 4735 2564 4788 nolle
2603 4733 2859 4803 potuerit.
2889 4731 2997 4785 Sed
3028 4748 3131 4784 non
3161 4740 3236 4784 est
3266 4732 3514 4800 iniquitas
3548 4725 3682 4798 apud
3711 4719 3846 4772 Dem

2289 4825 2380 4898 (ll
2412 4825 2650 4893 Paralip.
2686 4841 2793 4885 xIx,
2844 4823 2919 4896 7),
2975 4822 3128 4890 cujus
3178 4822 3434 4877 universa:
3467 4821 3562 4875 rite
3591 4811 3847 4872 miscricor-

2289 4917 2376 4971 οἵα
2399 4927 2448 4969 et
2475 4917 2660 4970 veritas
2689 4914 2858 4986 (Psal.
2885 4931 3028 4978 xxrv,
3058 4913 3166 4982 10).
3711 4969 3724 4980 ,

2370 5007 2458 5061 60.
2491 5009 2656 5075 Igitur
2679 5007 2801 5075 quia
2841 5005 3008 5060 Deum
3041 5004 3243 5071 justum
3274 5003 3584 5070 bonumque
3619 4987 3846 5052 catholica

2297 5099 2566 5154 veraciter
2613 5098 2785 5154 credit
2833 5105 2887 5150 et
2929 5095 3218 5150 confitetur
3260 5093 3540 5155 Ecclesia,
3588 5083 3846 5144 certissimo

2300 5187 2629 5243 credendum
2697 5196 2781 5242 est
2835 5196 2890 5255 et
2939 5186 3260 5240 ﬁducialitcr
3307 5181 3664 5239 confitendum
3713 5179 3843 5228 una!"

2301 5279 2652 5347 eamdemque
2681 5279 2775 5332 Dei
2806 5277 3034 5346 gratiam
3059 5277 3111 5330 in
3142 5276 3438 5345 majoribus
3467 5269 3722 5329 salvandis
3749 5271 3847 5328 ορεο

2302 5371 2410 5425 rari
2438 5370 2593 5426 bona:
2623 5371 2913 5426 voluntatis
2943 5371 3152 5425 initium
3181 5413 3195 5437 ,
3245 5385 3364 5440 quae
3416 5369 3467 5422 in
3499 5360 3722 5436 parvulis
3747 5351 3839 5406 sine

2302 5461 2576 5518 voluntate
2617 5472 2873 5533 Operatur
2913 5464 3226 5518 salvationis
3277 5461 3546 5517 effectum.
3591 5458 3698 5528 ipsa
3745 5455 3844 5512 8η·

2372 5613 2394 5649 ἀ
2429 5616 2550 5683 Ms.,
2580 5617 2706 5672 llazc
2727 5621 2962 5674 mutatio.
3678 5679 3700 5683 ν,
3809 5658 3841 5683 .;

2376 5694 2398 5722 ⁸
2429 5686 2517 5742 Sic
2537 5678 2715 5754 editi;
2741 5699 2796 5744 at
2826 5705 2951 5755 ms.,
2979 5690 3124 5745 Sicut
3156 5692 3210 5743 in
3235 5692 3368 5744 vasis
3397 5679 3753 5743 misericordia.
3779 5678 3838 5722 ⁸⁸⁸

2290 5764 2340 5812 et
2365 5757 2421 5812 in
2450 5759 2587 5814 vasis
2622 5761 2713 5816 ira:
2743 5760 3096 5830 accipiendam
3126 5769 3383 5816 asserunt.
