4108 6470
234 377 361 437 189

1638 386 1971 446 EPISTOLA
2013 389 2175 450 XVII.

3444 364 3551 418 ζέω

234 497 329 553 tia
375 494 609 554 inlantes
663 512 839 569 neque
878 498 1124 556 volentes
1149 540 1166 566 ,
1220 516 1397 573 neque
1453 501 1700 560 nolentes
1752 520 1842 561 re-
1869 510 1917 568 Α
1953 508 2267 574 prophetam
2288 506 2483 560 Johcl:
2516 507 2580 560 tu
2613 505 2897 560 novissimis
2947 503 3123 561 diebus
3163 503 3427 575 eﬂ'uttdam
3477 506 3542 561 de

233 588 428 654 dimit,
477 604 597 660 qua:
635 590 868 659 majores
896 591 1247 650 illuminando
1276 593 1522 651 volentes
1541 610 1611 651 ex
1648 596 1842 653 nolen-

236 680 395 741 tibus
441 679 589 736 facit.
640 680 709 735 Et
750 682 852 738 hoc
907 683 959 738 in
1013 685 1251 754 parvulis
1296 686 1485 741 salutis
1534 703 1670 757 opus
1724 688 1875 744 sine'

236 772 485 843 propriae
512 773 807 832 voluntatis
846 790 1066 832 assensu
1097 778 1267 848 gratia
1286 770 1295 776 ’
1314 777 1410 834 Dei
1441 789 1701 850 operante
1726 796 1853 851 per-

238 860 451 929 ﬁcitur,
492 864 634 934 quod
665 865 821 921 bonae
860 866 1152 923 voluntatis
1180 869 1405 925 exordio
1433 869 1687 926 divinitus
1715 872 1842 929 dato

241 955 310 1011 in
341 955 639 1027 majoribus
688 958 997 1026 inchoatur,
1028 969 1088 1016 ut
1125 978 1179 1033 οι
1198 978 1291 1018 ere
1332 963 1501 1019 solius
1533 965 1722 1033 gratiae
1746 982 1861 1029 vo-,

237 1045 435 1102 lnntas
476 1062 598 1118 qua:
641 1048 782 1104 mala
811 1048 910 1105 fuit
939 1050 1082 1107 bona
1115 1051 1227 1118 ﬁat,
1276 1060 1332 1109 et
1371 1052 1627 1125 deinceps
1654 1057 1843 1125 gratia:

235 1148 433 1192 secum
462 1139 712 1208 aperanti
760 1140 1040 1197 servitium
1085 1143 1409 1201 obedientitn
1454 1146 1842 1217 cooperatricis

235 1224 528 1282 exhibeat.
554 1225 647 1284 Sic
670 1237 853 1285 autem
881 1229 1026 1287 Deus
1063 1232 1299 1289 crudelis
1328 1250 1437 1290 non
1460 1244 1545 1292 est
1584 1236 1638 1291 in
1660 1235 1840 1294 inlanc

236 1316 393 1374 tibus
418 1317 735 1378 damnandis
773 1321 969 1391 quibus
995 1323 1339 1395 baptismatis
1377 1325 1700 1383 beneﬁcium
1729 1344 1840 1385 non

240 1411 463 1479 tribuit,
491 1414 628 1470 sicut
662 1413 897 1484 injustas
925 1432 1033 1472 non
1065 1424 1152 1474 est
1176 1418 1233 1474 in
1274 1420 1569 1490 majoribus
1591 1461 1607 1486 ,
1645 1420 1841 1493 quibus

237 1499 452 1556 bonam
501 1517 613 1559 non
677 1504 847 1559 donat
899 1506 1233 1563 voluntatem
1281 1520 1331 1565 ιι.
1386 1509 1456 1564 Et
1513 1511 1661 1566 sicut
1717 1511 1847 1569 illos

69 1582 134 1747 ν
235 1592 500 1651 voluntas
527 1610 623 1651 sua
649 1595 792 1650 mala
816 1636 835 1663 ,
877 1598 958 1654 sic
986 1598 1122 1655 istos
1157 1599 1281 1668 jure
1308 1600 1486 1676 puniri
1516 1601 1650 1658 facit
1683 1602 1839 1672 origo

235 1682 525 1741 damnata.
565 1685 708 1747 Deus
753 1695 935 1745 autem
982 1689 1036 1744 in
1075 1689 1383 1747 hominibus
1425 1708 1528 1747 nec
1571 1693 1837 1747 maculam

235 1682 525 1741 damnata.
565 1685 708 1749 Deus
753 1695 935 1745 autem
982 1689 1036 1744 in
1075 1689 1383 1748 hominibus
1425 1708 1528 1750 nec
1571 1693 1837 1750 maculam

235 1774 450 1831 vitiata:
477 1777 719 1849 originis,
750 1794 854 1835 nec
882 1779 1142 1852 malitiam
1182 1783 1428 1839 condidit
1469 1785 1703 1856 propriae
1740 1802 1839 1843 vo-

1952 596 2151 666 Spir.tu
2204 613 2316 654 meo
2360 614 2512 668 super
2569 616 2770 655 omnem
2825 616 3028 654 carnem
3084 599 3258 672 (δορί.
3311 617 3379 668 ιι,
3421 601 3537 670 28).

1948 685 2099 754 Quod
2129 689 2179 755 lit
2209 697 2423 743 Centum
2453 690 2635 758 v’ginti
2678 689 2984 745 hominibus
3043 690 3099 747 in
3148 707 3284 762 quos
3308 691 3543 761 Spiritus

1943 791 2163 843 sanctus
2205 783 2402 854 linguis
2449 787 2620 855 igneis
2647 789 2794 844 venit
2846 788 3047 846 factum
3102 789 3293 846 beatus
3340 789 3535 850 Petrus

1944 873 2200 939 ostendit.
2234 874 2293 931 Si
2316 890 2449 945 ergo
2477 876 2569 934 hic
2606 894 2820 934 omnem
2847 895 3063 935 carnem
3093 895 3284 937 omnes
3308 882 3532 936 omnino

1944 966 2309 1033 putaverimus
2342 968 2591 1025 homines
2615 971 2860 1041 intelligi,
2911 972 3133 1043 incipiet
3175 973 3341 1043 (quod
3366 974 3530 1045 absit)

1942 1056 2178 1113 mendax
2219 1060 2476 1116 aestimari
2523 1077 2704 1119 sermo
2750 1063 2984 1119 divinus.
3034 1062 3130 1118 Est
3168 1076 3343 1121 autem
3388 1064 3547 1127 Deus:

1942 1167 2119 1217 uerax,
2151 1160 2200 1205 et
2226 1150 2432 1223 eloquia
2472 1152 2686 1209 Domini
2714 1155 2917 1227 eloquia
2954 1164 3104 1210 casta
3132 1154 3312 1226 (Rom.
3342 1172 3422 1225 ut,
3461 1156 3531 1223 ις

1942 1241 2093 1300 Psal.
2123 1261 2200 1315 χι,
2245 1244 2326 1318 7).
2370 1246 2549 1321 Super
2582 1263 2802 1305 omnem
2832 1248 2996 1318 igitur
3040 1264 3258 1304 carnem
3305 1248 3446 1305 sicut
3471 1264 3535 1304 se

1940 1332 2083 1391 Deus
2110 1334 2405 1393 el'l'usurum
2435 1339 2503 1394 de
2530 1337 2736 1408 Spiritu
2775 1355 2875 1393 suo
2905 1340 3233 1409 repromisit,
3263 1340 3344 1396 sic
3378 1338 3558 1408 l‘ecit,‘
3610 1338 3615 1386 Ξ

1939 1428 2019 1484 sic
2063 1428 2233 1496 facit,
2280 1430 2361 1487 sic
2391 1445 2561 1501 usque
2607 1431 2662 1486 in
2703 1431 2867 1487 linem
2915 1431 3097 1501 saeculi
3135 1431 3377 1489 facturus
3423 1441 3532 1489 est.

1941 1516 2172 1580 Prorsus
2212 1538 2378 1594 super
2404 1539 2621 1580 omnem
2650 1539 2870 1580 carnem
2896 1566 2912 1593 ,
2961 1524 3012 1581 id
3042 1532 3126 1580 est
3152 1540 3316 1597 super
3342 1540 3534 1582 omnes

1939 1612 2189 1671 homines
2215 1613 2446 1671 ell‘undit
2473 1616 2542 1672 de
2583 1615 2790 1688 Spiritu
2820 1631 2943 1683 suo,
2984 1616 3193 1673 scilicet
3220 1632 3384 1683 super
3411 1617 3537 1681 illos

1940 1719 2131 1760 omnes
2163 1715 2186 1745 ο
2216 1720 2356 1776 quos
2380 1707 2497 1762 vult
2519 1707 2700 1764 salvos
2731 1706 2868 1764 ﬁeri.

2010 1798 2102 1854 63.
2132 1798 2198 1854 Et
2239 1801 2417 1870 utqui
2458 1802 2570 1873 sint
2608 1817 2801 1857 omnes
2842 1803 2857 1857 i
2888 1802 2928 1857 ti
2961 1802 3171 1872 plenius
3199 1801 3528 1867 noverimus,

235 1864 486 1923 luntatis.
508 1866 568 1924 In
597 1868 902 1926 hominibus
931 1871 1095 1940 igitur
1121 1889 1260 1942 quos
1276 1876 1470 1943 salvat,
1505 1877 1835 1933 voluntatem

1942 1887 2183 1958 ejusdem
2212 1864 2359 1945 beati
2387 1889 2534 1946 Petri
2562 1872 2906 1950 sermonibus
2934 1864 3321 1957 auscultemus,
3351 1890 3446 1962 qui
3471 1864 3537 1947 il-

235 1954 443 2012 bonam
473 1973 582 2014 non
612 1959 839 2027 invenit,
871 1961 967 2017 sed
996 1963 1137 2019 sicut
1164 1972 1385 2020 aetatum
1411 1968 1582 2036 exigit
1618 1968 1838 2025 diversi-

238 2055 349 2116 tas,
379 2058 475 2104 ant
502 2052 557 2106 in
585 2053 883 2124 majoribus
909 2055 1109 2111 bonam
1151 2057 1485 2117 voluntatem
1515 2061 1682 2130 gratis
1711 2060 1842 2117 facit

235 2155 406 2211 quam
432 2141 637 2199 invenit
676 2145 895 2215 malam,
921 2148 1159 2204 autsine
1187 2149 1468 2206 voluntate
1489 2150 1723 2207 hominis
1751 2151 1838 2207 vel

237 2228 389 2287 bona
425 2231 512 2287 vel
542 2233 704 2299 mala,
755 2237 965 2306 perlicit
1007 2237 1063 2293 in
1105 2239 1342 2309 parvulis
1382 2241 1608 2309 gratiam
1655 2256 1837 2296 sacra-

237 2321 433 2385 menti,
457 2322 547 2378 ille
564 2322 716 2393 cujus
730 2340 886 2382 nemo
905 2336 1086 2398 potest
1100 2328 1258 2383 home
1273 2330 1528 2385 resistere
1551 2330 1831 2387 voluntati.

310 2410 443 2468 CAP.
483 2429 631 2470 xxxi.
673 2414 817 2481 Quos
853 2435 1031 2474 omnes
1072 2420 1303 2475 homines
1348 2420 1490 2476 Deus
1517 2421 1623 2477 vult
1663 2421 1835 2479 salvos

236 2501 378 2573 ﬁeri.
409 2502 515 2559 Per
542 2523 719 2562 omnes
749 2508 982 2564 homines
1011 2528 1115 2567 non
1137 2529 1339 2584 semper
1367 2521 1529 2569 totum
1555 2530 1715 2586 genus
1738 2515 1834 2569 hu-

239 2613 454 2652 manum
475 2599 800 2674 intelligitur.
828 2634 900 2645 —-
928 2602 1018 2659 6t.
1043 2603 1308 2671 Quocirca
1330 2606 1455 2662 illos
1481 2622 1672 2663 omnes
1698 2623 1839 2679 quos

239 2686 386 2745 Deus
406 2691 523 2746 vult
545 2693 725 2751 salvos
745 2695 880 2764 ﬁeri,
907 2697 987 2754 sic
1012 2697 1313 2770 intelligere
1340 2700 1619 2770 debemus,
1650 2687 1713 2757 rut
1735 2720 1839 2760 nec

243 2781 483 2853 aliquem
526 2794 779 2857 putemus
815 2789 1024 2845 salvum
1071 2790 1381 2863 ﬁeriposse
1424 2793 1528 2848 nisi
1556 2794 1840 2851 voluntate

242 2870 407 2943 Deib,
428 2890 533 2932 nec
553 2876 923 2936 existimemus
944 2881 1277 2938 voluntatem
1299 2885 1689 2954 omnipotentis
1716 2885 1837 2955 Dei,

243 2972 337 3018 aut
360 2965 416 3020 in
444 2965 629 3037 aliquo
662 2984 772 3025 non
815 2970 1050 3041 impleri,
1081 2981 1175 3027 aut
1199 2973 1542 3044 aliquatenus
1565 2975 1836 3046 impediri.

243 3051 448 3113 Omnes
475 3059 618 3114 enim
649 3075 791 3131 quos
828 3060 973 3119 Deus
1000 3065 1115 3120 vult
1153 3066 1335 3122 salvos
1361 3068 1525 3140 320
1551 3068 1686 3135 ﬁeri,
1719 3070 1838 3126 sine

242 3146 580 3207 dubitatione
612 3153 915 3225 salvantur,
940 3171 1042 3212 nec
1068 3167 1296 3229 possunt
1322 3158 1541 3226 salvari,
1574 3161 1674 3216 nisi
1699 3176 1839 3231 quos

69 2620 155 2812 \

102 2812 170 2904 1

69 2997 173 3393 /

69 3639 135 3916 l

231 4815 262 4857 c

231 4910 265 4947 ss

69 4776 265 5139 ι

240 3330 437 3388 salvari
465 3335 595 3391 velit
614 3337 706 3407 qui
722 3338 816 3410 (at.
836 3338 912 3413 et)
930 3357 1037 3397 non
1057 3342 1327 3399 salvetur:
1344 3345 1470 3414 quia
1485 3345 1628 3403 Deus
1652 3358 1837 3406 noster

242 3425 417 3479 omnia
453 3444 771 3501 quacunque
798 3433 957 3488 voluit
986 3435 1109 3506 fecit
1137 3434 1313 3506 (Psal.
1355 3452 1574 3508 cxxxrv,
1603 3439 1680 3510 6).
1729 3440 1839 3512 Ipsi

243 3535 434 3579 omnes
475 3524 661 3594 utique
712 3528 849 3584 salvi
897 3529 1050 3595 ﬁunt,
1097 3545 1237 3601 quos
1265 3548 1455 3590 omnes
1495 3535 1611 3590 vult
1656 3536 1837 3593 salvos

244 3610 359 3681 ﬁeri
400 3630 415 3667 :
451 3615 574 3684 quia
602 3617 717 3673 lucc
742 3619 893 3674 salus
922 3636 1028 3675 non
1059 3620 1166 3677 illis
1185 3637 1252 3678 ex
1283 3623 1518 3680 humana
1551 3626 1835 3683 voluntate

242 3704 505 3772 nascitur,
555 3707 651 3763 sed
679 3723 750 3764 ex
778 3709 873 3765 Dei
902 3711 1046 3766 bona
1076 3712 1357 3769 voluntate
1402 3724 1705 3785 praestatur.
1737 3717 1837 3774 Ve-

239 3802 543 3854 rumtamen
572 3799 627 3855 in
654 3800 738 3856 his
770 3801 1023 3859 omnibus
1052 3803 1358 3861 hominibus
1385 3822 1523 3877 quos
1548 3806 1692 3864 Deus
1719 3810 1836 3864 vult

238 3887 419 3945 salvos
448 3889 630 3948 facere
672 3908 780 3949 non
811 3902 985 3950 totum
1029 3896 1252 3953 omnino
1281 3912 1451 3968 genus
1498 3900 1834 3969 signiﬁcatur

242 3971 537 4048 hominum,
558 3983 653 4039 sed
674 3986 915 4041 omnium
940 3987 1263 4045 universitas
1281 3990 1682 4048 salvandorum.
1705 3993 1832 4051 ideo

241 4074 418 4125 autem
447 4091 637 4131 mnnes
657 4075 790 4133 dicti
819 4087 965 4146 sunt,
996 4080 1123 4151 quia
1149 4096 1220 4137 ex
1246 4083 1498 4138 omnibus
1522 4084 1833 4141 hominibus

240 4172 428 4219 omnes
464 4164 599 4237 istos
625 4168 805 4225 divina
846 4170 1063 4228 bonitas
1090 4173 1300 4241 salvat,
1348 4174 1402 4230 id
1443 4184 1546 4240 est,
1584 4191 1650 4230 ex
1681 4176 1831 4233 omni

236 4253 414 4324 gente,
453 4259 802 4331 cotiditione,
846 4272 1027 4333 :etate,
1055 4281 1124 4322 ex
1153 4268 1303 4323 omni
1351 4267 1552 4338 lingua,
1583 4285 1652 4324 ex
1679 4269 1829 4326 omni

235 4347 528 4415 provincia.
561 4351 618 4407 ln
662 4354 745 4410 his
766 4357 1016 4414 omnibus
1053 4358 1145 4414 ille
1170 4375 1350 4416 sermo
1386 4363 1560 4418 nostri
1588 4361 1827 4418 Redem-

234 4439 402 4507 ptoris
428 4441 704 4513 impletur,
732 4462 840 4516 quo
860 4450 936 4504 ait
960 4467 973 4504 :
998 4449 1128 4506 Cum
1149 4453 1411 4509 exaltalus
1434 4455 1580 4527 fuero
1602 4473 1635 4509 a
1663 4465 1825 4522 terra,

232 4532 408 4617 omnia
435 4535 640 4591 traham
666 4539 737 4592 ad
762 4540 1012 4611 meipsum
1044 4541 1228 4613 (Joan,
1258 4557 1354 4614 xu,
1384 4545 1499 4617 '52).
1531 4546 1686 4614 Quod
1714 4564 1824 4605 non

233 4709 411 4765 salvus
452 4711 539 4779 ιίι,
572 4719 675 4768 nisi
698 4735 864 4782 quem
908 4723 1024 4793 ipse
1051 4726 1301 4782 traxerit.
1329 4726 1465 4784 Nam
1496 4737 1552 4784 et
1585 4729 1712 4785 alibi
1741 4730 1824 4785 di-

231 4801 304 4857 cit
334 4819 348 4856 ε
384 4800 557 4858 Nemo
585 4813 750 4873 potest
778 4821 954 4860 ventre
988 4814 1056 4861 ad
1084 4832 1186 4879 me,
1217 4818 1321 4871 nisi
1351 4818 1534 4886 Pater,
1565 4822 1654 4892 qui
1679 4822 1823 4876 misit

231 4910 309 4949 me
332 4934 348 4960 ,
395 4896 615 4949 traxerit
651 4912 770 4951 eum
799 4895 982 4967 (Joan.
1015 4914 1086 4963 vt,
1117 4898 1234 4969 57).
1264 4899 1399 4955 Item
1442 4910 1572 4957 atibt
1605 4922 1619 4957 :
1655 4909 1823 4961 οηιησ

230 4986 365 5055 quod
385 4985 529 5042 dedit
555 4987 684 5041 mihi
704 4987 870 5043 Pater
891 4988 960 5041 ad
984 5006 1066 5043 me
1095 4993 1283 5045 ueniet.
1306 4989 1372 5045 Hi
1394 5006 1524 5060 ergo
1553 5003 1678 5050 sunt
1697 5011 1819 5051 om-

269 5093 327 5155 es
353 5093 492 5150 quos
518 5081 633 5136 vult
661 5080 803 5138 Deus
828 5082 1010 5140 salvos
1037 5082 1154 5140 ﬁeri
1183 5092 1240 5141 et
1264 5084 1335 5140 ad
1363 5086 1693 5155 agnitionem
1721 5104 1818 5145 ve-

232 5169 406 5226 ritatis
432 5173 640 5229 venire.
664 5201 668 5205 -

298 5263 385 5320 62.
416 5264 513 5321 Est
538 5275 720 5323 autem
747 5267 1012 5326 familiare
1038 5269 1236 5326 divinis
1263 5270 1493 5341 eloquiis
1520 5280 1585 5327 ut
1627 5288 1819 5330 omnes

235 5370 615 5428 nonnunquam
641 5361 845 5427 dicant,
877 5377 978 5419 nec
1008 5372 1189 5420 tamen
1213 5380 1377 5421 omne
1397 5366 1691 5422 humanum
1722 5380 1820 5437 ge-

234 5463 329 5504 nus
363 5449 417 5504 in
448 5450 578 5520 ipsis
618 5453 869 5508 omnibus
911 5468 1130 5524 semper
1172 5456 1396 5526 intelligi
1437 5456 1638 5513 debere
1668 5473 1817 5514 com-

235 5549 515 5610 moneant;
564 5545 705 5601 sicut
754 5551 843 5601 est
884 5543 1014 5600 illud
1059 5547 1207 5618 quod
1244 5548 1380 5606 dicit
1415 5549 1677 5612 Dominus
1718 5566 1821 5622 per

303 5710 327 5737 "
356 5701 522 5773 Editi,
549 5719 666 5758 cum
700 5706 887 5773 bonam
916 5725 1020 5764 non
1048 5708 1211 5762 donat
1235 5709 1568 5765 voluntatem.

237 5773 448 5900 ὠδὶς
479 5791 614 5841 mss,
655 5772 779 5829 edd.
805 5787 1018 5845 autem,
1054 5779 1246 5833 salvari
1283 5799 1437 5851 posse
1476 5781 1577 5837 nisi
1616 5781 1818 5838 volente

146 5920 152 5927 '
237 5886 523 5983 ":iiditi,
550 5933 702 5987 super
723 5919 843 5972 illos
872 5920 1123 5978 homines.
1160 5920 1281 5997 MS»,
1315 5944 1515 5994 onmn-

428 6010 700 6073 ΡΑτιιοι..
782 6010 971 6074 LXV.

1937 1981 2044 2036 iam
2071 1983 2507 2053 praedicationem
2538 1999 2688 2039 suam
2719 1994 2907 2040 sancto
2933 1983 3137 2055 Spiritu
3162 1983 3401 2054 repletus
3427 1982 3535 2041 hac

1937 2073 2319 2129 exhortatione
2356 2074 2624 2130 conclusit
2654 2093 2668 2126 :
2703 2073 3073 2130 Paenitentiam
3110 2073 3323 2146 (inquit)
3369 2075 3529 2148 agite,

1937 2176 1988 2221 et
2041 2166 2332 2238 baptizatur
2380 2168 2728 2239 unusquisque
2775 2177 2997 2221 vestrum
3045 2168 3098 2222 in
3147 2169 3356 2223 nomine
3401 2167 3535 2224 Jcslt

1938 2258 2132 2314 Christi
2150 2259 2206 2313 in
2236 2259 2597 2314 remissionem
2624 2269 2953 2330 peccatorum
2982 2268 3284 2323 vestrorum,
3309 2270 3361 2315 et
3387 2261 3532 2314 acci-

1936 2350 2090 2420 pietis
2116 2349 2308 2404 donum
2354 2349 2585 2420 Spiritus
2624 2351 2839 2405 sancti:
2872 2351 3011 2405 vobis
3057 2352 3196 2405 enim
3231 2359 3308 2404 est
3347 2368 3532 2422 repro-

1937 2444 2116 2498 missio
2158 2452 2208 2496 et
2247 2441 2376 2512 ﬁliis
2412 2444 2630 2507 'vestris,
2674 2452 2724 2497 et
2764 2441 3002 2498 omnibus
3050 2445 3137 2516 qui
3186 2443 3337 2514 longe
3377 2451 3531 2508 sunt,

1936 2551 2261 2607 quoscunque
2298 2534 2624 2590 advocaverit
2657 2534 2907 2595 Dominus
2940 2534 3082 2591 Deus
3108 2545 3283 2591 noster
3304 2534 3449 2610 (Act.
3473 2552 3532 2601 It.

1938 2626 2028 2692 58,
2062 2625 2176 2697 '50).
2206 2624 2407 2682 Omnes
2430 2627 2614 2698 itaque
2650 2626 2805 2694 dixit,
2836 2627 2932 2683 sed
2964 2642 3317 2699 quoscunque
3356 2626 3535 2683 Domi.

1939 2735 2042 2777 nus
2067 2720 2435 2776 advocaverit.
2484 2719 2631 2787 Quos
2659 2720 2823 2783 etiam
2851 2720 3047 2776 beatus
3091 2719 3291 2775 Paulus
3330 2734 3534 2776 secun-
3587 2748 3600 2772 ,ε

1938 2811 2066 2867 dum
2090 2810 2431 2883 propositum
2469 2822 2696 2867 vocatos
2736 2811 3013 2878 insinuat,
3058 2812 3153 2881 qui
3179 2812 3288 2865 alio
3313 2824 3534 2882 quoque

1938 2907 2061 2962 loco
2090 2905 2195 2972 ait,
2228 2901 2560 2961 cenclusisse
2591 2904 2759 2960 Deum
2779 2905 2956 2984 omnia
2982 2906 3036 2958 in
3063 2904 3448 2973 incredulitate,
3471 2911 3533 2958 ut

1939 2999 2173 3053 omnium
2219 2997 2523 3052 misereatur
2551 2995 2731 3069 (Rom.
2764 3012 2820 3051 xx
2845 3033 2861 3060 ,
2910 2994 3027 3067 ‘52).
3068 2994 3136 3049 Et
3175 3004 3359 3057 tamen
3386 2993 3533 3051 Deus

1939 3108 2053 3149 non
2076 3091 2150 3147 ita
2173 3091 2415 3146 omnium
2438 3090 2662 3146 omnino
2683 3089 2972 3144 miseretur
2998 3102 3136 3157 quos
3163 3088 3217 3143 in
3240 3086 3533 3144 increduli-

1942 3192 2057 3241 tate
2097 3183 2397 3251 conclusit,
2445 3191 2505 3238 ut
2532 3181 2783 3238 omnibus
2821 3179 3124 3236 inﬁdelibus
3149 3178 3380 3253 gratiam
3405 3177 3535 3237 ﬁdei

242 3236 387 3341 Deus
415 3242 527 3341 vult
553 3244 732 3302 salvos
759 3244 897 3316 ﬁeri,
939 3265 1042 3306 nec
1065 3258 1150 3307 est
1174 3251 1458 3323 quisquam
1484 3269 1646 3324 quem
1692 3255 1835 3312 Deus

1941 3273 2365 3331 misericorditer
2391 3272 2582 3341 donet,
2610 3270 2637 3310 ά
2666 3287 2788 3328 cum
2816 3279 2999 3326 tamen
3026 3269 3271 3326 eamdem
3301 3269 3534 3341 gratiam

1940 3364 2067 3424 ﬁdei
2092 3382 2200 3422 non
2230 3365 2536 3421 inﬁdelibus
2563 3364 2707 3420 Deus
2735 3362 3045 3428 misericors
3073 3359 3258 3426 donet,
3298 3359 3393 3416 sed
3422 3358 3534 3416 illis

1939 3459 2131 3530 procul
2167 3458 2330 3514 dubio
2359 3457 2427 3513 de
2449 3456 2645 3527 quibus
2672 3454 2743 3510 ad
2777 3453 2998 3526 Moysen
3025 3452 3158 3508 dicit
3193 3469 3211 3507 :
3242 3449 3533 3507 lliserebor

1937 3553 2018 3605 cui
2064 3552 2333 3615 misereor,
2381 3558 2433 3603 et
2459 3547 2873 3603 misericordiam
2900 3548 3057 3618 321
3089 3546 3348 3617 prastabo
3381 3543 3531 3615 cujus

1937 3641 2220 3696 miserebor
2259 3639 2458 3711 (Exod.
2494 3656 2683 3704 χχχιιι,
2728 3639 2845 3711 19).
2885 3637 3125 3694 Gratiam
3156 3638 3319 3710 igitur
3345 3637 3533 3694 volun-

1938 3732 2088 3787 taria:
2116 3731 2427 3789 donationis
2465 3731 2743 3797 ostendit,
2795 3731 2936 3786 sicut
2978 3730 3238 3785 Dominus
3277 3713 3390 3785 suis
3441 3727 3529 3784 di-

1935 3831 2128 3891 gnatus
2156 3829 2239 3878 est
2266 3821 2412 3890 loqui
2459 3821 2737 3891 discipulis
2776 3840 2790 3874 :
2841 3819 3000 3875 Vobis
3045 3820 3222 3875 datum
3264 3830 3340 3875 est
3374 3835 3531 3875 nosse

1934 3914 2236 3985 mysterium
2263 3913 2409 3985 regni
2438 3911 2682 3967 caelorum
2700 3953 2716 3980 ,
2758 3912 2865 3966 illis
2899 3920 3074 3965 autem
3103 3927 3208 3965 non
3242 3919 3319 3966 est
3347 3910 3530 3964 datum

1936 4002 2151 4074 (Matth.
2181 4019 2297 4071 χιιι,
2320 4002 2440 4073 ll);
2464 4003 2604 4058 item.
2623 4002 2783 4059 dicit:
2812 4001 2913 4065 Qui
2944 4010 3110 4071 potest
3141 4018 3326 4074 capere
3352 4001 3531 4070 capiat

1935 4097 2156 4171 (Matth.
2184 4114 2297 4165 xix,
2326 4096 2461 4168 13).
2493 4095 2601 4152 Sed
2631 4095 2727 4167 (al.
2759 4096 2857 4165 sic)
2880 4105 2938 4150 ut
2969 4096 3138 4166 ipsam
3165 4093 3528 4165 capacitatem

1931 4190 2115 4245 divina
2143 4187 2367 4245 doceret
2394 4186 2645 4255 largitate
2689 4186 2935 4251 concedi,
2970 4185 3079 4241 alio
3109 4186 3229 4241 loco
3257 4184 3369 4238 ait:
3399 4180 3528 4238 Non

1930 4299 2108 4339 omnes
2156 4283 2369 4352 capiunt
2417 4279 2513 4335 hoc
2560 4276 2766 4333 verbum
2792 4319 2809 4345 ,
2852 4277 2945 4332 sed
2991 4276 3173 4347 quibus
3219 4275 3402 4330 datunt
3447 4281 3530 4329 est

1931 4371 2125 4444 (1nd,,
2157 4369 2270 4444 tt).

1942 4498 1951 4503 -
2000 4464 2090 4520 64.
2130 4462 2197 4519 Hi
2225 4472 2353 4520 sunt
2371 4477 2501 4533 ergo
2530 4477 2720 4519 omnes
2743 4477 2974 4532 quorum
3026 4458 3170 4515 Deus
3211 4458 3524 4523 miseretur,

1927 4557 2056 4628 quia
2080 4554 2454 4612 misericordia
2477 4554 2648 4626 ipsius
2676 4554 3097 4624 pneveniuntur,
3130 4559 3191 4608 ut
3217 4550 3443 4608 credant
3468 4557 3529 4607 et

234 4616 355 4723 ίδῗο
379 4621 536 4723 ἀίξῃ,
562 4626 686 4723 (Illi?
711 4643 902 4686 omnes
921 4634 1146 4689 οηιηίηο
1168 4635 1352 4700 trahit,
1383 4616 1481 4692 sed
1505 4638 1630 4707 quia
1663 4653 1824 4694 ιιειιὶο
1856 4665 1904 4723 υ
1928 4616 2099 4722 gratis
2123 4650 2257 4705 salvi
2279 4650 2412 4704 ﬁant
2437 4616 2536 4719 per
2564 4616 2745 4703 ﬁdem.
2768 4647 2970 4703 Eorum
2987 4616 3219 4717 namque
3232 4643 3528 4702 credulitas

1932 4758 2042 4797 non
2095 4756 2166 4797 ex
2212 4742 2450 4795 humana
2498 4739 2773 4795 voluntate
2824 4739 2992 4795 sumit
3037 4738 3268 4803 initium,
3296 4735 3394 4793 sed
3421 4733 3526 4805 ipsi

1932 4831 2196 4888 voluntati
2223 4830 2354 4887 ﬁdes
2375 4830 2610 4899 gratuita
2634 4828 2733 4885 Dei
2754 4830 3065 4886 miserantis
3086 4829 3334 4895 largitate
3348 4825 3490 4882 dona
3508 4856 3523 4868 ο

1931 4930 2039 4972 tur.
2072 4922 2225 4974 Hanc
2242 4922 2485 4976 omnium
2504 4922 2908 4984 discretionem,
2938 4935 3102 4990 quam
3147 4919 3319 4975 ﬁdelis
3361 4920 3527 4974 debet

1926 5009 2239 5066 intellectus
2264 5011 2486 5066 omnino
2512 5026 2753 5079 servare,
2796 5012 2991 5069 beatus
3017 5011 3216 5067 Paulus
3244 5027 3354 5067 uno
3404 5010 3527 5081 Epi-

1926 5099 2083 5155 stola:
2106 5115 2218 5155 sua:
2241 5101 2361 5156 loco
2389 5102 2469 5157 sic
2496 5103 2696 5173 posuit,
2717 5112 2776 5159 ut
2801 5118 2992 5161 omnes
3013 5103 3260 5159 homines
3280 5102 3398 5181 sine
3420 5101 3524 5155 ali-

1924 5204 2033 5259 qua
2058 5191 2383 5262 exceptione
2407 5193 2615 5259 dicens,
2646 5193 2830 5249 statim
2848 5191 3110 5263 quosdam
3131 5205 3321 5257 omnes
3342 5189 3521 5259 homi-

1922 5294 2021 5336 nes
2045 5282 2291 5351 exceptis
2311 5282 2431 5341 aliis
2452 5282 2748 5339 intimaret.
2771 5283 2865 5341 Ait
2882 5282 3029 5338 enim
3052 5297 3067 5335 :
3091 5280 3242 5335 Sicut
3262 5282 3519 5351 perunius

1919 5371 2165 5427 delictum
2178 5373 2231 5428 in
2248 5390 2423 5429 omnes
2435 5373 2665 5430 homines
2685 5376 2740 5428 in
2754 5374 3258 5444 condemnationem,
3279 5375 3357 5431 sic
3371 5383 3424 5429 et
3432 5391 3514 5448 pet
3530 5394 3533 5395 '

1919 5463 2070 5517 unius
2086 5463 2348 5534 justitiam
2364 5465 2419 5519 in
2445 5481 2623 5519 omnes
2635 5465 2870 5519 homines
2894 5463 2945 5516 in
2960 5462 3390 5534 justiﬁcationem
3406 5465 3537 5520 vita‘

1923 5549 2105 5624 (Rom.
2130 5570 2184 5623 v,
2215 5551 2332 5625 l8).
2360 5553 2742 5625 Nunquidnam
2785 5553 2916 5623 quia
2934 5553 2989 5608 in
3013 5569 3191 5610 omnes
3211 5557 3446 5611 homines
3468 5556 3525 5609 in

1993 5710 2020 5787 tl
2052 5712 2178 5787 Haec
2199 5715 2384 5787 verba,
2412 5731 2528 5787 cum
2552 5722 2724 5787 tamen
2747 5713 2985 5787 eamdem
3017 5716 3239 5785 gratiam
3270 5715 3398 5787 ﬁdei
3429 5736 3529 5775 non

1924 5783 2225 5910 inﬁdelibiés
2242 5784 2382 5867 Deus
2403 5785 2698 5840 misericors
2720 5784 2897 5853 donet,
2923 5783 3117 5841 absunt
3141 5801 3170 5840 a
3193 5783 3319 5851 ms},
3338 5787 3532 5859 lesuir-

1952 5871 2014 5911 ur
2046 5871 2099 5912 tn
2129 5870 2158 5909 e
2202 5864 2308 5911 uis.

3012 6016 3091 6080 16
