4108 6498
595 431 689 485 MM

1616 423 1670 476 S.
1714 420 2069 478 FULGENTII
2109 420 2404 477 EPISCOPI
2449 421 2816 478 ltL’SPENSlS

3773 416 3874 472 492

595 526 1092 608 condemnandum,
1124 553 1172 596 et
1201 545 1252 596 in
1278 558 1453 596 omnes
1475 540 1703 594 homines
1740 541 1794 593 in
1838 539 2176 610 justiﬁcatio--
2207 544 2253 601 Λ
2283 539 2536 596 discessio
2565 557 2673 596 non
2725 542 2940 606 luisset;
2972 550 3028 597 et
3054 543 3097 596 si
3128 557 3250 596 eum
3277 540 3518 597 Christus
3542 539 3873 610 quandoque

597 651 713 690 nem
740 632 1031 704 Apostolus
1057 632 1207 695 dicit,
1243 630 1364 685 ideo
1392 644 1615 700 prorsus
1667 643 1854 682 omnes
1908 629 2172 694 homines,

595 741 732 794 quos
776 739 875 796 per
921 730 1202 794 peccatum
1253 721 1378 775 Adm
1428 718 1760 788 originaliter
1803 728 2016 773 constat
2057 735 2178 775 esse

594 814 904 880 damnatos,
953 811 1111 868 simul
1161 825 1350 866 omnes
1401 809 1619 865 eosdem
1660 809 1882 864 credere
1921 810 2179 866 debemus

591 906 915 976 justiﬁeatos
956 919 1076 962 esse
1122 918 1218 974 per
1259 902 1564 966 Christum;
1609 916 1730 958 cum
1762 901 2179 957 innumerabiles

597 996 889 1054 inﬁdelium
912 1004 1114 1052 mortes
1134 995 1416 1060 obsistam,
1458 993 1548 1064 qui
1575 993 1691 1049 sine
1717 995 1886 1063 gratia
1913 993 2178 1064 justiﬁes-

596 1089 762 1145 tionis
803 1089 872 1144 de
923 1088 1023 1142 bac
1073 1086 1178 1140 vita
1206 1093 1502 1150 transeunt,
1529 1092 1585 1140 et
1605 1085 1815 1154 absque
1840 1094 2180 1140 sacramento

527 1188 538 1198 ‘
595 1181 931 1252 baptismatis
979 1179 1046 1233 ad
1089 1177 1271 1233 sedem
1321 1177 1510 1232 mortis
1563 1185 1872 1247 aeternaque
1919 1177 2179 1249 supplicia

595 1275 914 1347 rapiuntur?
942 1273 1128 1328 Restat
1151 1285 1283 1340 ergo
1315 1279 1372 1325 ut
1400 1287 1507 1326 non
1553 1286 1743 1326 omnes
1770 1272 1992 1326 omnino
2044 1285 2181 1340 quos

591 1361 652 1423 in
683 1365 1187 1424 condemnationem
1235 1363 1387 1434 ponit
1416 1362 1705 1434 Apostolus
1735 1364 1963 1418 transire
1993 1363 2057 1418 ad
2074 1363 2182 1431 jus-

596 1456 902 1514 tilicationis
921 1455 1148 1526 gratiam
1175 1456 1489 1521 scutiantus,
1518 1455 1611 1510 sed
1660 1455 1920 1523 quosdam
1969 1469 2034 1509 ex
2079 1456 2182 1510 illis

597 1549 844 1603 omnibus
872 1563 1060 1603 onmes
1082 1547 1217 1602 istos
1249 1556 1272 1582 ⁸
1303 1565 1314 1598 :
1342 1546 1524 1616 itaque
1545 1561 1734 1600 omnes
1763 1561 1862 1615 per
1907 1545 2074 1600 Adam
2127 1547 2180 1599 iu

597 1639 1245 1696 eondemnationemesse
1275 1638 1414 1692 ﬁlios
1459 1638 1573 1705 irtc,
1603 1646 1658 1692 et
1687 1653 1749 1691 ex
1793 1638 1872 1692 eis
1915 1637 2178 1706 quosdam

598 1747 695 1800 per
719 1729 992 1785 Christum
1021 1745 1212 1785 omnes
1232 1744 1350 1784 esse
1381 1729 1516 1784 lilios
1539 1729 1755 1798 gratim;
1781 1730 1901 1784 illos
1921 1744 2050 1798 ergo
2063 1745 2182 1784 esse

596 1837 805 1888 omnes,
834 1837 971 1892 quos
999 1837 1096 1892 per
1115 1822 1346 1892 primum
1369 1821 1642 1876 hominem
1697 1835 1937 1891 propago
1993 1835 2182 1890 pecca-

2280 630 2582 686 salvaturus
2607 639 2770 697 esset,
2802 649 2907 685 non
2939 646 3034 686 ore
3056 629 3253 686 Christi
3285 630 3740 701 pronuntiaretur
3766 629 3875 697 ejus

2279 731 2483 778 :eterna
2539 723 2860 778 combustio.
2912 721 3103 777 Omnia
3159 735 3289 790 ergo
3317 737 3414 792 per
3436 720 3720 776 Christum
3751 722 3877 773 etin

2281 815 2495 872 Christo
2521 824 2702 872 creata
2733 826 2874 883 sunt,
2903 817 3027 888 quia
3060 816 3190 870 nihil
3219 824 3303 870 est
3347 814 3490 884 quod
3519 830 3629 869 non
3663 829 3768 883 per
3795 811 3877 865 Fi-

2281 900 2409 959 lium
2439 913 2495 960 et
2523 905 2573 960 in
2603 905 2739 962 Filio
2767 906 3030 961 creaverit
3051 905 3228 960 Pater.
3254 904 3320 960 Et
3339 905 3518 959 omnia
3546 920 3652 975 per
3712 905 3880 973 ipsum

2281 1003 2442 1064 atque
2472 996 2656 1068 inii-so
2685 997 3121 1063 reconciliantur,
3179 998 3305 1066 quia
3360 997 3534 1051 nullus
3580 1004 3676 1051 est
3714 995 3880 1048 homi-

2283 1103 2409 1142 num
2438 1089 2529 1157 qui
2557 1089 2674 1144 sine
2699 1104 2860 1144 cruce
2913 1088 3110 1144 Christi
3141 1099 3166 1126 ο
3203 1087 3664 1166 reconciliationis
3719 1087 3879 1140 bene-

2283 1178 2460 1236 ﬁcium
2507 1191 2891 1252 consequatur.

2353 1271 2441 1327 66.
2482 1271 2560 1327 Ex
2612 1271 2717 1328 hac
2772 1275 2935 1343 igitur
2976 1275 3163 1343 regula
3195 1289 3314 1345 qua:
3342 1273 3656 1330 cmlcstibus
3679 1271 3877 1326 inserta

2282 1371 2616 1418 monstratur
2635 1364 2886 1430 oraculis,
2921 1366 2999 1420 sic
3020 1366 3378 1434 intelligamus
3404 1380 3594 1420 onmes
3627 1362 3879 1418 homines

2282 1469 2420 1524 quos
2446 1454 2560 1508 vult
2587 1453 2730 1509 Deus
2757 1455 2938 1511 salvos
2967 1455 3103 1522 ﬁeri,
3136 1465 3194 1510 ut
3216 1455 3524 1511 noverimus
3545 1468 3752 1509 omnes
3792 1468 3877 1522 qut

2283 1546 2578 1612 salvantur,
2609 1562 2715 1601 non
2747 1547 2848 1603 nisi
2877 1563 2943 1603 ex
2984 1549 3101 1618 ejus
3150 1549 3379 1618 gratuita
3433 1548 3683 1603 bonitate
3717 1544 3738 1584 ί
3773 1547 3875 1600 sal-

2283 1640 2418 1694 vari.
2453 1637 2522 1692 Ut
2545 1638 2687 1694 enim
2713 1639 2939 1710 quisque
2964 1640 3221 1707 salvetur,
3243 1641 3386 1694 nulla
3415 1638 3739 1710 przecedunt
3780 1636 3876 1691 hu-

2284 1744 2457 1784 manm
2479 1730 2771 1784 voluntatis
2789 1729 2928 1784 bona
2959 1731 3169 1796 merita,
3191 1729 3285 1785 sed
3313 1730 3428 1785 sola
3478 1729 3571 1784 Dei
3619 1729 3878 1783 voluntas

2284 1820 2531 1874 humana:
2554 1820 2867 1876 salvationis
2893 1831 2975 1876 est
3003 1837 3181 1876 causa.
3212 1819 3305 1875 Ira
3333 1823 3469 1875 enim
3513 1823 3568 1875 in
3617 1821 3880 1892 indigna.

596 1913 702 1968 trix
729 1914 930 1975 carnali
951 1912 1302 1982 generatione
1330 1910 1672 1967 condemnat.
1693 1909 1890 1967 Omnes
1915 1911 2057 1966 enim
2076 1919 2182 1964 ter-
2217 1927 2257 1986 ιι
2282 1913 2424 1964 tione
2449 1910 2580 1982 ejus,
2611 1921 2661 1966 et
2687 1913 2791 1966 vita
2817 1913 2871 1966 in
2901 1912 3165 1968 voluntate
3189 1913 3300 1983 ejus
3323 1913 3490 1984 (Psal.
3515 1929 3668 1977 nix,
3695 1912 3777 1982 6).
3796 1910 3872 1965 Ira

595 2006 715 2064 reni
743 2015 886 2072 sunt,
919 2007 1010 2076 qui
1032 2008 1233 2062 terreni
1263 2007 1497 2061 hominis
1527 2007 1812 2076 imaginem
1861 2015 2075 2077 gerunt,
2123 2016 2180 2062 et

599 2113 788 2155 omnes
815 2099 1063 2154 caelestes
1081 2097 1174 2168 qui
1204 2097 1270 2152 ad
1294 2105 1550 2153 mternam
1581 2099 1747 2154 vitam
1775 2100 2059 2170 imaginem
2084 2100 2184 2156 ho-

598 2190 759 2246 minis
778 2189 1015 2246 emlestis
1040 2189 1328 2260 accipiunt.
1353 2188 1550 2244 Iterum
1575 2189 1706 2246 dicit
1734 2191 2025 2262 propheta:
2057 2189 2183 2247 0m-

599 2296 694 2336 nes
733 2287 908 2352 gentes
937 2295 1261 2352 quascunque
1287 2280 1453 2351 fecisti
1477 2281 1696 2345 venient,
1719 2288 1768 2334 et
1798 2279 2089 2336 adorabunt
2106 2299 2187 2336 co-

597 2391 714 2430 ram
754 2385 823 2444 te,
848 2372 1088 2441 Domine,
1109 2381 1156 2428 et
1191 2373 1556 2444 gloriﬁcabant
1581 2390 1764 2428 nomen
1787 2383 1926 2427 tuum
1950 2373 1975 2411 ιι
2007 2374 2180 2445 (Psal.

601 2480 802 2532 uxxv,
843 2464 920 2535 9).
963 2463 1223 2520 Dominus
1295 2477 1512 2534 quoque
1557 2463 1668 2520 suis
1718 2462 1961 2520 ﬁdelibus
2014 2464 2180 2519 dicit:

599 2557 766 2612 Eri-tis
810 2555 930 2610 odio
979 2553 1215 2609 omnibus
1259 2554 1494 2624 gentibus
1545 2565 1756 2627 propter
1808 2572 1991 2610 nomen
2020 2573 2186 2612 meum

601 2647 818 2718 (Matth.
855 2663 906 2710 κ,
937 2645 1049 2718 92).
1082 2645 1329 2717 Nunquid
1358 2661 1486 2716 ergo
1539 2649 1824 2702 contrariis
1877 2649 1978 2703 sibi
2027 2665 2188 2719 repu-

602 2747 732 2809 gnat
759 2739 1038 2810 Scriptura
1064 2737 1242 2793 divina
1265 2739 1587 2794 sententiis?
1610 2738 1782 2793 Absit.
1829 2738 1936 2794 Sed
1967 2748 2022 2795 et
2068 2741 2191 2795 illos

601 2848 813 2898 omnes,
843 2841 899 2888 et
927 2832 1059 2888 istos
1081 2847 1271 2887 omnes
1296 2832 1561 2887 veraciter
1587 2831 1734 2898 dicit,
1768 2833 1819 2887 id
1848 2842 1933 2888 est
1968 2842 2023 2890 et
2073 2849 2190 2889 om-

600 2941 702 2981 nes
742 2925 927 2981 ﬁdeles
975 2925 1066 2994 qui
1112 2939 1307 2979 nomen
1349 2925 1558 2980 Domini
1590 2926 1642 2979 in
1674 2926 1922 2982 omnibus
1942 2928 2192 2996 gentibus

601 3019 926 3089 glorilicant,
958 3025 1012 3073 et
1033 3031 1224 3071 omnes
1269 3016 1578 3072 incredulos
1605 3016 1697 3085 qui
1723 3032 1822 3086 per
1841 3019 2060 3073 easdem
2081 3034 2194 3072 om-

600 3125 697 3168 nes
723 3119 912 3181 gentes
959 3109 1012 3165 in
1042 3109 1167 3165 odio
1198 3109 1434 3164 nominis
1461 3108 1660 3164 Christi
1691 3107 2034 3182 ﬁdeliumque
2074 3110 2192 3182 ejus

601 3199 880 3257 mortifera
902 3199 1180 3269 impietate
1204 3197 1514 3267 perdurant.

2284 2003 2447 2072 igitur
2475 2005 2592 2074 ejus
2621 2013 2819 2060 nostra:
2847 2005 3142 2075 iniquitatis
3169 2015 3250 2061 est
3277 2006 3547 2070 meritum,
3577 2004 3696 2058 vita
3747 2018 3874 2058 vero

2284 2102 2468 2149 nostra
2497 2093 2788 2149 voluntatis
2809 2093 2924 2164 ejus
2952 2105 3034 2150 est
3058 2094 3276 2149 donum.
3329 2094 3478 2148 Sicut
3526 2096 3669 2147 enim
3719 2091 3876 2146 Pater

2283 2186 2498 2238 suscitat
2523 2195 2750 2240 mortuos
2778 2194 2826 2239 et
2853 2185 3097 2256 viri/ient,
3127 2186 3200 2239 sic
3227 2195 3276 2238 et
3297 2183 3466 2239 Filius
3495 2201 3621 2256 quos
3656 2185 3768 2238 vult
3807 2183 3876 2235 ri-

2285 2278 2460 2348 viﬁeat
2488 2277 2905 2350 (Joan.v,2|):
2955 2277 3172 2334 eosdem
3219 2286 3398 2332 autem
3444 2276 3710 2333 vivilicari
3766 2277 3874 2330 vult

2286 2389 2423 2443 quos
2443 2373 2553 2428 vult
2569 2374 2747 2430 salvos
2771 2372 2907 2428 ﬁeri.
2926 2371 3014 2429 Sic
3041 2387 3169 2441 ergo
3196 2387 3333 2443 quos
3346 2372 3458 2426 vult
3475 2371 3673 2436 salvat,
3694 2385 3876 2441 quem-

2287 2463 2577 2520 admodum
2627 2479 2764 2535 quos
2810 2464 2924 2519 vult
2960 2461 3216 2519 viviﬁcat.
3247 2461 3387 2518 Nihil
3416 2475 3655 2531 namque
3704 2460 3870 2515 voluit

2289 2565 2346 2614 et
2365 2574 2471 2614 non
2495 2558 2759 2630 l'ecitqui,
2809 2557 3086 2630 Scriptura
3135 2566 3288 2622 teste,
3341 2559 3515 2612 omnia
3561 2571 3874 2629 qua‘cunque

2288 2651 2450 2706 voluit
2479 2650 2600 2723 fecit
2620 2650 2790 2722 (Psal.
2815 2665 2960 2714 cxnl,
2986 2649 3096 2719 ll).
3129 2649 3358 2704 Proinde
3381 2665 3488 2704 non
3519 2649 3741 2719 indigne
3790 2645 3868 2701 di-

2291 2743 2463 2797 cimus
2487 2741 2692 2812 aliquid
2723 2741 2892 2797 Deum
2916 2741 3062 2797 nolle
3089 2741 3232 2813 quod
3261 2743 3460 2812 possit;
3494 2742 3648 2796 nefas
3670 2748 3758 2796 est
3781 2754 3871 2794 au-

2290 2841 2400 2908 tem
2430 2834 2475 2888 si
2497 2834 2619 2905 quis
2647 2834 3068 2904 omnipotentem
3091 2833 3233 2889 dicat
3284 2832 3485 2903 aliquid
3531 2831 3713 2887 facere
3767 2847 3869 2886 non

2292 2939 2456 2997 posse
2475 2923 2618 2996 quod
2647 2923 2815 2979 velit:
2849 2923 3119 2978 Voluntati
3162 2923 3304 2978 enim
3358 2923 3469 2994 ejus
3516 2923 3634 2994 quis
3686 2920 3874 2976 resistit

2293 3019 2389 3090 (al.
2421 3016 2658 3088 resistet)
2688 3014 2866 3085 (Rom.
2897 3029 2972 3079 ix,
3003 3013 3069 3068 l9
3105 3018 3128 3068 ἲ
3157 3012 3326 3068 Nemo
3367 3012 3571 3080 utique,
3593 3011 3721 3080 quia
3771 3023 3871 3062 non

2292 3116 2376 3163 est
2401 3108 2578 3176 aliqua
2605 3113 2794 3160 natura
2821 3120 2940 3176 qua:
2969 3105 3036 3158 ah
3059 3104 3174 3172 ejus
3222 3103 3498 3158 creatione
3554 3103 3625 3155 sit
3677 3101 3869 3155 aliena.

2292 3197 2358 3253 Et
2379 3199 2519 3254 sicut
2547 3197 2678 3252 nihil
2710 3197 3026 3252 naturaliter
3053 3195 3296 3250 subsistit
3321 3193 3466 3264 quod
3493 3194 3582 3249 ille
3605 3210 3711 3249 non
3738 3193 3872 3248 leceo

671 3291 761 3346 65.
801 3289 934 3345 Tale
959 3287 1213 3358 quiddam
1241 3294 1325 3341 est
1346 3287 1511 3341 etiam
1543 3287 1595 3341 in
1625 3285 1864 3357 Epistola
1893 3302 2054 3358 quam
2081 3287 2190 3344 Co-
2219 3300 2266 3363 ο
2294 3294 2384 3357 rit,
2408 3285 2481 3346 ita
2510 3290 2643 3345 nihil
2665 3289 2915 3361 provenit
2944 3289 2996 3343 in
3027 3289 3253 3344 salutem
3283 3287 3582 3351 hominum,
3614 3285 3762 3354 quod
3789 3284 3873 3339 ille

602 3379 936 3435 lossensibus
956 3379 1148 3433 beatus
1177 3376 1468 3446 Apostolus
1496 3378 1701 3443 scribit,
1733 3378 1824 3433 ubi
1847 3379 2016 3435 dicit:
2051 3378 2188 3445 Quia

602 3472 657 3524 in
712 3468 919 3522 Christo
964 3467 1174 3522 condita
1212 3477 1332 3522 sunt
1358 3468 1596 3521 universa
1625 3470 1680 3522 in
1708 3471 1847 3524 etelis
1874 3481 1924 3525 et
1945 3471 1998 3526 in
2029 3483 2186 3534 terra,

603 3560 826 3614 visibilia
855 3568 904 3613 et
933 3557 1233 3624 invisibilia,
1257 3560 1361 3612 sire
1391 3558 1604 3621 Throni,
1637 3562 1744 3615 sive
1774 3560 2185 3629 Dominationes,

603 3653 708 3707 sive
735 3650 1092 3722 Principatus,
1124 3651 1229 3704 sive
1279 3649 1586 3706 Potestates.
1619 3650 1823 3706 Omnia
1865 3671 1957 3724 per
1997 3655 2186 3724 ipsum,

604 3746 766 3818 322
787 3751 837 3798 et
857 3744 910 3797 in
930 3743 1047 3814 ipso
1076 3751 1251 3796 creata
1271 3751 1410 3801 sunt.
1437 3751 1488 3796 et
1511 3744 1619 3813 ipse
1641 3753 1718 3797 est
1739 3753 1859 3797 ante
1886 3761 2080 3809 ontnes,
2140 3753 2190 3798 et

605 3853 780 3892 omnia
800 3837 856 3890 in
879 3837 990 3906 ipso
1011 3843 1251 3889 constant
1272 3833 1490 3904 (Cotoss.
1516 3835 1783 3907 1,16,”).
1804 3834 1867 3888 Et
1891 3837 2048 3904 paulo
2068 3847 2192 3906 post

606 3930 680 3984 ait
711 3947 724 3984 :
753 3926 888 3993 Quia
912 3928 966 3980 in
994 3927 1106 3998 ipso
1129 3926 1438 3996 complacuit
1460 3943 1661 3982 omnem
1705 3927 2076 3998 plenitudinem
2104 3929 2190 3982 in-

607 4019 858 4085 habitare,
883 4029 932 4073 et
960 4035 1052 4089 per
1078 4035 1192 4072 eum
1220 4017 1547 4073 reconciliari
1575 4019 1749 4071 omnia
1772 4018 1827 4070 in
1856 4018 2024 4088 ipsum
2057 4029 2078 4056 ε
2104 4037 2194 4088 pa-

606 4117 820 4186 ciﬁcans
839 4130 932 4179 per
959 4114 1260 4184 sanguinem
1291 4112 1455 4165 erucis
1482 4111 1613 4180 ejus,
1640 4113 1744 4164 sive
1789 4127 1904 4181 quae
1941 4112 1995 4164 in
2042 4111 2192 4164 terris

608 4215 746 4270 sunt,
776 4206 883 4259 sive
902 4219 1017 4276 qua:
1045 4206 1100 4258 in
1129 4205 1266 4258 caelis
1295 4212 1413 4257 sunt
1443 4200 1632 4271 (Ibid.,
1660 4201 1744 4266 l9,
1769 4201 1883 4271 ‘20).
1926 4202 2194 4271 Nunquid-

609 4315 733 4353 nam
774 4299 956 4354 omnia
984 4313 1103 4368 quas
1133 4299 1185 4353 in
1233 4296 1383 4352 caelis
1409 4304 1463 4348 et
1493 4295 1544 4348 in
1595 4294 1752 4348 terris
1797 4302 1924 4348 sunt
1943 4309 2040 4364 per
2068 4311 2193 4350 eum

608 4390 878 4462 paciﬁcari
931 4390 1210 4446 credemus
1236 4386 1302 4440 δῖ)
1333 4386 1504 4440 Absit.
1544 4385 1645 4452 Qui
1687 4385 1827 4438 enim
1872 4386 1951 4440 sic
1995 4386 2196 4442 sentire

608 4483 864 4549 voluerit,
897 4482 1168 4552 bicipitem
1199 4479 1448 4548 laqueum
1501 4477 1727 4546 gemina:
1771 4477 2062 4546 impietatis
2110 4477 2195 4531 in-

609 4586 816 4647 curret,
843 4584 900 4633 ut
924 4583 1015 4636 aut
1041 4572 1311 4628 diabolum
1343 4579 1399 4625 et
1419 4569 1639 4639 angelos
1667 4569 1784 4637 ejus
1808 4584 1904 4639 per
1923 4567 2195 4624 Christum

2291 3399 2398 3439 non
2422 3382 2475 3436 in
2502 3389 2705 3436 mterna
2727 3381 2882 3435 bona:
2903 3379 3200 3434 voluntatis
3228 3394 3340 3435 sua:
3391 3379 3747 3448 dispositione
3798 3373 3872 3430 fa-

2289 3473 2537 3529 ciendum
2571 3470 3054 3542 pricdestinaverit,
3080 3486 3108 3524 a
3140 3486 3250 3540 quo
3271 3481 3324 3527 et
3353 3469 3485 3524 ﬁdes
3503 3465 3672 3538 gratis
3699 3467 3873 3522 inlun-

2289 3566 2452 3630 ditur,
2476 3580 2576 3635 per
2602 3580 2762 3635 quam
2790 3565 2931 3620 bene
2960 3565 3329 3631 ambulemus;
3362 3572 3419 3619 et
3470 3560 3869 3633 perseverantia

2289 3659 2542 3725 donatur,
2575 3674 2672 3730 per
2695 3653 2855 3728 quam
2882 3659 2948 3713 ad
2969 3659 3203 3729 speciem
3251 3658 3535 3728 pervenire
3583 3657 3868 3727 possimus.

2293 3749 2418 3806 Haec
2447 3759 2626 3806 autem
2649 3749 2788 3805 dona
2816 3766 2910 3805 sua
2933 3764 3148 3820 semper
3174 3749 3316 3804 Deus
3363 3749 3416 3804 in
3463 3759 3665 3804 aeterna
3713 3757 3871 3817 atque

2295 3845 2722 3900 incommutabili
2752 3844 2984 3898 habuit!
3013 3843 3291 3898 voluntate
3339 3841 3617 3913 disposita,
3669 3843 3722 3897 in
3771 3855 3870 3910 qua

2293 3935 2675 4007 pneordinavit
2701 3945 2863 4004 atque
2884 3935 3206 4005 prmparavit
3233 3940 3289 3988 et
3314 3949 3433 4005 qum
3460 3935 3632 3995 daret,
3673 3941 3729 3988 et
3757 3931 3873 4003 qui-

2293 4031 2393 4085 bus
2432 4030 2605 4085 daret.
2641 4028 2757 4098 Ipse
2790 4028 2932 4083 enim
2956 4027 3113 4099 323
3143 4025 3576 4096 przedestinando
3604 4035 3868 4096 prtcparae

2293 4122 2371 4176 vit
2398 4121 2583 4189 gratite
2603 4120 2824 4186 donum,
2847 4119 2938 4188 qui
2967 4119 3193 4187 gratiam
3235 4118 3487 4174 donando
3522 4117 3704 4186 implet
3747 4124 3874 4182 pra:-

2294 4212 2666 4270 destinalionis
2689 4211 2956 4267 effectum.

2371 4305 2651 4360 EPILOGUS.
2678 4337 2751 4346 —
2777 4303 2863 4357 67.
2898 4303 3138 4370 Habetis,
3169 4299 3500 4358 dilectissimi
3531 4298 3745 4359 fratres,
3772 4304 3877 4349 tam

2297 4397 2365 4453 de
2389 4395 2759 4451 incarnatione
2789 4394 2999 4448 Domini
3035 4394 3202 4448 nostri
3240 4393 3366 4449 Jesu
3393 4391 3594 4446 Christi
3624 4405 3785 4459 quam
3815 4385 3879 4440 de

2298 4485 2468 4554 gratia
2497 4484 2684 4555 paucis
2706 4497 3015 4554 expressam
3048 4483 3173 4537 ﬁdei
3203 4490 3398 4537 nostra:
3424 4479 3879 4547 confessionisqne

2298 4577 2640 4640 sententiam,
2686 4591 2792 4646 qna
2843 4573 3143 4630 certissime
3184 4575 3510 4637 continetur,
3545 4569 3880 4638 Unigenitum

609 4676 826 4725 creatos
851 4679 972 4722 esse
1000 4669 1178 4731 neget,
1229 4669 1322 4715 aut
1347 4675 1440 4714 eos
1488 4659 1916 4716 reconciliandos
1944 4676 2042 4731 per
2065 4677 2188 4716 san-

2303 4669 2469 4724 Deum
2500 4667 2567 4722 de
2594 4666 2708 4722 Deo
2733 4665 2892 4720 Patre
2919 4665 3237 4720 naturaliter
3255 4665 3371 4719 sine
3399 4665 3551 4718 initio
3582 4670 3783 4719 natum,
3813 4669 3879 4710 ex

611 4761 830 4829 guinem
881 4758 1052 4814 crucis
1096 4757 1213 4825 ejus
1248 4753 1511 4810 afﬁrmet.
1541 4754 1926 4811 Verumtamen
1953 4756 2198 4825 quisquis

613 4853 804 4906 barum
826 4852 1211 4904 sententiarum
1241 4850 1506 4920 pravitate
1525 4849 1764 4920 qualibet
1785 4849 2092 4914 involvitur,
2115 4865 2202 4903 ca-

612 4948 741 4996 veat
769 4953 838 4994 ne
866 4952 985 4992 cum
1015 4937 1129 5008 ipso
1157 4937 1374 4991 diabolo
1404 4946 1564 5006 atque
1592 4939 1794 5004 angelis
1821 4938 1938 5003 ejus
1983 4946 2201 4992 teter-nte

613 5029 1006 5087 combustionis
1034 5029 1312 5099 punitione
1337 5027 1639 5083 damnetur.
1689 5025 1858 5082 Unius
1886 5025 2031 5081 enim
2059 5023 2204 5093 ejus-

616 5127 852 5194 demque
877 5123 1165 5194 impietatis
1193 5131 1275 5178 est
1303 5137 1449 5187 reus,
1471 5123 1514 5176 si
1540 5121 1660 5190 quis
1686 5120 1959 5175 diabolum
1985 5126 2080 5173 aut
2094 5131 2202 5171 non

617 5233 645 5270 a
679 5215 898 5273 Christo
927 5223 1185 5280 creatum,
1216 5222 1309 5268 aut
1339 5211 1761 5268 reconciliationi
1790 5210 1989 5266 Christi
2016 5207 2206 5265 credat

615 5308 945 5379 quandoque
971 5304 1322 5362 reddendum.
1347 5304 1481 5358 Cum
1511 5304 1695 5373 utique
1722 5304 1767 5358 si
1797 5317 1919 5358 eum
1960 5300 2206 5356 Christus

620 5397 881 5454 Dominus
930 5412 1036 5452 non
1089 5403 1343 5462 creasset,
1391 5394 1509 5464 ejus
1562 5393 1882 5450 damnabilis
1928 5407 1960 5446 a
1990 5390 2205 5446 Christo

698 5585 723 5613 ³
753 5573 846 5630 Sic
873 5589 974 5628 ms.
1002 5573 1072 5627 At
1098 5571 1251 5638 editi,
1279 5572 1531 5644 quosdam
1569 5585 1633 5623 ea:
1655 5569 1760 5623 illis
1786 5564 2039 5622 omnibus.
2073 5565 2203 5618 0m-

626 5662 718 5701 nes
747 5646 875 5700 istos
903 5646 1094 5714 itaque.
1215 5712 1238 5714 Α
1519 5710 1532 5714 _
1553 5707 1588 5714 __
1843 5708 1855 5714 ,
1932 5653 1946 5665 ⁴

701 5715 728 5753 δ
759 5715 817 5770 ln
846 5707 1004 5770 editis
1029 5713 1183 5770 deest
1204 5712 1446 5779 Domine,
1468 5707 1788 5778 additurque
1836 5708 1891 5760 in
1937 5715 2204 5760 anei-num.

629 5785 730 5843 Ms.
763 5796 941 5844 autem
967 5783 1114 5839 addit
1138 5782 1378 5846 Domine,
1404 5791 1506 5836 nec
1529 5780 1692 5834 habet
1718 5780 1772 5833 in
1799 5785 2062 5832 wternum.

708 5865 729 5894 ε
758 5855 844 5915 Ms
869 5897 884 5925 ,
915 5856 967 5912 in
997 5856 1125 5926 ipso.
1161 5853 1325 5919 Editi,
1349 5854 1402 5906 in
1440 5851 1629 5921 ipsum,
1672 5849 1823 5920 juxta
1851 5846 2095 5905 Graecum
2141 5849 2208 5906 εἰς

629 5950 804 5992 «νην.

2301 4759 2509 4827 virgine
2555 4757 2880 4812 naturaliter
2925 4754 3218 4811 secundum
3258 4769 3473 4810 carnem
3521 4747 3874 4817 progenitum.

2305 4848 2456 4904 Unus
2483 4848 2626 4903 enim
2659 4847 2907 4915 idemque
2935 4855 3018 4900 est
3044 4846 3183 4891 Deus
3231 4836 3484 4900 Verbum,
3525 4851 3682 4904 quem
3711 4835 3881 4905 prima

2303 4939 2586 4990 nattvltate
2614 4938 2941 4987 cetetemum
2963 4929 3062 4984 sibi
3092 4928 3275 4996 genuit
3301 4929 3574 4983 aeternitas
3604 4925 3794 4990 Patris,
3833 4931 3886 4980 et

2305 5042 2463 5098 quem
2488 5024 2857 5095 temporaliter
2888 5029 3210 5092 conceptum
3248 5022 3479 5076 secunda
3516 5022 3796 5076 nativitale
3828 5018 3876 5072 li-

2312 5120 2440 5174 lium
2469 5117 2702 5172 hominis
2729 5115 2954 5186 protulit
2978 5123 3162 5168 uterus
3191 5113 3480 5183 virginalis.
3521 5112 3687 5181 Cujus
3720 5111 3887 5181 gratia

2309 5208 2487 5275 nobis,
2517 5215 2571 5262 et
2594 5208 2802 5262 initium
2831 5206 2984 5260 bona:
3013 5204 3303 5260 voluntatis
3341 5203 3574 5258 donatur
3615 5201 3685 5256 ad
3713 5200 3884 5262 ﬁdem,

2310 5306 2366 5353 et
2395 5299 2495 5368 ipsi
2525 5297 2788 5352 voluntati
2828 5295 3150 5364 adjutorium
3198 5294 3464 5354 tribuitur,
3499 5303 3555 5346 ut
3584 5292 3728 5362 quod
3757 5292 3889 5345 bene

2314 5390 2427 5444 vult
2449 5391 2586 5445 bene
2601 5397 2876 5459 operetur,
2891 5388 3031 5442 Deus
3057 5387 3225 5456 enim,
3246 5386 3337 5457 qui
3360 5385 3635 5439 hominem
3650 5382 3889 5438 condidit

2354 5561 2409 5647 ,δ
2441 5565 2532 5620 Sic
2557 5579 2658 5673 {23.
2681 5564 2750 5647 At
2776 5563 2926 5673 editi,
2970 5562 3220 5673 Ngtnquid
3272 5565 3532 5620 diabolum
3575 5574 3627 5621 et
3683 5564 3886 5633 angelos

2315 5635 2427 5707 ejus
2453 5636 2722 5706 paciﬁcari
2745 5635 3046 5689 credemus?
3109 5635 3118 5637 ’

2390 5717 2412 5795 ς
2436 5705 2559 5795 ᾔδη
2587 5707 2700 5795 sine
2721 5701 2886 5795 erucis
2915 5705 3104 5762 Christi
3128 5705 3251 5778 ﬁde.
3921 5709 3934 5795 ξ

2393 5775 2410 5813 ί
2437 5775 2531 5830 Ms.
2546 5818 2560 5843 ,
2585 5776 2863 5830 voluntate.

2390 5857 2414 5893 8
2446 5845 2604 5913 Etllli,
2630 5846 2798 5902 habet.
