4108 6470
293 411 404 471 ωδ

1667 437 1998 496 EPISTOLA
2037 435 2198 496 XVII.

3475 452 3580 513 49b

279 537 401 606 ipse
448 537 920 609 prmdestinatione
961 558 1055 598 sua
1121 553 1173 600 et
1219 544 1418 601 donum
1468 547 1874 609 illuminatiouis
1913 563 1958 618 Α
1991 551 2169 621 ﬁdem,
2200 568 2318 626 qua:
2347 569 2444 626 per
2471 555 2752 614 caritatem
2772 565 3417 630 operatur,commendat

274 629 347 681 ad
374 628 729 697 credendum,
747 642 801 689 et
826 634 1024 688 denum
1046 637 1460 705 perseverantiae
1489 639 1554 694 ad
1589 643 1873 710 proﬁcien-

272 722 406 775 dum
436 731 598 792 atque
625 726 1069 794 permanendum,
1101 737 1155 784 et
1208 729 1412 785 donum
1467 731 1872 803 gloriﬁcatibnis

270 817 343 871 ad
360 821 689 890 regnandum
705 825 900 894 quibus
915 828 1042 883 dare
1058 828 1655 900 voluit,prmparavcrit,
1671 829 1871 900 quique

279 922 394 964 non
425 909 583 966 aliter
603 914 814 984 perlicit
833 915 886 970 in
917 933 1082 988 opere
1106 934 1266 989 quam
1312 921 1364 976 in
1413 938 1508 978 sua
1555 924 1882 996 sempiterna

279 1012 448 1074 atque
503 1006 930 1067 incommutabili
985 1014 1150 1071 habet
1203 1017 1520 1090 dispositum
1577 1022 1877 1079 voluntate.

276 1091 449 1164 Cujus
504 1098 990 1168 pnedeslinationis
1046 1106 1364 1177 veritatem,
1439 1127 1543 1182 qua
1599 1128 1698 1168 nos
1754 1123 1880 1170 ante

278 1187 465 1243 mundi
535 1192 976 1251 constitutionem
1056 1199 1466 1268 prmdestiuatos
1533 1204 1585 1258 iu
1661 1201 1878 1262 Christo

277 1285 513 1336 testatur
542 1281 836 1354 Apostolus
884 1288 1100 1361 (Epltes.
1147 1309 1184 1355 ι,
1216 1292 1296 1362 4),
1351 1294 1394 1349 si
1443 1296 1565 1364 quis
1610 1296 1877 1354 detrectat

276 1371 463 1427 cordis
489 1372 811 1433 credulitate
835 1382 1098 1452 recipere,
1131 1384 1215 1439 vel
1246 1385 1357 1440 oris
1387 1387 1726 1445 confessione
1747 1407 1874 1461 pro-

275 1461 451 1534 l‘erre,
500 1467 546 1521 si
576 1478 702 1525 ante
749 1471 993 1529 ultimum
1022 1474 1164 1531 diem
1205 1478 1328 1534 vita:
1366 1481 1645 1550 prazsenlis
1683 1483 1875 1554 impie-

272 1556 402 1610 tatis
431 1573 541 1613 sua:
569 1564 988 1632 contumaciam,
1021 1581 1126 1638 qua
1159 1570 1268 1626 Deo
1297 1571 1420 1628 vivo
1449 1581 1504 1628 et
1535 1588 1663 1630 vero
1694 1577 1873 1634 rebel-

271 1642 338 1703 lis
368 1649 598 1720 obsistit,
633 1667 745 1711 non
771 1655 1048 1727 abjecerit,
1081 1662 1423 1720 manifestum
1464 1673 1547 1721 est
1592 1683 1717 1723 cum
1758 1685 1868 1725 non

269 1740 546 1806 pertinere
571 1744 639 1800 ad
667 1762 856 1803 eorum
899 1767 1176 1807 nmnerum
1205 1769 1342 1824 quos
1367 1755 1510 1812 Deus
1547 1757 1601 1814 in
1649 1758 1865 1817 Christo

265 1837 398 1886 ante
419 1835 602 1891 mundi
631 1840 1072 1898 constitutionem
1102 1849 1268 1915 gratis
1295 1847 1458 1918 elegit
1496 1855 1552 1904 et
1587 1850 1864 1921 praedesti-

1988 646 2179 712 stolus,
2211 647 2304 703 illo
2329 647 2534 704 scilicet
2561 657 2761 708 nostra:
2787 650 2978 710 salutis
3002 653 3248 720 obtentu.
3279 658 3429 730 quoii
3445 661 3578 732 [idea

1985 736 2098 790 sine
2125 738 2363 809 operibus
2390 749 2595 795 mortua
2623 745 2773 798 estin
2794 746 3070 816 sentetipsa
3092 746 3233 818 (Jac.
3264 765 3324 812 ιι,
3347 747 3463 820 26).

2055 831 2186 890 Car.
2210 850 2266 888 ιι.
2299 866 2369 876 -
2399 835 2451 892 5.
2479 835 2616 892 Volo
2641 837 2840 908 itaque,
2868 839 3167 908 carissime,
3202 850 3262 896 ut
3299 843 3438 902 scias
3463 861 3575 902 non

1985 943 2093 982 uno
2122 927 2282 984 modo
2305 929 2485 989 dicere
2513 934 2935 1003 corruptionem,
2988 934 3083 990 sed
3125 935 3334 993 duobus
3375 940 3572 1005 modis,

1981 1020 2120 1075 sicut
2149 1019 2378 1079 dicimus
2407 1023 2796 1092 inﬁrmitatem,
2829 1035 2886 1082 et
2918 1027 3165 1084 similiter
3191 1040 3442 1090 mortem.
3467 1032 3574 1089 Do~

1981 1115 2160 1172 minus
2188 1119 2331 1173 enim
2354 1128 2586 1177 mortem
2612 1121 2788 1192 inquit
2814 1137 2934 1178 esse
2964 1125 3422 1195 perpetrationem
3462 1128 3572 1184 cri-

1981 1207 2159 1275 minis,
2196 1218 2251 1265 et
2279 1219 2510 1268 mortem
2552 1211 2604 1267 in
2635 1227 2738 1283 qua
2769 1213 3054 1269 retributio
3100 1215 3446 1272 nihilominus
3489 1219 3574 1274 in-

1980 1299 2236 1370 telligitur
2261 1303 2498 1358 ultionis.
2531 1303 2736 1359 Dicitur
2777 1306 2939 1360 etiam
2980 1305 3264 1363 inﬁrmitas
3310 1309 3570 1380 hominis,

1977 1392 2095 1464 ejus
2114 1395 2322 1452 scilicet
2347 1396 2440 1467 qui
2466 1395 2690 1452 exhibet
2733 1405 2956 1467 peccato
3003 1398 3302 1466 servitium,
3351 1407 3410 1455 et
3453 1401 3572 1471 ejus

1974 1489 2066 1558 qui
2094 1496 2272 1560 portat
2301 1490 2510 1561 peccati
2547 1489 2886 1562 supplicium.
2922 1489 3218 1562 Utrumque
3248 1490 3318 1547 ad
3343 1489 3571 1549 inﬁrmi-

1974 1587 2142 1636 tatem
2173 1580 2409 1651 pertinet
2436 1582 2759 1652 peccatoris,
2791 1589 2849 1637 et
2887 1582 3176 1639 delectatio
3206 1584 3260 1638 iu
3305 1585 3565 1655 peccatis,

1971 1684 2027 1730 et
2055 1673 2273 1732 alﬁictio
2303 1692 2402 1748 pro
2426 1677 2679 1747 peccatis.
2711 1675 2801 1733 Sic
2822 1677 2987 1732 etiam
3033 1677 3438 1747 corruptionem
3467 1677 3567 1732 du-

1971 1769 2184 1840 pliciter
2238 1766 2487 1841 dicimus,
2530 1769 2684 1840 cujus
2740 1785 2846 1824 uua
2886 1783 3014 1841 pars
3062 1768 3116 1823 in
3161 1767 3278 1824 sola
3333 1768 3568 1827 hominis

1971 1839 2152 1933 culpa,
2196 1839 2364 1919 altera
2395 1839 2667 1919 invenitur
2689 1862 2742 1917 in
2773 1839 2953 1934 paena.
2998 1859 3076 1916 Ad
3104 1859 3316 1932 culpam
3346 1860 3566 1933 quidem

265 1923 417 1978 navit
443 1926 510 1994 ad
539 1927 784 1997 regnum.
810 1931 915 1990 Pro
943 1936 1137 2004 quibus
1160 1946 1340 1995 tamen
1382 1956 1485 1997 nec
1523 1941 1699 1998 oratio
1731 1943 1862 2000 ﬁde-
1894 1946 1942 2008 B
1968 1923 2204 2026 per-tinet
2260 1953 2348 2009 illa
2403 1923 2791 2026 corruptionis'
2840 1968 2965 2025 pars
3056 1966 3218 2023 quam
3273 1950 3566 2021 Apostolus

265 2013 399 2069 lium
429 2015 589 2075 debet
615 2021 898 2090 desistere,
932 2043 1031 2084 nec
1060 2030 1258 2086 caritas
1292 2033 1582 2104 aliquando
1622 2044 1859 2108 torpere,

266 2112 330 2159 ut
360 2105 503 2164 Deus
540 2112 620 2166 eis
647 2116 878 2182 gratiam
916 2134 1026 2174 sum
1082 2121 1486 2180 illuminationis
1533 2125 1717 2192 donet,
1767 2145 1864 2201 per

263 2211 430 2266 quam
459 2201 513 2256 in
543 2202 672 2275 ipsis
697 2221 883 2264 semen
928 2209 1094 2267 divini
1138 2215 1404 2274 sermonis
1440 2215 1742 2285 Iructiﬁcet,
1770 2220 1862 2290 qui

263 2291 464 2362 [rustra
493 2299 832 2356 exterioribus
862 2304 1072 2369 auribus
1108 2317 1280 2373 sonat,
1311 2309 1414 2364 nisi
1449 2309 1590 2365 Deus
1631 2313 1861 2382 spiritali

267 2395 496 2442 munere
526 2388 766 2446 auditum
792 2390 1023 2468 hominis
1048 2391 1321 2454 interioris
1345 2401 1574 2470 aperiat.

790 2504 1124 2564 EPISTOLA
1164 2509 1345 2566 XVIII.

264 2606 579 2703 Futgentius
611 2616 808 2703 liegino
837 2622 1031 2703 comiti2
1055 2626 1368 2703 respondens
1392 2629 1462 2681 ad
1478 2630 1705 2698 priorem
1732 2651 1858 2703 pro-

333 2685 661 2762 positantob
688 2685 820 2760 'ipso
849 2685 1181 2762 qmestionein
1206 2712 1224 2748 :
1265 2695 1449 2752 Utrum
1478 2685 1618 2756 'caro
1666 2685 1859 2758 Christi

333 2757 684 2838 corruptibilis
726 2757 801 2815 ἀιι
855 2757 1260 2840 incorruptibilis
1309 2769 1486 2838 fuerit.
1530 2757 1854 2840 Posteriori,

332 2827 953 2915 quiimortenprterentns
977 2827 1281 2915 satisfacere
1309 2827 1414 2915 non
1442 2843 1628 2910 potuit,
1651 2827 1860 2915 satiare1

334 2896 406 2987 c'it
426 2895 728 2987 Ferrqndus
753 2911 778 2940 ⁸
807 2905 959 2974 epist.
991 2905 1061 2957 ad
1081 2895 1312 2962 eumdem
1343 2909 1406 2963 de
1424 2895 1628 2980 septem,
1649 2895 1859 2987 Reguli—is

335 2964 676 3025 Innocentiaa.

334 3055 519 3115 Carur
549 3077 585 3116 ι.
616 3095 689 3104 -
735 3063 1020 3136 Accipiens
1049 3068 1258 3124 litteras
1300 3078 1438 3138 tuas,
1477 3071 1550 3129 ﬁli
1580 3075 1858 3135 carissime

264 3145 488 3219 Regine,
513 3161 568 3208 et
595 3155 1013 3215 sollicitudinem
1047 3162 1226 3218 cordis
1259 3165 1335 3218 tui
1383 3178 1704 3234 agnorcens.
1747 3171 1856 3227 Do-

262 3244 466 3301 minum
488 3249 809 3319 collaudavi,
844 3254 937 3323 qui
979 3264 1159 3325 potest
1202 3266 1510 3329 utrumque,
1557 3272 1615 3316 et
1657 3265 1852 3321 bonum

260 3337 509 3394 conferre
529 3343 871 3410 servandum,
906 3355 961 3400 et
988 3362 1212 3405 servare
1241 3351 1521 3408 collatum.
1559 3352 1857 3428 Utrumque

258 3429 405 3484 enim
430 3433 662 3502 pertinet
681 3434 749 3488 ad
772 3436 1038 3498 medelam
1061 3441 1360 3498 animarum
1388 3455 1716 3514 nostrarum,
1745 3465 1855 3520 quo

258 3522 590 3586 gaudeamus
624 3527 679 3581 in
732 3528 1006 3586 beneﬁciis
1033 3545 1154 3601 qua:
1199 3535 1356 3591 nobis
1390 3537 1616 3594 inﬁrmis
1659 3542 1857 3599 medici

258 3615 422 3686 325
439 3619 610 3672 nostri
633 3633 742 3674 non
761 3619 959 3676 desinit
985 3623 1267 3681 ineﬁahilis
1294 3630 1510 3697 operari
1530 3630 1854 3702 benignitas,

259 3715 321 3760 ut
348 3709 574 3778 spiritali
605 3711 845 3782 profectu
873 3721 930 3768 et
952 3723 1214 3783 augeatur
1256 3718 1310 3773 in
1354 3719 1511 3775 nobis
1543 3725 1771 3793 sanitas,
1799 3734 1856 3782 et

259 3797 534 3854 minuatur
561 3800 864 3858 inﬁrmitas.
900 3803 1090 3860 Modus
1121 3821 1252 3861 vero
1289 3807 1617 3867 inﬁrmitatis
1653 3823 1855 3871 nostrae

256 3889 458 3961 duplici
505 3874 766 3962 qualitate
809 3897 1103 3952 consistit:
1144 3899 1190 3954 si
1231 3899 1316 3955 vel
1356 3916 1455 3972 per
1494 3904 1853 3972 ignorantiam

258 3981 436 4037 minus
465 3982 667 4053 aliquid
694 3985 748 4039 in
771 3984 878 4042 ﬁde
903 3989 1233 4056 noverimus,
1284 3990 1370 4046 vel
1421 3993 1622 4063 aliquid
1661 3996 1856 4053 habea-

259 4081 380 4124 mus
402 4072 456 4126 in
484 4074 740 4144 operibus
764 4078 986 4144 nostris,
1016 4079 1160 4148 quod
1189 4097 1296 4136 non
1324 4085 1612 4140 conveniat
1654 4089 1854 4157 regulze

259 4162 522 4220 veritatis.
572 4168 837 4233 Quoniam
881 4171 1044 4240 igitur
1070 4189 1258 4248 corpus
1302 4177 1441 4247 quod
1484 4182 1848 4250 corrumpitur,

256 4263 505 4324 aggravet
543 4258 774 4312 animam
822 4259 975 4331 (Sap.
1008 4263 1242 4333 3,15),
1300 4265 1426 4322 ideo
1479 4283 1578 4324 nos
1619 4277 1852 4342 utraque

255 4347 544 4402 conturbat
571 4349 871 4408 inﬁrmitas.
904 4353 1010 4410 Sed
1047 4355 1137 4412 ille
1164 4359 1254 4428 qui
1283 4375 1384 4415 nos
1422 4360 1570 4430 fecit,
1620 4371 1677 4419 et
1714 4381 1849 4435 gau-

255 4435 386 4495 dere
429 4445 682 4514 praecepit
708 4447 832 4516 quia
874 4448 1004 4504 vicit
1042 4452 1302 4508 mundum
1347 4454 1528 4525 (Joan.
1581 4475 1686 4524 xvi,
1732 4460 1846 4531 55),

255 4545 536 4599 speramus
559 4536 685 4604 quia
713 4553 813 4593 nos
842 4539 896 4594 in
927 4539 1050 4608 tide,
1081 4557 1202 4614 qua:
1231 4559 1329 4616 per
1347 4547 1629 4605 caritatem
1652 4565 1848 4622 opera-

257 4629 363 4689 tur,
388 4627 654 4694 perﬁciet.

1967 2047 2226 2112 ostendit,
2281 2046 2368 2102 ubi
2423 2045 2591 2102 dicrt:
2643 2044 2894 2100 Homines
2943 2045 3174 2114 corrupti
3230 2052 3418 2109 mente,
3478 2059 3564 2097 re-

1963 2139 2111 2211 probi
2156 2139 2295 2194 circa
2324 2137 2482 2208 [idem
2525 2135 2614 2209 (11
2665 2135 2798 2191 Tim.
2832 2153 2910 2204 ιιι,
2937 2132 3014 2206 8).
3060 2135 3138 2189 Ad
3181 2135 3318 2189 hanc
3352 2141 3563 2204 partem

1964 2229 2326 2302 corruptionis
2354 2228 2589 2299 pertinet
2617 2227 2762 2299 quod
2791 2227 2898 2282 alio
2945 2227 3066 2282 loco
3109 2225 3261 2289 dicit,
3311 2225 3562 2281 Corrum-

1963 2335 2092 2395 punt
2112 2340 2280 2378 mores
2309 2313 2469 2377 bonos
2499 2323 2754 2395 colloquia
2782 2338 2945 2393 prava
2976 2319 3028 2392 (1
3050 2319 3171 2376 Cor.
3198 2336 3283 2385 xv,
3307 2319 3420 2388 ‘55).
3455 2317 3563 2400 Ista

1963 2413 2328 2485 corruptionis
2353 2427 2477 2484 pars
2505 2411 2680 2484 primo
2701 2411 2934 2469 animam
2956 2411 3119 2482 capit,
3139 2418 3194 2466 ct
3215 2426 3311 2481 per
3323 2410 3560 2468 animam

1963 2522 2182 2562 carnem
2215 2505 2267 2560 in
2308 2512 2590 2575 peccatum
2640 2503 2822 2558 trahit.
2858 2501 2985 2559 limc
3028 2518 3152 2573 pars
3198 2501 3562 2575 corruptionis

1963 2605 2199 2651 mentem
2226 2594 2588 2666 superbientis
2618 2595 2794 2664 angeli
2823 2593 2998 2666 primo
3028 2594 3242 2660 invasit,
3274 2608 3338 2649 ac
3365 2591 3566 2662 deinde

1963 2689 2193 2760 primum
2259 2686 2555 2753 hominem,
2606 2685 2949 2756 postmodum
3006 2693 3180 2741 totum
3233 2698 3403 2754 genus
3455 2685 3556 2752 hu:

1963 2797 2202 2838 manum.

2035 2874 2087 2930 4.
2118 2873 2351 2930 Primam
2383 2887 2512 2942 ergo
2537 2871 2898 2944 corruptionis
2918 2876 3148 2944 partem,
3173 2883 3292 2941 qua:
3312 2869 3561 2926 consistit

1962 2977 2015 3031 in
2062 2955 2497 3046 concupiscentia
2541 2971 2628 3028 vel
2665 2970 3072 3042 perpetratione
3103 2968 3332 3040 peccati,
3370 2975 3559 3024 secuta

1961 3075 2045 3122 est
2089 3065 2177 3121 illa
2226 3080 2350 3136 pars
2395 3078 2514 3135 qua:
2540 3070 2754 3118 constat
2788 3061 2846 3116 in
2892 3060 3249 3116 retributione
3283 3058 3557 3132 supplicii,

1959 3171 2081 3226 qua:
2107 3154 2318 3211 duobus
2339 3162 2489 3210 tenet
2517 3153 2752 3208 animam
2780 3159 2839 3208 et
2863 3166 3062 3223 corpus
3090 3150 3324 3210 hominis
3360 3164 3557 3222 peccao

1961 3248 2115 3304 toris.
2140 3245 2198 3302 In
2229 3247 2345 3320 ipsa
2383 3259 2601 3315 quoque
2641 3241 3000 3299 retributione
3041 3239 3287 3312 quaedam
3333 3250 3461 3297 sunt
3503 3241 3558 3295 in

1884 3333 1929 3397 C
1960 3341 2156 3411 quibus
2177 3352 2337 3412 poena
2365 3339 2572 3410 peccati
2607 3333 2767 3390 simul
2815 3333 2886 3389 sit
2923 3339 2980 3390 et
3021 3347 3196 3407 ipsum
3232 3339 3556 3402 peccatum;

1960 3432 2066 3487 alia
2093 3446 2225 3486 vero
2253 3438 2398 3496 sunt,
2447 3427 2504 3484 in
2531 3427 2726 3498 quibus
2761 3425 2937 3482 solum
2984 3426 3055 3482 sit
3100 3424 3308 3498 peccati
3353 3423 3558 3496 suppli—

1959 3526 2122 3581 cium.
2151 3521 2208 3578 In
2237 3522 2342 3578 illis
2365 3534 2496 3590 ergo
2525 3519 2579 3575 in
2607 3518 2804 3589 quibus
2825 3516 3094 3589 reperitur
3114 3531 3275 3588 poma
3320 3514 3480 3575 simul
3500 3522 3576 3570 et.

1959 3618 2138 3689 culpa,
2169 3629 2338 3686 opere
2366 3629 2475 3684 quo
2496 3620 2681 3668 reatus
2725 3611 2780 3666 in
2829 3618 3120 3683 peccatore
3159 3609 3402 3682 punitur,
3440 3608 3556 3665 Deo

1957 3709 2388 3777 derelinquente,
2414 3713 2643 3773 augetur
2665 3702 2887 3759 homine
2915 3701 3283 3772 delinquente.
3321 3698 3448 3756 Haec
3468 3711 3555 3756 cst

1957 3799 2048 3855 illa
2079 3813 2204 3871 pars
2225 3793 2591 3868 corruptionis
2617 3807 2716 3864 per
2742 3807 2906 3864 quam
2951 3791 3032 3849 sic
3068 3797 3290 3862 peccata
3330 3789 3556 3861 puniun-

1959 3899 2046 3946 tur
2075 3891 2130 3945 in
2159 3889 2380 3946 homine
2401 3895 2460 3942 ut
2480 3901 2589 3942 non
2617 3885 2887 3953 desinant,
2908 3883 3006 3940 sed
3026 3892 3085 3939 ut
3107 3891 3354 3940 crescant
3376 3901 3390 3938 :
3414 3883 3555 3940 sicut

1956 3988 2042 4038 est
2087 3980 2252 4036 libido
2297 3979 2458 4051 325
2485 3977 2668 4034 cordis
2721 3983 2780 4032 et
2820 3974 3085 4048 corporis,
3142 3987 3263 4042 quae
3313 3988 3446 4029 cum
3483 3987 3554 4028 ex

1956 4091 2116 4148 pmna
2136 4082 2343 4148 peccati
2373 4073 2610 4139 eveniat,
2651 4081 2932 4142 peccatum
2969 4068 3313 4142 multiplicat,
3343 4075 3401 4126 et
3443 4066 3556 4122 ani-

1956 4184 2101 4226 mam
2130 4166 2398 4240 punitioni
2423 4163 2693 4229 subditam
2719 4161 2881 4217 noxia
2912 4159 3274 4218 delectatione
3293 4157 3550 4231 captivat.

1956 4262 2194 4320 Tertiam
2222 4275 2439 4332 quoque
2482 4258 2820 4332 punitionem
2867 4255 2992 4312 huic
3029 4251 3278 4311 secunda:
3315 4250 3554 4316 retribu-

1957 4365 2064 4414 tam
2095 4351 2388 4425 Apostolus
2413 4350 2543 4406 dicit
2568 4368 2582 4404 :
2619 4347 2840 4420 Propter
2866 4345 3002 4419 quod
3027 4344 3244 4400 tradidit
3270 4342 3388 4400 illos
3410 4341 3552 4398 Deus

1953 4447 2007 4504 in
2038 4444 2311 4516 reprobum
2352 4458 2582 4507 sensum,
2611 4449 2668 4494 ut
2709 4439 2907 4512 faciunt
2948 4452 3062 4510 quis
3096 4452 3201 4491 non
3241 4435 3553 4491 conueniunt

1955 4539 2136 4611 (Rom.
2166 4555 2205 4601 ι,
2246 4536 2360 4609 28).
2395 4535 2514 4591 Νοιι
2539 4547 2670 4602 ergo
2696 4539 2756 4588 ut
2784 4531 3320 4602 patianturtantum,
3353 4527 3451 4585 sed
3492 4535 3552 4583 ut

1955 4634 2162 4690 faciant
2188 4632 2331 4687 unde
2354 4637 2576 4701 peccata
2601 4626 3040 4697 multiplicentur,
3072 4621 3252 4677 divina
3280 4621 3335 4676 in
3357 4636 3549 4691 repro-

321 4713 373 4767 Ξ.
407 4713 549 4771 Dicis
573 4735 702 4786 ergo
744 4725 888 4801 quod
907 4740 1078 4796 nttper
1097 4727 1151 4782 in
1172 4726 1406 4786 Orientis
1435 4733 1678 4802 partibus
1699 4750 1840 4790 nova
1877 4722 1925 4780 D
1952 4730 2082 4784 bum
2136 4739 2355 4782 sensum
2400 4721 2750 4779 damnatione
2799 4718 3102 4774 traduntur.
3161 4714 3546 4771 Verumtamen

252 4814 334 4861 est
362 4815 480 4863 orta
511 4810 811 4880 inquisitio,
860 4817 978 4867 aliis
1018 4821 1384 4876 asserentibus
1430 4822 1841 4894 incorruptibile

250 4897 416 4954 fuisse
461 4915 658 4972 corpus
699 4903 896 4960 Christi
927 4905 995 4960 ab
1022 4906 1140 4976 ipso
1188 4915 1560 4980 conceptionis
1595 4917 1838 4983 exordio,

249 4991 370 5046 aliis
411 5001 588 5048 autem
610 4997 942 5050 contrarium
973 4996 1283 5063 fatentibus,
1321 5003 1672 5071 corruptibile
1715 5017 1842 5062 ante

247 5084 576 5152 passionem,
609 5086 1014 5159 incorruptibile
1047 5106 1175 5146 vero
1203 5101 1327 5161 post
1361 5098 1834 5154 resurrectionem.

248 5174 325 5229 'I‘u
357 5183 534 5232 tamen
584 5177 636 5232 in
676 5186 902 5250 utraque
930 5190 1084 5251 parte
1125 5183 1280 5239 valde
1308 5185 1580 5255 hmsitans,
1611 5204 1711 5243 nec
1751 5206 1839 5245 re-

248 5266 513 5336 spondere
557 5271 753 5335 sciens,
817 5273 983 5327 instas
1031 5281 1089 5328 ut
1138 5276 1265 5343 quid
1315 5285 1499 5332 tenere
1545 5278 1837 5336 debeamus

247 5369 640 5414 commoneam.
675 5359 798 5415 Haec
824 5370 948 5416 sunt
968 5379 1088 5433 qua:
1117 5363 1437 5434 interrogas.
1463 5365 1722 5437 Superius
1741 5386 1838 5425 au~

243 5453 348 5501 tem
372 5456 478 5504 tua:
504 5451 878 5520 gratulationis
907 5453 1106 5509 indicio
1136 5456 1374 5512 insinuas
1413 5466 1466 5512 te
1513 5459 1648 5514 meis
1689 5459 1834 5515 litte-

246 5537 319 5590 ris
344 5550 669 5598 recreatum.
703 5544 966 5612 Quoniam
990 5546 1154 5615 igitur
1181 5548 1534 5618 interrogatio
1565 5558 1652 5604 tua
1699 5553 1835 5607 recti

245 5631 421 5684 cordis
444 5635 711 5691 tramitem
741 5637 931 5703 tenuit,
959 5653 1067 5710 quo
1096 5639 1343 5710 primitus
1371 5642 1515 5711 quod
1545 5643 1611 5697 ad
1649 5641 1834 5712 ﬁdem,

243 5721 433 5778 deinde
477 5726 622 5795 quod
661 5729 726 5782 ad
766 5745 932 5802 opera
981 5734 1237 5804 pertinet,
1280 5735 1659 5806 apprehendit,
1709 5738 1836 5809 quia

1953 4821 2070 4876 hee
2099 4817 2341 4881 traditio,
2391 4827 2501 4870 non
2527 4813 2580 4867 in
2609 4811 2930 4882 operatione
2955 4807 3076 4876 Dei,
3111 4806 3209 4862 sed
3255 4807 3308 4862 in
3357 4805 3545 4862 deser-

1949 4913 2101 4968 tione
2128 4907 2394 4966 consistit.
2427 4903 2698 4972 Quosdam
2727 4903 2871 4959 enim
2902 4903 3066 4958 tradit
3111 4901 3274 4962 Deus,
3316 4913 3419 4955 nee
3461 4898 3545 4952 di-

1951 5004 2118 5059 mittit
2155 5021 2166 5056 :
2199 4997 2466 5070 quosdam
2514 5011 2645 5054 vero
2694 4997 2750 5051 in
2794 5013 2861 5052 eo
2889 4996 3036 5066 quod
3087 4994 3249 5051 tradit
3293 4991 3539 5048 dimittit.

1951 5093 2134 5149 Bonos
2158 5091 2236 5147 s'ic
2265 5087 2431 5144 tradit
2452 5096 2676 5159 paterna
2706 5088 3058 5156 benignitate,
3089 5095 3150 5142 ut
3189 5100 3297 5140 non
3325 5085 3543 5140 deserat

1949 5191 2176 5253 paterno
2194 5177 2490 5249 juvamine.
2533 5177 2612 5232 Ac
2638 5193 2734 5248 per
2756 5177 2860 5232 hoc
2883 5176 3044 5231 tradit
3069 5191 3164 5231 eos
3189 5174 3256 5229 ad
3285 5171 3542 5244 patienda

1942 5275 2084 5330 tuala
2111 5273 2306 5345 quibus
2323 5272 2422 5342 ipsi
2453 5269 2819 5342 perﬁciantur,
2850 5285 2955 5325 non
2985 5269 3052 5324 ad
3075 5267 3315 5324 facienda
3345 5267 3542 5337 quibus

1941 5367 2240 5423 deteriores
2281 5366 2534 5420 existant.
2569 5363 2739 5423 Malos
2782 5372 2964 5418 autem
2996 5362 3063 5416 ad
3106 5363 3210 5417 hoc
3241 5361 3404 5416 tradit
3434 5360 3540 5416 Do-

1939 5461 2138 5528 minus,
2170 5467 2225 5514 et
2258 5457 2497 5522 dimittit,
2527 5465 2606 5523 ut,
2646 5457 2764 5527 ipso
2786 5455 3091 5523 deserente,
3128 5453 3256 5509 dum
3298 5469 3405 5509 non
3440 5452 3539 5508 Dei

1939 5551 2296 5614 voluntatem,
2352 5548 2450 5605 sed
2497 5561 2650 5603 suam
2692 5553 3013 5614 sequuntur,
3050 5561 3146 5601 sua
3204 5543 3539 5609 turpitudine

1939 5643 2300 5713 delectentur,
2327 5657 2426 5698 nec
2447 5654 2662 5714 pugnam
2687 5652 2838 5694 suam
2861 5645 3080 5710 portent
3121 5637 3294 5703 inviti,
3325 5636 3418 5692 scd
3447 5652 3540 5692 se-

1940 5746 2177 5806 quantur
2199 5736 2382 5792 illecti.

316 5945 340 5973 α
375 5934 434 5991 ν.
463 5936 601 5993 inter
631 5953 793 6010 opera
817 5939 1062 6012 Fulgent.
1088 5938 1391 6001 Ferrandia
1409 5943 1658 6003 Chiﬁetio
1684 5942 1828 6006 edita
1859 5960 1986 6005 ana.
2019 5943 2173 6002 ιϐιδ.
