4130 6466
608 422 712 481 195
1630 414 1689 472 S.
1729 402 2090 468 FULGENTII
2131 398 2439 457 EPISCUPI
2479 395 2851 454 RUSPENSIS
3299 423 3307 431 -
3738 389 3834 447 εκ,

616 484 619 487 Ι
678 528 814 588 Ωιι».
837 544 915 586 ιιι.
935 561 1009 573 --
1032 526 1087 584 5.
1113 527 1237 584 Haec
1272 535 1355 584 est
1403 527 1707 598 iniquorum
1744 520 2037 592 corruptio,
2065 530 2184 588 quas
2214 519 2259 578 Α
2291 520 2371 565 tur
2398 509 2572 582 (Rom.
2605 524 2679 577 vt,
2703 505 2782 580 9).
2812 507 3053 563 Christus
3081 518 3209 574 ergo
3239 519 3346 598 non
3394 501 3829 598 vidlt__corrupt_lo.

609 621 688 689 εἷο
707 627 793 677 est
818 634 976 689 poena
1023 619 1249 691 peccati,
1278 627 1339 674 ut
1378 620 1450 674 sit
1489 627 1547 674 et
1575 618 1687 688 ipsa
1727 620 2024 686 peccatum.
2072 609 2188 663 Alia

611 710 975 781 corruptionis
998 726 1124 781 pars
1169 720 1251 766 est
1273 714 1390 780 qua:
1420 726 1519 766 nec
1571 710 1802 764 animam
1847 721 1948 761 nec
1993 717 2190 773 corpus

616 801 791 856 ﬁdelis
820 802 1055 857 hominis
1077 802 1288 872 polluit,
1319 802 1413 858 sed
1434 800 1658 872 afﬂigit:
1690 800 1815 870 quia
1845 812 1947 853 nec
1993 794 2060 850 ad
2104 796 2187 848 in-

614 891 946 959 quinandum
994 891 1284 956 hominem,
1332 889 1425 947 sed
1472 889 1538 945 ad
1573 886 1955 944 humiliandum
1998 882 2191 936 militat

617 989 982 1051 peccatorem.
1006 978 1309 1050 llacitaque
1324 979 1646 1035 discretione
1669 985 1899 1040 retenta,
1922 975 2047 1028 dum
2069 988 2191 1027 cor-

616 1072 921 1141 ruptionem
951 1072 1303 1130 voluntariam
1326 1086 1355 1125 a
1384 1072 1729 1141 corruptione
1756 1068 1953 1138 poenali
1985 1066 2188 1119 discer-

620 1161 816 1226 nimus,
843 1163 1110 1234 ipsiusquc
1131 1162 1355 1232 poenalis
1396 1160 1755 1231 corruptionis
1786 1174 1946 1215 unam
1981 1165 2188 1227 partem

618 1265 742 1305 cum
770 1263 1016 1321 peccato,
1046 1254 1270 1307 alteram
1298 1254 1415 1308 sine
1442 1260 1663 1323 peccato
1688 1251 1861 1317 inesse
1887 1246 2191 1304 hominibus

620 1340 911 1407 invenitur,
939 1343 1062 1397 talis
1098 1354 1277 1398 autem
1327 1344 1602 1413 corruptio
1632 1343 1810 1397 cordis
1858 1339 1992 1395 nihil
2047 1337 2191 1392 aliud

618 1440 725 1511 est,
750 1433 849 1487 nisi
874 1433 1101 1503 privatio
1132 1435 1398 1504 sanitatis,
1429 1429 1551 1504 quia
1597 1434 1736 1489 nulla
1765 1449 1830 1488 es
1859 1434 1959 1487 hac
2000 1446 2191 1487 corru-

620 1522 805 1591 ptione
846 1525 1184 1581 contrahitur
1211 1527 1483 1595 iniquitas,
1520 1526 1644 1582 licet
1691 1527 1817 1581 insit
1863 1524 2145 1580 inﬁrmitas
2170 1540 2192 1576 τ

621 1612 872 1669 facillime
895 1615 1196 1672 invenimus
1222 1633 1384 1688 quam
1408 1626 1613 1688 partem
1642 1617 2000 1688 corruptionis
2015 1632 2191 1671 susce-

617 1701 967 1773 pit'Christus
1008 1704 1062 1759 in
1106 1721 1353 1777 corpore.
1401 1707 1799 1778 Nanrquamvis
1827 1721 2042 1763 carnem
2088 1721 2191 1777 pro

614 1786 775 1845 nobis
794 1795 1115 1864 susceperit,
1145 1804 1324 1852 tamen
1356 1798 1563 1868 accepit
1605 1799 1895 1854 immunem
1942 1798 2010 1854 ab
2043 1796 2191 1853 omni

2292 618 2438 668 nem,
2468 601 2593 672 quia
2630 599 2833 656 nullam
2859 598 3030 655 sensit
3057 612 3183 653 caro
3212 596 3328 666 ejus
3348 594 3695 667 putredinem.
3734 593 3830 650 llos

2289 702 2469 748 autem
2495 707 2603 748 non
2634 690 2873 762 ejusdem
2898 689 3076 746 carnis
3123 685 3616 759 incorruptibilitas,
3651 683 3736 740 sed
3760 699 3834 740 rc-

2289 767 2639 838 surrectionis
2684 779 2934 836 celeritas
2969 777 3116 834 fecit.
3165 776 3260 833 His
3287 772 3536 833 omnibus
3574 776 3625 843 in
3668 773 3833 844 quibus

2290 879 2490 927 nostra:
2534 869 2904 926 scminationis
2951 882 3015 924 ac
3068 857 3476 924 resurrectionis
3516 864 3832 921 certissimam

2289 963 2607 1034 qualitatem
2654 962 2833 1017 verbis
2903 961 3214 1034 apostolicis
3266 967 3488 1016 sanctus
3546 956 3835 1028 Augustinus

2290 1053 2543 1122 ostendit,
2574 1053 2756 1110 dicens
2784 1070 2797 1107 :
2823 1051 3037 1108 Constat
3063 1054 3257 1124 itaque,
3282 1060 3454 1123 neque'
3467 1048 3571 1103 ullo
3598 1054 3737 1102 modo
3757 1046 3837 1100 duo

2291 1144 2558 1199 bitandum
2584 1152 2681 1210 est,
2704 1161 2889 1216 corpus
2917 1143 3130 1211 Christi,
3160 1142 3297 1215 quod
3333 1142 3452 1196 licet
3492 1140 3836 1210 corruptionem

2291 1235 2579 1306 putredinis
2604 1234 2658 1289 in
2687 1234 2921 1303 sepulcro
2946 1252 3051 1289 non
3080 1235 3320 1301 senserit,
3347 1233 3467 1305 quia
3496 1231 3728 1303 scriptum
3753 1235 3835 1293 est,

2298 1344 2318 1380 ι
2352 1326 2468 1382 Νοιι
2523 1326 2675 1382 dabis
2727 1336 2972 1382 sanctum
3024 1335 3172 1382 tuum
3239 1324 3422 1379 videre
3473 1321 3834 1392 corruptionem

2295 1419 2467 1490 (l‘sal.
2498 1434 2587 1485 xv,
2618 1418 2728 1488 10),
2763 1436 2782 1470 ι
2819 1418 2977 1473 clavis
3006 1426 3175 1472 tamen
3204 1426 3254 1471 et
3293 1417 3476 1471 lancea
3504 1412 3744 1483 corrumpi
3764 1427 3851 1484 pta-7

2292 1513 2408 1576 tuit,
2435 1528 2569 1565 nunc
2599 1511 2807 1566 omnino
2831 1510 2887 1564 in
2930 1510 3314 1580 incorruptione
3339 1507 3638 1578 persistere;
3656 1513 3703 1557 et
3724 1502 3836 1577 quod

2288 1604 2344 1655 in
2369 1601 2676 1656 contumelia
2696 1600 2956 1671 passionis
2985 1601 3262 1672 mortisque
3285 1598 3589 1653 seminatum
3615 1603 3702 1661 est,
3723 1611 3834 1649 nunc

2290 1710 2403 1748 esse
2422 1693 2475 1747 in
2496 1693 2663 1765 gloria
2680 1694 2797 1747 uitta
2815 1702 3023 1748 aeterna
3033 1709 3051 1757 ;
3073 1702 3122 1745 et
3142 1692 3277 1763 quod
3298 1708 3362 1745 ea:
3387 1688 3682 1761 inﬁrmitate
3698 1687 3836 1758 pottu't

2291 1785 2545 1857 eruciﬁgi,
2573 1800 2707 1838 nunc
2731 1786 2785 1838 in
2815 1787 2999 1838 uirtute
3033 1796 3279 1854 regnare;
3309 1792 3359 1837 et
3388 1780 3524 1854 quod
3548 1787 3656 1834 erat
3680 1792 3832 1849 corpus

616 1890 841 1956 peccato
866 1884 1114 1953 originali
1165 1895 1220 1943 et
1265 1889 1480 1944 actuali.
1513 1889 1685 1961 Ipsam
1725 1898 1907 1944 tamen
1952 1903 2189 1953 carnem,

2297 1877 2541 1940 animale,
2568 1875 2809 1946 quoniam
2840 1891 2905 1928 ex
2934 1874 3099 1927 Adam
3135 1883 3392 1945 sumptum
3419 1881 3516 1939 est,
3544 1889 3674 1927 nunc
3706 1873 3836 1944 spiri-

616 1970 726 2026 nou
751 1971 922 2027 solum
947 1973 1231 2044 inﬁrmam,
1258 1978 1351 2034 sed
1373 1979 1534 2033 etiam
1565 1980 1832 2036 veraciter
1850 1972 2193 2049 cognoscitur

616 2064 889 2138 accepisse
917 2069 1222 2125 mortalem.
1253 2069 1447 2127 Procul
1469 2071 1630 2128 dubio
1672 2073 1724 2127 in
1761 2079 2021 2143 quantum
2067 2087 2191 2128 cor-

617 2157 741 2244 pori
769 2157 886 2228 ejus
923 2160 1096 2217 inerat
1129 2172 1377 2233 suscepta
1416 2165 1734 2228 mortalitas,
1786 2165 1837 2219 in
1888 2172 2091 2219 tantum
2142 2164 2191 2218 ei

616 2245 795 2323 potuit
822 2247 999 2305 inesse
1038 2253 1397 2321 corruptionis
1439 2254 1738 2309 inﬁrmitas.
1792 2254 1944 2309 lllius
1989 2255 2192 2311 scilicet

618 2337 981 2406 corruptionis
1001 2354 1121 2411 qua:
1149 2342 1301 2398 abest
1329 2343 1397 2398 ab
1425 2345 1571 2400 omni
1597 2354 1837 2415 peccato.

626 2436 629 2439 '
688 2426 742 2480 6.
777 2427 854 2483 Ad
883 2430 1044 2485 talem
1066 2434 1469 2504 corruptionem
1501 2438 1733 2508 pertinet
1767 2436 1936 2494 fames
1972 2447 2027 2493 et
2052 2438 2188 2496 sitis.

615 2512 799 2601 Facile
825 2520 1087 2590 siquidem
1113 2523 1401 2581 esuriendo
1421 2535 1475 2581 et
1494 2527 1724 2583 sitiendo
1746 2543 1941 2600 corpus
1968 2530 2196 2584 mortale

617 2609 996 2681 corrumpitur,
1024 2614 1239 2682 quando
1258 2628 1355 2684 per
1377 2616 1491 2672 lucc
1523 2617 1687 2672 etiam
1716 2616 1783 2671 ad
1810 2617 1979 2688 ipsius
2007 2619 2194 2687 mortis

617 2694 821 2751 exitum
862 2702 1192 2769 pervenitur.
1249 2705 1349 2759 l’er
1392 2720 1553 2775 quam
1603 2714 1828 2761 mortem
1871 2707 2084 2762 venitur
2127 2708 2193 2762 ad

618 2790 1040 2869 corruptionem,
1069 2793 1217 2860 dum,
1243 2795 1524 2854 deserente
1551 2798 1749 2863 anima,
1767 2799 1818 2853 in
1846 2808 2050 2855 tantum
2073 2816 2191 2856 cor-

617 2891 721 2946 pus
742 2883 1120 2954 corrumpitur,
1147 2893 1207 2941 ut
1245 2887 1299 2942 in
1343 2889 1682 2959 putredinem
1714 2905 1776 2945 ac
1804 2889 2076 2961 pulverem
2104 2908 2194 2947 re-

619 2966 852 3038 digatur.
876 2968 1027 3029 Hanc
1054 2978 1454 3047 corruptionem
1495 2995 1622 3035 caro
1657 2979 1853 3036 Christi
1889 2997 1994 3037 non
2043 2984 2194 3049 vidit,

619 3074 740 3129 quae
760 3060 848 3117 die
878 3064 1035 3118 tertia
1066 3068 1378 3123 resurrexit.
1406 3069 1623 3124 Famem
1648 3081 1848 3137 tamen,
1878 3072 2043 3140 sitim,
2075 3073 2197 3127 fati-

620 3151 892 3219 gationem
918 3159 1161 3228 corporis
1184 3174 1249 3215 ac
1275 3161 1518 3217 dolorem
1543 3163 1812 3219 veraciter
1834 3165 1998 3220 sensit
2032 3183 2044 3217 :
2077 3180 2197 3235 qua:

2292 1967 2397 2020 tale
2449 1982 2578 2029 esse,
2633 1967 2875 2038 quoniam
2913 1965 3118 2035 spiritui
3159 1980 3296 2018 nunc
3332 1964 3733 2035 inseparabiliter
3760 1980 3833 2019 co-

2293 2059 2526 2127 pulatum
2576 2066 2652 2112 est
2717 2057 2926 2128 (Epist.
2977 2055 3047 2110 ad
3101 2055 3476 2122 Consentium,
3532 2055 3658 2109 alias
3717 2051 3833 2119 ιισ.

2293 2162 2428 2200 nunc
2450 2145 2596 2219 205).

2365 2237 2417 2293 8.
2456 2237 2548 2295 His
2588 2238 2767 2294 verbis
2819 2237 3147 2307 Augustinus
3185 2235 3428 2291 ostendit
3475 2236 3629 2307 quale
3673 2248 3838 2306 corpus

2293 2329 2490 2386 Christi
2519 2338 2641 2400 post
2664 2328 3113 2386 resurrectionem
3141 2328 3230 2393 sit,
3262 2336 3319 2382 et
3336 2328 3499 2399 quale
3526 2337 3644 2383 ante
3661 2327 3837 2398 passio-

2294 2438 2417 2477 nem
2447 2422 2626 2478 fuerit.
2659 2420 2952 2477 Evidenter
2979 2419 3261 2475 conﬁrmat
3294 2435 3496 2490 corpus
3523 2417 3708 2474 Christi
3739 2428 3865 2472 om-.

2296 2514 2420 2569 nino
2450 2529 2593 2569 nunc
2642 2516 2693 2568 in
2737 2512 3494 2586 incorruptione'persistere,
3527 2525 3662 2565 nunc
3701 2508 3836 2563 etiam

2294 2608 2346 2662 in
2372 2606 2542 2676 gloria
2569 2606 2691 2661 vitae
2713 2612 2949 2671 (clerate,
2981 2619 3123 2659 nunc
3147 2604 3199 2659 in
3233 2604 3435 2660 virtute
3461 2614 3700 2673 regnare,
3722 2613 3839 2655 tunc

2295 2698 2536 2768 spiritale
2556 2710 2699 2753 esse.
2729 2695 2837 2751 Sed
2858 2710 3054 2766 corpus
3090 2711 3196 2750 non
3243 2703 3326 2750 est
3370 2696 3590 2751 omnino
3634 2695 3839 2748 incorru-

2296 2786 2503 2857 ptibile,
2542 2784 2690 2856 quod
2738 2785 2982 2840 dolorem
3030 2793 3208 2856 potest
3251 2800 3348 2855 per
3390 2786 3607 2840 vulnera
3652 2781 3833 2838 sentire.

2300 2879 2565 2947 Quocirca
2616 2887 2845 2950 apparet
2883 2878 3152 2934 Christum
3206 2888 3330 2933 ante
3378 2879 3711 2948 passionem,
3752 2874 3839 2928 itno

2298 2987 2468 3041 usque
2492 2970 2559 3026 ad
2588 2972 2891 3042 passionem
2930 2978 2986 3025 et
3030 2978 3281 3033 mortem,
3314 2969 3544 3023 mortale
3571 2976 3717 3035 atque
3740 2964 3837 3017 ani-

2298 3064 2437 3120 male
2473 3078 2669 3134 corpus
2698 3062 2982 3128 habuisse;
3013 3070 3071 3116 et
3093 3075 3192 3132 pro
3222 3060 3381 3116 nobis
3431 3061 3483 3115 in
3528 3057 3705 3113 eodem
3736 3068 3838 3110 cor-

2299 3169 2429 3224 pore
2479 3168 2661 3208 veram
2705 3151 2919 3216 famem,
2970 3166 3153 3205 veram
3200 3150 3347 3204 sitim
3399 3149 3832 3219 fatigationemquo

621 3247 803 3301 omnia
828 3249 1098 3317 pertinent
1117 3250 1183 3306 ad
1208 3251 1350 3308 illam
1382 3262 1588 3326 partem
1632 3256 1858 3324 ptenalis
1899 3234 2196 3329 corruptio-

2302 3246 2552 3308 sensisse,
2598 3258 2724 3299 vera
2763 3243 3038 3298 clavorum
3069 3257 3133 3297 ac
3162 3243 3358 3297 lancem
3409 3240 3701 3313 percepisse
3743 3234 3842 3291 vul-

623 3337 711 3391 nis
746 3352 906 3408 quam
950 3341 1029 3398 sic
1064 3360 1132 3398 ex
1173 3347 1379 3416 peccati
1408 3363 1564 3419 poena
1611 3348 1873 3420 supplicio
1916 3351 2195 3415 trahimus,

618 3435 682 3479 ut
724 3441 790 3481 es
826 3444 890 3483 ea
923 3432 1127 3487 nullum
1169 3438 1373 3507 peccati
1428 3437 1745 3510 supplicium
1798 3441 2196 3497 contrahamus.

623 3513 871 3574 Esurisse
916 3518 1209 3591 Christum,
1246 3527 1423 3584 sitisse
1445 3527 1922 3600 fatigationemque
1967 3534 2199 3589 sensisse

620 3604 971 3701 Evangelium
1009 3612 1168 3670 docet
1191 3614 1382 3687 (Marc.
1437 3633 1511 3683 xi,
1538 3618 1648 3687 15),
1680 3634 1838 3688 quem
1863 3620 2201 3677 manifestum

623 3707 710 3753 est
735 3702 988 3772 esurisse,
1018 3705 1232 3775 quando
1281 3707 1348 3762 ad
1383 3706 1661 3764 ﬁculneam
1692 3712 1858 3779 venit,
1905 3727 2006 3768 nec
2053 3713 2106 3768 in
2136 3728 2201 3768 ea

623 3788 855 3846 fructum
879 3793 1100 3851 invenit.
1129 3796 1404 3869 Fatigatus
1427 3801 1591 3856 etiam
1611 3818 1679 3858 ex
1710 3804 1905 3861 itinere
1933 3806 2073 3862 sedit
2109 3823 2203 3862 su-

625 3895 724 3953 per
769 3893 990 3959 puteum
1046 3888 1223 3957 (Joan.
1276 3908 1349 3958 tv,
1397 3892 1474 3965 6).
1528 3892 1585 3950 In
1631 3911 1792 3952 cruce
1835 3898 1997 3953 etiam
2044 3899 2202 3967 dixit,

625 3970 764 4063 Sitio
791 3974 971 4063 (loan.
1004 3995 1116 4049 xu,
1146 3983 1261 4061 28).
1295 3983 1544 4043 Dolorem
1569 3987 1732 4043 etiam
1761 3989 2032 4054 sustinuit,
2067 3991 2206 4046 sicut

612 4062 757 4121 dicit
768 4063 950 4124 Esaias
969 4087 982 4124 :
1014 4070 1325 4130 Vulneratus
1341 4085 1416 4130 est
1436 4086 1643 4149 propter
1660 4079 1958 4152 iniquitates
1972 4089 2205 4145 nostras;

624 4153 919 4225 inﬁrmatus
965 4169 1040 4215 est
1079 4172 1290 4232 propter
1323 4166 1516 4221 scelera
1554 4177 1733 4223 nostra
1775 4170 1915 4241 (lsa.
1961 4186 2074 4236 ιιιι,
2125 4172 2204 4243 5).

622 4245 780 4303 Hanc
807 4249 1169 4308 infirmitatem
1197 4255 1251 4310 in
1271 4254 1499 4312 Domino
1521 4274 1627 4314 non
1649 4263 1966 4331 putativam,
1994 4264 2091 4319 sed
2112 4265 2206 4319 vé-

628 4355 746 4395 ram
774 4343 931 4399 docet
956 4344 1246 4415 Apostolus
1268 4366 1283 4402 :
1307 4347 1449 4404 Nam
1469 4352 1564 4405 etsi
1584 4354 1861 4424 cruciﬁxus
1883 4364 1981 4425 est,
2011 4356 2204 4426 inquit,

627 4451 695 4489 ea:
720 4436 1045 4506 inﬁrmitate,
1074 4439 1165 4493 sed
1197 4440 1318 4494 uiuit
1343 4455 1407 4496 ea:
1443 4443 1628 4498 virtute
1651 4445 1812 4516 326
1836 4445 1936 4502 Dei
1954 4438 2055 4519 ’(11
2083 4448 2202 4504 Cor.

631 4542 744 4592 snt,
774 4526 851 4598 4).
883 4527 1252 4588 Inﬁrmitatem
1279 4545 1386 4587 non
1413 4532 1557 4590 aliud
1576 4521 1728 4605 dicit,
1748 4552 1907 4609 quam
1936 4543 2209 4613 corrupti-

618 4615 914 4673 'hilitatem.

624 4739 628 4745 -
700 4707 831 4763 Car.
865 4724 937 4766 tv.
965 4742 1038 4755 —
1057 4709 1113 4767 7.
1139 4709 1329 4769 Restat
1351 4713 1532 4785 itaque
1553 4724 1614 4771 ut
1640 4725 1694 4772 et
1722 4716 1994 4775 Christum
2042 4720 2208 4778 fuisse

629 4799 683 4855 in
713 4799 891 4870 aliqua
930 4803 1278 4873 corruptione
1322 4804 1391 4860 ad
1435 4820 1596 4876 quam
1640 4823 1748 4863 non
1776 4809 1956 4874 rediit,
2004 4818 2059 4865 et
2100 4826 2210 4866 non

621 4885 795 4945 fuisse
815 4888 869 4944 in
892 4903 964 4945 ea
990 4904 1150 4960 quam
1178 4908 1286 4947 non
1313 4892 1466 4957 vidit,
1515 4909 1613 4966 per
1637 4906 1844 4961 sacram
1877 4896 2208 4968 Scripturam

624 4977 922 5036 discamus.
966 4980 1049 5037 Ad
1091 4984 1494 5054 corruptionem
1514 4987 1754 5057 pertinet
1800 4989 2045 5059 corporis
2092 4988 2212 5044 ani-

626 5070 806 5139 malis,
838 5079 896 5128 et
921 5087 1070 5129 mors
1093 5088 1213 5144 qua:
1241 5075 1495 5145 praecedit
1516 5079 1873 5148 putredinem,
1900 5088 1955 5135 et
1978 5080 2207 5150 putredo

626 5174 749 5230 quae
766 5161 1012 5232 sequitur
1043 5170 1294 5220 mortem.
1328 5162 1565 5223 Proinde
1588 5165 1787 5223 Christi
1809 5182 2035 5237 corpus,
2065 5168 2211 5242 quod

629 5257 715 5303 est.
739 5264 867 5306 vere
894 5259 1184 5318 mortuum,
1210 5260 1268 5309 et
1289 5252 1376 5308 die
1403 5255 1562 5311 tertio
1581 5255 1698 5311 sine
1724 5256 1901 5325 aliqua
1930 5256 2212 5325 putredine

631 5342 969 5411 suscitatam,
1001 5359 1163 5400 unam
1192 5352 1400 5416 partem
1423 5345 1785 5415 corruptionis
1800 5345 2017 5411 vidisse,
2048 5346 2211 5401 aliam

632 5447 743 5489 mn
765 5434 962 5491 vidisse
981 5435 1265 5492 dicendum
1291 5444 1395 5493 est.
1417 5435 1538 5491 Fuit
1556 5436 1756 5506 quippe
1781 5437 1837 5491 in
1864 5439 2213 5509 corruptione

630 5524 943 5589 mortis,sed
987 5541 1092 5583 non
1145 5526 1200 5581 in
1241 5526 1588 5597 corruptione
1623 5526 1920 5596 putredinis
1951 5546 1964 5581 :
1993 5528 2208 5598 quando

629 5629 762 5671 caro
787 5613 986 5672 Christi
1014 5617 1093 5672 sic
1112 5624 1196 5672 est
1215 5623 1453 5683 mortua,
1477 5622 1536 5670 ut
1555 5615 1700 5671 nulla
1728 5615 1918 5673 fuisset
1936 5621 2209 5677 membro-

632 5721 750 5760 rum
776 5706 1025 5777 putredo,
1052 5706 1138 5761 vel
1160 5704 1439 5762 dissolutio
1467 5705 1779 5775 subsecuta.
1798 5705 2044 5765 Christus
2080 5723 2210 5779 ergo

634 5809 741 5849 non
766 5804 1069 5852 revertetur
1097 5795 1150 5851 in
1172 5796 1595 5866 corruptionem,
1626 5798 1751 5866 quia
1773 5815 1989 5871 surgens
2010 5816 2043 5853 a
2073 5817 2216 5855 mor-

637 5889 758 5956 luis,
787 5892 1006 5949 iamnon
1037 5888 1269 5955 moritur,
1293 5896 1342 5943 et
1365 5903 1505 5947 mors
1533 5888 1612 5946 illi
1639 5890 1774 5947 ultra
1802 5907 1903 5949 non
1926 5890 2215 5950 damnabi-

2302 3352 2466 3402 nera;
2511 3343 2566 3391 et
2619 3350 2686 3390 es
2732 3334 2837 3390 hoc
2866 3348 3049 3388 verum
3092 3333 3334 3393 dolorem
3379 3350 3492 3389 non
3538 3330 3840 3389 necessitate.

2301 3426 2397 3483 sed
2423 3427 2637 3481 voluntc
2651 3433 2704 3480 te
2727 3425 2981 3489 sensisse,
3013 3438 3261 3493 veraeque
3288 3425 3483 3479 mortis
3518 3420 3845 3493 acceptations

2303 3535 2402 3590 pro
2425 3518 2582 3573 nobis
2606 3516 2840 3572 animam
2864 3524 3014 3571 suam
3046 3516 3260 3585 propria
3304 3524 3577 3585 potestate
3615 3512 3841 3585 posuisse.

2303 3610 2653 3679 Consequens
2702 3616 2786 3663 est
2845 3614 2907 3662 ut
2957 3605 3098 3662 idem
3147 3605 3395 3664 Christus
3440 3622 3512 3663 es
3572 3603 3845 3662 inﬁrmitate

2308 3710 2568 3765 mortuus,
2602 3713 2671 3754 ex
2689 3698 2889 3753 virtute
2912 3704 3095 3753 autem
3123 3696 3218 3752 Dei
3240 3698 3550 3764 suscitatus,
3582 3694 3759 3753 nostris
3780 3691 3846 3746 inc

2305 3791 2552 3846 veniatur
2579 3788 2883 3859 exemplum
2906 3788 3198 3859 prmbuisse
3217 3788 3554 3859 corporibus.
3581 3780 3847 3841 llumiliavit

2305 3882 2449 3937 enim
2479 3895 2539 3936 se
2565 3878 2809 3935 Christus
2830 3893 3000 3948 usque
3027 3877 3095 3932 ad
3118 3878 3519 3949 susceptionem
3547 3874 3701 3935 (otius
3725 3870 3848 3930 inﬁr-

2307 3971 2510 4031 mitatis
2537 3979 2770 4027 nostrai:
2804 3981 2881 4035 ut,
2911 3970 3051 4026 sicut
3088 3971 3166 4026 ait
3200 3970 3517 4042 Apostolus,
3567 3969 3849 4030 reformetur

2308 4079 2491 4135 corpus
2515 4062 2818 4117 humilitatis
2845 4071 3034 4118 nostra:
3073 4062 3454 4134 conﬁguratum
3496 4065 3687 4137 corpori
3719 4057 3847 4117 elati-

2310 4157 2430 4211 tatis
2460 4171 2568 4212 sua:
2596 4154 2816 4227 (Philip.
2841 4170 2921 4221 ιιι,
2951 4152 3063 4230 21).
3715 4150 3729 4157 ’

2318 4292 2321 4297 μ
2381 4249 2432 4304 9.
2467 4250 2601 4308 Hinc
2630 4263 2759 4321 ergo
2787 4238 3222 4308 manifestissime
3253 4261 3481 4323 apparet
3504 4248 3628 4321 quid
3652 4246 3715 4303 de
3747 4237 3845 4295 ani-

2310 4343 2465 4399 malis
2493 4358 2558 4398 ac
2603 4342 2847 4398 mortalis
2890 4343 3133 4414 corporis
3168 4344 3429 4415 qualitate
3475 4343 3665 4399 debeat
3702 4329 3851 4393 omni!

2309 4434 2644 4491 Christianus
2672 4434 2823 4490 ﬁrma
2853 4436 3171 4493 credulitate
3199 4437 3438 4492 sentire:
3473 4428 3780 4507 impossibile
3802 4427 3852 4477 ιιι

2311 4529 2734 4598 corruptibilitas
2766 4530 2902 4587 esse
2939 4539 3182 4600 negetur,
3224 4530 3315 4587 ubi
3359 4528 3605 4585 animalis
3642 4515 3853 4591 corpol‘is

2238 4632 2289 4694 ι)
2316 4620 2613 4676 mortalitas
2642 4620 2932 4676 invenitur.
2950 4620 3193 4676 Christus
3213 4635 3342 4690 ergo
3371 4621 3425 4676 in
3449 4620 3561 4681 sola
3588 4626 3738 4672 carne
3754 4618 3856 4676 βυτ·

2313 4713 2446 4770 tavit
2472 4721 2711 4769 nostram
2732 4714 3156 4783 corruptionem,
3175 4712 3226 4766 in
3246 4728 3352 4783 qua
3373 4710 3634 4767 veraciter
3645 4706 3849 4756 nostram

2310 4806 2541 4876 portavit
2555 4813 2610 4858 et
2621 4812 2848 4859 mortem
2857 4843 2870 4858 .
2895 4802 2950 4858 In
2961 4805 3137 4858 anima
3154 4819 3279 4858 vero
3293 4804 3371 4853 sic
3390 4797 3672 4868 perfectam
3698 4790 3850 4845 incor-

2310 4894 2718 4964 ruptibilitatem
2739 4894 2993 4957 servavit,
3014 4892 3151 4945 sicut
3183 4886 3464 4960 peccatum
3490 4904 3586 4948 nec
3598 4878 3857 4956 propasimt

2308 4986 2467 5057 327
2482 4984 2666 5052 traxit,
2685 4998 2783 5040 nec
2791 4982 3110 5053 contagione
3123 4981 3410 5038 contraxit.
3426 4979 3575 5036 Unde
3588 4986 3640 5032 et
3660 4968 3851 5032 inﬁrmi-

2312 5087 2450 5147 tates
2461 5078 2758 5132 animarum
2781 5084 3083 5131 nostrarum
3104 5091 3238 5144 quas
3261 5075 3313 5130 in
3337 5090 3431 5130 sua
3446 5070 3685 5129 rationali
3704 5065 3851 5121 anima

2311 5168 2546 5247 pprtavit
2571 5157 2816 5223 Christus
2842 5168 2959 5221 sine
2989 5167 3102 5221 ulla
3122 5168 3467 5236 corruptione
3488 5148 3853 5247 portat'it.Nul-

2314 5240 2397 5317 his
2420 5262 2620 5332 quippe
2645 5261 2822 5331 potuit
2841 5259 3085 5315 delectus
3110 5259 3287 5314 inesse
3310 5258 3538 5323 virtutis,
3560 5255 3645 5309 ubi
3663 5240 3855 5332 inﬁrmi-

2316 5352 2443 5407 tatis
2467 5352 2811 5422 susceptione
2840 5351 3102 5407 indefessa
3151 5352 3444 5422 permansit
3470 5343 3717 5419 perfectio
3737 5331 3857 5393 caris

2319 5444 2464 5510 tatis,
2490 5458 2610 5513 quae
2642 5443 2985 5511 Unigenitum
3014 5444 3181 5499 Deum
3225 5443 3354 5499 fecit
3380 5456 3544 5512 usque
3569 5439 3635 5495 ad
3657 5437 3855 5490 mortem

2309 5550 2410 5606 pro
2439 5535 2595 5593 nobis
2619 5535 2895 5599 accedere,
2939 5542 2994 5589 et
3042 5535 3359 5590 confusione
3385 5537 3680 5599 contempta
3706 5513 3853 5578 crucb

2312 5625 2662 5695 opprobrium
2692 5625 2980 5683 sustinere.

2386 5716 2470 5771 l0.
2528 5715 2755 5788 Propter
2803 5717 2949 5789 quod
2997 5717 3309 5781 tristitiam,
3349 5723 3652 5772 mmrorem,
3703 5699 3776 5755 vel

2313 5821 2447 5875 quas
2477 5784 2781 5861 nostrarum
2821 5784 3125 5861 animarum
3152 5807 3486 5861 inﬁrmitates
3524 5784 3851 5853 hahuitCltri-

2316 5905 2453 5963 stus,
2477 5912 2632 5954 veras
2651 5896 2890 5971 quidem,
2908 5897 3003 5955 sed
3021 5897 3352 5957 voluntarias
3368 5892 3566 5953 habuit.
3591 5876 3845 5955 Venissc}:
