4108 6486
276 426 391 483 sor
410 387 417 395 ’

1421 405 1508 482 ni:
1544 410 2164 484 Tmmrsrs‘ussn
2189 426 2391 487 unus.

3440 434 3547 493 498

269 534 433 606 licet,
460 548 518 594 ut
547 512 883 596 manifestum
935 541 988 595 in
1045 556 1102 596 se
1153 540 1344 596 anima:
1369 540 1650 620 rationalis
1675 555 1862 600 mons-
1895 544 1940 607 Α
1971 544 2148 601 omnis
2199 539 2370 604 ﬁdelis
2425 559 2721 618 agnoscens
2770 549 3038 605 Christum
3090 526 3426 622 participem
3456 555 3550 610 bu-

269 639 456 685 traret
503 631 792 698 aﬁ‘ectum;
838 632 1186 699 voluntarias,
1220 640 1280 688 ut
1305 632 1502 690 nostris
1531 632 1858 690 inﬁrmitati-

267 721 389 783 bus
407 720 712 777 adfuturum
738 723 1045 779 ostenderet
1089 737 1200 784 sua:
1243 723 1456 779 virtutis
1482 720 1771 791 auxilium;
1804 730 1866 780 ut

270 825 702 880 agnosceremus
743 830 841 869 nos
881 811 999 885 ipso
1045 812 1331 882 adiuvante
1359 816 1411 870 in
1442 814 1861 880 inﬁrmitatibus,

269 890 771 972 quas'necsssitate
797 905 1051 975 patimur,
1080 904 1404 962 fulciendos.‘
1432 904 1532 972 Qui
1579 913 1865 976 propterea

276 992 566 1047 voluntate
589 1004 804 1050 nostras
831 995 1172 1051 inﬁrmitates
1201 996 1494 1067 acciperet,
1517 1002 1573 1050 ut
1604 1004 1661 1051 et
1686 995 1739 1050 in
1770 995 1871 1050 hac

271 1083 398 1136 vita
428 1083 795 1141 intirmitatum
849 1087 1170 1142 necessitate
1195 1086 1422 1142 turbatis
1450 1086 1705 1141 auxilium
1734 1101 1866 1141 con-

271 1172 516 1240 tulisset,
541 1181 737 1244 etpost
763 1174 904 1230 hanc
922 1175 1086 1231 vitam
1112 1190 1325 1231 omnem
1347 1190 1379 1230 a
1408 1174 1564 1230 nobis
1591 1166 1869 1229 inﬁrmita-

274 1261 356 1315 tis
404 1265 781 1321 necessitatem
836 1264 1256 1322 misericorditer
1307 1265 1632 1321 abstulisset.
1662 1263 1738 1319 Ac
1792 1264 1875 1318 sic

1969 648 2145 691 mante
2200 634 2546 707 inﬁrmitatis,
2576 639 2877 711 certissime
2934 650 3179 710 speraret
3235 644 3547 714 participem

1970 739 2032 781 se
2060 725 2176 783 fore
2203 725 2399 785 divinas
2424 729 2654 798 virtutis,
2689 746 2789 787 nec
2816 746 2875 787 se
2902 732 3198 800 ambigeret
3244 733 3387 806 illius
3436 733 3551 788 vir-

1971 823 2092 873 tute
2123 817 2463 886 ﬁrmandum,
2485 837 2648 891 quem
2672 837 2771 893 pro
2791 837 2849 878 se
2869 822 3211 890 cognovisset
3230 838 3336 878 non
3359 836 3551 879 neces-

1970 908 2148 974 sitate,
2178 909 2275 965 sed
2326 910 2605 967 voluntate
2631 912 2938 979 turbatum;
2971 914 3024 968 in
3074 913 3190 982 ipso
3244 913 3551 969 habiturum

1972 1007 2231 1056 aeternam
2255 1002 2518 1069 imtitiam,
2550 1004 2636 1060 cui
2664 1019 2813 1060 suam
2843 1006 3120 1060 voluntate
3143 1005 3348 1061 videret
3369 1006 3548 1061 inesse

1971 1092 2267 1159 tristitiam,
2309 1095 2405 1166 qui
2452 1095 2591 1150 sicut
2613 1095 2809 1151 mansit
2839 1098 2889 1150 in
2914 1096 3257 1151 tribulatione
3287 1097 3552 1166 tranquil-

1974 1184 2074 1247 lus,
2099 1180 2151 1238 in
2181 1193 2358 1239 morte
2403 1201 2644 1251 securus,
2668 1186 2747 1241 sic
2774 1186 2827 1242 in
2872 1185 3182 1241 inﬁrmitate
3212 1182 3550 1254 fortissimus,
3578 1255 3582 1261 _

1973 1280 2030 1329 et
2060 1274 2112 1328 in
2137 1273 2435 1329 humilitate
2457 1275 2769 1330 altissimus.

288 1404 3487 1435 “mw-—

1190 1526 1342 1643 ε.
1461 1528 2721 1659 FULGENTII

1294 1706 1425 1784 AD
1474 1705 1909 1788 FELICEM
1986 1708 2551 1804 NOTARIUM,

931 1866 1107 1977 DE
1194 1863 1871 2036 TRINITAI

1974 1869 2454 2040 __I_._lBER
2539 1873 2952 2041 UNUS.

706 2089 870 2160 328
904 2083 1134 2143 CAPUT
1170 2081 1457 2139 PRlMUM.

361 2178 628 2247 Quoniam
651 2194 759 2245 me,
792 2178 864 2233 ﬁli
886 2177 1164 2234 carissime
1192 2173 1364 2239 Felix,
1394 2173 1520 2229 ﬁdei
1546 2174 1723 2230 calore
1746 2191 1868 2230 suc-

288 2285 488 2326 census
535 2270 731 2343 smpius
784 2266 1190 2340 percunctaris,
1235 2264 1509 2334 quomodo
1553 2264 1621 2319 de
1679 2273 1868 2320 sancta

282 2359 574 2426 Trinitate,
598 2377 717 2432 qua:
741 2359 881 2414 Deus
912 2366 1015 2420 est,
1046 2357 1268 2412 credere
1295 2353 1513 2415 debeas,
1536 2353 1620 2409 vel
1641 2353 1871 2423 qualiter

284 2454 467 2524 possis
512 2451 670 2506 ﬁdem
715 2450 1033 2507 catholicam
1075 2455 1236 2516 atque
1274 2444 1628 2500 orthodoxam
1682 2448 1871 2501 contra

284 2541 662 2598 haereticorum
709 2555 940 2603 errores,
972 2536 1273 2607 praesertim
1328 2549 1558 2605 quorum
1605 2527 1869 2590 societate

288 2633 506 2699 frueris,
551 2631 778 2686 Domino
833 2628 1124 2684 auxiliante
1172 2623 1480 2691 defendere,
1515 2640 1580 2681 ac
1622 2640 1719 2695 per
1763 2625 1868 2681 hoc

286 2740 478 2780 eorum
500 2722 719 2779 insidias
746 2722 988 2785 evitare;
1010 2716 1374 2774 necessarium
1403 2716 1607 2787 tibique
1627 2714 1871 2772 commo~

285 2816 418 2869 dum
449 2813 577 2869 duxi
631 2811 736 2867 tuis
780 2808 1129 2883 petitionibus
1160 2807 1510 2877 respondere.
1539 2805 1645 2862 Sed
1667 2807 1869 2862 utinam

287 2916 401 2961 tam
429 2914 669 2973 congrue
713 2917 779 2959 ac
822 2899 1223 2964 convenienter,
1248 2913 1409 2968 quam
1450 2897 1580 2952 mihi
1605 2906 1687 2952 est
1708 2898 1866 2963 velle,

284 2998 403 3069 ipsa
440 2996 649 3053 scilicet
675 2992 1125 3051 incommutabilis
1146 2988 1401 3056 Trinitas,
1431 2990 1484 3045 in
1511 2990 1662 3059 cujus
1709 3005 1871 3044 manu

286 3095 412 3143 sunt
441 3093 496 3144 et
523 3100 644 3153 nos,
674 3094 728 3143 et
745 3098 1023 3142 sermones
1048 3081 1238 3145 nostri,
1269 3081 1783 3137 ad‘annuntiandum
1811 3098 1871 3138 se

288 3192 347 3236 es
364 3194 669 3236 sermonem
691 3184 920 3243 rectum,
939 3184 992 3231 et
1018 3174 1177 3229 tidem
1197 3173 1462 3228 sinceram
1495 3172 1713 3236 tribuat,
1733 3186 1869 3242 qua-

288 3284 449 3329 tenus
480 3279 671 3329 sancto
715 3268 984 3326 desiderio
1012 3276 1123 3331 tuo,
1145 3263 1324 3321 studio
1352 3263 1597 3320 discendi
1625 3264 1884 3333 ﬂagranti:

288 3321 996 3434 ;;.'",;t;.;;.;;'.;.};};.;;..
1033 3321 1260 3429 idem.
1292 3355 1440 3410 illam
1482 3356 1662 3425 itaque
1695 3321 1881 3411 iidem.

1846 2066 1851 2070 δ
1906 2089 2123 2160 Βηριαεὶ
2141 2091 2194 2144 in
2223 2092 2415 2163 multis,
2455 2092 2543 2146 sed
2571 2092 2625 2146 in
2652 2092 2845 2146 semine
2871 2101 2978 2157 tuo,
3023 2092 3161 2161 quod
3204 2103 3281 2147 est
3321 2091 3555 2147 Christus

1958 2177 2176 2250 '(Galat.
2205 2197 2283 2245 tu,
2318 2181 2427 2252 16).
2469 2182 2602 2237 Cum
2632 2197 2821 2237 omnes
2847 2191 3035 2251 gentes
3060 2182 3113 2238 in
3142 2182 3357 2239 Christo
3384 2193 3439 2240 et
3460 2199 3557 2254 per

1973 2270 2245 2328 Christum
2283 2273 2339 2329 in
2368 2274 2625 2328 unitatem
2657 2272 2778 2329 ﬁdei
2803 2272 3045 2328 benedici
3082 2282 3407 2341 mereantur,
3440 2273 3553 2329 has--

1974 2364 2128 2420 retici
2159 2379 2265 2419 non
2294 2371 2419 2419 sunt
2444 2363 2734 2430 benedicti,
2769 2364 2895 2433 quia
2924 2380 3031 2419 non
3062 2363 3261 2419 habent
3289 2364 3553 2419 unitatem

1976 2456 2119 2522 ﬁdei,
2150 2456 2245 2513 sed
2274 2456 2473 2512 erroris
2503 2464 2656 2527 pastu
2691 2456 2940 2524 saginati,
2971 2471 3068 2526 per
3091 2455 3395 2525 superbiam
3427 2454 3556 2511 facti

1972 2556 2115 2613 sunt,
2145 2564 2254 2603 non
2284 2548 2376 2601 lilii
2407 2547 2520 2615 Dei,
2570 2555 2668 2603 sed
2698 2545 2791 2602 ﬁlii
2818 2547 3036 2603 diaboli.
3080 2544 3230 2601 Unde
3259 2554 3315 2601 et
3357 2545 3553 2601 obscu-

1972 2646 2119 2693 ratos
2146 2638 2404 2694 habentes
2434 2638 2614 2694 cordis
2642 2639 2850 2706 oculos,
2882 2646 3158 2707 nequeunt
3199 2652 3425 2694 cernere
3466 2646 3554 2692 to-

1974 2735 2085 2782 tum
2108 2728 2360 2783 mundum
2383 2728 2642 2797 sanguine
2662 2727 2860 2783 Christi
2885 2728 3243 2798 redemptum,
3271 2736 3326 2784 et
3348 2727 3401 2783 in
3427 2727 3553 2785 ﬁdei

1954 2818 2182 2872 'unitate
2229 2817 2575 2884 concordem,
2620 2817 2911 2872 secundum
2960 2818 3107 2886 quod
3151 2817 3219 2874 de
3267 2819 3550 2889 primativa

1973 2904 2208 2963 Ecclesia
2238 2906 2585 2975 designatur:
2622 2906 2755 2961 Erat
2790 2907 2914 2972 illis,
2948 2906 3139 2977 inquit,
3184 2924 3274 2962 cor
3300 2925 3459 2962 unum
3500 2918 3552 2964 et

1973 3004 2150 3057 anima
2173 3020 2275 3058 una
2313 3004 2365 3057 in
2399 3003 2564 3057 Deum
2593 3004 2728 3075 (Act.
2765 3018 2836 3068 tv,
2861 3001 2973 3073 5‘2).
3010 3003 3101 3057 Sic
3136 3010 3282 3057 totus
3316 3002 3550 3060 mundus

1972 3092 2299 3163 redemptus,
2332 3093 2409 3149 sic
2431 3101 2574 3147 totus
2596 3091 2824 3147 mundus
2845 3091 2898 3146 in
2921 3093 3127 3147 cunctis
3148 3093 3394 3161 gentibus
3415 3108 3553 3148 nun»

1972 3193 2199 3256 cupatur
2227 3184 2552 3254 redemptus.
2596 3182 2664 3237 Et
2684 3182 2930 3237 timebunt
2969 3195 3165 3256 gentes,
3208 3185 3398 3254 inquit,
3449 3201 3548 3240 πο·
3632 3173 3637 3178 ’

1972 3291 2088 3328 men
2112 3282 2271 3337 tuum,
2302 3272 2540 3337 Domine,
2564 3284 2613 3327 et
2632 3290 2806 3328 omnes
2828 3289 2975 3345 reges
2997 3283 3147 3328 teme
3170 3274 3399 3345 gloriam.
3414 3282 3552 3329 tuam

1975 3362 2146 3433 (Psal.
2172 3374 2240 3426 cr,
2274 3362 2385 3433 lli).
2416 3361 2483 3416 Et
2514 3363 2708 3417 iterum
2737 3378 2752 3415 :
2794 3359 2985 3417 Omnes
3014 3371 3190 3434 gentes
3229 3378 3554 3434 quascunque

288 3455 451 3510 crede
480 3453 852 3521 sincerissima!
903 3452 1070 3508 menti
1126 3458 1230 3506 tua:
1273 3464 1373 3504 nos
1399 3447 1539 3503 velle
1567 3456 1866 3513 notescere,
1898 3468 1942 3529 ο
1975 3453 2143 3524 fecisti
2170 3453 2391 3516 uenient,
2423 3462 2472 3507 et
2506 3452 2801 3508 adorabunt
2829 3470 3004 3508 rorant
3031 3463 3099 3519 te,
3130 3453 3350 3509 Domine
3377 3453 3552 3525 (Psal.

290 3561 386 3615 per
413 3558 574 3615 quam
598 3540 873 3612 justiﬁcati
908 3550 1033 3596 sunt
1068 3540 1409 3612 patriarchm,
1429 3537 1873 3609 prophetm,apo-

289 3638 449 3711 stoli,
471 3642 735 3706 martyres
773 3633 1042 3711 coronati,
1071 3636 1255 3702 quam’
1282 3631 1541 3687 hactenus
1579 3646 1675 3700 per
1699 3638 1870 3711 totum

290 3706 477 3782 orbein
506 3733 691 3779 sancta
723 3706 870 3779 tenet
892 3708 1149 3786 Ecclesia,
1180 3721 1331 3790 cujus
1358 3721 1615 3790 splendor
1638 3706 1868 3775 credeti-

292 3819 425 3874 tium
456 3824 664 3875 mentes
693 3815 966 3871 illustrans
1000 3821 1217 3868 rotet-na:
1247 3814 1368 3867 vita:
1395 3810 1522 3865 facit
1559 3826 1678 3866 esse
1704 3806 1873 3880 parti-

288 3910 456 3980 cipes.
483 3907 610 3974 Quae
639 3920 806 3975 usque
831 3920 975 3960 nunc
1011 3919 1108 3973 per
1142 3902 1543 3971 successionum
1583 3901 1779 3958 seriem
1811 3900 1866 3955 in

292 3999 547 4055 cathedra
587 3994 731 4052 Petri
752 3994 982 4066 apostoli
1005 3993 1191 4049 Roma:
1218 3992 1301 4048 vel
1328 3991 1646 4056 Antiochim,
1671 3991 1722 4045 in
1779 4007 1872 4045 ca-

295 4090 485 4145 thedra
516 4088 677 4144 Marci
700 4085 1041 4157 evangelista:
1071 4085 1125 4140 in
1154 4082 1497 4148 Alexandria,
1525 4083 1576 4137 in
1608 4080 1866 4136 cathedra

292 4178 513 4237 Joannis
582 4179 923 4250 evangelistte
993 4175 1225 4248 Ephesi,
1278 4176 1332 4232 in
1388 4174 1643 4231 cathedra
1686 4172 1873 4230 Jacobi

290 4262 699 4344 Hierosolyma,
723 4271 791 4326 ab
816 4268 1081 4340 episcopis
1101 4268 1339 4339 ipsarum
1367 4267 1576 4322 urbium
1610 4265 1871 4337 praedica-

296 4372 399 4417 tur.
450 4360 596 4433 Coge
641 4375 772 4430 ergo
816 4360 1074 4422 Arianos,
1128 4358 1458 4423 Donatistas,
1504 4356 1872 4419 Nestorianos,

294 4452 673 4526 Eutychianos,
702 4452 1045 4514 Manichmos,
1077 4458 1133 4506 et
1176 4450 1411 4519 reliquas
1446 4448 1722 4504 hazreseon
1753 4461 1876 4516 pes-

294 4553 376 4602 tes
402 4546 550 4602 hisce
569 4545 967 4601 communicare
988 4542 1240 4599 Ecclesiis
1259 4541 1451 4612 quibus
1473 4540 1707 4611 apostoli
1738 4550 1874 4609 pne-

295 4636 565 4693 sederunt.
596 4635 714 4693 Non
742 4637 1106 4702 consentiunt,
1138 4636 1263 4705 quia
1284 4650 1381 4706 per
1403 4632 1721 4704 pravitatem
1751 4632 1875 4688 ﬁdei

294 4725 625 4784 abEcclcsia:
644 4729 849 4784 unitate
860 4727 1012 4782 divisi
1029 4726 1081 4782 in
1094 4734 1248 4797 parte
1264 4741 1384 4782 esse
1398 4726 1701 4781 voluerunt.
1722 4722 1876 4779 Unde

294 4829 350 4877 et
399 4818 636 4877 Joannes
681 4819 958 4891 apostolus
1011 4819 1087 4872 ait
1146 4837 1158 4871 :

296 4910 455 4982 329
479 4909 575 4965 sed
605 4927 706 4964 non
740 4918 992 4963 erantex
1038 4907 1204 4962 nobis.
1257 4904 1408 4971 Quod
1451 4907 1495 4959 si
1541 4907 1763 4977 fuissent
1808 4921 1874 4959 ea:

298 5000 462 5067 nobis,
498 5002 901 5071 permansissent
917 5000 1087 5071 utique
1108 4997 1369 5052 nobiscum
1392 4995 1446 5067 (1
1468 4996 1625 5051 Joan.
1651 5012 1725 5059 xi,
1761 4994 1873 5063 i9).

298 5089 375 5145 Ex
406 5091 561 5146 nobis
587 5092 772 5161 utique
800 5090 1077 5154 exierunt,
1120 5087 1246 5159 quia
1274 5101 1333 5141 se
1373 5087 1441 5140 ab
1468 5084 1724 5141 Ecclesia:
1754 5084 1875 5140 uni-

299 5189 406 5239 tate
449 5182 612 5238 cordc
657 5181 995 5237 insanissimo
1023 5185 1431 5252 separaverunt.
1471 5175 1587 5232 Non
1624 5185 1876 5232 erantex

300 5276 474 5343 nobis,
504 5278 708 5333 scilicet
733 5275 1143 5348 pnndestinatis,
1173 5282 1229 5330 et
1249 5272 1314 5327 ad
1340 5280 1597 5327 mternam
1622 5270 1877 5325 videlicet

299 5367 456 5421 vitam
486 5367 693 5426 electis.
730 5365 845 5421 Non
872 5374 1026 5420 erant
1048 5365 1246 5435 quippe
1274 5379 1339 5419 ex
1365 5360 1449 5417 his
1469 5362 1537 5417 de
1557 5361 1750 5431 quibus
1772 5361 1877 5416 Do-

302 5464 471 5518 minus
490 5461 648 5516 dicit:
674 5458 790 5532 Ego
811 5460 961 5532 elegi,
984 5468 1032 5512 et
1054 5458 1203 5527 posui
1223 5474 1306 5512 eos
1328 5465 1383 5509 ut
1408 5457 1557 5521 eatis,
1582 5465 1632 5509 et
1654 5455 1877 5526 fructum

267 5607 270 5611 .
301 5554 569 5623 plurimum
589 5551 849 5623 aﬂ'eratis,
877 5560 926 5604 et
947 5554 1143 5620 [ructus
1166 5557 1330 5603 vester
1353 5556 1558 5602 maneat
1583 5545 1760 5604 (Joan.
1784 5559 1874 5608 xv,

305 5644 405 5715 i6).
446 5642 554 5699 Sed
583 5659 683 5700 nec
730 5643 782 5698 in
814 5641 1039 5697 Abrahre
1086 5640 1291 5695 semine
1342 5636 1748 5698 benedicuntur,
1794 5649 1879 5690 se-

301 5734 526 5792 cundum
555 5733 698 5803 quod
726 5732 983 5787 Dominus
1018 5730 1087 5786 ad
1130 5730 1398 5786 Abraham
1424 5730 1496 5783 ait
1524 5747 1537 5781 :
1590 5726 1656 5781 In
1683 5727 1878 5781 semine

303 5834 378 5879 tuo
408 5822 770 5880 benedicentur
799 5838 972 5877 omnes
1014 5831 1183 5894 gentes
1233 5820 1437 5895 (Cenes.
1482 5834 1628 5881 xxvr,
1677 5815 1775 5883 4);
1824 5825 1880 5871 et

306 5911 583 5986 Apostolus
628 5912 949 5969 subnectens
1000 5910 1239 5982 adiungit.
1274 5934 1284 5970 :
1340 5912 1464 5973 Nor.
1506 5909 1562 5963 in
1602 5904 1878 5961 seminibr

1976 3561 2170 3610 Lxxxv,
2217 3545 2314 3615 9),
2359 3553 2414 3598 et
2437 3559 2685 3601 rursum:
2736 3543 3309 3613 Commemorabuntur,
3358 3545 3551 3615 inquit,

1975 3646 2023 3690 et
2050 3647 2407 3691 convertentur
2451 3637 2522 3689 ad
2547 3635 2826 3691 Dominum
2855 3637 3076 3691 universi
3101 3637 3233 3706 ﬁnes
3276 3646 3459 3702 terrm;
3503 3649 3556 3691 et

1974 3725 2266 3780 adorabunt
2284 3727 2341 3778 in
2362 3734 2633 3795 conspectu
2661 3726 2775 3796 ejus
2805 3727 3061 3780 universa:
3096 3728 3282 3794 patria:
3305 3730 3552 3800 gentium.

1977 3817 2232 3882 Quoniam
2255 3802 2463 3871 Domini
2492 3826 2570 3871 est
2596 3833 2828 3887 regnum,
2854 3826 2903 3870 et
2920 3818 3031 3889 ipse
3059 3816 3408 3872 dominabi‘nr
3430 3835 3556 3889 gen-

1975 3911 2102 3962 tium
2130 3906 2303 3977 (Psal.
2330 3922 2441 3967 xxr,
2472 3904 2562 3971 28,
2601 3906 2715 3977 29).
2761 3905 2902 3972 Quid
2946 3905 3189 3960 infelices
3235 3905 3417 3961 dicant
3461 3906 3555 3975 qui

1975 3999 2184 4069 praecisi
2214 3998 2281 4053 ab
2309 3996 2549 4052 Ecclesia
2580 3996 2674 4051 Dei
2694 4036 2708 4061 ,
2740 3995 2904 4051 corde
2932 3995 3290 4065 impmnitenti
3320 3996 3421 4065 ipsi
3448 3993 3555 4063 an

1975 4091 2152 4147 clesim
2178 4089 2590 4152 contradicunt;
2621 4096 2677 4143 et
2715 4086 2843 4142 dum
2888 4085 3155 4154 eamdem,
3207 4101 3327 4157 qua:
3376 4086 3555 4142 tunica

1977 4184 2189 4240 Domini
2226 4192 2310 4239 est
2334 4180 2694 4247 inconsutilis,
2723 4178 2972 4235 scindere
3000 4178 3264 4243 nituntur,
3297 4178 3396 4248 ipsi
3427 4175 3557 4232 faci-

1976 4279 2078 4335 lius
2103 4278 2254 4333 scissi
2278 4276 2451 4331 sunt?
2484 4272 2549 4327 Hi
2577 4279 2993 4344 percunctentur
3016 4270 3307 4339 sigillatim.
3347 4268 3442 4324 ille
3469 4268 3556 4324 dl-

1975 4371 2047 4426 cit
2076 4368 2334 4439 sanguine
2354 4364 2553 4420 Christi
2580 4380 2641 4420 se
2665 4378 2784 4419 esse
2812 4362 3167 4432 redemptum.
3207 4359 3346 4428 Ergo
3374 4360 3554 4416 solum

1974 4477 2075 4534 pro
2104 4460 2335 4523 Arianis,
2369 4466 2459 4512 aut
2491 4464 2695 4511 tantum
2743 4470 2843 4525 pro
2890 4453 3183 4509 Donatistis
3225 4452 3425 4509 eﬁ‘usus
3471 4459 3559 4507 est

1975 4554 2192 4620 sanguis
2217 4548 2456 4606 Christi?
2482 4546 2653 4600 Absit.
2693 4544 2808 4599 Non
2855 4543 2935 4601 sic
2984 4543 3115 4599 dicit
3158 4543 3391 4598 Veritas.
3438 4541 3554 4596 Non

1975 4645 2053 4700 sic
2075 4642 2204 4698 dicit
2234 4640 2373 4695 Deus
2397 4639 2462 4693 ad
2493 4637 2799 4692 Abraham:
2853 4633 2919 4689 In
2962 4637 3173 4699 semine,
3225 4633 3417 4702 inquit,
3471 4643 3556 4687 tuo

1978 4734 2342 4789 benedicentur
2362 4745 2537 4784 omnes
2557 4738 2733 4798 gentes
2756 4724 2968 4798 (Cenes.
3004 4741 3145 4792 xxvr,
3174 4725 3250 4797 4).
3302 4723 3419 4779 Non
3450 4732 3555 4778 una

1239 4816 1324 4871 Ex
1393 4817 1538 4872 nobis
1592 4818 1831 4871 exierunt
1852 4833 1870 4881 ;

1978 4836 2130 4891 gens,
2180 4818 2273 4877 sed
2302 4818 2497 4873 omnis.
2539 4814 2654 4871 Non
2682 4815 2770 4871 illa
2806 4822 2863 4871 et
2890 4815 3000 4883 illa,
3051 4813 3145 4869 sed
3174 4812 3399 4869 cunctae.
3449 4811 3556 4868 Sed

1978 4928 2154 4984 neque
2179 4912 2232 4966 in
2262 4909 2472 4966 diversa
2504 4908 2625 4972 ﬁde,
2656 4908 2749 4965 sed
2780 4908 2835 4963 in
2863 4924 2968 4964 una
2993 4925 3007 4961 :
3040 4906 3253 4963 dicente
3276 4905 3556 4977 Apostolo,

1982 5003 2101 5058 Una
2129 5002 2261 5073 ﬁdes
2292 4999 2506 5071 (Ep/res.
2536 5015 2609 5066 ιν,
2640 4999 2720 5070 5).
2762 4998 2819 5055 1η
2841 5016 2946 5055 una
2975 4999 3181 5056 scilicet
3212 4999 3313 5054 ﬁde
3336 4999 3559 5052 salvan-

1978 5104 2067 5148 tur
2088 5091 2371 5148 credentes
2398 5108 2411 5144 :
2442 5104 2541 5161 per
2569 5090 2829 5145 unitatem
2861 5087 2982 5145 ﬁdei
3010 5088 3245 5144 Ecclesia
3289 5087 3558 5142 catholica

1978 5182 2137 5237 habet
2167 5196 2263 5237 cor
2282 5187 2338 5235 et
2361 5180 2595 5234 animam
2625 5195 2784 5234 unam
2814 5181 2867 5235 in
2900 5180 3085 5234 Deum.
3126 5163 3252 5234 Haec
3294 5177 3425 5233 ﬁdes
3466 5193 3557 5233 ret-

1980 5284 2091 5343 cta,
2121 5288 2239 5344 qua:
2266 5271 2392 5326 facit
2419 5270 2629 5327 diversa
2658 5270 2821 5325 corda
2860 5269 3194 5327 credentium
3225 5282 3387 5323 unum
3416 5276 3556 5334 esse,

1981 5369 2131 5424 Pauli
2177 5367 2407 5438 apostoli
2459 5382 2553 5422 ore
2600 5365 2868 5422 laudatur.
2935 5363 3167 5428 Gratias,
3218 5363 3410 5431 inquit,
3458 5378 3559 5433 ago

1981 5460 2110 5528 Deo,
2140 5462 2260 5534 quia
2298 5458 2428 5531 ﬁdes
2457 5467 2625 5513 vestra
2653 5458 2991 5511 annuntiatnr
3028 5456 3083 5510 in
3110 5458 3347 5510 universo
3369 5453 3562 5510 mundo

1982 5553 2160 5624 (Rom.
2203 5569 2239 5617 ι,
2273 5552 2350 5621 8).
2391 5550 2550 5607 Fides
2576 5566 2701 5615 una,
2749 5565 2869 5620 qum
2897 5550 2949 5603 in
2982 5558 3151 5603 totum
3180 5549 3435 5603 mundum
3463 5564 3541 5606 att

1982 5643 2279 5708 nuntiatur,
2311 5642 2423 5712 ipsa
2451 5640 2714 5695 laudanda
2744 5657 2809 5695 ac
2833 5638 3170 5711 praedicanda
3198 5649 3301 5696 est.

2603 5782 2831 5840 CAPUT
2871 5784 2936 5840 ll.

2057 5901 2260 5973 Accipe
2289 5898 2469 5967 ﬁdem,
2499 5900 2555 5959 in
2582 5913 2685 5969 qua
2712 5898 2823 5969 jam
2849 5900 2977 5955 olim
3004 5909 3226 5959 renatus
3244 5912 3309 5955 es
3335 5895 3559 5953 credens
