4130 6462
631 383 736 442 ωε

1703 393 1759 448 S.
1802 391 2157 450 FULGENTll
2197 389 2500 449 EPISCOPI
2543 389 2918 448 RUSPENSIS

3775 393 3860 452 500

631 499 684 554 in
712 499 930 557 nomine
961 499 1151 567 Patris,
1195 511 1248 559 et
1277 502 1419 571 Filii,
1468 512 1522 559 et
1553 505 1783 576 Spiritus
1825 506 2020 562 sancti.
2053 505 2216 560 Pater
2241 508 2416 569 Anon
2448 509 2640 576 recipit
2671 519 2781 563 tres
2808 505 3011 561 csse..ti
3047 519 3091 568 ε,
3123 514 3213 560 aut
3240 504 3594 571 substanth,
3624 517 3711 562 aut
3733 520 3860 562 uatu-

631 591 798 648 Filius
825 611 932 648 non
960 602 1062 660 est,
1093 595 1261 651 Filius
1290 596 1452 652 Pater
1474 613 1580 653 non
1608 605 1707 662 est,
1741 597 1972 669 Spiritus
2000 607 2216 654 sanctus

631 699 734 740 nec
750 683 914 741 Pater
931 701 1029 741 nec
1052 686 1237 742 Filius.
1272 687 1336 741 Et
1353 704 1470 742 cum
1491 698 1597 743 tres
1612 690 1740 755 sint,
1763 688 1907 760 quod
1936 695 2038 754 est,
2063 702 2211 758 rogo,

628 793 826 833 nomen
853 795 1013 833 unum
1048 779 1218 835 Patris
1247 789 1302 834 et
1333 781 1450 836 Filii
1481 791 1535 836 et
1563 781 1796 853 Spiritus
1825 783 2000 837 sancti
2022 781 2078 837 in
2105 797 2214 852 quo

625 886 729 927 nos
755 880 1006 942 oporteat
1033 873 1315 942 baptizari,
1347 875 1448 929 nisi
1477 874 1604 930 illttd
1633 875 1837 930 scilicet
1861 891 2058 930 nomen
2087 874 2213 930 Dei-

626 959 781 1027 tatis,
810 961 955 1045 quod
997 963 1255 1032 triplicari
1286 980 1391 1019 non
1422 967 1646 1035 potest?
1673 965 1927 1033 Quamvis
1954 965 2096 1020 enim
2132 965 2213 1021 di-

624 1067 812 1109 camus
837 1052 1050 1113 Patrem
1081 1056 1270 1120 Deum,
1319 1056 1510 1113 Filium
1554 1059 1741 1123 Deum,
1791 1058 2049 1128 Spiritum
2089 1072 2214 1112 san-

625 1151 771 1199 ctum
815 1143 1002 1211 Deum,
1057 1153 1236 1202 tamen
1283 1165 1390 1202 non
1437 1149 1666 1204 dit-intus
1719 1159 1831 1204 tres
1877 1149 2038 1213 deos,
2083 1148 2209 1220 quia

621 1233 882 1303 scriptum
907 1245 984 1290 est
1015 1254 1028 1290 :
1059 1237 1220 1306 330
1247 1239 1400 1302 Audi,
1436 1236 1629 1306 Israel,
1659 1238 1909 1295 Dominus
1934 1239 2072 1294 Deus
2097 1250 2211 1293 tuus

622 1339 759 1379 unus
779 1333 857 1379 est
881 1325 1060 1396 (Deut.
1083 1343 1158 1396 Vt,
1189 1326 1265 1400 4).
1293 1327 1441 1384 Unus
1462 1341 1545 1386 est
1567 1332 1728 1400 igitur
1752 1331 1888 1386 Deus
1915 1332 1966 1390 in
1995 1341 2204 1396 natura,

621 1427 733 1468 non
763 1414 815 1469 in
846 1431 1112 1484 persona:
1165 1420 1290 1490 quia
1319 1421 1422 1475 alia
1453 1431 1536 1476 est
1587 1438 1815 1493 persona
1857 1422 2052 1490 Patris,
2105 1424 2206 1481 alia

617 1501 760 1572 Filii,
808 1507 912 1563 alia
953 1507 1183 1580 Spiritus
1212 1514 1401 1567 sancti.
1447 1512 1608 1572 Pater
1635 1531 1663 1569 a
1690 1516 1837 1570 nullo
1864 1524 1946 1572 est
1973 1517 2207 1586 genitus,

617 1593 783 1654 Filius
810 1613 840 1652 a
867 1598 1028 1655 Patre
1055 1611 1136 1655 est
1164 1605 1398 1671 genitus,
1454 1605 1688 1676 Spiritus
1715 1615 1936 1662 sanctus
1965 1623 1994 1661 a
2036 1607 2206 1662 Patre

615 1686 860 1758 Filioque
889 1692 1190 1761 procedens
1220 1703 1319 1750 est.
1365 1694 1524 1750 Pater
1546 1713 1653 1752 non
1684 1698 1788 1753 sibi
1829 1708 1933 1766 est,
1979 1699 2075 1754 sed
2117 1698 2205 1754 Fi-

613 1778 723 1847 lio;
752 1779 918 1838 Filius
946 1799 1053 1839 non
1084 1785 1183 1840 sibi
1214 1795 1296 1841 est
1315 1828 1329 1851 ,
1358 1788 1452 1844 sed
1481 1787 1660 1851 Patri;
1719 1789 1949 1860 Spiritus
1977 1789 2204 1858 alicujus

2312 616 2434 669 ras,
2468 613 2518 655 et
2547 599 2747 656 idcirco
2787 599 3094 653 nullatenus
3132 597 3392 652 dicendus
3429 612 3516 655 ess
3557 598 3713 654 Filius-
3748 599 3794 655 in
3820 600 3862 656 id

2310 692 2448 764 quod
2479 692 2702 761 ωιιυςιιιε
2745 703 2829 747 εει
2860 691 3034 754 Patri,
3078 703 3170 744 aut
3197 700 3409 745 creatus
3437 707 3500 744 ex
3549 691 3750 761 aliquo,
3789 708 3861 747 aut

2309 783 2377 840 de
2397 785 2566 840 nihilo
2588 785 2945 840 substitutus:
2969 784 3094 855 quia
3118 785 3260 854 quod
3289 797 3372 840 est
3395 785 3549 840 Pa'er
3573 787 3669 841 ltoc
3687 789 3863 857 genuit,

2310 871 2452 930 Deus
2472 873 2640 931 Deum
2663 915 2678 939 ,
2715 875 2803 930 lux
2836 873 3034 941 lui-em,
3069 874 3521 930 incommutabilis
3544 877 3841 931 inconnnuta

2314 963 2496 1024 bilem,
2549 961 2785 1016 infinitus
2814 959 3097 1025 inlinitum,
3149 968 3384 1014 aeternus
3429 968 3763 1014 comternum.
3806 960 3864 1016 Si

2313 1053 2514 1108 utiliter
2550 1052 2696 1106 etde
2747 1049 2948 1124 Spiritu
2977 1057 3169 1106 sancto
3213 1049 3480 1105 credimus
3529 1050 3652 1119 quia
3681 1050 3773 1106 hoc
3796 1060 3863 1106 est

2313 1143 2460 1216 quod
2491 1144 2580 1200 illc
2611 1159 2640 1198 a
2671 1157 2778 1212 quo
2805 1141 3070 1213 procedit.
3113 1140 3401 1196 Videamus
3451 1141 3613 1211 igitur
3641 1142 3864 1212 deinceps

2313 1243 2492 1289 utrum
2535 1235 2648 1289 lucc
2693 1248 2813 1303 qua:
2864 1231 3098 1286 diximus
3144 1240 3452 1286 sanctarum
3500 1231 3863 1302 Scripturarum

2313 1327 2470 1397 331
2508 1323 2830 1381 testimoniis
2859 1323 3239 1393 approbemus.
3283 1321 3522 1378 Primum
3560 1324 3715 1382 etiam
3741 1340 3866 1394 qum-

2313 1419 2542 1477 rendum
2571 1426 2653 1474 est
2697 1418 2742 1472 si
2774 1418 2914 1473 Deus
2945 1416 3178 1472 Trinitas
3205 1416 3295 1470 sit.
3349 1416 3656 1484 Faciamus,
3700 1418 3861 1486 inquit,

2309 1510 2566 1566 hominem
2587 1509 2656 1562 ad
2671 1508 2950 1579 imaginem
2969 1516 3017 1560 et
3034 1507 3423 1561 similitudinem
3440 1516 3670 1562 nostram
3682 1506 3862 1578 (Cenes.

2308 1619 2344 1668 ι,
2379 1603 2446 1659 26
2480 1644 2494 1659 .
2535 1601 2602 1656 Ει
2633 1617 2868 1659 rursum.
2930 1600 3132 1661 Venite,
3171 1600 3569 1667 descendamus,
3615 1601 3794 1672 inquit,
3823 1608 3863 1654 et

2307 1694 2688 1764 confundantus
2726 1691 2797 1746 ibi
2843 1693 3048 1762 linguas
3089 1708 3264 1745 eorum
3310 1690 3521 1763 (Cenes.
3564 1709 3636 1754 χι,
3665 1693 3736 1762 7).
3773 1692 3863 1747 No-

2305 1795 2471 1840 stram
2503 1802 2652 1851 vero,
2700 1794 2756 1839 et
2781 1783 3178 1850 descendamus,
3226 1785 3592 1853 pluralitatem
3639 1801 3861 1855 persona-

612 1873 1044 1944 cstaspirantis:
1093 1891 1224 1946 ergo
1270 1877 1334 1932 ad
1367 1876 1586 1933 Patrem
1616 1880 1918 1950 Filiumque
1947 1881 2198 1936 refertur.
2241 1887 2282 1946 Β
2309 1892 2448 1942 rum,
2503 1893 2612 1932 non
2666 1875 2892 1931 deorum
2945 1875 3198 1931 insinuat.
3256 1876 3623 1946 Similiterque
3667 1876 3861 1931 Abrahae

610 1962 717 2021 ista
747 1965 930 2037 itaque
956 1968 1179 2024 relativa
1211 1971 1428 2026 nomina
1459 1971 1774 2028 Trinitatem
1825 1973 2023 2028 faciunt
2050 1990 2064 2038 ;
2116 1989 2201 2028 es-

608 2059 857 2117 sentialia
885 2076 1016 2116 vero
1045 2062 1193 2117 nullo
1226 2062 1390 2118 modo
1420 2065 1776 2135 triplicantur.
1837 2065 1975 2120 Deus
2020 2064 2198 2126 Pater,

609 2148 754 2204 Deus
781 2149 967 2214 Filius,
1013 2151 1156 2209 Deus
1200 2152 1433 2224 Spiritus
1479 2165 1718 2210 sanctus.
1781 2155 1959 2212 Bonus
2018 2155 2197 2221 Pater,

611 2239 787 2295 bonus
815 2238 1000 2306 Filius,
1053 2241 1228 2296 bonus
1266 2243 1500 2314 Spiritus
1546 2255 1782 2301 sanctus.
1846 2243 1972 2301 Pius
2018 2244 2198 2313 Pater,

609 2328 729 2397 pius
758 2327 955 2400 Filius,
988 2332 1107 2401 pius
1139 2331 1371 2402 Spiritus
1400 2343 1637 2390 sanctus.
1681 2334 1863 2390 Justus
1892 2331 2072 2397 Pater,
2113 2335 2201 2406 ju-

607 2428 726 2478 stus
752 2418 939 2487 Filius,
983 2422 1164 2492 justus
1205 2431 1257 2478 et
1286 2424 1520 2496 Spiritus
1567 2437 1800 2482 sanctus.
1843 2425 2200 2498 Omnipotens

607 2508 799 2575 Pater,
852 2513 1196 2584 omnipotens
1234 2514 1428 2581 Filius,
1479 2511 1824 2587 omnipotens
1867 2526 1922 2572 et
1969 2517 2198 2588 Spiritus

601 2607 847 2655 sanctus.
889 2599 954 2655 Et
983 2611 1162 2660 tamen
1207 2621 1316 2663 non
1365 2606 1592 2664 dicimus
1623 2623 1721 2663 nec
1749 2616 1859 2664 tres
1887 2607 2045 2676 Deos,
2098 2626 2198 2666 nec

607 2698 718 2744 tres
746 2689 937 2756 bonos,
972 2708 1073 2748 nec
1101 2703 1213 2749 tres.
1239 2696 1374 2765 pios,
1428 2712 1527 2752 nec
1561 2706 1668 2752 tres
1688 2697 1883 2766 justos,
1937 2714 2038 2755 nec
2088 2709 2198 2756 tres

605 2785 1028 2856 omnipotentes,
1067 2787 1160 2844 sed
1201 2806 1364 2846 unum
1395 2789 1583 2853 Deum,
1628 2791 1847 2857 bonum,
1892 2793 2061 2862 pium,
2104 2793 2194 2863 ju-

602 2886 768 2944 stum,
803 2880 1258 2950 omnipotentem,
1291 2881 1504 2939 Patrem
1548 2893 1605 2939 et
1632 2883 1824 2942 Filium
1854 2894 1909 2940 et
1933 2885 2194 2957 Spiritum

604 2977 850 3027 sanctum
877 2988 889 3025 :
923 2971 1010 3026 ubi
1040 2981 1123 3027 est
1151 2989 1254 3033 una
1285 2983 1495 3041 natura,
1527 2976 1786 3042 essentia,
1827 2976 1910 3032 vel
1951 2979 2195 3033 substan-

606 3063 702 3120 Ila.
743 3064 1039 3133 Quodlibet
1077 3069 1218 3124 enim
1247 3070 1314 3124 de
1345 3071 1426 3128 bis
1458 3071 1763 3127 nominibus
1809 3071 1862 3126 in
1893 3071 1982 3128 illa
2008 3079 2194 3128 sancta

600 3166 918 3228 minimaque
945 3159 1210 3220 Trinitatc
1235 3163 1456 3227 dixeris,
1507 3180 1672 3218 unum
1705 3163 1954 3234 idemque
1999 3164 2196 3235 signiﬁ-

601 3257 710 3303 cat.
742 3249 861 3305 Non
889 3260 973 3306 est
1001 3252 1214 3308 diversa
1244 3251 1418 3312 Patris
1447 3263 1500 3309 ει
1531 3253 1649 3310 Filii
1677 3263 1733 3309 et
1759 3253 1992 3324 Spiritus
2018 3255 2191 3310 sancti
2221 3279 2267 3343 ρ

603 3340 856 3396 essentia.
901 3343 1057 3408 Quod
1084 3344 1128 3398 si
1155 3352 1318 3406 esset.
1351 3360 1452 3402 nec
1479 3345 1746 3402 veraciter
1773 3344 1938 3401 Filius
1972 3360 2004 3399 a
2030 3343 2190 3402 Patre

603 3424 934 3503 ~gigneretur,
988 3452 1090 3491 nec
1132 3436 1366 3507 Spiritus
1399 3445 1618 3494 sanctus
1662 3453 1692 3490 a
1739 3436 1899 3493 Patre
1946 3437 2190 3508 Filioque

600 3524 939 3595 procederet.
982 3525 1088 3580 Sed
1110 3527 1235 3598 quia
1265 3542 1424 3583 verus
1452 3536 1535 3583 est
1561 3527 1756 3593 Filius,
1804 3527 1860 3584 id
1887 3536 1970 3584 est
2008 3526 2078 3584 de
2105 3544 2189 3584 es-

599 3614 777 3670 sentia
810 3611 983 3671 Patris
1002 3617 1238 3685 genitus,
1284 3633 1446 3674 verus
1485 3627 1646 3674 estet
1675 3617 1909 3689 Spiritus
1948 3626 2186 3682 sanctus,

599 3721 634 3762 a
661 3705 823 3764 Patre
855 3706 1096 3780 Filioque
1124 3709 1444 3782 procedens.
1485 3711 1641 3784 Quod
1669 3711 1714 3768 si
1739 3711 1905 3770 Filius
1931 3720 2025 3766 aut
2068 3711 2189 3782 Spi-

597 3799 734 3855 ritus
759 3809 976 3857 sanctus
1005 3801 1226 3859 alterius
1252 3802 1465 3871 generis
1505 3811 1632 3858 sunt
1657 3818 1817 3874 quam
1859 3801 2042 3872 Pater,
2091 3819 2191 3859 nec

596 3888 773 3948 Filius
821 3892 1088 3949 veraciter
1133 3891 1308 3949 Patris
1349 3903 1457 3963 est,
1501 3909 1664 3964 quem
1701 3901 2018 3952 extraneum
2063 3895 2193 3952 facit

595 3982 848 4040 dilibrens
874 3987 1150 4053 essentia;
1198 3986 1448 4044 similiter
1476 4003 1576 4043 nec
1618 3987 1851 4059 Spiritus
1891 3997 2110 4044 sanctus
2157 4005 2191 4045 a

596 4073 758 4133 Patre
779 4076 1025 4150 Filioque
1045 4079 1386 4150 procederet,
1409 4079 1556 4149 quod
1581 4079 1848 4137 dementis
1867 4089 1951 4137 est
1973 4081 2186 4138 dicere:

596 4167 722 4238 quia
753 4177 938 4225 sancta
966 4169 1266 4240 Scriptura,
1310 4179 1367 4227 et
1394 4173 1586 4230 Filium
1634 4189 1666 4227 a
1717 4175 1876 4229 I‘atre
1920 4174 2186 4242 genitum,

596 4266 652 4314 et
679 4258 935 4331 Spiritum
965 4271 1211 4320 sanctum
1241 4281 1271 4320 a
1303 4264 1462 4322 Patre
1491 4265 1880 4337 procedentem
1911 4267 2053 4323 lideli
2083 4283 2192 4322 ma~

595 4353 811 4410 ttil‘estat
842 4357 1176 4412 narratione.

1210 4489 1441 4547 CAPUT
1479 4489 1569 4549 lll.

664 4598 811 4669 Ergo
838 4610 960 4658 sunt
982 4602 1082 4656 tria
1103 4603 1348 4672 qutcdam
1369 4614 1662 4672 cozctcrtta,
1691 4607 2183 4673 consubstantialia.

589 4694 990 4752 coessentialia.
1019 4695 1124 4750 Sed
1154 4712 1276 4752 cum
1307 4706 1638 4767 qumrcretur
1666 4716 1696 4754 a
1725 4698 1991 4768 Patribus,
2016 4711 2070 4756 et
2097 4703 2183 4759 di-

586 4794 805 4842 ceretur
829 4803 842 4843 :
899 4784 1038 4856 Quid
1082 4787 1182 4842 tria
1209 4789 1232 4843 ?
1259 4803 1361 4844 nec
1388 4791 1670 4857 cssentias,
1703 4807 1804 4848 nec
1830 4793 2180 4868 substantias,

587 4892 691 4934 nec
721 4886 943 4938 naturas
971 4878 1153 4956 dicere
1179 4881 1296 4936 ausi
1325 4891 1452 4936 sunt
1481 4899 1497 4948 ;
1527 4900 1594 4939 ne
1622 4884 1801 4954 aliqua
1830 4884 1974 4940 forte
1997 4885 2178 4941 diver-

583 4973 720 5029 sitas
766 4974 1084 5030 crederetur
1131 4975 1512 5044 essentiarum,
1563 4986 1658 5033 aut
1701 4986 2039 5043 naturarum,
2090 4986 2185 5033 aut

583 5068 1050 5125 substantiarunt:
1103 5068 1200 5124 sed
1227 5070 1478 5125 dixerunt
1523 5081 1634 5126 tres
1682 5085 1964 5141 personas,
2015 5085 2176 5127 unam

584 5163 875 5218 essentiam
902 5181 914 5216 :
950 5163 1027 5218 ttti
1059 5179 1162 5218 una
1193 5164 1428 5220 essentia
1455 5163 1759 5220 declararet
1787 5163 1954 5220 Deum
1987 5181 2175 5229 unum,

582 5266 694 5312 tres
719 5266 898 5313 autem
924 5271 1171 5328 persona:
1193 5265 1444 5324 sanctam
1461 5257 1779 5314 Trinitatem
1802 5257 2174 5314 ostenderent.

581 5344 692 5401 Nec
718 5348 821 5402 hoc
847 5347 1094 5413 dicimus,
1146 5348 1292 5419 quod
1343 5347 1718 5404 tantummodo
1761 5347 1901 5402 Deus
1942 5345 2177 5402 Trinitas

584 5438 680 5505 sit,
713 5446 768 5492 et
795 5455 902 5494 non
934 5455 1272 5512 unaquaeque
1302 5455 1556 5511 persona.
1596 5439 1728 5496 Nam
1758 5448 1813 5494 et
1843 5437 2005 5494 Pater
2031 5439 2178 5494 solus

580 5529 725 5584 Deus
746 5538 848 5595 est,
873 5539 927 5585 et
956 5530 1121 5586 Filius
1150 5531 1299 5587 solus
1327 5531 1467 5587 Deus
1487 5540 1588 5597 est,
1622 5539 1678 5586 et
1698 5529 1931 5600 Spiritus
1951 5538 2172 5584 sanctus

578 5621 727 5675 solus
755 5621 896 5677 Deus
915 5630 1018 5676 est.
1050 5622 1209 5678 Solus
1237 5623 1378 5686 dico,
1407 5624 1534 5693 quia
1567 5623 1727 5678 Pater
1756 5636 1861 5676 non
1884 5629 1968 5676 est
1985 5620 2151 5675 Filius

578 5720 636 5765 et
662 5711 826 5768 Filius
856 5728 962 5768 non
1000 5721 1082 5769 est
1113 5713 1296 5783 Pater,
1344 5724 1399 5771 et
1429 5715 1661 5786 Spiritus
1706 5723 1927 5770 sanctus
1953 5729 2061 5767 non
2092 5720 2174 5766 est

578 5805 739 5860 Pater
779 5814 872 5862 aut
921 5805 1105 5862 Filius.
1173 5807 1442 5862 Caeterum
1487 5807 1720 5862 Trinitas
1777 5805 2171 5876 inseparabilis,

578 5896 1052 5968 incommutabilis,
1105 5899 1314 5955 inﬁnita
1343 5916 1450 5954 non
1483 5899 1672 5970 recipit
1703 5908 1810 5956 tres
1848 5898 1997 5964 deos,
2032 5897 2171 5955 sicut

2304 1968 2438 2023 visio
2492 1968 2654 2022 trium
2701 1966 2938 2021 virorum
2987 1973 3041 2020 et
3091 1967 3246 2020 unius
3295 1966 3508 2020 Domini
3555 1965 3855 2037 deprecatio.

2302 2059 2370 2114 Et
2396 2079 2408 2112 :
2441 2060 2581 2114 Pluit
2605 2058 2856 2114 Dominus
2885 2076 2917 2112 a
2949 2057 3170 2114 Domino
3199 2075 3351 2126 super
3381 2057 3663 2112 Sodomam
3692 2068 3735 2112 et
3764 2057 3852 2112 Go-

2301 2151 2565 2205 morrltam
2594 2151 2812 2220 sulphur
2839 2157 2887 2204 et
2909 2149 3083 2220 ignem
3103 2167 3133 2201 a
3159 2148 3378 2202 Domino
3405 2147 3616 2219 (Cenes.
3641 2165 3744 2213 nx,
3763 2148 3854 2216 2i).

2301 2242 2406 2296 Et:
2433 2242 2580 2296 Dixit
2604 2241 2856 2297 Dominus
2887 2239 3111 2295 Dontina
3142 2257 3284 2297 meo:
3319 2239 3455 2295 Sede
3486 2257 3517 2293 a
3539 2240 3728 2294 dextris
3755 2242 3858 2293 meis

2304 2333 2476 2405 (Psal.
2500 2349 2608 2398 Ctx,
2639 2332 2692 2402 1)
2719 2349 2732 2398 ς
2775 2331 2882 2388 Et:
2941 2331 3110 2386 Verbo
3145 2331 3358 2388 Domini
3389 2332 3504 2386 εωιὶ
3531 2332 3718 2403 ﬁrmati
3738 2339 3856 2395 sunt,

2299 2434 2348 2481 ct
2392 2425 2593 2496 Spiritu
2635 2426 2742 2479 oris
2767 2426 2881 2497 ejus
2910 2425 3078 2480 omnis
3120 2423 3278 2478 virtus
3303 2441 3484 2479 eorunt
3516 2423 3683 2495 (Psal.
3715 2439 3854 2485 sun,

2301 2515 2381 2588 6)‘.
2440 2516 2577 2583 Quid
2623 2517 2767 2570 aliud
2817 2517 2930 2570 lucc
2978 2531 3141 2585 quant
3185 2514 3507 2570 Trinitatem
3561 2514 3858 2570 ostendunt?

2300 2606 2659 2678 Apertiusque
2687 2622 2818 2662 sane
2843 2605 3103 2661 Dominus
3136 2606 3186 2660 itt
3220 2605 3518 2673 Evangelia
3543 2623 3555 2658 :
3599 2603 3695 2671 Ite,
3717 2604 3855 2673 bapti-

2306 2712 2418 2755 zate
2443 2715 2621 2756 omnes
2647 2710 2821 2770 gentes
2841 2701 2894 2754 in
2920 2701 3127 2754 nomine
3157 2697 3358 2763 Putris,
3378 2708 3428 2752 et
3462 2697 3612 2763 Filii,
3639 2707 3684 2751 et
3715 2697 3854 2768 Spiri-

2302 2802 2382 2848 tus
2406 2793 2574 2846 sancti
2598 2790 2812 2862 (Matth.
2844 2807 3025 2856 xxvut,
3058 2778 3170 2858 i9).
3222 2789 3287 2843 Et
3315 2807 3531 2844 rursum
3559 2808 3570 2843 :
3606 2787 3758 2842 Facta
3793 2797 3855 2841 est

2298 2899 2398 2939 rex
2445 2883 2508 2937 de
2537 2887 2660 2937 caelo
2701 2882 2918 2937 dicens:
2952 2881 3054 2936 llic
3100 2892 3177 2936 est
3218 2880 3388 2935 Filius
3442 2899 3588 2936 meus
3630 2881 3853 2934 dilectus:

2299 2977 2467 3046 ipstmt
2489 2974 2666 3028 audite
2697 2973 2913 3044 (Matth.
2935 2989 3063 3036 xvtt,
3088 2972 3167 3042 5).
3208 2972 3613 3044 Identidetnquc
3640 2975 3726 3036 ait,
3757 2971 3852 3026 Vidi

2299 3066 2556 3136 Spiritum
2582 3065 2680 3120 Dei
2707 3065 3120 3131 descendentem,
3145 3074 3193 3122 et
3223 3075 3518 3124 manentem
3547 3069 3672 3120 sicut
3693 3065 3855 3120 robur

2299 3157 2415 3213 bam
2437 3160 2492 3214 in
2520 3159 2632 3230 ipso
2664 3158 2844 3229 (Joan.
2869 3173 2906 3223 ι,
2935 3158 3049 3231 52).

2924 3289 3150 3347 CAPUT
3186 3291 3270 3346 IV.

2367 3401 2446 3457 En
2496 3402 2666 3459 babes
2701 3401 2754 3458 in
2813 3401 2963 3458 brevi
2995 3403 3155 3457 alium
3187 3419 3306 3458 esse
3336 3401 3574 3469 Patrem,
3617 3404 3763 3458 aliunt
3789 3399 3852 3454 Fi-

2295 3494 2449 3560 lium,
2481 3496 2646 3550 alium
2687 3495 2946 3567 Spiritum
2976 3505 3261 3552 sanctum:
3313 3497 3481 3551 aliunt
3533 3507 3587 3552 et
3627 3498 3772 3551 alium
3807 3493 3850 3548 itt

2296 3601 2554 3657 persona,
2588 3602 2694 3642 non
2726 3586 2870 3643 aliud
2919 3594 2974 3642 et
3010 3587 3152 3642 aliud
3201 3587 3252 3642 in
3301 3597 3538 3652 natura;
3587 3597 3640 3643 et
3684 3586 3852 3642 idcirco

2296 3679 2433 3752 Ego,
2466 3679 2660 3749 inquit,
2710 3688 2758 3735 et
2792 3679 2957 3734 Pater
3005 3697 3164 3734 unum
3214 3698 3388 3736 sumus
3441 3681 3620 3754 (Joan.
3664 3698 3717 3746 ι,
3757 3677 3849 3747 '50).

2300 3772 2493 3840 Unum,
2525 3772 2591 3827 ad
2624 3781 2868 3827 naturam
2922 3771 3124 3828 referre
3174 3790 3273 3827 nos
3322 3773 3504 3840 docet,
3554 3773 3753 3838 Sumus,
3793 3765 3850 3822 ad

2292 3883 2591 3940 personas._
2614 3866 2872 3922 Similiter
2915 3875 2970 3922 et
3019 3866 3145 3920 illtnl
3175 3885 3187 3920 :
3221 3865 3348 3921 Tres
3379 3877 3522 3931 sunt,
3567 3866 3745 3936 inquit,
3781 3860 3852 3933 qui

2295 3959 2638 4017 testimonium
2667 3960 2845 4013 dicunt
2865 3960 2918 4016 in
2948 3959 3095 4024 caelo,
3127 3955 3313 4026 Pater,
3354 3960 3605 4027 Verbum,
3635 3970 3680 4015 et
3705 3957 3852 4028 Spiri-

2294 4063 2393 4118 tus,
2419 4062 2467 4106 et
2487 4053 2540 4106 Iti
2563 4062 2664 4107 tres
2687 4069 2844 4106 unum
2864 4059 2983 4107 sunt
3006 4051 3061 4124 (1
3088 4051 3245 4109 Joan.
3279 4070 3333 4120 γ,
3361 4053 3438 4122 7).
3473 4054 3662 4110 Audiat
3687 4045 3848 4106 Sabel«

2294 4146 2396 4204 lius
2424 4163 2620 4213 sumus,
2649 4146 2833 4202 audiat
2866 4155 2992 4211 tres,
3023 4154 3078 4201 et
3105 4145 3290 4202 credat
3317 4163 3440 4204 esse
3471 4157 3579 4203 tres
3605 4157 3848 4217 personas,

2298 4247 2354 4294 et
2395 4253 2504 4296 non
2532 4237 2796 4306 sacrilego
2841 4235 3008 4292 corde
3049 4235 3402 4306 blaspltemet,
3446 4237 3665 4292 dicendo
3703 4233 3849 4303 ipsum

2290 4333 2396 4390 sibi
2417 4347 2539 4388 esse
2569 4335 2804 4397 Patrem,
2836 4331 3009 4402 ipsum
3037 4331 3140 4388 sibi
3171 4330 3392 4400 Filium,
3425 4332 3600 4403 ipsum
3629 4329 3721 4387 sibi
3747 4323 3849 4396 Spi-

2290 4427 2452 4484 ritum
2497 4435 2780 4482 sanctum:
2831 4433 3084 4494 tanquam
3140 4423 3304 4480 modo
3356 4424 3592 4498 quodam
3639 4420 3848 4490 seipsum

2288 4519 2493 4589 gignat,
2525 4525 2620 4572 aut
2649 4516 2808 4574 modo
2830 4515 3065 4587 quodatn
3115 4531 3145 4571 a
3193 4516 3373 4587 seipso
3422 4516 3536 4586 ipse
3583 4509 3846 4586 procedat;

2290 4627 2414 4668 cum
2445 4612 2548 4666 lmc
2577 4610 2742 4669 etiam
2789 4610 2842 4664 in
2874 4608 3080 4663 naturis
3127 4609 3325 4664 creatis
3372 4609 3593 4662 minime
3639 4602 3848 4660 invenire

2288 4701 2492 4774 possit,
2541 4709 2599 4754 ut
2638 4699 2837 4769 aliquid
2881 4699 3116 4769 seipsum
3165 4701 3385 4770 gignere
3431 4699 3622 4752 valeat.
3679 4690 3846 4747 Audiat

2288 4797 2499 4853 scilicet
2527 4803 2583 4850 et
2604 4795 2785 4862 Arius,
2816 4793 3014 4861 Unum,
3039 4801 3096 4848 et
3123 4809 3230 4848 non
3259 4792 3554 4850 dillerentis
3581 4788 3753 4843 Filium
3778 4782 3845 4836 di-

2287 4897 2377 4945 cat
2403 4903 2524 4943 esse
2555 4894 2779 4950 natura),
2832 4901 2954 4940 cum
2994 4895 3186 4940 natura
3215 4885 3426 4941 diversa
3455 4899 3614 4939 unum
3641 4880 3734 4936 dici
3762 4891 3842 4930 ne—

2286 4988 2471 5049 queat.
2514 4977 2680 5032 Filius
2710 4977 2891 5045 itaque
2921 4976 3137 5040 clamat,
3167 4971 3282 5048 Ego
3301 4985 3351 5031 et
3389 4975 3554 5033 Pater
3592 4987 3738 5027 unum
3771 4982 3843 5020 su-

2287 5089 2400 5127 mus
2433 5071 2613 5140 (Joan.
2639 5086 2694 5134 χ,
2724 5069 2816 5140 50)
2843 5087 2858 5135 ;
2891 5079 2944 5125 ει
2969 5088 2981 5122 :
3018 5068 3118 5133 Qui
3143 5087 3223 5124 me
3242 5068 3394 5135 videt,
3425 5068 3559 5124 uidet
3587 5077 3634 5122 et
3658 5063 3842 5119 Patrem

2283 5161 2466 5234 (Joan.
2500 5178 2606 5227 xw,
2638 5161 2716 5225 9).
2763 5160 2829 5216 Et
2851 5161 3146 5232 Apostolus
3167 5159 3234 5215 de
3263 5177 3364 5216 eo:
3403 5160 3502 5225 Qui
3529 5175 3641 5214 cum
3673 5157 3721 5210 in
3747 5155 3840 5224 [ar-

2279 5269 2364 5308 ma
2385 5252 2504 5316 Dei,
2535 5253 2729 5323 inquit,
2759 5263 2916 5320 esset,
2945 5269 3046 5307 non
3074 5253 3316 5323 rapinam
3338 5252 3619 5307 arbitratus
3645 5255 3714 5303 est
3747 5255 3842 5298 em

2277 5361 2331 5398 se
2351 5345 2599 5416 (canalem
2621 5343 2732 5399 Deo
2757 5342 2977 5415 (Philip.
3007 5360 3060 5408 tt,
3088 5341 3142 5410 6)
3173 5361 3185 5406 ;
3219 5352 3275 5398 ει
3301 5362 3311 5372 ·
3345 5342 3648 5412 Propterea,
3691 5331 3838 5404 inquit

2281 5437 2334 5492 in
2363 5437 2677 5506 Evangelio,
2708 5437 3005 5507 quwrebant
3029 5434 3201 5490 Judtei
3222 5435 3400 5490 Jesum
3422 5435 3719 5504 interﬁcere,
3737 5423 3840 5498 quia

2278 5549 2383 5586 non
2409 5531 2576 5584 solum
2595 5529 2822 5584 solvebat
2847 5527 3138 5592 sabbatum,
3179 5529 3272 5582 sed
3299 5537 3347 5582 et
3380 5527 3588 5582 Patrem
3617 5536 3751 5578 suum
3772 5516 3837 5568 di-

2275 5624 2418 5678 cebat
2455 5622 2639 5687 Deum,
2674 5624 2925 5695 wqualem
2965 5639 3020 5676 se
3060 5623 3258 5692 faciens
3289 5621 3403 5678 Deo
3443 5620 3618 5691 (Joan.
3653 5633 3697 5677 v,
3741 5606 3830 5672 is)-

2276 5714 2345 5769 Ει
2375 5715 2532 5768 Arius
2576 5713 2894 5782 blaspltemo
2923 5713 3115 5782 spiritu
3159 5712 3521 5769 contradicit:
3576 5708 3685 5762 Non
3727 5713 3814 5756 sun

2272 5822 2456 5870 unum,
2489 5821 2595 5860 non
2623 5813 2748 5860 sunt
2774 5804 3026 5873 :cquales,
3058 5803 3183 5874 quia
3215 5805 3328 5874 ipse
3354 5803 3514 5860 Filius
3533 5800 3597 5854 de
3615 5811 3670 5851 sc
3685 5789 3832 5848 dicit:

2275 5898 2438 5952 Pater
2478 5896 2651 5969 major
2679 5912 2761 5950 me
2788 5905 2865 5950 est
2895 5893 3072 5966 (Joan.
3107 5912 3216 5960 xiv,
3249 5895 3338 5968 28)
3366 5913 3380 5962 ;
3420 5901 3470 5952 et
3499 5891 3706 5948 missum
3731 5889 3832 5938 sese
