4108 6496
245 424 363 480 εἱῢί
1419 419 1504 476 DE
1541 418 1855 476 TRINITA’I

1957 416 2141 472 LIBER
2181 411 2379 476 UNUS.
2432 480 2434 482 ,
3417 429 3539 486 501'

239 550 632 608 smpenumero
657 550 687 589 a
712 533 870 589 Patre
902 541 1146 589 testatur.
1185 530 1231 587 0
1278 531 1457 589 infelix
1505 548 1658 589 error
1684 531 1842 602 pesti-
1871 539 1916 598 Α
1947 528 2037 584 ille
2082 529 2198 585 sine
2245 531 2596 601 ambiguitate
2627 533 2792 589 Deum
2822 536 3012 590 credit.
3063 536 3138 593 De
3177 539 3313 598 Filio
3341 553 3523 603 autem

241 627 483 697 [eraque
510 627 776 692 doctrina,
828 628 1079 696 ignorans
1114 625 1566 697 dispensationem
1607 624 1841 680 hominis
1943 621 2029 676 vel
2059 620 2124 676 de
2153 622 2354 692 Spiritu
2385 636 2572 680 saneto
2595 627 2770 681 omnis
2795 642 2933 696 pene
2953 629 3059 685 hoc
3079 641 3268 687 sancta
3290 632 3528 706 Scriptu-

241 722 328 778 ob
378 719 606 776 salutem
647 717 860 789 generis
910 717 1128 772 humani
1186 717 1556 786 temporalitcr
1602 715 1834 771 factam!
1943 727 2004 767 ra
2029 723 2284 780 resonat;
2334 716 2426 770 sed
2459 733 2556 786 pro
2597 717 2860 773 brevitate
2903 722 3169 778 sermonis
3197 737 3370 796 pauca
3399 727 3525 785 inde

245 813 436 880 Rogo,
461 808 756 866 secundum
785 807 914 877 quid
944 807 1116 877 major
1143 814 1226 863 est
1259 809 1414 860 l‘ater
1441 806 1622 861 Filio?
1650 820 1840 862 secun-
1946 801 2332 872 decerpsimus.
2376 806 2637 862 Minorem
2667 817 2872 875 autem,
2922 817 3013 865 aut
3061 812 3284 888 missum
3334 815 3524 872 Filium

242 901 387 956 dum
408 898 780 965 substantiam,
808 914 876 954 an
897 897 1190 953 secundum
1219 897 1534 968 potentiam,
1565 912 1633 950 an
1651 911 1844 952 secuu-
1873 955 1900 978 η
1945 893 2237 948 secundum
2271 895 2321 950 id
2352 896 2621 954 credimus
2647 897 2794 969 quod
2829 908 2885 955 et
2912 898 3209 970 'Apostolus
3252 905 3346 966 ait,
3379 905 3528 964 Misit

256 992 401 1046 dum
428 991 742 1054 bonitatem,
787 1005 855 1044 an
895 989 1186 1044 secundum
1217 989 1727 1060 incorporalitatem,
1775 1002 1844 1042 an

251 1078 564 1135 secundum
615 1079 970 1134 aeternitatem
1003 1081 1026 1132 ‘t
1065 1078 1121 1133 Si
1164 1078 1489 1134 innascibilis
1529 1078 1623 1134 Dei
1671 1077 1844 1132 Patris

254 1171 580 1243 Unigenitus
602 1172 745 1228 Deus
771 1173 946 1242 imago
975 1180 1086 1239 εει,
1118 1173 1368 1243 perfecta:
1395 1183 1558 1242 atque
1585 1174 1844 1229 absoluta:

247 1268 315 1322 in
363 1281 432 1321 eo
477 1266 790 1321 substantia:
828 1268 1026 1326 veritas
1073 1268 1230 1331 inest,
1280 1282 1379 1337 per
1423 1282 1585 1336 quam
1613 1266 1845 1323 efficitur

247 1370 385 1412 esse
411 1371 533 1411 eum
564 1357 848 1426 imaginem
877 1358 1136 1412 veritatis.
1181 1356 1380 1414 Potens
1406 1367 1494 1414 est
1524 1360 1699 1426 Pater,
1747 1358 1846 1414 sed

247 1449 300 1504 si
335 1445 578 1503 infirmus
601 1457 683 1502 est
712 1449 898 1516 Filius,
942 1449 1119 1519 imago
1153 1449 1264 1519 jam
1303 1466 1413 1506 non
1460 1459 1544 1508 est
1587 1451 1842 1520 potentis.

249 1537 443 1594 Bonus
469 1546 551 1593 est
580 1537 758 1600 Pater,
790 1539 884 1593 sed
923 1539 968 1593 si
997 1539 1048 1592 in
1080 1539 1278 1606 diversi
1322 1541 1535 1608 generis
1564 1540 1846 1594 divinitate

248 1628 432 1684 Filius
454 1639 558 1695 est,
598 1630 725 1684 boni
769 1630 1053 1699 imaginem
1083 1632 1207 1686 mali
1236 1641 1427 1688 natura
1479 1648 1588 1688 non
1637 1631 1844 1688 reddet.

251 1719 619 1792 lncorporeus
641 1719 800 1776 Pater
825 1731 925 1788 est,
956 1722 1056 1778 sed
1085 1722 1130 1777 si
1157 1722 1322 1779 Filius
1360 1722 1653 1780 secundum
1690 1723 1848 1794 spiri-

253 1821 377 1866 tum
408 1813 843 1884 circumscriptus
872 1822 956 1870 est
995 1830 1241 1886 corpore,
1277 1815 1387 1884 jam
1410 1815 1716 1886 incorporei
1741 1832 1846 1870 non

1945 984 2085 1040 Deus
2113 986 2308 1042 Filium
2335 1005 2484 1043 suum
2511 993 2705 1062 factum
2731 1009 2795 1046 ea:
2819 993 3050 1058 muliere,
3084 997 3274 1066 factum
3304 999 3396 1052 sub
3417 999 3528 1070 lege

1947 1075 2147 1148 (Galat.
2177 1094 2249 1143 tv,
2272 1078 2356 1149 Ἄ).
2387 1075 2620 1135 'Factum
2650 1089 2830 1137 autem
2861 1099 2929 1138 ex
2959 1085 3214 1150 muliere,
3247 1087 3301 1142 id
3349 1098 3432 1145 cst
3459 1091 3529 1146 de

1946 1168 2164 1237 Virgine
2205 1168 2370 1224 Maria
2414 1179 2636 1225 natum:
2691 1173 2816 1244 quia
2865 1174 2956 1230 ille
2997 1176 3088 1244 qui
3119 1186 3236 1232 erat
3259 1188 3420 1236 natus
3459 1197 3528 1236 ex

1947 1256 2106 1313 Patre
2136 1259 2253 1314 sine
2279 1260 2434 1316 initio
2473 1261 2543 1317 de
2567 1270 2738 1318 matre
2766 1265 3042 1321 nascendo
3081 1269 3291 1340 accepit
3317 1280 3536 1327 certum.

1947 1348 2205 1418 temporis
2234 1349 2463 1405 initium.
2497 1349 2598 1416 Qui
2618 1351 2779 1407 etiam
2808 1370 2924 1408 cum
2953 1358 3007 1410 in
3039 1359 3204 1426 [arma
3241 1358 3338 1414 Dei
3373 1371 3528 1428 esset,

1947 1439 2118 1509 inquit
2131 1438 2440 1510 Apostolus,
2458 1459 2560 1498 non
2581 1445 2818 1513 rapinam
2841 1445 3119 1502 arbitratus
3140 1457 3338 1505 estesse
3357 1469 3532 1523 taqua-

1948 1535 2012 1588 lis
2044 1533 2170 1602 Deo,
2204 1535 2292 1590 sed
2310 1537 2638 1606 semetipsum
2663 1538 2951 1593 exinanivit
2979 1542 3202 1610 formam
3228 1545 3359 1597 serri
3389 1547 3532 1598 acci-

1948 1627 2117 1696 piens,
2150 1627 2203 1680 in
2229 1627 2568 1683 similitudine
2601 1628 2865 1684 hominum
2895 1631 3082 1699 factus,
3127 1641 3176 1686 et
3227 1633 3404 1687 habitu
3444 1635 3529 1688 in—

1949 1727 2126 1772 ventus
2147 1727 2201 1771 ut
2219 1720 2389 1784 homo,
2414 1719 2700 1776 humiliavit
2723 1737 2777 1774 se
2798 1735 2956 1791 usque
2976 1721 3044 1774 ad
3064 1730 3296 1789 mortem,
3314 1734 3531 1780 mortem

1951 1819 2121 1864 autent
2163 1812 2330 1866 crucis
2379 1810 2600 1882 (Philip.
2634 1828 2691 1877 tt,
2734 1811 2810 1882 6)-.
2846 1810 2945 1877 Qui
2973 1830 3089 1868 cum
3114 1816 3167 1868 in
3209 1817 3380 1887 forma
3413 1815 3528 1880 Dei,

251 1915 346 1960 est
372 1903 544 1960 forma
574 1921 886 1977 corporeus.
931 1905 1189 1963 .Eternus
1216 1909 1377 1979 332
1415 1916 1501 1963 est
1531 1906 1707 1975 Pater,
1753 1907 1848 1963 sed
1877 1894 1924 1954 Β
1952 1903 2045 1966 ait,
2081 1914 2232 1971 esset,
2265 1904 2315 1959 id
2344 1912 2426 1960 est
2452 1920 2574 1960 cum
2603 1906 2902 1962 substantia
2933 1907 3074 1963 Deus
3102 1917 3268 1976 esset,
3300 1925 3409 1964 non
3443 1924 3532 1964 ra-

254 1996 305 2051 si
333 1995 499 2071 Filius
528 2012 636 2052 non
667 2005 750 2052 est
795 2006 1118 2066 coaeternus,
1171 1999 1541 2070 temporaliter
1568 1997 1717 2054 Patri
1746 2015 1847 2054 no-

254 2105 389 2145 men
414 2090 754 2160 paternitatis
795 2091 1167 2158 accessit;.et
1207 2093 1319 2161 jam
1368 2108 1476 2148 non
1517 2092 1700 2148 omnia
1750 2107 1848 2163 per

257 2180 498 2236 Verbum
524 2181 664 2236 facta
688 2189 834 2248 sunt,
871 2183 996 2252 quia
1024 2183 1290 2252 reperitur
1324 2191 1536 2252 tempus
1566 2191 1693 2239 ante
1722 2182 1852 2238 Ver-

255 2269 393 2326 bum
423 2271 678 2336 anterius,
725 2272 938 2340 quando
964 2272 1126 2328 Pater
1167 2273 1329 2329 fuerit
1375 2273 1492 2329 sine
1537 2273 1694 2329 Filio.
1739 2272 1847 2330 Sed

262 2365 560 2434 imaginem
588 2363 684 2419 Dei
715 2363 890 2420 Patris
934 2365 1190 2433 Verbum,
1237 2375 1294 2422 et
1319 2367 1499 2422 omnia
1527 2381 1626 2437 per
1674 2366 1848 2436 ipsum

257 2455 406 2510 facta
435 2453 711 2525 Scriptura
741 2455 1020 2511 evidenter
1047 2455 1308 2511 declarat.
1351 2457 1432 2511 An
1469 2456 1608 2512 forte
1647 2457 1716 2513 ad
1745 2459 1866 2513 hoc‘

257 2545 440 2616 impia:
467 2546 816 2616 professionis
835 2561 945 2600 sua:
965 2561 1178 2602 sensum
1202 2554 1485 2617 propagat,
1513 2555 1570 2602 ut
1590 2546 1848 2620 Spiritum

264 2646 518 2692 sanctum
545 2637 746 2692 bonum
797 2637 1032 2706 quidem,
1083 2636 1179 2694 sed
1217 2636 1413 2692 Filium
1451 2637 1754 2704 meliorem,
1795 2647 1852 2694 et

259 2724 484 2783 Patrem
504 2727 764 2798 optimum
792 2741 913 2782 esse
932 2726 1158 2792 credat,
1201 2735 1293 2782 aut
1317 2726 1576 2798 Spiritum
1603 2737 1850 2784 sanctum

259 2827 560 2889 potentem,
591 2817 686 2873 sed
714 2817 907 2872 Filium
930 2818 1315 2888 potentiorem,
1346 2827 1402 2873 et
1423 2817 1637 2874 Patrem
1661 2827 1846 2888 poten-

262 2909 529 2964 tissimum
564 2924 727 2964 sensu
753 2908 1016 2979 sacrilego
1045 2915 1288 2975 astruat;
1339 2918 1432 2963 aut
1459 2916 1706 2964 sanctum
1736 2908 1853 2979 Spi-

263 3004 428 3057 ritum
451 3002 653 3072 justum
672 3043 687 3068 ,
737 3001 832 3057 sed
857 3000 1050 3055 Filium
1091 2999 1397 3069 justiorem,
1428 3008 1484 3055 et
1511 2998 1727 3055 Patrem
1751 2999 1842 3069 ju-

267 3094 563 3149 stissimum
586 3092 1005 3164 blasphemando
1025 3091 1298 3148 edoceat?
1334 3091 1472 3161 Ergo
1502 3107 1606 3147 non
1639 3101 1853 3148 tenetur

266 3186 368 3240 sub
419 3186 577 3240 unius
623 3185 718 3239 Dei
770 3183 1124 3254 professione,
1167 3185 1260 3239 sed
1312 3184 1652 3240 ethnicorum
1693 3199 1845 3240 more

1948 1995 2066 2064 pnit
2091 1992 2371 2059 deitatem,
2399 2010 2562 2064 quam
2589 1995 2906 2052 naturaliter
2933 1998 3164 2054 habebat
3187 2015 3309 2056 cum
3342 2000 3530 2065 Patre;

1948 2083 2042 2138 sed
2072 2083 2424 2153 semetipsum
2455 2083 2772 2150 exinanivit,
2796 2084 2846 2140 id
2889 2095 2995 2155 est,
3036 2102 3142 2142 non
3186 2087 3242 2141 in
3291 2087 3346 2142 id
3387 2089 3532 2157 quod

1950 2174 2093 2232 Deus
2117 2183 2221 2242 est,
2252 2184 2308 2232 et
2330 2177 2552 2246 aequalis
2573 2175 2744 2246 Patri,
2773 2178 2959 2247 generi
2988 2178 3222 2234 humano
3244 2179 3530 2251 apparuit;

1949 2267 2044 2324 sed
2071 2267 2290 2324 homine
2327 2277 2624 2340 assumpto,
2659 2285 2767 2326 non
2797 2270 2909 2326 Deo
2937 2280 3281 2343 consumpto,
3326 2272 3378 2327 in
3407 2272 3531 2328 unl-

1953 2366 2357 2429 tatepersonte,
2408 2369 2464 2432 et
2491 2361 2546 2415 in
2595 2360 2701 2416 hoc
2727 2362 2887 2432 333
2915 2362 3118 2417 mundo
3164 2365 3434 2434 apparuit,
3479 2373 3536 2418 et

1950 2451 2230 2521 passiones
2266 2453 2540 2522 sustinuit,
2589 2453 2648 2508 et
2695 2453 3008 2510 affectiones
3054 2455 3346 2518 humanas,
3399 2469 3533 2523 quas

1951 2541 2133 2598 decuit
2180 2551 2235 2598 et
2271 2543 2463 2607 voluit,
2513 2545 2630 2600 sine
2673 2543 2805 2599 vitio
2846 2545 3181 2602 transcurrit.
3225 2543 3534 2612 Secundun

1951 2633 2092 2690 hanc
2119 2633 2344 2691 formam
2384 2635 2672 2690 humanam
2698 2651 2805 2691 non
2836 2644 2921 2691 est
2964 2636 3187 2707 aequalis
3234 2636 3402 2700 Patri,
3447 2634 3533 2691 di-

1953 2733 2112 2781 cente
2144 2726 2284 2796 ipso,
2317 2725 2478 2781 Pater
2509 2727 2679 2798 major
2703 2743 2784 2781 me
2809 2736 2887 2782 est
2923 2725 3102 2798 (Joan.
3134 2743 3245 2793 xxv,
3278 2725 3390 2798 28).
3435 2725 3537 2784 Se-

1953 2815 2189 2874 cundum
2223 2817 2364 2870 illam
2395 2832 2523 2872 vero
2551 2832 2656 2886 qua
2687 2818 2910 2888 aequalis
2953 2826 3037 2872 est
3064 2816 3230 2883 Patri,
3274 2819 3386 2873 ait:
3417 2816 3535 2890 Ego

1954 2919 2005 2964 et
2035 2908 2196 2964 Pater
2222 2926 2378 2963 unum
2408 2927 2584 2964 sumus
2623 2909 2803 2981 (Joan.
2838 2927 2889 2976 κ,
2924 2909 3037 2981 30).
3081 2909 3387 2966 Secundum
3433 2911 3539 2966 forb

1953 3016 2096 3056 mam
2126 3001 2434 3064 humanam,
2467 3001 2601 3054 venit
2641 3002 2695 3055 in
2736 3001 2985 3055 mundum
3026 3009 3319 3071 peccatores
3363 3001 3535 3056 salvos

1955 3096 2127 3167 facere
2147 3092 2198 3166 (l
2228 3093 2358 3148 Tim.
2394 3109 2432 3157 ι,
2456 3091 2545 3164 15)
2573 3110 2588 3156 ;
2630 3092 2924 3149 secundum
2953 3092 3209 3158 divinam,
3260 3094 3314 3147 in
3344 3094 3535 3149 numdo

1953 3191 2088 3252 erat,
2116 3189 2165 3238 et
2207 3184 2424 3238 mundus
2472 3201 2562 3253 per
2596 3184 2765 3254 ipsum
2803 3186 2973 3255 [actus
3013 3193 3091 3238 est
3127 3182 3304 3254 (Joan.
3342 3199 3390 3250 ι,
3423 3183 3531 3252 10).

267 3276 625 3346 plurimorum
659 3253 882 3330 deorum
922 3275 1090 3331 cultui
1120 3275 1475 3345 mancipatur,
1525 3273 1652 3330 dum
1682 3253 1852 3331 Deum
1879 3261 1924 3324 (ἶ
1955 3275 2021 3332 Ει
2051 3276 2251 3331 ideirco
2272 3276 2405 3330 duas
2433 3275 2757 3330 substantias
2781 3275 2896 3331 sive
2925 3282 3163 3341 naturas,
3200 3275 3314 3329 sive
3336 3275 3538 3330 formas

276 3364 491 3420 Patrem
533 3365 820 3434 majorem,
853 3365 1152 3434 Filiumque
1186 3364 1470 3427 minorem,
1515 3372 1572 3419 et
1596 3361 1851 3434 Spiritum

269 3463 516 3510 sanctum
544 3455 828 3525 plusquam
869 3455 1134 3512 minorem
1173 3456 1592 3525 pmsumptione
1619 3464 1854 3511 temera-

270 3550 352 3603 ria
373 3546 704 3618 suspicatur.
743 3547 912 3602 Deum
943 3547 1224 3617 majorem,
1273 3555 1330 3603 et
1369 3547 1540 3603 Deum
1585 3550 1850 3604 minorem

272 3640 473 3694 habeat
512 3654 664 3693 error
687 3654 875 3694 eorum
917 3640 1008 3707 qui
1043 3638 1205 3693 Israel
1234 3654 1355 3694 esse
1384 3640 1594 3706 nolunt,
1626 3654 1728 3696 nec
1755 3639 1855 3695 ob-

278 3731 473 3784 turatis
498 3731 720 3788 auribus
745 3731 970 3787 audiunt
995 3748 1007 3783 :
1038 3731 1194 3799 Audi,
1220 3730 1408 3796 Israel,
1436 3731 1690 3788 Dominus
1716 3733 1856 3787 Deus

272 3833 390 3880 tuus
412 3822 550 3877 Deus
571 3840 704 3878 unus
729 3831 805 3877 est
835 3822 1014 3893 (Deut.
1046 3840 1116 3886 vn,
1149 3823 1203 3887 ι)
1233 3841 1248 3887 ;
1292 3830 1346 3876 ει
1377 3823 1502 3877 illud
1531 3841 1544 3876 :
1577 3821 1857 3878 Dominum

273 3912 440 3969 Deum
468 3923 606 3968 tuum
634 3911 898 3976 adorabis,
920 3923 968 3966 et
987 3913 1064 3966 illi
1084 3913 1182 3967 soli
1201 3913 1386 3966 servies
1411 3911 1599 3981 (Ibid.,
1633 3913 1746 3982 15).

918 4063 1146 4120 CAPUT
1187 4065 1250 4120 γ.

348 4177 454 4232 Sed
492 4192 561 4232 ne
597 4175 736 4232 forte
764 4186 969 4233 czncato
1006 4176 1170 4232 corde
1209 4176 1435 4242 Filium,
1484 4183 1576 4232 aut
1603 4175 1860 4247 Spiritum

280 4275 527 4321 sanctum
559 4266 726 4322 Deum
756 4282 875 4321 esse
897 4282 1002 4321 non
1028 4266 1271 4334 credant,
1302 4274 1357 4321 et
1379 4282 1532 4322 more
1551 4267 1859 4324 Judaaorum

280 4354 766 4426 blasphemantium
798 4354 966 4410 Deum
994 4371 1112 4412 esse
1133 4356 1420 4425 abnegent,
1451 4373 1729 4414 sacrarum
1753 4361 1862 4414 Lit-

284 4452 521 4499 terarum
560 4445 882 4499 testimoniis
921 4448 1330 4500 convincantur.
1376 4445 1608 4509 Quorum
1650 4447 1860 4514 Patres,

286 4535 460 4605 inquit
507 4535 816 4606 Apostolus,
862 4545 911 4590 et
951 4552 1017 4589 ea:
1064 4535 1246 4608 quibus
1295 4535 1529 4591 Christus
1576 4538 1862 4593 secundum

1955 3366 2254 3437 (quodlibet
2296 3363 2365 3418 de
2411 3364 2496 3419 bis
2535 3364 2756 3433 dixeris,
2801 3363 2942 3419 idem
2981 3363 3119 3433 est),
3175 3363 3399 3421 credere
3439 3379 3539 3418 nos

1955 3464 2170 3526 oportet
2193 3455 2244 3510 in
2270 3470 2376 3511 uno
2399 3453 2536 3509 Filio
2558 3453 2688 3520 Dei;
2718 3461 2880 3509 unam
2905 3453 3149 3525 profecto
3170 3454 3287 3524 Dei,
3313 3453 3541 3509 altera.

1955 3546 2209 3611 hominis,
2261 3553 2317 3601 ut
2350 3544 2604 3601 credatur
2651 3545 2792 3601 Deus
2837 3559 3018 3612 verus,
3063 3552 3119 3601 et
3168 3545 3332 3600 homo
3378 3556 3541 3600 verus

1956 3653 2093 3694 unus
2121 3635 2285 3690 Filius
2323 3633 2456 3690 Dei:
2507 3650 2598 3702 ne,
2647 3635 2788 3690 sicut
2814 3632 3121 3699 Nestorius,
3170 3634 3444 3689 hominem
3473 3647 3543 3689 ex

1956 3728 2177 3796 Virgine
2204 3725 2370 3780 Maria
2391 3734 2570 3780 natum
2600 3733 2847 3794 quartam
2875 3738 3164 3795 personam
3196 3723 3540 3780 introducen-

1958 3826 2061 3885 tes,
2091 3833 2124 3872 a
2150 3816 2412 3872 Trinitate
2432 3816 2782 3881 excidemus;
2817 3831 3013 3887 neque,
3037 3825 3097 3872 ut
3117 3814 3408 3888 Entyches,
3441 3817 3542 3873 ho-

1958 3911 2160 3966 minem
2190 3924 2374 3964 verum
2406 3923 2513 3963 non
2545 3909 2848 3976 credentes,
2882 3905 3074 3968 Filium
3103 3909 3199 3967 Dei
3225 3911 3344 3966 sine
3365 3911 3542 3966 homi-

1959 3999 2042 4056 nis
2070 3999 2458 4068 assumptione,
2489 3998 2542 4054 id
2571 4007 2656 4054 est
2684 3986 2843 4054 unius
2868 3999 3184 4058 substantia!
3206 4015 3326 4055 esse
3353 3999 3545 4056 creda-

1960 4105 2119 4154 mus;
2177 4097 2268 4142 aut
2316 4097 2466 4144 certe
2513 4105 2578 4144 ex
2627 4089 2835 4144 duabus
2877 4088 3194 4145 substantiis
3222 4104 3385 4144 unam
3427 4088 3545 4146 ﬁeri

1961 4181 2203 4251 potuisse
2251 4181 2605 4236 substantiam
2655 4181 3003 4238 arbitremur.
3043 4181 3179 4249 Quia
3219 4181 3382 4238 Filius
3424 4181 3544 4250 Del,

1962 4279 2023 4325 ut
2062 4271 2314 4336 diximus,
2349 4270 2400 4324 in
2424 4271 2629 4327 unitate
2651 4286 2899 4342 persona:
2922 4285 3032 4328 suae
3061 4281 3236 4329 totum
3267 4273 3545 4328 hominem

1961 4362 2267 4432 assumpsit,
2314 4361 2364 4417 id
2411 4373 2496 4418 est
2543 4363 2779 4418 animam
2829 4363 3171 4431 rationalem,
3202 4373 3256 4419 et
3297 4379 3543 4432 carnem,

1961 4455 2254 4511 secundum
2293 4455 2436 4523 quod
2475 4455 2676 4511 dictum
2724 4464 2809 4511 est
2850 4469 2951 4525 per
2997 4454 3362 4526 PrOphetam:
3409 4454 3548 4510 Ecce

1965 4545 2106 4614 virgo
2128 4544 2182 4598 in
2221 4551 2367 4599 utero
2398 4545 2635 4614 accipiet,
2681 4553 2730 4598 et
2765 4545 2932 4614 pariet
2957 4545 3147 4615 ﬁlium,
3195 4542 3550 4600 et’vocabitur

284 4642 512 4694 carnem,
555 4626 640 4697 qui
670 4634 746 4680 est
786 4625 1077 4679 benedictus
1109 4624 1245 4679 Deus
1275 4626 1327 4679 in
1355 4627 1545 4681 uacula
1577 4627 1754 4698 (Rom.
1786 4644 1864 4695 Ix,
1895 4642 1944 4701 ι)
1970 4634 2064 4706 (al.
2114 4634 2380 4704 rat-abitis)
2428 4651 2613 4689 nomen
2646 4635 2758 4707 ejus
2788 4635 3097 4691 Emmanuel
3146 4635 3281 4705 (Isa.
3316 4653 3405 4702 vn,
3433 4635 3545 4708 16),

286 4715 363 4786 5).
406 4715 473 4769 Ει
493 4732 705 4770 rursum
742 4713 980 4770 Joannes
1007 4715 1285 4784 apostolus
1315 4733 1327 4768 :
1363 4715 1431 4770 Ut
1460 4718 1641 4782 simus,
1671 4717 1862 4785 inquit,

286 4809 338 4861 in
372 4825 488 4862 vero
531 4805 673 4860 Filio
705 4806 819 4876 ejus
842 4803 965 4858 Jesu
989 4803 1213 4859 Christo.
1255 4803 1376 4872 Ipse
1404 4815 1482 4859 est
1509 4823 1658 4861 verus
1703 4805 1863 4870 Deus,

287 4904 336 4948 et
362 4898 465 4949 vita
492 4906 689 4950 (eterna
719 4893 960 4966 (I_Joan.
993 4910 1045 4958 v,
1072 4892 1186 4964 20).
1225 4892 1294 4948 Et
1323 4894 1390 4948 de
1421 4895 1626 4965 Spiritu
1666 4905 1858 4952 sancto

289 4983 522 5040 Joannes
542 4985 867 5055 evangelista
894 5003 906 5038 :
935 4984 1186 5056 Spiritus,
1211 4985 1403 5054 inquit,
1429 4985 1568 5042 Deus
1587 4998 1666 5043 est
1687 4989 1867 5059 (Joan.

295 5093 360 5144 tv,
397 5077 507 5148 Η).
551 5078 615 5131 Ει
641 5077 931 5147 Apostolus
952 5077 1078 5131 dum
1102 5075 1362 5147 Spiritum
1384 5088 1628 5133 sanctum
1659 5080 1871 5135 inhabi-

296 5175 520 5221 tatorem
568 5164 817 5222 Ecclesia:
861 5165 1104 5222 diceret:
1169 5163 1438 5231 Nescitis,
1489 5167 1697 5239 inquit,
1745 5171 1868 5242 quia

298 5256 518 5310 membra
557 5263 725 5310 vestra
767 5256 1012 5326 templum
1041 5264 1120 5310 est
1147 5255 1376 5328 Spiritus
1402 5259 1616 5311 sancti?
1654 5257 1868 5330 Cleri/i-

296 5354 403 5400 cate
429 5355 478 5398 et
507 5354 707 5417 portate
733 5342 1015 5398 Dominum
1046 5346 1099 5398 in
1121 5361 1334 5416 corpore
1361 5357 1528 5402 vestro
1561 5346 1614 5418 (Ι
1643 5347 1762 5404 Cor.
1793 5367 1867 5416 vr,

303 5435 382 5502 l9,
410 5436 522 5508 20).
563 5434 628 5490 Et
657 5435 708 5490 in
731 5433 954 5491 Actibus
976 5436 1347 5504 apostolorum
1380 5454 1393 5489 :
1426 5437 1664 5505 Anania,
1697 5438 1869 5510 inquit

301 5527 502 5594 Petrus,
525 5545 618 5584 cur
641 5529 851 5583 tentavit
879 5545 968 5582 cor
1003 5537 1143 5580 tuum
1167 5526 1400 5584 Satanas
1423 5531 1630 5586 mentiri
1660 5541 1707 5585 te
1744 5531 1869 5602 Spi-

301 5619 414 5671 ritui
452 5627 634 5672 sancto
673 5619 810 5688 (Act.
852 5634 905 5683 v,
937 5617 1041 5688 3)?
1077 5615 1144 5670 Et
1185 5618 1347 5688 paulo
1392 5629 1515 5691 post
1553 5621 1865 5690 subjungit:

305 5706 421 5762 Non
468 5725 521 5761 es
563 5708 848 5761 hominibus
895 5709 1162 5773 mentitus,
1191 5709 1282 5762 sed
1317 5710 1426 5766 Deo
1451 5709 1638 5781 (Ibid.,
1673 5710 1751 5780 4).
1794 5712 1873 5768 En

305 5801 460 5856 habet
495 5798 686 5853 Filium
731 5799 920 5878 Deum,
963 5798 1220 5869 Spiritum
1268 5813 1513 5860 sanctum
1558 5801 1746 5856 Deum.
1800 5803 1875 5860 De

310 5891 460 5946 Patre
487 5889 629 5960 quod
658 5889 798 5945 Dens
825 5891 914 5957 sit,
943 5905 1050 5946 non
1079 5905 1211 5962 opus
1241 5905 1324 5954 est
1353 5893 1689 5973 approbare,
1717 5908 1875 5964 quem

1967 4725 2113 4796 quod
2159 4735 2243 4781 est
2281 4726 2723 4796 interpretatum,
2775 4725 3058 4782 Nobiscum
3087 4727 3229 4784 Deus
3259 4726 3474 4800 (Matth.
3507 4744 3546 4792 ι,

1969 4817 2084 4885 2'5).
2125 4814 2301 4872 Homo
2331 4816 2491 4886 igitur
2518 4825 2574 4872 et
2620 4817 2763 4873 Deus
2791 4829 2896 4888 est,
2947 4820 3039 4892 qui
3077 4820 3146 4876 de
3187 4820 3353 4876 Maria
3394 4831 3552 4878 natus

1969 4915 2091 4972 est;
2134 4907 2297 4963 homo
2323 4916 2378 4962 et
2418 4908 2560 4976 Deus
2597 4919 2700 4976 est,
2727 4911 2819 4982 qui
2862 4912 3032 4967 crevit
3059 4921 3257 4978 astate;
3305 4914 3468 4971 homo
3496 4926 3553 4968 et

1971 4995 2114 5053 Deus
2141 5005 2244 5062 est,
2272 4998 2363 5067 qui
2384 4999 2528 5054 cruci
2559 4998 2750 5056 aﬂixus
2774 5011 2876 5067 est,
2917 5004 3008 5075 qui
3035 5005 3199 5060 etiam
3235 5007 3549 5074 resurrexit,

1974 5087 2249 5157 cmlosque
2281 5088 2544 5154 ascendit,
2574 5091 2832 5162 sedetque
2861 5093 2928 5147 ad
2956 5093 3233 5148 dexteram
3261 5093 3452 5148 Patris.
3485 5094 3555 5150 Et
3635 5147 3638 5151 .

1976 5179 2220 5249 quamvis
2248 5188 2472 5249 propter
2519 5182 2778 5238 unitatem
2806 5199 3048 5255 persona:
3079 5186 3234 5240 Deus
3273 5185 3436 5241 homo
3461 5187 3551 5252 sit,

1977 5275 2034 5323 et
2059 5267 2221 5322 homo
2246 5268 2388 5324 Deus
2424 5270 2514 5337 sit,
2559 5282 2738 5327 tamen
2779 5274 3071 5330 secundum
3118 5275 3388 5331 hominem
3414 5277 3554 5332 Deus

1978 5355 2174 5411 dicitur
2201 5357 2506 5424 cruciﬁxus,
2539 5359 2680 5416 Deus
2709 5361 2904 5417 dicitur
2926 5378 3134 5433 passus,
3180 5363 3320 5420 Deus
3358 5364 3556 5421 dicitur

1975 5451 2242 5501 mortuus.
2283 5445 2415 5500 Nam
2444 5448 2740 5504 secundum
2765 5450 2814 5504 id
2844 5451 2987 5520 quod
3017 5451 3164 5508 Deus
3179 5461 3282 5519 est,
3303 5455 3552 5530 impassi-

1973 5537 2098 5594 bilis
2127 5537 2558 5610 immortalisque
2587 5541 2689 5596 rite
2717 5543 2971 5598 creditur.

2581 5695 2809 5753 CAPUT
2851 5700 2944 5761 Vl.

2049 5807 2189 5879 Ergo
2217 5817 2398 5866 manet
2444 5809 2497 5865 in
2537 5809 2759 5868 Christo
2789 5820 3014 5883 utraque
3045 5827 3232 5873 natura
3267 5818 3552 5876 veritatem

1978 5913 2228 5971 servans,
2260 5899 2335 5956 ita
2365 5907 2422 5958 ut
2450 5915 2548 5958 nec
2578 5900 2806 5960 humana
2837 5903 2890 5958 in
2917 5903 3148 5962 divinam
3181 5905 3434 5963 translata
3463 5913 3556 5965 de.
