4108 6494
540 451 646 508 505

1573 444 1630 500 S.
1672 437 2034 498 FULGENTII
2073 432 2374 493 EPISCOPI
2415 433 2785 490 RUSPENSIS

3725 432 3841 488 50$

539 566 685 623 sinat
711 577 832 618 esse
860 561 1023 617 homo
1041 598 1056 623 ,
1090 574 1191 614 nec
1217 557 1394 613 divina
1435 559 1485 610 in
1514 557 1799 610 humanam
1835 537 2130 606 transfera-
2155 554 2208 612 Α
2234 546 2350 602 Non
2373 556 2454 602 est
2486 555 2633 602 certe
2653 547 2875 618 spiritus
2895 523 3240 613 irrationalis,
3269 547 3410 603 sicut
3435 557 3521 603 est
3541 548 3593 602 in
3617 549 3844 618 pecori-

532 665 651 720 .tnr,
689 661 746 708 et
773 651 982 707 desinat
1009 665 1130 705 esse
1169 650 1330 704 Deus.
1368 647 1456 703 Sic
1498 647 1658 716 igitur
1687 657 1741 699 ut
1792 660 1894 698 una
1925 641 2127 712 genita,

539 755 726 803 creata
753 745 964 809 altera;
1014 758 1118 797 una
1149 739 1540 810 intemporalis,
1579 739 1746 791 altera
1781 732 2126 804 temporalis:

544 853 650 891 una
679 835 991 913 sineinitio,
1016 832 1182 886 altera
1213 845 1333 885 cum
1365 830 1538 883 initio.
1563 827 1631 880 Et
1653 826 1901 896 quamvis
1930 823 2018 878 illa
2039 835 2132 890 ge—

541 929 654 983 nita
696 936 754 982 et
783 924 1151 996 intemporalis
1174 923 1238 976 ad
1261 921 1475 977 Patrem
1512 931 1566 976 et
1605 921 1861 990 Spiritum
1884 923 2132 972 sanctum
2163 966 2184 984 ,

539 1020 851 1090 pertineat;
897 1015 1210 1087 temporalis
1237 1025 1416 1068 tamen
1457 1021 1511 1067 et
1551 1021 1730 1067 creata
1761 1009 1904 1064 nullo
1935 1007 2129 1062 modo:

543 1110 670 1180 quia
699 1124 886 1164 revera
906 1105 1163 1176 quidquid
1191 1113 1394 1160 natura:
1421 1113 1505 1159 est
1525 1101 1971 1171 Patri,gignendo
1990 1097 2136 1154 dedit

544 1198 684 1256 Filio
709 1215 724 1263 ;
753 1195 1012 1267 quidquid
1061 1205 1264 1249 natum
1310 1210 1376 1248 ex
1406 1203 1650 1263 tempore
1673 1204 1764 1245 ant
1801 1192 2134 1265 extrinsecus

544 1291 776 1348 accessit
797 1288 951 1353 Filio,
969 1303 1076 1342 non
1106 1285 1374 1342 redundat
1396 1285 1462 1338 ad
1486 1284 1698 1338 Patrem
1724 1298 1896 1350 neque
1926 1281 1994 1334 ad
2017 1280 2137 1351 Spi-

545 1384 711 1438 ritum
740 1389 1005 1436 sancttnn.
1029 1377 1097 1432 Et
1125 1395 1247 1434 cum
1272 1379 1340 1431 sit
1361 1393 1464 1432 una
1493 1375 1788 1430 substantia
1818 1383 1930 1428 tota
1962 1372 2136 1426 Trini-

547 1483 654 1539 tas,
681 1475 786 1527 non
817 1471 882 1524 ad
915 1479 1084 1524 totam
1116 1467 1437 1523 Trinitatem
1487 1469 1653 1522 homo
1694 1465 1938 1520 Christus
1967 1463 2135 1533 perti-

546 1574 663 1632 net,
687 1564 786 1618 nisi
813 1571 1022 1617 tantutn
1049 1562 1112 1615 ad
1135 1561 1348 1616 Filium.
1401 1560 1510 1613 Nec
1530 1559 1672 1612 enim
1704 1557 1781 1611 ias
1810 1565 1893 1611 est
1918 1555 2139 1609 credere

549 1653 766 1710 Patrem
791 1662 882 1706 aut
910 1651 1170 1722 Spiritum
1197 1660 1439 1706 sanctum
1462 1649 1734 1703 hominem
1761 1647 2138 1716 assumpsisse,

546 1757 644 1803 aut
671 1748 964 1803 secundum
987 1744 1259 1798 hominem
1285 1757 1470 1812 passos
1499 1740 1681 1796 fuisse.
1699 1740 1931 1809 Spiritus
1960 1748 2139 1793 autem

548 1847 791 1902 sanctus,
817 1850 1124 1906 quanquam
1155 1833 1334 1888 minor
1362 1847 1624 1901 nusquam
1649 1832 1700 1885 in
1733 1830 2026 1900 Scriptnris
2057 1845 2140 1884 re-

2187 650 2195 661 '
2234 639 2365 702 bus;
2395 653 2568 707 neque
2594 639 2816 709 spiritus
2838 639 3136 704 rationalis,
3166 639 3300 695 sicut
3325 648 3410 695 est
3430 639 3483 694 in
3510 640 3842 696 horninibus

2234 739 2326 784 aut
2355 732 2590 799 angelis;
2609 731 2702 785 sed
2727 739 2811 786 est
2833 731 2973 786 Deus
2997 731 3230 787 Trinitas
3252 733 3845 800 immutabilis,creans

2235 822 2413 878 omnia
2443 837 2542 892 per
2567 823 2866 877 bonitatem
2895 839 3069 891 suam,
3103 833 3317 879 creatus
3355 839 3383 878 a
3426 826 3666 880 nemine.
3699 825 3845 891 Quis

2236 916 2416 984 itaque
2445 923 2622 985 potest
2651 923 2709 969 ut
2750 915 2968 984 dignum
2998 924 3103 983 est,
3132 925 3187 971 et
3218 925 3274 971 ut
3304 931 3362 972 se
3391 917 3554 972 habet
3577 915 3672 973 illa
3699 919 3848 973 infa-

2235 1004 2440 1060 bricata
2458 1004 2692 1072 forma,a
2719 1019 2828 1074 quo
2851 1004 3082 1058 formata
3099 1017 3224 1061 sunt
3253 1007 3630 1073 nniversa,vel
3651 1017 3849 1065 mente

2239 1096 2540 1166 percipere,
2583 1105 2788 1166 quanto
2819 1098 2990 1165 magis
3013 1097 3228 1166 eloquio
3257 1098 3519 1169 proferre,
3557 1100 3666 1156 nisi
3691 1103 3848 1170 quod

2239 1187 2312 1240 ita
2339 1187 2578 1242 creditur
2597 1203 2661 1241 ac
2686 1187 2884 1242 dicitur
2905 1187 3139 1244 Trinitas
3164 1187 3342 1244 Deus?
3362 1189 3487 1246 Hice
3516 1203 3702 1246 autem
3726 1191 3843 1246 Tri-

2239 1280 2380 1334 nitas
2405 1279 2663 1343 increata,
2691 1288 2953 1334 creatura:
2975 1296 3086 1335 sua:
3115 1281 3304 1336 indidit
3326 1280 3608 1345 Trinitatis
3631 1285 3850 1352 qualia-

2238 1384 2451 1438 cunque
2481 1370 2720 1439 vestigia.
2754 1368 2843 1425 Sic
2872 1371 3015 1426 enim
3057 1373 3313 1442 scriptum
3341 1383 3444 1440 est,
3469 1375 3618 1443 quod
3661 1377 3848 1430 omnia

2237 1461 2293 1513 in
2320 1477 2550 1523 numero,
2581 1461 2634 1513 in
2663 1477 2929 1526 mensura,
2959 1471 3008 1516 et
3042 1465 3288 1530 pondere,
3327 1466 3640 1535 disposuerit
3677 1469 3843 1539 (Sep.

2243 1567 2314 1612 xi,
2345 1550 2458 1621 2i).
2491 1549 2663 1607 Omne
2683 1553 2889 1608 scilicet
2915 1570 3134 1625 corpus,
3159 1555 3274 1612 sive
3301 1573 3550 1627 parvum,
3578 1561 3694 1616 sive
3723 1579 3846 1616 ma—

2241 1657 2402 1713 gnum
2425 1645 2515 1707 sit,
2537 1652 2592 1698 et
2621 1661 2902 1700 numerum
2933 1646 3096 1702 habet
3118 1665 3216 1719 pro
3241 1651 3544 1718 quantitate
3573 1655 3847 1722 partium,

2241 1743 2296 1788 et
2326 1750 2631 1790 mensuram
2662 1736 2840 1802 habet,
2875 1746 2930 1792 et
2971 1738 3210 1808 pondus;
3258 1755 3358 1796 nec
3385 1756 3509 1796 esse
3531 1752 3722 1812 posset
3743 1760 3835 1797 nu

2244 1838 2425 1878 merus
2465 1825 2581 1879 sine
2631 1827 2890 1895 pondere,
2923 1837 3016 1882 ant
3056 1844 3308 1884 mensura
3347 1831 3464 1893 sine
3512 1834 3764 1902 pondere
3793 1845 3850 1889 et

548 1929 814 1998 periatur,
850 1935 1028 1980 tamen
1061 1923 1256 1978 missus
1285 1922 1688 1977 evidentissime
1717 1921 1985 1990 reperitur
2007 1919 2138 1974 scri-
2174 1933 2221 1992 Β
2251 1930 2494 1969 numero.
2529 1913 2845 1986 Ubicunque
2885 1919 3026 1973 enim
3065 1921 3227 1976 fuerit
3270 1937 3435 1986 unum
3472 1922 3689 1990 horum,
3726 1926 3852 1980 sine

548 2027 694 2088 ptus.
711 2015 815 2070 Pro
837 2030 942 2084 qua
969 2029 1029 2070 re
1049 2014 1263 2070 sibimet
1285 2013 1517 2068 lncretici
1540 2013 1738 2067 collum
1763 2013 1945 2081 ligant,
1968 2020 2023 2066 et
2043 2027 2137 2066 co-

549 2117 761 2164 arctato
793 2122 856 2162 ac
880 2107 1064 2176 potius
1101 2105 1362 2160 suﬂ'ocato
1386 2104 1750 2170 intelligentia:
1790 2118 1899 2156 sua:
1927 2102 2138 2171 spiritu,

550 2204 853 2260 creatorem
901 2211 1057 2250 suum
1105 2203 1351 2249 sanctum
1399 2193 1658 2263 Spiritum
1686 2208 1791 2246 non
1822 2200 2138 2262 agnoscunt,

552 2286 678 2341 dun
702 2302 826 2341 cuin
853 2295 1155 2340 creaturam
1177 2299 1296 2339 esse
1323 2283 1603 2338 deﬁniunt.
1628 2285 1683 2337 Si
1707 2292 1952 2338 creatura
1976 2292 2142 2348 esset,

553 2387 768 2434 creator
799 2378 1121 2448 utique-esse
1147 2391 1254 2431 non
1277 2385 1480 2446 posset,
1503 2376 1626 2444 quia
1657 2384 1901 2430 creatura
1933 2383 2144 2429 creatu-

553 2487 670 2524 ram
718 2485 825 2526 non
852 2470 1047 2524 format
1075 2468 1142 2524 de
1172 2468 1360 2522 nihilo.
1396 2467 1462 2521 Et
1489 2484 1612 2522 cum
1645 2469 1696 2521 in
1739 2466 1936 2521 Genesi
1967 2467 2144 2520 homi-

553 2579 679 2618 nem
723 2561 864 2616 Dcns
905 2562 978 2614 ad
1020 2561 1303 2630 imaginem
1337 2576 1490 2614 suam
1529 2557 1674 2615 dicat
1699 2576 1818 2615 esse
1858 2561 2144 2615 formatum

557 2651 714 2712 (Gen.
741 2669 774 2716 ι,
799 2651 914 2719 27),
939 2661 992 2706 et
1012 2651 1112 2706 Job
1138 2667 1256 2706 sese
1279 2651 1440 2723 334
1462 2668 1489 2704 a
1516 2660 1704 2706 sancto
1726 2652 1926 2722 Spiritu
1963 2661 2148 2706 narret

555 2761 679 2799 esse
735 2746 1054 2814 plasmatum
1082 2763 1094 2798 :
1142 2744 1388 2816 Spiritus,
1422 2746 1614 2815 inquit,
1647 2746 1848 2800 divinus
1879 2746 1966 2817 qui
1993 2747 2150 2816 ﬁnxit

557 2854 639 2890 me
667 2834 786 2905 (Job
819 2850 1006 2900 χχχιιι,
1036 2834 1114 2904 4);
1166 2834 1368 2905 liquide
1393 2834 1562 2889 claret
1590 2843 2002 2903 cooperatorem
2028 2849 2149 2890 esse

560 2926 703 2980 Patri
757 2941 822 2981 ac
851 2925 986 2980 Filio
1015 2925 1274 2996 Spiritum
1302 2934 1567 3002 sanctum,
1609 2934 1666 2980 et
1693 2926 1746 2979 in
1777 2925 2008 2980 hominis
2037 2926 2148 2981 for-

558 3018 824 3084 matione,
849 3024 904 3073 et
934 3019 986 3072 in
1009 3017 1322 3088 angelorum
1353 3018 1599 3072 similiter
1627 3018 2030 3080 substitutione,
2060 3032 2149 3074 se-

557 3108 793 3163 cundum
835 3107 965 3163 illud
997 3107 1440 3178 Psalmographi:
1478 3107 1644 3163 Verbo
1675 3107 1884 3163 Domini
1915 3109 2029 3163 casti
2056 3111 2153 3179 ﬁr-

559 3202 686 3253 mati
708 3209 852 3267 sunt,
867 3208 917 3254 et
935 3199 1134 3270 Spiritu
1163 3200 1269 3253 oris
1291 3198 1401 3268 ejus
1425 3199 1592 3253 omnis
1607 3199 1765 3252 virtus
1781 3215 1955 3252 eorum
1975 3199 2146 3270 (Psal.

564 3307 744 3356 xxxii,
773 3287 853 3358 6).
882 3289 940 3344 Si
983 3288 1124 3344 Deus
1157 3298 1270 3353 est,
1297 3289 1340 3342 si
1385 3299 1599 3344 creator
1625 3299 1726 3354 est,
1754 3290 1807 3343 si
1829 3291 2152 3360 baptismum

562 3389 874 3448 consecrat,
892 3395 1060 3450 quare
1088 3380 1282 3434 missus
1303 3379 1406 3434 dici
1417 3381 1536 3434 tur?
1565 3380 1757 3437 Missus
1777 3381 1976 3452 quippe
2006 3383 2060 3438 in
2086 3397 2154 3439 eo

563 3473 713 3543 quod
749 3488 913 3544 super
955 3472 1226 3528 Christum
1253 3474 1307 3528 in
1357 3474 1622 3528 columbze
1649 3475 1831 3545 specie
1861 3477 2072 3531 venerit
2100 3477 2154 3532 in

565 3565 812 3631 ﬂumine,
863 3564 1008 3633 quod
1053 3579 1215 3635 supra
1242 3566 1520 3634 apostolos
1546 3567 1754 3621 venerit
1783 3567 1836 3622 in
1868 3568 2010 3636 igne.
2036 3568 2156 3640 Ipsa

565 3653 772 3722 quippe
799 3651 1067 3722 apparitio
1096 3652 1281 3709 missio
1325 3662 1426 3708 est.
1474 3653 1608 3708 Nam
1650 3656 1737 3710 ubi
1768 3657 2018 3722 mittitur,
2065 3661 2156 3728 qui

568 3745 769 3814 ubique
786 3744 897 3798 est?
913 3743 1161 3814 Spiritus,
1189 3744 1376 3816 inquit,
1405 3744 1614 3799 Domini
1637 3748 1843 3816 replevit
1863 3747 2035 3804 orbem
2057 3762 2160 3805 ter-

573 3850 758 3890 rarum
801 3834 960 3906 (Sap.
1000 3850 1048 3901 ιι,
1089 3835 1162 3903 7).
1197 3833 1264 3889 Et
1293 3851 1508 3891 rursum
1537 3855 1548 3889 :
1585 3836 1839 3904 Domine,
1871 3856 1970 3910 quo
2003 3839 2090 3896 ibo
2126 3859 2158 3896 a

570 3927 778 3998 Spiritu
801 3938 907 3995 tuo,
930 3936 980 3982 et
1007 3945 1038 3981 α
1060 3929 1194 3998 [acie
1223 3938 1311 3983 tua
1339 3946 1438 4000 quo
1464 3932 1681 4002 fugiam.
1712 3933 1773 3986 Si
1803 3934 2081 3989 ascendere
2104 3935 2160 3990 in

569 4020 772 4084 ciuium,
791 4028 846 4072 tu
866 4019 935 4074 ibi
958 4037 1044 4085 es;
1066 4030 1116 4075 et
1140 4023 1184 4074 si
1212 4021 1526 4076 descendere
1555 4024 1607 4075 in
1631 4024 1908 4094 infernum,
1936 4026 2078 4081 ades.
2098 4026 2161 4084 Si

572 4125 838 4177 sumpsero
888 4125 1086 4180 pennas
1114 4127 1256 4165 meas
1291 4113 1343 4165 in
1393 4111 1660 4175 directum,
1703 4124 1753 4166 et
1783 4115 2086 4192 habitavere
2106 4119 2160 4172 in

573 4193 854 4254 noviss'imo
869 4203 1032 4255 maris
1057 4218 1072 4254 :
1102 4203 1288 4255 etenim
1308 4202 1429 4255 illuc
1458 4203 1548 4271 (al.
1585 4204 1712 4272 illic)
1744 4221 1928 4259 manus
1958 4215 2045 4259 tua
2073 4207 2162 4261 de-

577 4289 725 4346 ducet
753 4301 919 4357 me,et
948 4291 1227 4344 continebit
1255 4308 1334 4344 me
1363 4293 1575 4346 dextera
1596 4302 1683 4346 tua
1708 4292 1880 4363 (Psal.
1907 4311 2162 4365 cxxxvtn,

579 4383 613 4434 7
625 4392 674 4436 et
702 4382 856 4452 seq.).
889 4381 1026 4436 Nihil
1056 4381 1264 4436 scilicet
1293 4385 1709 4451 praetermissum
1739 4395 1823 4440 est
1849 4387 2051 4453 mundi,
2075 4388 2165 4444 ubi

579 4489 688 4527 non
742 4473 1082 4542 pnesentiam
1128 4473 1294 4528 totius
1324 4472 1598 4530 Trinitatis
1649 4491 1769 4531 esse
1819 4485 2163 4534 monstraret.

581 4564 701 4633 Quo
731 4564 894 4620 modo
940 4563 1131 4619 Filium
1163 4563 1434 4620 credimus
1471 4565 1696 4621 missum
1728 4572 2020 4623 secundum
2065 4571 2166 4626 ho-

581 4659 803 4725 minem,
834 4658 902 4711 ita
927 4657 1145 4712 n’aissum
1168 4657 1424 4726 Spiritum
1448 4669 1693 4714 sanctum
1721 4670 1944 4731 propter
1967 4663 2168 4718 colum-

582 4748 704 4802 bam
727 4747 810 4802 vel
842 4747 1037 4816 ignem.
1066 4746 1170 4802 Sed
1193 4745 1357 4801 Filius
1379 4756 1710 4818 assumptum
1742 4749 2012 4803 hominem
2044 4765 2170 4819 pro-

584 4847 708 4908 pter
756 4837 1028 4891 hominem
1075 4837 1146 4891 ita
1189 4852 1299 4891 sua:
1338 4851 1586 4906 personae
1615 4835 1914 4905 conjunxit,
1965 4847 2172 4893 utesse

587 4946 801 5001 semper
829 4931 1042 4995 habeat,
1075 4945 1175 4985 nec
1201 4943 1436 4998 unquam
1467 4928 1698 4994 desinat,
1745 4937 1836 4983 aut
1883 4929 2172 4997 aliquando

591 5022 752 5077 ﬁnem
777 5021 1043 5091 accipiat;
1072 5020 1303 5090 Spiritus
1329 5035 1460 5076 vero
1489 5029 1730 5085 sanctus,
1762 5006 1835 5076 ita
1865 5021 2170 5078 columbam

591 5116 679 5170 vel
709 5116 883 5184 ignem
910 5158 924 5182 ,
982 5121 1039 5168 ut
1067 5113 1220 5168 facte
1273 5113 1376 5167 illae
1404 5113 1641 5167 visiones
1677 5127 1742 5167 ex
1782 5121 2028 5183 tempore
2056 5128 2176 5170 esse

591 5215 781 5276 postea
811 5206 1139 5262 desinerent.

1202 5362 1428 5418 CAPUT
1470 5363 1576 5415 VII.

671 5473 749 5528 En
777 5475 944 5538 habes
965 5484 1186 5546 prOpter
1208 5474 1335 5546 quid
1356 5475 1564 5530 dicatur
1585 5474 1779 5531 missus
1804 5475 2032 5545 Spiritus
2053 5491 2180 5531 san-

597 5575 736 5624 ctus.
753 5565 855 5622 Sed
872 5568 982 5636 jam
1004 5568 1134 5623 satis
1155 5567 1262 5623 sint
1281 5568 1348 5622 ad
1370 5566 1822 5623 corroborandam
1852 5566 2009 5622 tidem
2035 5577 2180 5624 tuam

601 5659 715 5713 huic
729 5672 898 5728 pauca
914 5674 1033 5729 qua:
1043 5659 1303 5724 diximus;
1320 5659 1442 5728 quia
1462 5659 1624 5714 Pater
1637 5667 1693 5714 et
1706 5657 1871 5714 Filius
1886 5666 1939 5715 et
1954 5659 2184 5730 Spiritus

600 5760 819 5805 sanctus
860 5766 997 5805 unus
1018 5749 1165 5809 Deus
1191 5751 1279 5805 sit.
1319 5751 1436 5805 Non
1475 5759 1558 5806 est
1583 5759 1733 5805 certe
1760 5758 1942 5805 creata
1973 5761 2180 5828 natura,

603 5857 713 5899 non
736 5851 894 5908 terra,
911 5858 1085 5912 neque
1106 5857 1268 5912 aqua,
1291 5857 1463 5912 neque
1491 5857 1600 5910 aer,
1626 5855 1804 5912 neque
1825 5841 1980 5910 ignis.
2006 5840 2083 5897 Ex
2105 5844 2187 5899 his

565 5935 751 5992 --enim
779 5934 1060 5993 elementis
1109 5933 1415 5989 animalium
1453 5939 1732 6003 compacta
1762 5939 1890 5987 sunt
1933 5946 2187 6003 corpora.

2244 2005 2454 2059 duobus
2482 2020 2602 2060 esse
2632 2021 2738 2062 non
2770 2017 2970 2078 potest.
3001 2007 3106 2064 Sed
3135 2024 3266 2066 ecce
3288 2012 3341 2066 in
3373 2015 3656 2084 corporeis
3681 2018 3852 2072 rebus

2244 2093 2401 2150 facile
2449 2097 2820 2166 approbantur
2847 2097 3077 2167 pondus,
3129 2115 3404 2170 numerus,
3451 2112 3505 2158 et
3543 2121 3848 2162 mensura:

2243 2189 2514 2256 quomodo
2537 2190 2588 2242 in
2609 2190 2942 2261 incorporeis
2953 2193 3111 2248 rebus
3127 2196 3352 2265 reperiri
3367 2206 3528 2266 queat
3541 2199 3852 2261 videamus.

2243 2278 2411 2346 Igitur
2437 2279 2489 2333 in
2521 2279 2698 2333 anima
2728 2281 2958 2337 hominis
2983 2285 3242 2338 memoria
3270 2286 3427 2354 inest,
3453 2292 3776 2355 consilium,
3799 2304 3854 2348 et

2251 2370 2518 2424 voluntas.
2550 2370 2662 2426 lloc
2689 2373 2833 2426 enim
2859 2373 3065 2440 cogitas
3084 2376 3229 2444 quod
3251 2375 3353 2445 vis,
3375 2380 3518 2447 quod
3543 2383 3708 2436 etiam
3745 2400 3855 2438 mc-

2248 2461 2419 2515 ntoria
2451 2470 2540 2515 tua
2567 2462 2827 2517 continet.
2845 2463 3104 2520 Voluntas
3126 2468 3268 2522 enim
3292 2478 3380 2523 tua
3405 2486 3563 2526 amor
3586 2481 3713 2530 tuus
3737 2486 3845 2532 est.

2251 2558 2365 2613 Hoc
2391 2560 2535 2613 enim
2566 2560 2884 2625 recordaris,
2903 2562 3046 2630 quod
3064 2565 3295 2619 amando
3323 2565 3374 2618 in
3398 2568 3739 2635 cogitatione
3757 2581 3848 2627 tua

2251 2652 2493 2706 adducis.
2518 2650 2642 2707 Tria
2673 2660 2818 2719 sunt,
2843 2656 3121 2718 memoria,
3151 2658 3453 2723 consilium,
3487 2669 3544 2716 et
3571 2663 3849 2732 voluntas,

2251 2759 2413 2822 quam
2453 2745 2686 2800 diximus
2713 2760 2834 2800 esse
2862 2747 3021 2817 335
3051 2764 3316 2818 amorem,
3356 2759 3409 2806 et
3463 2753 3846 2823 inseparabilis

2252 2845 2398 2903 sunt,
2429 2844 2483 2890 et
2514 2852 2677 2890 unum
2706 2845 2863 2905 sunt,
2891 2848 2946 2892 et
2974 2838 3199 2894 alterum
3231 2843 3349 2897 sine
3387 2843 3561 2898 altero
3589 2860 3710 2900 esse
3741 2863 3839 2901 ne-

2252 2926 2386 2995 quit.
2408 2925 2635 2992 Quidam
2658 2927 2820 2982 etiam
2853 2926 3069 2983 Patrum
3108 2931 3382 3000 eleganter
3410 2933 3525 2988 lucc
3549 2935 3651 2989 tria
3674 2936 3852 2992 inesse

2253 3017 2390 3071 dixit
2416 3019 2625 3084 animm,
2659 3035 2779 3074 cum
2803 3019 2968 3074 Deum
2993 3031 3209 3075 oraret:
3251 3042 3267 3072 ι
3299 3022 3634 3080 Meminerim
3667 3036 3742 3096 te,
3769 3029 3852 3082 in-

2256 3111 2491 3179 telligam
2519 3120 2590 3177 te,
2615 3111 2829 3181 diligam
2862 3121 2947 3179 te;
2979 3132 2996 3166 ι
3027 3123 3081 3168 et
3103 3114 3155 3168 in
3186 3116 3267 3171 his
3299 3116 3392 3172 Dei
3419 3119 3706 3187 imaginem
3732 3136 3854 3177 esse

2257 3203 2457 3258 docuit.
2480 3202 2660 3272 Imago
2687 3204 2887 3275 quippe
2907 3204 3002 3260 Dei
3025 3207 3255 3261 humana
3280 3210 3477 3274 anima,
3505 3227 3615 3266 non
3645 3215 3848 3281 genita,

2179 3315 2225 3378 ρ
2257 3295 2349 3351 sed
2378 3305 2592 3363 creata;
2627 3313 2731 3352 non
2762 3297 3002 3368 aequalis,
3029 3297 3125 3353 sed
3150 3300 3356 3355 similis.

2854 3439 3081 3497 CAPUT
3120 3441 3253 3497 Vill.

2333 3555 2457 3612 llzec
2473 3565 2764 3628 propterea
2784 3558 3019 3612 breviter
3043 3557 3308 3614 insinuavi
3322 3561 3536 3616 caritati
3560 3571 3665 3617 tua!
3686 3563 3849 3621 etiam

2262 3651 2315 3704 in
2346 3650 2505 3704 rebus
2529 3651 2727 3707 creatis
2755 3650 2933 3720 aliqua
2963 3650 3115 3719 signa
3156 3666 3279 3708 esse
3307 3652 3450 3708 illius
3484 3670 3706 3710 summm
3737 3656 3852 3713 Tri-

2261 3742 2480 3808 uitatis,
2527 3751 2586 3796 ut
2613 3741 2848 3796 evidenti
2891 3743 3101 3797 ratione
3131 3751 3314 3813 pateat
3339 3754 3575 3814 quantus
3601 3748 3673 3802 sit
3702 3763 3854 3803 error

2264 3833 2664 3898 harreticorum,
2711 3844 2769 3886 ut
2794 3848 2917 3888 cum
2961 3833 3012 3887 in
3045 3834 3205 3890 rebus
3233 3838 3430 3892 creatis
3459 3845 3515 3892 et
3544 3837 3778 3894 Trinitas
3801 3849 3853 3894 et

2265 3923 2447 3978 unitas
2474 3921 2566 3989 sit,
2594 3923 2762 3992 ipsam
2787 3921 3103 3978 Trinitatem
3131 3935 3251 3993 qua:
3277 3925 3417 3981 Deus
3458 3935 3542 3980 est
3571 3929 3622 3982 in
3651 3929 3853 3984 unitate

2267 4022 2472 4068 saturae
2498 4028 2745 4069 essenon
2768 4014 3012 4071 credant.
3039 4015 3207 4086 Hujus
3229 4018 3435 4076 scilicet
3455 4031 3673 4077 :cterna:
3693 4032 3854 4091 atque

2267 4105 2723 4160 incommutabilis
2751 4104 3029 4161 Trinitatis
3076 4110 3313 4176 potentia
3353 4121 3534 4166 creata
3583 4122 3709 4169 sunt
3737 4127 3882 4168 oni-'

2267 4199 2386 4265 nia;
2419 4198 2513 4253 sed
2542 4199 2980 4256 excellentiorem
3011 4216 3074 4256 ac
3106 4203 3330 4272 primam
3363 4204 3414 4260 in
3457 4211 3718 4265 creaturis
3764 4226 3856 4266 or-

2269 4297 2378 4344 tam
2415 4291 2713 4360 reperimus
2762 4292 3082 4347 rationalem
3125 4296 3435 4364 angelorum
3478 4311 3747 4371 naturam,
3792 4304 3859 4360 de

2270 4379 2365 4435 Dei
2395 4381 2478 4435 sui
2507 4380 2652 4436 dono
2683 4381 2916 4450 beatam,
2959 4392 3013 4438 et
3039 4399 3137 4453 per
3164 4385 3390 4442 liberum
3427 4390 3704 4446 arbitrium
3735 4394 3860 4450 bea-

2273 4474 2530 4529 tiﬁcatam
2561 4489 2669 4528 non
2713 4474 2914 4544 jugiter
2942 4478 3326 4536 adurerentem.
3375 4480 3451 4536 Ex
3491 4485 3688 4552 quibus
3715 4504 3847 4558 qua~

2273 4561 2395 4616 dam
2423 4577 2548 4631 pars
2570 4563 2904 4631 angelorum,
2935 4566 3124 4620 nolens
3153 4568 3235 4621 sui
3273 4572 3534 4627 creatoris
3557 4573 3732 4630 facere
3765 4593 3858 4630 vo-

2273 4651 2558 4718 luntatem,
2617 4654 2684 4707 ab
2713 4654 2830 4723 ejus
2865 4656 3322 4726 contemplatione
3363 4661 3570 4730 dejecta
3621 4674 3865 4720 servatur

2276 4742 2328 4796 in
2352 4742 2557 4811 judicio
2587 4745 2878 4813 puniemla,
2932 4744 3092 4802 Petro
3145 4750 3392 4818 apostolo
3437 4752 3651 4808 dicente
3685 4754 3861 4811 :Deus

2274 4836 2472 4906 angelis
2496 4837 2826 4907 peccantibus
2867 4854 2968 4892 non
2998 4843 3255 4909 pepercit;
3303 4843 3396 4896 sed
3437 4848 3632 4901 catenis
3674 4849 3862 4920 inferni

2277 4925 2534 4980 detractos
2575 4927 2629 4980 in
2673 4935 2928 4982 tartarum
2974 4930 3189 4984 tradidit
3217 4936 3270 4984 in
3321 4934 3579 5004 judicium
3618 4944 3864 4993 reservari

2279 5018 2588 5071 cruciandos
2619 5016 2704 5089 (II
2739 5018 2882 5073 Petr.
2917 5036 2972 5086 ιι,
2998 5020 3075 5086 4).
3105 5021 3295 5078 Merito
3322 5025 3520 5097 quippe
3546 5044 3706 5098 pmna
3733 5031 3867 5100 ignis

2279 5110 2466 5163 mterni
2488 5109 2539 5163 in
2565 5119 2882 5180 perpetuum
2913 5113 3202 5182 punientur
3228 5133 3240 5168 :
3265 5118 3388 5184 quia
3419 5117 3464 5172 si
3494 5121 3790 5177 voluissent
3812 5124 3861 5177 in

2283 5215 2378 5254 sua
2400 5214 2753 5270 perseverare
2779 5203 3129 5270 beatitudine,
3160 5205 3553 5276 suﬁragabatur
3583 5211 3663 5266 eis
3693 5214 3868 5284 utique

2283 5293 2530 5348 voluntas
2551 5293 2740 5348 libera.
2760 5293 2864 5348 Per
2891 5310 3052 5364 quam
3071 5298 3402 5354 voluntatem
3432 5301 3499 5355 ad
3519 5305 3748 5373 seipsos,
3766 5321 3863 5361 non

2285 5386 2351 5440 ad
2378 5385 2546 5441 Deum
2575 5387 2839 5453 conversi,
2865 5388 3038 5444 eil‘ecti
3063 5405 3158 5460 per
3185 5393 3491 5460 superbiam
3523 5397 3789 5452 tenebrosi
3815 5405 3868 5451 et

2287 5475 2338 5530 in
2369 5478 2525 5547 hujus
2554 5479 2695 5532 aeris
2724 5477 2828 5532 ima
2859 5479 3062 5535 detrusi
3092 5492 3380 5538 servantur
3406 5486 3458 5539 in
3483 5485 3742 5555 judicium
3769 5504 3866 5558 pu-

2291 5567 2468 5622 niendi
2503 5585 2514 5620 :
2563 5568 2765 5622 nullum
2795 5569 2846 5623 in
2878 5570 2956 5625 eis
2985 5570 3276 5628 voluntatis
3315 5575 3470 5630 bona:
3500 5580 3755 5634 remansit
3781 5596 3866 5636 ve-

2292 5658 2524 5727 stigium.
2559 5658 2638 5712 Illi
2671 5668 2851 5715 autem
2879 5661 2967 5730 qui
2990 5662 3340 5716 servaverunt
3368 5664 3418 5718 id
3439 5665 3582 5735 quod
3607 5666 3732 5723 facti
3753 5679 3868 5724 sunt

2292 5768 2389 5824 per
2438 5756 2578 5810 idem
2628 5756 2853 5830 liberum
2897 5757 3194 5820 arbitrium,
3229 5757 3341 5813 Deo
3393 5760 3600 5816 scilicet
3646 5766 3866 5819 creaturi

2292 5857 2392 5901 suo
2423 5843 2752 5901 incessanter
2800 5845 3153 5911 adhmrentes,
3208 5864 3304 5915 per
3351 5847 3401 5902 id
3442 5849 3584 5916 quod
3615 5861 3868 5907 steterunt

2297 5936 2468 6004 gratia
2498 5935 2591 5992 Dei
2620 5935 2889 5990 beatiores
2917 5935 3090 5991 cilccti
3120 5946 3244 5991 sunt
3270 5956 3280 5990 :
3315 5937 3390 5993 sic
3420 5939 3580 5992 etiam
3607 5948 3663 5992 ut
3689 5941 3868 5996 volun-
