4130 6468
348 416 456 473 505
1399 418 1402 420 ‘
1487 398 1578 454 DE
1615 395 1978 454 TRINITATE
2019 393 2220 450 LIBER
2262 390 2462 448 UNUS.
3494 378 3600 436 506

346 541 430 583 tas
453 540 662 591 eorum,
690 536 790 579 nec
815 518 951 576 velle
970 517 1166 573 habeat
1185 527 1429 587 peccare,
1458 526 1559 569 nec
1577 526 1767 582 posse;
1789 525 1919 578 quo-
1950 517 1992 572 Α
2021 505 2281 576 gloriatur
2297 503 2452 574 quasi
2481 516 2588 555 non
2616 499 2882 571 acceperit
2899 497 2952 571 (I
2975 496 3093 552 Cor.
3123 513 3196 564 iv,
3231 494 3287 563 Ἴ)
3306 495 3329 549 ?
3347 493 3437 549 Sic
3455 496 3598 549 enim

344 622 490 676 niam
517 615 760 687 quamvis
802 609 1088 670 mutabiles
1129 606 1253 663 iacti
1279 603 1477 661 fuerint
1522 617 1620 674 per
1647 608 1917 668 naturam,
2021 598 2135 666 ipse
2163 595 2421 652 Dominus
2457 593 2569 647 ait:
2601 591 2661 647 Si
2687 604 2773 646 eos
2802 589 2849 643 F
2852 591 2972 645 ilius
3001 587 3309 650 liberaverit,
3345 596 3461 638 tunc
3489 599 3603 638 vero

345 709 704 776 iinmutabiles
731 713 857 761 sunt
883 703 1006 758 facti
1037 716 1134 772 per
1153 697 1379 770 gratiam
1402 714 1418 752 :
1439 695 1658 751 stabiles
1683 692 1846 747 etiam
1867 700 1924 745 et
1985 715 1993 722 -
2020 686 2175 741 liberi
2202 686 2342 742 eritis
2373 675 2554 756 (Joan.
2588 697 2696 748 vni,
2724 681 2838 754 56).
2871 679 3138 734 Liberatio
3183 686 3366 732 nostra
3394 676 3449 729 in
3485 674 3604 742 ejus

303 841 310 846 ο
347 808 481 864 certi
509 807 578 861 de
605 819 700 859 sua
722 798 1051 856 beatitudine
1073 794 1378 850 nullatenus
1397 787 1713 853 amittenda,
1736 785 1924 840 fruun-
2021 774 2268 838 arbitrio,
2304 773 2357 828 in
2405 771 2520 839 ejus
2557 771 2662 826 sita
2691 780 2774 826 est
2801 769 3095 825 voluntate.
3143 763 3400 828 Quoniam
3438 763 3519 817 ira
3549 763 3605 816 in

301 950 308 961 ,
351 907 438 952 tur
464 894 596 958 Deo,
628 891 781 960 cujus
807 884 1262 955 contemplatione
1285 879 1432 936 beati
1461 885 1604 934 sunt.
2022 869 2201 936 [arare
2227 865 2359 935 ejus,
2398 872 2448 918 et
2492 863 2595 918 vita
2631 863 2685 916 in
2714 861 2970 920 voluntate
2996 860 3107 929 ejus
3149 856 3321 928 (Psal.
3354 869 3499 918 χχιι,
3524 854 3604 922 6),

963 943 1191 1050 εᾹΡυΤ
1228 989 1318 1045 ιχ.
1517 1040 1522 1044 ι
2027 956 2105 1050 ait
2133 952 2598 1022 Psalmographus.
2639 951 2790 1006 Unde
2817 949 2962 1019 quod
2992 948 3277 1002 damnatur
3303 960 3448 1009 reus,
3494 943 3609 998 suis

2025 1046 2248 1116 deputet
2275 1045 2504 1108 meritis;
2536 1043 2680 1112 quod
2709 1043 2982 1103 liberatur,
3003 1039 3186 1108 gratiae
3201 1035 3603 1104 Redemptdris.

418 1121 582 1175 Plane
609 1133 675 1172 ex
699 1113 896 1183 anphm
923 1124 1017 1165 eos
1035 1105 1470 1200 °SS,°_S“'?S‘“"”“
1488 1105 1734 1154 asserum
1749 1109 1927 1200 ma???
2007 1105 2140 1191 Nec
2167 1135 2274 1190 hoc
2302 1105 2722 1200 dicimus-quod
2761 1131 2985 1184 liberum
3011 1105 3291 1181 arbitrium
3316 1123 3610 1196 perdiderit

349 1222 406 1270 et
433 1211 576 1267 docti
603 1208 723 1271 viri,
753 1205 804 1260 id
832 1210 915 1259 est
943 1216 1009 1255 ex
1039 1197 1226 1268 spiritu
1257 1195 1595 1262 incorporeo,
1625 1203 1734 1257 quo
1759 1201 1791 1239 a
1832 1184 1928 1238 Dei

347 1299 804 1370 contemplatione
831 1306 1104 1361 nunquam
1145 1286 1422 1349 recedunt,
1471 1289 1526 1335 et
1571 1295 1638 1334 ex
1681 1289 1928 1347 corpore,

350 1411 448 1469 per
475 1393 618 1464 quod
657 1405 722 1446 ex
765 1397 1010 1456 tempore
1052 1379 1359 1436 hominibus
1406 1379 1683 1444 apparent,
1732 1382 1931 1439 appro-

288 1550 307 1568 .
352 1458 544 1543 hantes
586 1484 688 1537 hoc
728 1495 794 1534 ex
823 1478 915 1532 illo
954 1475 1072 1530 loco
1116 1468 1309 1540 psalmi
1339 1465 1429 1520 ubi
1469 1463 1642 1518 dicit:
1679 1461 1777 1528 Qui
1808 1458 1932 1530 facit

301 1559 307 1582 ⁷
355 1579 567 1650 angelos
595 1591 712 1629 suos
738 1570 967 1643 spiritus,
999 1575 1044 1620 et
1072 1564 1334 1618 ministros
1365 1574 1483 1612 suos
1503 1559 1674 1627 ignem
1703 1561 1934 1606 urentem

357 1645 530 1741 (Psal‘.
561 1681 668 1729 cm,
693 1663 768 1734 4).
797 1660 1004 1730 Corpus
1031 1670 1158 1724 ergo
1186 1653 1500 1713 mthereum,
1532 1647 1582 1702 id
1599 1653 1682 1701 est
1697 1645 1933 1713 igneum,

357 1732 453 1816 eos
479 1759 662 1814 dicunt
686 1732 915 1816 habere;
975 1747 1194 1816 angelos
1222 1758 1351 1797 vero
1380 1739 1574 1806 malos,
1619 1736 1670 1791 id
1712 1741 1796 1789 est
1831 1732 1938 1786 dte-

339 1863 565 1912 ‘mones,
597 1859 793 1916 corpus
823 1826 1058 1896 aereum.
1095 1835 1234 1904 Ergo
1261 1840 1385 1904 post
1413 1831 1619 1900 lapsum
1648 1825 1933 1882 malorum,

358 1952 415 1998 et
460 1913 803 1996 stabilitatem
850 1933 1138 1994 bonorum,
1188 1923 1388 1995 placuit
1429 1916 1782 1988 omnipotenti
1826 1913 1938 1967 Deo

361 2033 520 2087 aliam
549 2026 784 2084 condere
812 2030 1115 2078 creaturam
1145 2013 1489 2073 rationalem,
1517 2009 1686 2064 libero
1715 2002 1938 2060 arbitrio

361 2129 695 2182 exornatam,
743 2131 840 2186 per
884 2126 1045 2181 quam
1090 2121 1347 2162 numerus
1395 2102 1486 2156 ille
1528 2098 1837 2168 angelorum
1872 2093 1940 2148 de

305 2204 310 2208 ’
363 2211 502 2268 emlo
531 2207 820 2263 labentium
870 2202 960 2271 qui
989 2201 1222 2270 perierat
1259 2193 1619 2265 suppleretur.
1649 2187 1940 2244 Hominum

313 2320 316 2322 ‘
363 2304 491 2358 dico
507 2301 818 2371 primorum,
847 2291 1139 2348 secundum
1174 2287 1408 2342 animam
1437 2299 1505 2339 ex
1533 2279 1719 2345 nihilo,
1751 2291 1942 2353 secun-
2017 2299 2019 2301 ί

305 2397 312 2402 ⁷
363 2395 489 2448 dum
531 2403 724 2460 corpus
753 2402 821 2440 ex
851 2386 978 2438 limo
1004 2380 1413 2436 substitutorum
1446 2392 1458 2426 :
1502 2369 1794 2427 secundum
1822 2365 1941 2420 ani-
2015 2379 2018 2381 λ

366 2497 531 2550 mam,
565 2477 884 2533 rationalem
925 2482 980 2528 et
1007 2466 1394 2530 immortalem;
1425 2460 1716 2518 secundum
1746 2469 1943 2525 corpus

365 2575 530 2645 336
555 2583 684 2625 vero
708 2567 754 2621 si
781 2581 889 2619 non
928 2566 1224 2632 peccasset,
1255 2552 1646 2616 immortalem;
1687 2547 1734 2604 si
1763 2554 1942 2601 autem

307 2683 313 2688 '
367 2641 662 2738 peccasset,
686 2656 988 2717 mortalem,
1015 2652 1174 2706 talem
1198 2648 1400 2703 scilicet
1419 2644 1562 2714 quod
1583 2641 1721 2696 mori
1743 2646 1943 2710 posset,

311 2759 317 2778 ³
366 2735 583 2812 dicente
603 2745 883 2820 Apo'stolo,
914 2743 1108 2812 Corpus
1137 2739 1336 2812 quidem
1361 2743 1619 2789 mortuum
1639 2741 1714 2785 est
1741 2735 1948 2800 propter

369 2817 852 2920 peccatum'Uiom.
895 2849 1004 2898 vni,
1054 2831 1144 2900 10)
1180 2848 1194 2882 :
1236 2827 1491 2897 quoniam
1540 2837 1697 2893 pmna
1743 2817 1948 2890 peccati

371 2914 520 2994 inors
541 2934 738 2990 inﬂicta
760 2938 841 2984 est
859 2925 1094 2996 corpori.
1119 2921 1352 2990 Excepta
1375 2917 1517 2972 enim
1541 2914 1760 2985 spiritus
1778 2919 1952 2964 morte

375 3033 431 3086 iu
466 3027 518 3082 id
547 3024 690 3096 quod
720 3020 986 3077 deseritur
1023 3031 1054 3070 a
1082 3016 1213 3078 Deo,
1263 3012 1404 3065 hanc
1444 3008 1608 3062 etiam
1649 3004 1858 3073 accepit
1896 3002 1948 3056 in

374 3135 537 3177 carne
565 3135 580 3172 :
611 3117 734 3186 quia
764 3113 904 3169 sicut
925 3111 1032 3164 vita
1055 3115 1139 3162 est
1165 3104 1356 3159 anima:
1384 3101 1540 3155 beate
1567 3099 1767 3160 vivere,
1797 3095 1848 3149 id
1869 3103 1952 3149 est

376 3212 478 3267 t‘rui
497 3185 639 3273 Deo
671 3208 742 3260 ita
771 3203 906 3258 mori
927 3208 1009 3256 est
1020 3210 1247 3266 corpore
1263 3193 1329 3247 ab
1345 3191 1520 3245 anima
1538 3188 1731 3243 deseri.
1751 3185 1951 3239 llarum

377 3301 627 3357 mortium
659 3298 924 3365 disparem
954 3303 1165 3361 pronam
1179 3291 1432 3355 expertus
1457 3297 1562 3337 non
1588 3286 1756 3345 esset,
1775 3277 1821 3331 si
1845 3292 1951 3330 non

375 3401 670 3467 peccasset.
701 3389 894 3443 Factus
922 3385 1101 3454 itaque
1129 3380 1293 3434 homo
1325 3383 1524 3439 rectus,
1575 3381 1631 3428 et
1668 3371 1734 3424 ad
1762 3368 1952 3436 imagi-
2035 3394 2037 3396 -

291 3533 295 3536 μ
376 3503 503 3544 nem
533 3485 627 3540 Dei
652 3483 734 3538 sui
759 3476 1051 3536 secundum
1077 3475 1340 3528 rationem
1365 3477 1416 3523 et
1442 3465 1772 3521 intellectum
1802 3459 1956 3516 ﬁctus

376 3587 544 3648 atque
571 3573 848 3635 formatus,
881 3569 1053 3636 legem
1082 3562 1306 3632 accepit,
1355 3573 1517 3628 quam
1547 3571 1653 3610 non
1683 3562 1955 3620 transgre-

379 3643 579 3725 diendo
606 3666 799 3722 beatus
820 3667 986 3728 esset,
1016 3655 1269 3728 quoniam
1301 3650 1531 3707 habebat
1553 3648 1780 3703 liberum
1811 3643 1955 3697 arbi-

375 3765 560 3829 trium,
605 3772 662 3816 ut
708 3764 890 3829 posset
936 3754 1111 3809 bonus
1139 3764 1258 3805 esse
1299 3747 1345 3800 si
1375 3745 1554 3806 vellet,
1603 3757 1711 3795 non
1741 3736 1959 3808 quidem

376 3857 498 3911 sine
520 3826 688 3922 gratia
710 3826 813 3903 Dei
847 3862 951 3916 qua
985 3845 1098 3913 ipsa
1129 3839 1414 3908 regebatur
1440 3834 1705 3895 voluntas,
1756 3837 1815 3883 ut
1841 3826 1956 3883 vel-
2030 3841 2034 3844 '

377 3948 484 4011 let;
515 3920 569 3998 et
597 3951 774 3996 tamen
819 3937 873 3991 in
903 3941 1169 4005 potestate
1211 3927 1330 3996 ejus
1357 3932 1473 3980 erat
1515 3925 1687 3992 ipsam
1731 3920 1958 3989 gratiam
2032 3943 2039 3950 -

379 4041 636 4095 deserere
663 4045 785 4088 cum
815 4027 1091 4084 voluisset.
1146 4021 1281 4089 Quia
1307 4018 1479 4073 voluit
1503 4025 1557 4071 et
1599 4012 1861 4086 peccavit,
1890 4012 1961 4066 ob

379 4134 488 4188 hoc
514 4128 674 4184 etiam
697 4123 888 4179 merito
917 4120 1262 4174 damnaretur
1281 4113 1333 4166 in
1356 4116 1512 4165 teter;
1531 4122 1640 4176 um,
1666 4113 1829 4174 atque
1851 4119 1958 4158 om-

379 4221 467 4280 nis
493 4220 655 4288 stirps
681 4215 798 4284 ejus
824 4213 876 4267 in
905 4215 1221 4281 perpetuum
1249 4217 1372 4258 cum
1412 4198 1615 4268 angelis
1639 4194 1962 4268 praevarica-

379 4283 908 4377 toribus'puniretur,
940 4298 1039 4353 nisi
1061 4295 1231 4365 gratia
1260 4288 1631 4362 superveniret
1658 4301 1756 4357 per
1775 4283 1959 4339 Jesum

379 4375 654 4456 Christum
681 4393 966 4449 Dominum
995 4395 1257 4443 nostrum.
1290 4381 1463 4452 ipsius
1506 4379 1648 4434 enim
1690 4391 1838 4431 mors
1863 4375 1963 4429 hu—

380 4505 600 4546 manum
625 4500 792 4556 genus
813 4498 843 4536 a
868 4486 1137 4552 potestate
1157 4473 1357 4531 diaboli
1385 4468 1649 4533 liberavit,
1672 4465 1814 4537 quod
1836 4479 1964 4535 qua-

383 4584 511 4640 dam
534 4577 739 4650 justitia
771 4575 865 4630 Dei
892 4574 943 4628 ei
971 4570 1226 4625 traditum
1269 4564 1440 4619 fuerat
1469 4558 1867 4632 possidendum,
1908 4563 1964 4610 et

383 4673 759 4732 dominabatur
787 4668 840 4721 in
868 4665 964 4730 eis,
989 4671 1048 4717 ut
1073 4662 1126 4714 in
1157 4659 1277 4712 filiis
1304 4655 1631 4718 dilﬁtlentim,
1659 4651 1798 4706 sicut
1818 4650 1966 4718 Apo-

370 4767 556 4823 stolus
581 4765 655 4818 ait
675 4760 890 4833 (Ep/tes.
915 4773 968 4821 v,
991 4752 1070 4826 6).
1103 4751 1242 4821 Ergo
1271 4764 1417 4803 mors
1439 4747 1638 4801 Christi
1663 4758 1824 4813 quam
1847 4744 1964 4797 sine

384 4864 609 4929 peccato
655 4851 905 4920 Suscepit,
955 4846 1114 4901 vitam
1138 4841 1328 4896 tribuit
1371 4836 1661 4908 peccatori.
1711 4835 1961 4903 Suscepit

333 4965 342 4976 '
387 4948 659 5003 hominem
706 4940 1016 5010 Unigenitus
1046 4936 1162 5004 Dei,
1210 4942 1265 4988 et
1311 4930 1544 4986 Verbum
1593 4943 1721 4982 caro
1765 4926 1961 4980 factum

386 5050 489 5101 est,
515 5037 606 5106 qui
638 5027 965 5089 inter‘Deum
994 5038 1050 5085 et
1093 5025 1338 5082 homines
1374 5019 1686 5076 mediatoris
1710 5017 1961 5084 fungere-
2041 5040 2046 5044 τ

388 5141 477 5186 tur
499 5128 676 5185 oilicio
705 5146 718 5181 :
752 5135 810 5181 ut
831 5125 953 5195 quia
983 5138 1078 5194 per
1108 5121 1330 5174 liberum
1360 5113 1637 5168 arbitrium
1665 5110 1862 5166 reverti
1891 5107 1959 5163 ad

387 5223 556 5276 Deum
587 5219 804 5274 minime
851 5223 1178 5285 poteramus,
1225 5223 1321 5278 per
1355 5204 1524 5259 Deum
1572 5201 1846 5256 hominem
1875 5199 1958 5253 la-

385 5320 532 5367 ctum
561 5308 758 5364 reverti
780 5307 1061 5377 possimus.
1111 5300 1211 5354 Per
1241 5300 1380 5353 hunc
1409 5294 1761 5349 mediatorem
1787 5305 1816 5344 a
1847 5290 1963 5343 dia-
2029 5315 2032 5318 ~

386 5405 514 5459 bolo
540 5402 703 5473 gratis
729 5399 965 5454 occisum
989 5396 1102 5464 lpse
1127 5391 1372 5445 diabolus
1400 5394 1596 5442 auctor
1615 5381 1810 5438 mortis
1830 5379 1962 5435 ami-

385 5495 457 5551 sit
477 5508 616 5564 quos
642 5491 782 5546 idem
811 5485 1071 5542 mediator
1093 5481 1294 5551 judicio
1319 5476 1579 5550 judicavit
1607 5474 1843 5530 occulto.

1007 5592 1235 5650 CAPUT
1273 5590 1339 5648 Χ.

461 5716 576 5771 Νοη
608 5714 766 5783 igitur
794 5709 1050 5780 glorietur
1074 5707 1237 5761 homo
1266 5704 1332 5757 de
1360 5699 1564 5755 meritis
1591 5697 1722 5761 suis,
1747 5693 1841 5752 sed
1871 5693 1962 5765 qui

389 5807 672 5877 gloriatur,
695 5805 748 5859 in
780 5801 1001 5857 Domino
1030 5797 1287 5867 glorietur
1316 5791 1401 5864 (11
1429 5790 1546 5846 Cor.
1581 5806 1634 5853 κ,
1667 5788 1795 5857 l7)?
1827 5785 1964 5852 Quid

393 5898 534 5954 enim
562 5897 743 5963 habet,
771 5891 909 5966 quod
939 5906 1048 5945 non
1077 5885 1313 5958 accepit?
1342 5882 1484 5956 quod
1513 5883 1556 5938 si
1587 5879 1811 5951 accepit,
1836 5877 1962 5947 quid
2000 5939 2005 5946 ,

2030 1228 2319 1282 humanum
2349 1241 2536 1296 genus.
2590 1225 2762 1279 Habet
2799 1224 2962 1285 enim,
3017 1231 3306 1290 antequam
3353 1219 3612 1273 liberetur

2030 1317 2199 1386 gratia
2221 1316 2540 1382 Salvatoris,
2568 1314 2634 1369 ad
2664 1314 2882 1378 malum,
2912 1328 3018 1366 non
3047 1311 3109 1365 ad
3133 1311 3331 1364 bonum
3354 1307 3609 1378 proclive.

2035 1409 2376 1478 Quapropter
2406 1407 2578 1477 ipsum
2604 1404 2828 1459 liberum
2857 1403 3132 1456 arbitrium
3163 1399 3333 1468 gratia
3361 1397 3455 1451 Dei
3486 1396 3614 1450 libe-

2033 1509 2203 1566 ratur,
2235 1506 2294 1553 nt
2319 1498 2516 1552 bonum
2542 1496 2673 1550 velit
2702 1501 2756 1548 et
2797 1493 2985 1562 possit.
3028 1490 3106 1544 Ita
3135 1491 3276 1544 enim
3303 1487 3514 1556 quidam
3545 1500 3613 1539 ex

2035 1587 2284 1643 Patribus
2308 1588 2602 1658 (Augustin.
2629 1584 2798 1636 Ench.
2833 1600 2879 1636 c.
2912 1581 3000 1652 52)
3025 1581 3120 1647 ait,
3148 1579 3291 1647 quod
3320 1577 3487 1648 gratia
3517 1574 3612 1650 Dei

2040 1682 2334 1754 praeveniat
2360 1679 2630 1734 nolentem
2657 1685 2714 1731 ut
2742 1676 2898 1739 velit;
2932 1674 3288 1742 subsequatur
3321 1669 3610 1731 volentem,

2040 1787 2108 1827 ne
2134 1771 2330 1825 frustra
2376 1770 2526 1824 velit.
2572 1769 2649 1822 Ac
2676 1768 2752 1821 sic
2791 1766 2954 1820 homo
2983 1771 3266 1831 antequam
3309 1761 3377 1814 sit
3422 1757 3610 1822 ﬁdelis,

1971 1878 2013 1936 Β
2040 1863 2208 1917 habet
2235 1861 2460 1927 liberum
2488 1859 2764 1914 arbitrium
2805 1857 2872 1910 ad
2901 1855 3120 1916 malum,
3164 1851 3326 1906 habet
3354 1849 3523 1903 liJelis
3550 1847 3616 1901 li-

2038 1953 2226 2008 berum
2252 1951 2532 2005 arbitrium
2561 1959 2615 2004 et
2639 1949 2706 2002 ad
2731 1949 2953 2008 bonum,
2983 1945 3155 2014 gratia
3185 1943 3280 1997 Dei
3322 1942 3527 1996 scilicet
3551 1940 3618 1995 ιὶτ

2037 2041 2307 2096 beratum.
2337 2039 2456 2108 Non
2487 2038 2668 2106 utique
2697 2036 2986 2098 immerito,
3035 2044 3090 2088 ut
3135 2047 3234 2102 pro
3273 2031 3413 2084 malo
3452 2043 3617 2099 Opere

2040 2148 2275 2208 pmnam,
2305 2139 2361 2186 et
2389 2146 2488 2202 pro
2517 2129 2660 2184 bono
2689 2128 2854 2182 vitam
2884 2134 3242 2193 consequatur
3265 2130 3542 2176 mternam.
3596 2185 3598 2188 ν

2555 2287 2712 2359 337
2744 2283 2967 2343 CAPUT
3007 2282 3094 2337 x1.

2113 2396 2350 2459 Gratiam
2386 2398 2546 2468 igitur
2583 2413 2742 2467 quam
2775 2396 2978 2466 primus
3024 2395 3182 2448 homo
3231 2391 3461 2445 habebat
3491 2398 3617 2465 ante

2045 2483 2346 2560 peccatum,
2395 2497 2452 2542 et
2493 2487 2718 2558 gratiam
2763 2499 2868 2555 qua
2898 2498 3038 2537 nunc
3080 2481 3418 2535 redimuntur
3448 2478 3619 2532 homi-

2047 2595 2144 2634 nes
2164 2594 2194 2632 a
2223 2593 2400 2634 massa
2426 2576 2678 2630 damnata
2706 2575 2934 2646 peccati,
2972 2572 3186 2641 quidam
3213 2558 3520 2624 discernens
3547 2569 3622 2623 sic

2047 2673 2123 2725 ait
2157 2689 2168 2723 :
2199 2671 2379 2724 Prima
2407 2678 2481 2724 est
2507 2670 2643 2722 enim
2687 2678 2742 2720 ut
2777 2665 2961 2719 habeat
2990 2664 3139 2717 homo
3183 2661 3438 2732 justitiam
3467 2661 3510 2712 si
3540 2676 3622 2712 ve-

2049 2761 2136 2826 lit;
2160 2759 2381 2814 secunda
2410 2775 2531 2830 ergo
2561 2758 2674 2828 plus
2712 2765 2894 2826 potest,
2937 2771 3036 2825 qua
3065 2755 3218 2806 etiam
3247 2753 3308 2821 ﬁt
3332 2761 3385 2803 ut
3412 2750 3549 2813 uelit,
3575 2757 3624 2802 et

2053 2861 2250 2904 tantum
2278 2851 2393 2904 velit
2421 2840 2659 2920 tantoque
2689 2849 2876 2900 ardore
2905 2845 3118 2915 diligat,
3163 2853 3216 2897 ut
3246 2843 3416 2896 carnis
3446 2841 3624 2912 volup-

2053 2953 2204 2996 tatem
2233 2942 2494 2995 contraria
2523 2939 2963 3008 concupiscentem
2993 2935 3250 2989 voluntate
3276 2933 3484 3002 spiritus
3511 2932 3626 2984 vin-

2052 3042 2153 3088 cat.
2187 3031 2298 3086 Nec
2341 3032 2435 3085 illa
2475 3030 2676 3102 quidem
2705 3045 2866 3100 parva
2892 3036 3003 3082 erat
3041 3043 3140 3097 qua
3182 3022 3664 3099 demonstratae“,

2053 3126 2207 3179 etiam
2226 3125 2456 3194 potentia
2479 3122 2624 3178 liberi
2647 3121 2882 3176 arbitrii:
2899 3096 3142 3191 quoniam
3169 3121 3240 3172 sic
3267 3096 3626 3188 adjuvabatur,

2054 3228 2110 3271 ut
2129 3219 2240 3272 sine
2261 3218 2355 3271 hoc
2382 3217 2642 3294 adjutorio
2671 3216 2724 3269 in
2763 3215 2894 3268 bono
2924 3231 3025 3267 non
3054 3220 3394 3283 permaneret,
3425 3211 3514 3264 sed
3535 3211 3630 3264 hoc

2057 3311 2372 3381 adjutorium
2399 3311 2444 3363 si
2473 3309 2616 3363 vellet
2648 3308 2918 3361 desereret.
2948 3305 2993 3359 11
3004 3320 3076 3360 wc
3101 3314 3268 3358 autem
3300 3313 3442 3377 tanta
3465 3302 3634 3373 major

2061 3410 2156 3466 est,
2186 3413 2240 3454 ut
2270 3418 2452 3472 parum
2481 3402 2547 3454 sit
2585 3401 2779 3453 homini
2823 3416 2912 3468 per
2937 3399 3093 3452 illam
3110 3414 3354 3465 reparare
3381 3396 3635 3466 perditam

2055 3493 2372 3556 libertatem;
2402 3507 2586 3561 parum
2614 3493 2681 3544 sit
2708 3467 2924 3562 denique
2954 3507 3054 3544 non
3083 3506 3234 3560 posse
3273 3491 3385 3542 sine
3437 3488 3529 3541 illa
3557 3467 3636 3542 vel

2057 3583 2437 3662 apprehendere
2463 3582 2666 3647 bonum,
2717 3581 2791 3636 cel
2837 3579 3136 3650 permanere
3173 3582 3226 3633 in
3266 3579 3396 3632 bono
3425 3572 3469 3632 si
3495 3560 3636 3642 velit.

2062 3673 2162 3726 nisi
2192 3673 2346 3726 etiam
2375 3672 2625 3740 efﬁciatur
2650 3681 2702 3723 ut
2730 3672 2844 3724 velit
2869 3672 3162 3741 (Augustin.
3188 3671 3251 3723 de
3272 3669 3417 3722 Corr.
3443 3677 3488 3722 et
3511 3667 3638 3722 Gra-

2059 3766 2151 3825 tJa,
2177 3778 2221 3814 c.
2258 3761 2368 3831 ll).
2416 3760 2554 3826 Quid
2593 3761 2753 3828 igitur
2796 3762 2848 3814 in
2871 3752 2874 3755 ’
2897 3761 2995 3814 hac
3022 3759 3203 3828 gratia:
3230 3759 3378 3828 prius
3407 3766 3489 3812 est
3535 3758 3637 3812 nisi

2061 3858 2212 3924 ﬁdes,
2243 3874 2359 3927 quae
2391 3876 2487 3913 nos
2514 3860 2737 3915 ductura
2763 3866 2844 3913 est
2873 3859 2939 3912 ad
2967 3859 3220 3930 speciem,
3254 3867 3311 3912 ut
3337 3858 3542 3912 scilicet
3584 3857 3638 3911 id

2059 3964 2208 4032 quod
2238 3961 2504 4016 credimus
2532 3959 2844 4014 videamus?
2871 3935 3019 4011 Hanc
3048 3957 3210 4010 etiam
3235 3957 3393 4010 tidem
3416 3970 3522 4009 non
3548 3971 3640 4012 ac-

2061 4051 2224 4121 cipiet
2243 4051 2429 4116 homo,
2449 4049 2549 4103 nisi
2577 4048 2873 4124 baptizatus
2903 4044 3064 4100 fuerit
3090 4047 3142 4100 in
3172 4046 3387 4100 nomine
3414 4045 3642 4101 Trinita-

2060 4143 2174 4196 tis:
2207 4140 2460 4195 utti.lelis
2506 4139 2745 4202 ell‘ectus,
2800 4139 2935 4193 sciat
2973 4138 3102 4206 quid
3148 4123 3234 4193 vel
3284 4139 3424 4194 unde
3468 4146 3636 4209 petat,

2059 4241 2265 4304 quaerat
2319 4240 2375 4286 et
2417 4231 2613 4302 pulset,
2672 4237 2729 4284 ut
2777 4229 3015 4284 invenire
3063 4230 3258 4295 valeat,
3309 4229 3534 4292 Domino
3583 4231 3640 4288 iu

2059 4324 2352 4393 Evangelio
2380 4322 2700 4378 admonente
2725 4340 2736 4375 :
2774 4321 2962 4390 Petite,
2991 4329 3038 4375 et
3069 4322 3361 4391 accipietis;
3405 4323 3642 4393 quwrite,

2060 4425 2109 4471 et
2139 4417 2432 4478 invenietis;
2455 4415 2680 4487 pulsate,
2701 4421 2748 4466 et
2773 4413 3027 4484 aperietur
3048 4411 3186 4466 vobis
3209 4411 3423 4484 (Matth.
3447 4428 3537 4477 vn,
3565 4413 3639 4483 7).

2063 4505 2181 4561 Νοη
2213 4505 2619 4560 introducuutur
2666 4503 2766 4557 nisi
2798 4501 3001 4572 tideles,
3032 4503 3133 4556 nisi
3166 4501 3418 4570 baptizati
3447 4501 3644 4558 iuerint

1993 4614 2043 4674 ι)
2069 4598 2120 4652 in
2149 4597 2366 4652 nomine
2395 4588 2715 4649 Trinitatis.
2742 4594 2851 4648 Nec
2888 4607 3075 4647 omnes
3123 4601 3300 4662 tamen
3345 4591 3436 4660 qui
3465 4591 3642 4660 bapti-

2066 4699 2254 4745 zantur
2297 4689 2476 4744 tideles
2519 4687 2651 4742 salvi
2699 4694 2858 4740 erunt
2890 4703 2902 4738 :
2934 4685 3188 4754 quoniam
3235 4698 3420 4738 revera
3465 4683 3643 4738 multa:

2065 4783 2296 4850 haereses
2325 4781 2427 4861 hoc
2457 4777 2731 4832 Trinitatis
2757 4777 3022 4846 baptismo
3042 4775 3356 4845 gloriantur,
3375 4780 3430 4828 et
3449 4772 3644 4830 eodem

2065 4871 2226 4928 modo
2257 4877 2313 4925 ut
2339 4867 2576 4925 Ecclesia
2624 4867 2887 4922 catholica
2916 4865 3177 4935 baptizari
3218 4865 3495 4932 videntur;
3545 4865 3642 4922 sed

2065 4976 2258 5031 magno
2282 4974 2466 5015 errore
2491 4965 2758 5021 tenentur,
2781 4956 2905 5010 dum
2936 4953 3057 5010 ﬁdei
3085 4955 3342 5009 unitatem
3369 4953 3638 5021 scindunt,

2066 5062 2122 5110 et
2152 5060 2265 5106 toto
2295 5049 2410 5104 orbi
2440 5048 2832 5104 communicare
2861 5045 3069 5112 nolunt,
3097 5060 3161 5099 ac
3197 5059 3294 5114 per
3320 5045 3423 5097 hoc
3449 5043 3642 5098 merito

2064 5141 2474 5198 damnabuntur.
2509 5137 2647 5192 Nihil
2671 5153 2798 5207 ergo
2823 5137 2902 5192 cis
2925 5135 3142 5206 prodest
3164 5133 3329 5201 tingui
3353 5133 3405 5186 in
3427 5134 3642 5188 nomine

2068 5234 2364 5312 Trinitatis,
2394 5231 2486 5301 qui
2514 5231 2687 5300 ipsum
2734 5243 2928 5284 nomen
2970 5226 3181 5280 deitatis
3213 5221 3538 5278 individuum
3561 5224 3643 5279 di-

2067 5327 2250 5388 videre
2280 5322 2563 5386 temeraria
2607 5319 3021 5393 praesumptione
3049 5317 3309 5371 nituntur.
3350 5314 3491 5372 Sane
3518 5332 3640 5372 cum

2070 5416 2373 5488 compuncti
2421 5413 2585 5470 corde
2631 5412 2700 5467 ad
2745 5409 3034 5481 Ecclesiam
3082 5407 3398 5463 catholicam
3453 5409 3642 5464 humili

2066 5510 2267 5584 pietate
2295 5513 2657 5571 revertuntur,
2709 5517 2814 5556 non
2859 5501 2910 5554 in
2955 5499 3034 5554 eis
3079 5499 3302 5553 iteratur
3348 5499 3644 5569 baptismus

2067 5617 2225 5670 quem
2247 5598 2358 5669 jam
2387 5599 2730 5665 acceperunt,
2775 5591 2868 5646 sed
2907 5605 3003 5661 per
3031 5589 3424 5660 impositionem
3455 5607 3644 5647 manus

2066 5690 2321 5747 Ecclesiae
2341 5687 2620 5743 catholica:
2649 5683 3022 5738 conciliantur.
3049 5680 3312 5749 Quoniam
3357 5681 3435 5736 sic
3463 5691 3642 5736 custo-

2067 5785 2211 5840 ditur
2236 5784 2323 5838 illa
2352 5778 2616 5837 sententia
2648 5776 2876 5842 Domini,
2909 5773 3006 5837 Ite,
3040 5775 3296 5843 baptizate
3321 5791 3493 5828 omnes
3524 5792 3643 5844 gen.

2068 5884 2140 5930 tes
2163 5876 2213 5930 in
2235 5872 2440 5930 nomine
2452 5868 2646 5936 Patris,
2671 5875 2719 5921 et
2737 5865 2884 5934 Filii,
2909 5874 2955 5921 et
2988 5865 3212 5920 Sm‘rltus
3235 5863 3399 5918 sancti
3423 5861 3636 5934 (Matth.
