4130 6484
583 400 685 458 5οῚ

1616 398 1670 460 S.
1715 394 2079 452 FULGENTJ
2121 393 2422 452 EPISCOPI
2455 392 2828 450 RUSPENSIS

3775 396 3864 452 0'08

581 533 770 587 xxvtu,
798 516 908 587 19),
937 526 996 572 ut
1023 515 1268 589 quamvis
1297 515 1441 570 foras
1466 514 1780 578 Ecclesiam,
1820 521 1913 568 aut
1937 520 2088 569 certe
2120 513 2172 567 in
2207 514 2258 573 Λ
2280 511 2674 580 sexagesimum
2705 509 2772 563 ad
2799 507 3162 572 continentes,
3211 507 3582 562 centesimum
3632 509 3700 563 ad
3729 513 3865 580 virgt.

583 611 822 665 Ecclesia
844 624 874 663 a
897 609 1037 663 malo
1060 616 1116 663 et
1141 623 1396 678 perverso
1415 606 1696 661 sacerdote
1725 603 2016 660 secundum
2039 604 2178 657 hanc

582 703 824 772 regulam
851 701 1214 771 baptizentur,
1239 699 1292 753 in
1322 699 1401 753 eis
1428 697 1733 751 nullatenus
1755 696 1998 750 iteretur.
2023 693 2181 748 Fides

583 794 806 864 quippe,
833 807 952 863 qua:
980 806 1078 862 per
1117 790 1462 845 dilectionem
1492 795 1769 858 operatur,
1806 802 1834 839 a
1863 794 2049 841 sancta
2080 783 2183 840 Ec-

584 886 751 941 clesia
777 884 1044 940 catholica
1090 883 1340 938 habetur.
1393 881 1565 947 Quam
1610 880 1846 934 lueretici
1878 879 2183 933 nullatenus
2223 889 2232 892 '

585 976 786 1032 habere
812 976 1109 1046 probantur
1142 992 1155 1028 :
1186 975 1310 1045 quia
1350 988 1537 1028 revera
1571 972 1703 1027 ﬁdes
1745 972 1861 1026 sola
1892 987 2000 1025 non
2030 969 2183 1024 suﬂi-

587 1069 684 1133 cit,
716 1068 823 1122 nisi
864 1067 1032 1122 Deum
1076 1066 1305 1121 credens
1334 1065 1526 1133 diligas
1555 1064 1744 1130 Deum,
1797 1063 2185 1132 praeceptisque

587 1159 708 1230 ejus
737 1159 980 1215 obedias.
1035 1157 1265 1213 Obedire
1293 1158 1576 1227 praeceptis
1605 1156 1721 1225 ejns
1759 1165 1840 1211 est
1873 1173 1976 1209 non
2010 1153 2186 1209 facere

588 1252 811 1316 malum,
843 1260 898 1306 et
924 1250 1100 1306 facere
1125 1251 1346 1313 bonum,
1378 1264 1619 1319 pugnare
1659 1258 1846 1304 contra
1884 1247 2181 1310 diabolum,

587 1343 684 1412 qui
713 1358 928 1398 cursum
961 1351 1203 1398 nostrum
1253 1341 1320 1395 ad
1353 1341 1518 1396 Deum
1563 1341 1871 1396 tendentem
1925 1339 2186 1410 impedire

589 1436 878 1491 momentis
925 1435 1147 1504 singulis
1189 1435 1399 1490 nititur.
1453 1433 1604 1488 Unde
1646 1434 1800 1504 juxta
1845 1434 2183 1504 Apostolum,

591 1536 835 1598 tanquam
864 1527 944 1581 leo
977 1527 1185 1598 rugiens
1225 1528 1408 1580 circuit
1445 1543 1679 1597 quterens
1708 1543 1854 1597 quem
1896 1524 2098 1578 devoret
2130 1523 2186 1590 (I

589 1617 737 1674 Petr.
770 1635 822 1682 ν,
857 1619 912 1690 8)
949 1637 961 1672 :
995 1619 1080 1675 cui
1109 1618 1466 1673 resistendum
1497 1627 1581 1673 est
1609 1618 1658 1672 in
1689 1617 1791 1673 ﬁde
1820 1619 2052 1672 lortitcr.

1098 1775 1262 1846 333
1296 1771 1526 1828 CAPUT
1565 1772 1682 1828 xu.

2286 620 2403 659 nes.
2434 603 2509 658 Ita
2540 603 2704 659 etiam
2736 601 2974 657 Ecclesia
2999 600 3263 656 catholica
3292 602 3349 654 in
3374 601 3464 656 bis
3486 602 3737 670 gradibus
3756 622 3844 661 con

2284 696 2470 751 stituta
2499 703 2601 758 est,
2632 705 2692 748 ut
2709 694 2956 764 quamvis
2985 701 3096 747 tres
3122 695 3230 748 sint
3253 693 3487 762 gradus,
3511 695 3695 749 multa:
3713 704 3867 753 tamen

2283 785 2597 842 diﬁ'erentia:
2624 784 2965 839 meritorum.
3000 783 3186 854 Neque
3215 784 3366 838 enim
3395 792 3496 838 aut
3522 800 3712 840 omnes
3739 788 3869 856 virgi-

2285 894 2381 935 nes
2426 881 2704 950 thualiter
2747 881 3020 950 accipiunt
3067 883 3351 950 prtemium
3404 881 3566 952 regni
3614 882 3867 950 calorum,

2286 982 2380 1028 aut
2420 990 2609 1029 omnes
2659 976 3020 1039 continentes,
3072 983 3166 1029 aut
3212 990 3412 1030 omnes
3461 975 3870 1046 conjugatizsed

2286 1066 2628 1138 unusquisque
2654 1067 2921 1137 prapaiam
2949 1065 3231 1120 niercedem
3274 1067 3527 1136 accipiet,
3562 1067 3639 1120 ait
3664 1068 3869 1137 Aposto-

2287 1157 2393 1225 lus,
2421 1157 2701 1211 secundmn
2728 1173 2875 1210 suum
2906 1154 3138 1211 laborem
3168 1154 3223 1223 (Ι
3252 1155 3379 1210 Cor.
3416 1169 3496 1221 ιιι,
3530 1155 3610 1225 8).
3642 1155 3869 1226 thuan-

2290 1253 2402 1300 tum
2445 1245 2677 1316 amplius
2721 1245 2857 1298 alius
2905 1244 3011 1299 alio
3049 1244 3308 1299 obediens
3341 1243 3462 1298 Deo
3516 1242 3638 1310 fuit,
3687 1252 3868 1302 tantum

2289 1337 2520 1408 amplius
2550 1337 2813 1392 mercedis
2841 1337 3092 1408 accipiet.
3125 1337 3192 1391 Et
3220 1353 3343 1406 qua:
3387 1337 3498 1391 erit
3530 1337 3630 1392 ista
3670 1354 3867 1403 merces.

2288 1429 2375 1483 vel
2405 1429 2702 1498 praemium,
2734 1428 2834 1483 nisi
2866 1429 2979 1500 ipse
3003 1429 3144 1484 Deus
3173 1429 3462 1499 praemium
3508 1430 3719 1486 virtutis
3755 1432 3869 1484 erit?

2289 1519 2436 1572 Dixit
2455 1518 2671 1587 quidam
2703 1537 2715 1571 :
2750 1516 2806 1572 Is
2834 1521 2918 1590 qni
2949 1520 3185 1574 virtutem
3213 1519 3383 1586 dedit,
3401 1522 3504 1592 [qui
3536 1521 3677 1576 dedit
3702 1529 3875 1575 certon:

2292 1611 2424 1665 tibus
2461 1611 2750 1688 uictoriam,
2799 1612 2909 1681 ipse
2934 1613 3113 1682 procul
3154 1610 3309 1666 dubio
3339 1614 3448 1667 erit
3476 1630 3694 1687 corona.
3736 1613 3880 1679 Quod

2289 1702 2656 1772 intelligimus,
2703 1711 2910 1757 tantum
2960 1702 3192 1773 amplius
3241 1704 3384 1759 alius
3431 1704 3546 1759 alio
3576 1704 3630 1758 in
3675 1704 3754 1758 illa
3779 1705 3870 1758 vita

2290 1795 2460 1850 Deum
2486 1795 2709 1861 videbit,
2743 1803 3002 1866 quantum
3047 1795 3277 1865 amplius
3307 1796 3364 1849 in
3397 1795 3505 1850 hac
3533 1795 3639 1849 vita
3666 1809 3779 1850 cum
3800 1795 3853 1848 di

663 1883 730 1941 Et
756 1885 881 1942 licet
906 1885 1145 1956 quandiu
1173 1887 1224 1940 in
1253 1887 1356 1941 hoc
1385 1884 1586 1940 mundo
1611 1883 1913 1942 mortaliter
1935 1883 2183 1949 vivimus,
2220 1903 2267 1964 Β
2294 1887 2440 1952 lcxit,
2475 1887 2866 1958 praeceptisque
2887 1884 3004 1955 ejus
3025 1887 3285 1942 obediens
3307 1886 3438 1942 fuit.

589 1993 710 2034 sine
737 1988 964 2050 peccato
992 1995 1111 2034 esse
1138 1995 1245 2033 non
1277 1994 1592 2049 possumus;
1621 1985 1800 2031 tamen
1832 1992 1901 2031 ne
1933 1976 2056 2031 ullis
2085 1977 2190 2031 cri-

591 2069 827 2125 minibus
855 2068 1212 2140 implicemur,
1241 2079 1300 2123 ut
1330 2069 1398 2123 ad
1427 2068 1544 2138 ejus
1572 2068 1853 2123 servitium
1886 2067 2188 2132 redeamus,

594 2167 651 2215 et
675 2175 806 2214 vasa
845 2159 963 2230 ejus
990 2159 1189 2225 ellecti,
1220 2175 1438 2214 rursum
1481 2159 1706 2229 incipiat
1732 2158 1978 2214 habitare
2007 2158 2060 2213 iu
2092 2174 2192 2213 no-

595 2249 708 2314 bis;
733 2265 851 2320 qua:
872 2250 982 2304 sint
1006 2251 1308 2309 criminalia
1338 2259 1586 2321 peccata,
1617 2259 1672 2306 et
1692 2250 1968 2322 Scriptura
1989 2250 2194 2321 divina,

595 2351 652 2398 et
675 2341 962 2398 mundanae
981 2343 1128 2412 leges
1155 2343 1368 2413 publice
1397 2343 1654 2413 puniunt;
1700 2343 1795 2398 sed
1825 2352 1882 2399 et
1908 2343 2194 2399 conscien-

595 2433 673 2488 tia
701 2441 790 2488 tua
821 2449 942 2504 quae
970 2434 1039 2489 ab
1070 2434 1177 2490 alio
1207 2449 1314 2489 non
1344 2433 1459 2488 vult
1485 2434 1619 2504 pati,
1653 2449 1761 2488 non
1789 2433 1990 2501 nescit;
2033 2433 2130 2489 sed
2149 2434 2195 2489 si

595 2524 737 2582 forte
765 2536 889 2598 post
919 2527 1246 2598 baptismum
1295 2527 1560 2596 aliquibus
1608 2526 1922 2582 criminibus
1968 2527 2197 2582 involuti

597 2633 804 2680 sumus,
852 2632 960 2672 non
991 2617 1172 2688 pigeat
1199 2616 1574 2687 paenitentiam
1625 2629 1810 2685 agere,
1859 2624 1916 2670 et
1961 2617 2195 2672 contrito

599 2705 765 2761 corde
793 2714 849 2761 et
873 2718 1102 2776 corpore
1123 2721 1152 2760 a
1173 2704 1287 2760 Deo
1311 2704 1698 2775 indulgentiam
1722 2705 2016 2776 postulare.
2062 2705 2196 2759 Nam

599 2798 692 2868 qui
719 2798 822 2853 sibi
851 2806 1071 2870 peccata
1117 2799 1334 2869 impune
1367 2798 1618 2853 videntur
1657 2798 2017 2866 committere,
2067 2799 2196 2854 dum

595 2886 828 2944 fortasse
873 2888 1082 2960 aliquas
1127 2889 1506 2961 eleemosynas
1551 2889 1605 2944 in
1654 2903 1919 2961 pauperes
1972 2889 2195 2959 faciunt,

595 2977 826 3032 multum
855 2977 1132 3034 falluntur.
1162 2977 1419 3034 Nesciunt
1446 2979 1591 3033 enim
1620 2977 1764 3048 quod
1794 2994 1932 3049 opus
1982 2978 2196 3035 miseri-

595 3070 796 3125 cordia:
827 3071 1060 3140 primum
1087 3071 1158 3125 sit
1177 3071 1412 3141 seipsum
1437 3071 1547 3126 Deo
1575 3071 1790 3136 oﬁ'erre,
1823 3080 1876 3126 et
1905 3070 1982 3127 sic
2012 3071 2065 3125 in
2091 3073 2196 3127 alio

595 3159 1021 3214 misericordiam
1052 3158 1250 3215 facere.
1283 3159 1374 3215 Sic
1405 3161 1551 3214 enim
1577 3160 1853 3230 Scriptura
1885 3162 1963 3215 ait
1995 3180 2006 3214 :
2040 3161 2198 3216 Mise-

596 3270 711 3307 rere
731 3255 921 3307 aninue
945 3263 1045 3308 tua:
1068 3254 1279 3324 placens
1310 3252 1421 3307 Deo
1457 3252 1649 3324 (Eccli.
1677 3270 1804 3318 xxx,
1839 3253 1963 3318 24);
1997 3264 2052 3309 et
2091 3255 2195 3309 ite-

597 3358 718 3399 rum
747 3362 760 3398 :
789 3343 889 3408 Qui
935 3343 1033 3398 sibi
1075 3361 1293 3415 nequam
1334 3355 1428 3409 est,
1474 3346 1554 3398 cui
1594 3343 1753 3399 bonus
1779 3345 1967 3416 (Eccli.
2000 3363 2068 3411 Iv,
2097 3346 2196 3417 5)?

597 3437 743 3507 Ergo
772 3438 1028 3493 laetendm
1053 3448 1180 3493 sunt
1207 3439 1560 3510 eleemosyna:
1581 3478 1596 3504 ,
1637 3437 1732 3494 sed
1760 3447 1885 3493 ante
1915 3447 2041 3494 sunt
2065 3440 2194 3494 vitia

598 3532 972 3602 relinquenda.
1018 3531 1245 3586 Multum
1284 3531 1446 3600 igitur
1472 3530 1725 3585 dill'crunt
1753 3532 1822 3585 ab
1854 3531 1935 3586 his
1976 3533 2068 3602 qui
2099 3548 2194 3588 ve-

599 3634 741 3680 stem
771 3639 922 3680 suam
951 3623 1234 3679 candidam
1265 3631 1638 3690 servaverunt,
1671 3623 1763 3692 qui
1786 3623 1919 3678 tales
1944 3632 2003 3677 ut
2026 3625 2196 3679 renati

600 3726 745 3783 sunt,
778 3718 1072 3772 auxiliante
1109 3717 1358 3783 Domino,
1392 3732 1562 3786 usque
1590 3716 1658 3772 ad
1689 3716 1847 3772 linem
1877 3717 2054 3772 exitus
2075 3733 2199 3788 per-

601 3816 852 3862 severant
884 3824 896 3861 :
928 3807 1122 3879 quibus
1159 3807 1471 3877 quotidiana
1500 3806 1676 3862 oratio
1721 3805 1920 3862 sufﬁcit
1970 3807 2036 3861 ad
2083 3807 2196 3862 sol-

600 3901 774 3956 venda
803 3901 1023 3956 minima
1053 3901 1272 3970 delicta,
1320 3915 1440 3970 qua:
1469 3901 1523 3956 in
1567 3899 1674 3956 hoc
1715 3916 1945 3970 corpore
1983 3902 2198 3956 mortali

601 3993 932 4063 subrepunt;
965 3993 1034 4048 de
1065 4006 1175 4061 quo
1214 4007 1275 4048 se
1304 3991 1595 4062 Apostolus
1622 3991 1841 4046 liberari
1867 4001 2091 4062 exoptat
2117 3992 2201 4046 di-

602 4098 771 4139 cens:
801 4083 1000 4155 Infelix
1027 4100 1121 4155 ego
1154 4085 1305 4139 homo
1329 4085 1348 4138 !
1369 4085 1484 4153 quis
1511 4101 1592 4138 me
1632 4083 1870 4138 liberabit
1894 4084 1958 4138 de
1985 4101 2200 4156 corpore

602 4175 786 4228 mortis
811 4174 1004 4245 hujus?
1032 4172 1217 4228 Gratia
1243 4174 1340 4229 Dei
1378 4192 1468 4245 per
1503 4174 1682 4229 Iesum
1725 4174 1986 4229 Christum
2013 4175 2198 4231 Domi-

603 4276 728 4316 num
763 4273 996 4318 nostrum
1047 4263 1224 4333 (Rom.
1257 4281 1348 4330 vn,
1397 4263 1506 4333 24).
1554 4263 1689 4318 Nam
1738 4271 1795 4319 ct
1841 4265 2098 4322 Dominus
2145 4267 2198 4322 in

605 4351 894 4422 Evangelio
942 4353 1158 4424 (Matth.
1211 4371 1324 4419 xui,
1375 4353 1466 4425 23)
1524 4349 1635 4410 trés
1689 4354 1996 4411 fertilitates
2043 4365 2201 4412 terra:

605 4443 862 4509 ostendit,
900 4444 951 4498 id
979 4451 1064 4498 est
1090 4451 1198 4498 tres
1223 4443 1423 4512 gradus
1452 4445 1720 4498 bonorum
1749 4445 1800 4499 in
1832 4444 2073 4502 Ecclesia
2101 4446 2200 4502 de-

607 4535 948 4600 monstravit,
999 4535 1347 4600 tricesimum,
1400 4535 1817 4607 sexagesimum,
1865 4544 1922 4590 et
1967 4537 2203 4592 centesi-

2887 2041 3117 2099 CAPUT
3155 2041 3294 2096 Xlll.

2367 2159 2478 2217 Sed
2525 2169 2582 2216 et
2643 2159 2697 2215 in
2748 2159 2862 2230 ipsa
2905 2174 3068 2214 carne
3115 2157 3519 2227 resurgentium
3567 2165 3867 2214 mortuorum

2296 2251 2480 2305 multa:
2501 2259 2662 2306 erunt
2689 2248 3002 2305 dill'erentitc
3031 2249 3311 2314 claritatis,
3344 2249 3571 2324 dicente
3596 2247 3863 2318 Apostolo:

2296 2341 2416 2394 Alia
2437 2341 2651 2396 claritas
2680 2340 2827 2406 solis,
2857 2339 2964 2394 alia
2985 2340 3200 2394 claritas
3221 2340 3384 2406 lunae,
3420 2340 3529 2394 alia
3549 2340 3750 2394 claritas
3773 2340 3866 2393 stel-

2297 2431 2486 2486 larum.
2521 2431 2688 2487 Stella
2717 2432 2854 2486 enim
2885 2429 2949 2484 ab
2979 2431 3130 2485 stella
3159 2430 3340 2501 diﬁ’ert
3371 2432 3428 2485 in
3451 2430 3708 2493 claritate,
3734 2430 3868 2501 339

2295 2527 2372 2580 ita
2393 2527 2490 2581 erit
2515 2536 2564 2579 et
2587 2525 2894 2579 resurrectio
2923 2533 3247 2578 mortuorum
3279 2522 3337 2596 (Ι
3368 2525 3494 2580 Cor.
3531 2540 3620 2590 xv,
3650 2522 3756 2593 4|).
3781 2521 3865 2590 lgi-

2301 2626 2390 2673 tur
2431 2631 2768 2688 quaacunque
2814 2623 3179 2686 corpora'ant
3225 2616 3369 2684 ignis
3411 2614 3758 2685 consumpsit,
3791 2620 3866 2666 aut

2297 2709 2468 2767 bestia
2515 2707 2818 2774 devoravit,
2853 2716 2948 2761 aut
2974 2722 3114 2776 aqua
3151 2707 3459 2773 absorbuit,
3509 2706 3601 2762 illo
3625 2711 3866 2761 momento

2300 2799 2565 2870 temporis
2595 2808 2758 2870 atque
2805 2799 2916 2854 ictu
2943 2797 3089 2854 oculi
3117 2806 3430 2867 resurgent,
3480 2798 3537 2853 in
3573 2812 3701 2853 sexu
3726 2810 3866 2853 unus-

2297 2893 2527 2964 quisque
2553 2909 2661 2963 quo
2684 2901 2930 2948 mortuus
2953 2899 3066 2958 est;
3101 2892 3374 2947 masculus
3398 2893 3582 2961 itaque
3609 2891 3660 2946 in
3687 2903 3862 2944 mascu-

2298 2984 2428 3050 lino,
2481 2993 2537 3039 et
2585 2982 2782 3038 femina
2829 2982 2883 3037 in
2922 2981 3202 3036 feminino.
3250 2981 3412 3048 Quod
3465 2997 3593 3036 vero
3620 2983 3864 3047 i-ewrgant

2296 3077 2519 3142 mortui,
2551 3076 2810 3139 Dominus
2833 3075 2886 3129 in
2915 3074 3209 3145 Evangelio
3240 3075 3317 3128 ait
3346 3093 3358 3128 :
3397 3073 3524 3129 Non
3547 3073 3731 3144 legistis
3753 3068 3863 3140 quod

2299 3167 2425 3221 dicit
2453 3165 2706 3221 Dominus
2735 3167 2804 3220 ad
2836 3165 3073 3237 Moysem
3114 3165 3178 3219 de
3215 3164 3346 3219 rubo
3381 3182 3400 3220 :
3427 3164 3543 3236 Ego
3569 3162 3700 3218 Deus
3725 3160 3864 3213 Abra-

2300 3259 2440 3334 ham,
2469 3271 2518 3313 et
2544 3259 2682 3314 Deus
2708 3258 2882 3326 Isaac,
2913 3268 2962 3315 et
2989 3258 3132 3314 Deus
3170 3257 3334 3313 Jacob
3370 3259 3526 3330 (Luc.
3554 3273 3643 3325 xx,
3674 3255 3788 3324 57)?
3808 3251 3863 3306 Et

2298 3351 2627 3406 subnectens
2656 3350 2900 3420 adjungit
2931 3369 2944 3406 :
2991 3349 3115 3406 Non
3145 3359 3222 3405 est
3253 3349 3399 3406 Deus
3440 3359 3765 3414 mortuorum,
3789 3343 3860 3399 sed

2298 3442 2543 3504 rivorum.
2573 3441 2764 3497 Omnia
2791 3445 2927 3498 enint
2952 3444 3124 3497 vivunt
3151 3445 3197 3496 ei
3216 3441 3412 3513 (Ibid.,
3430 3442 3558 3515 58);
3588 3448 3642 3496 et
3667 3439 3857 3493 iterum:

2302 3531 2445 3586 Tunc
2474 3549 2676 3598 omnes,
2706 3533 2902 3603 inquit,
2930 3533 3017 3604 qui
3055 3534 3108 3587 in
3140 3534 3492 3587 monumentis
3515 3539 3649 3596 sunt,
3683 3525 3860 3582 audich

2298 3641 2470 3678 vocem
2490 3622 2621 3679 Filii
2648 3623 2768 3692 Dei,
2797 3634 2846 3678 et
2875 3633 3144 3696 resurgent
3169 3625 3256 3696 qui
3291 3624 3435 3678 bona
3463 3626 3687 3696 fecerunt
3717 3622 3763 3672 in
3791 3627 3860 3668 re-

2298 3715 2671 3769 surrectionem
2693 3715 2828 3778 t'itw,
2853 3714 2942 3786 qui
2961 3731 3078 3770 vero
3100 3715 3240 3768 mala
3260 3723 3479 3784 egerunt
3500 3715 3553 3768 in
3575 3705 3861 3766 resurrectio-

2299 3822 2418 3881 nem
2457 3806 2643 3878 judicii
2675 3805 2860 3879 (Joan.
2893 3824 2945 3872 v,
2976 3806 3066 3872 ‘28,
3116 3806 3230 3879 29).
3261 3807 3400 3862 Nam
3443 3815 3500 3862 ct
3526 3803 3649 3860 alibi
3677 3797 3856 3874 (Matth.

2301 3917 2425 3966 xxv,
2458 3900 2549 3971 46)
2577 3901 2963 3956 misericordia:
2984 3915 3148 3971 opera
3169 3917 3487 3968 numerans,
3509 3899 3672 3973 bonos
3697 3901 3746 3948 et
3763 3904 3855 3944 ma-

2302 3993 2384 4047 los
2415 3993 2766 4061 redarguens,
2793 3992 2895 4047 hos
2918 3992 3048 4047 dicit
3075 3991 3152 4046 ire
3181 3992 3235 4046 in
3263 3991 3589 4063 supplicium
3616 3995 3858 4042 internum.

2301 4083 2483 4139 Bouos
2531 4084 2697 4138 etiam
2743 4082 3005 4154 suscipiet
3043 4082 3300 4151 gaudium
3345 4082 3755 4153 sempiternum;
3783 4067 3854 4123 ubi

2302 4190 2424 4230 cum
2446 4173 2557 4228 Deo
2583 4188 2683 4228 suo
2706 4173 2824 4227 sine
2847 4171 2952 4228 ﬁne
2973 4169 3293 4241 regnabunt,
3324 4184 3383 4227 et
3403 4174 3471 4227 de
3495 4186 3589 4226 sua
3610 4163 3858 4223 stabilitate

2301 4265 2500 4331 securi,
2517 4264 2650 4320 nihil
2677 4279 2774 4319 eos
2802 4263 3056 4319 indecens
3079 4262 3389 4318 delectabit.
3419 4261 3718 4326 Ubicunque
3735 4248 3852 4306 enim

2302 4371 2490 4411 eorum
2519 4355 2747 4424 spiritus
2774 4354 2896 4418 erit,
2941 4353 3191 4424 protinus
3227 4354 3280 4408 in
3322 4353 3466 4409 coelo
3497 4363 3633 4406 novo
3669 4351 3716 4399 et
3741 4349 3857 4396 terra

2302 4463 2463 4502 nova.
2503 4444 2673 4500 Malos
2700 4454 2885 4500 autem
2916 4445 3177 4515 suscipiet
3208 4445 3345 4513 ignis
3373 4453 3622 4505 mternus,
3669 4448 3790 4514 quos
3810 4429 3854 4483 ἱιι

2303 4547 2625 4610 perpetuum
2654 4538 2935 4594 cruciabit.
2967 4537 3066 4592 Ubi
3095 4540 3279 4593 vermis
3300 4555 3478 4593 eorum
3507 4551 3604 4592 non
3625 4529 3855 4587 morietur.

605 4643 777 4684 mum.
833 4626 981 4682 Unde
1028 4635 1084 4681 et
1131 4642 1256 4682 arca
1305 4625 1441 4694 Noe,
1485 4642 1604 4698 quae
1649 4626 1970 4696 signiﬁcavit
2010 4626 2201 4683 Eccle-
2231 4671 2278 4731 Β
2305 4641 2355 4685 et
2391 4633 2530 4702 ignis
2576 4648 2680 4686 non
2727 4631 3086 4702 exstinguetur
3115 4628 3312 4690 (Marc.
3352 4646 3429 4694 Ix,
3477 4625 3588 4696 44).
3635 4621 3848 4724 ideoque.

607 4722 765 4787 siam,
808 4720 1134 4775 bicamerata
1189 4718 1640 4788 tricamcrataque
1690 4719 1822 4784 fuit;
1873 4720 2199 4790 signiﬁcans,

614 4824 674 4869 ut
719 4814 993 4877 diximus,
1053 4821 1164 4868 tres
1213 4811 1428 4880 gradus,
1479 4821 1572 4867 aut
1620 4813 1874 4880 ordines,
1911 4829 2050 4884 quos
2095 4823 2206 4868 tra-

561 4887 570 4925 ⁸
613 4915 794 4961 ctores
823 4904 1076 4960 Ecclesia:
1117 4904 1184 4992 ad
1236 4903 1578 4973 conjugatos,
1626 4905 1965 4960 continentes
2009 4913 2064 4959 et
2091 4906 2203 4961 vir-

607 4997 1109 5066 gines’retnlernnt.
1141 4995 1496 5050 Tricesimum
1528 4995 1736 5050 scilicet
1764 4993 1830 5048 ad
1859 4994 2200 5065 conjugatos,

645 5145 789 5156 ———

2309 4723 2606 4789 carissime,
2637 4721 2990 4792 satagendum
3016 4730 3120 4786 est,
3161 4731 3218 4775 et
3237 4721 3440 4790 jugiter
3463 4717 3557 4774 Dei
3586 4707 3851 4768 misericor-

2309 4813 2396 4867 dia
2419 4812 2774 4882 imploranda,
2804 4821 2862 4866 ut
2901 4811 3103 4877 sobrie,
3137 4812 3245 4882 pie,
3270 4811 3418 4880 juste
3450 4811 3680 4863 vivamus
3701 4802 3746 4852 in
3771 4795 3853 4890 liae

2311 4903 2530 4969 saeculo,
2579 4912 2844 4973 quatenus
2889 4902 3161 4974 possimus
3204 4903 3466 4958 caelorum
3515 4890 3772 4969 pervenire
3808 4897 3850 4934 ι’*

2314 5009 2442 5063 regr

809 5127 3776 5156 ____________________________________________________.,

1537 5181 1546 5186 ’
1644 5215 1796 5325 s.
1875 5212 2884 5332 FULGENTII

796 5389 1363 5506 CONTRA
1445 5384 2214 5502 SERMONEM
2298 5385 3104 5503 FASTIDIOSI
3191 5378 3705 5516 ARIANI,

1530 5561 1662 5638 AD
1736 5556 2287 5654 VICTOREM,
2370 5559 2662 5638 LIBER
2718 5559 3034 5642 UNUS.

1043 5742 1204 5816 31.0
1223 5741 1451 5799 CAPUT
1491 5739 1779 5797 ramum.

685 5837 820 5896 Cum
844 5845 965 5895 tuas
993 5837 1220 5903 litteras,
1237 5837 1516 5894 carissime
1542 5836 1616 5891 ﬁli
1642 5835 1847 5900 Victor,
1881 5833 2003 5890 ﬁdei
2028 5841 2084 5890 et
2111 5850 2208 5891 ca-

619 5931 794 5992 ritatis
814 5931 1037 5987 odorem
1081 5930 1457 5987 suavissimum
1497 5929 1875 5995 continentes,
1908 5937 2020 5984 tota
2062 5929 2213 5986 dele-

2312 5742 2550 5798 ctatione
2570 5751 2730 5812 atque
2745 5743 3024 5798 alacritate
3043 5730 3205 5798 animi
3235 5725 3846 5816 recenserem,subjecttt"l

2314 5834 2511 5905 reperi,
2554 5850 2712 5903 quem
2744 5834 2874 5889 mihi
2904 5833 3256 5892 refellendum
3287 5828 3576 5891 destinasti,
3607 5812 3843 5877 FastiJiOSl

2315 5943 2641 5987 sermonem.
2699 5927 2820 5994 Quo
2861 5929 3156 5999 recensito,
3209 5938 3359 5985 tanto
3417 5923 3552 5981 dolui
3601 5909 3842 5988 perditum.

3927 5677 3960 5724 ὁ
