4130 6462
342 319 448 378 509

1188 321 1464 381 CONTRA
1501 322 1868 382 SERMONEM
1907 321 2279 388 FASTIDIOSI
2319 336 2518 395 LIBER
2557 340 2759 401 UNUS.

3527 346 3630 405 510

338 441 543 506 quanto
567 434 736 531 magis
755 449 872 493 sum
893 435 1201 531 compulsus
1215 441 1508 531 exhorrere
1532 439 1926 509 blasphemum;
1959 447 2006 502 Α
2033 446 2198 501 virtus
2220 463 2398 504 eorum
2427 452 2594 522 (Psal.
2643 470 2811 517 χχχιι,
2844 457 2931 529 6).
2982 459 3056 512 De
3101 461 3366 528 sapientia
3407 473 3625 531 quoque

338 541 504 595 quem
531 524 778 582 novimus
802 534 929 597 post
955 525 1316 584 Christianam
1366 526 1545 593 ﬁdem,
1579 538 1703 599 post
1733 544 1926 584 mona-

336 618 427 674 chi
455 616 868 689 professionem,
920 627 1040 690 post
1081 621 1400 693 presbyterii
1450 622 1737 688 honorem,
1766 638 1927 694 quem

335 708 393 763 in
420 718 716 780 conspectu
749 709 1028 766 hominum
1057 713 1220 784 cepit,
1245 722 1302 768 et
1329 729 1516 768 coram
1558 714 1788 770 Domino
1818 730 1926 772 uon

335 801 546 866 habuit,
573 817 604 856 a
632 803 719 857 via
751 805 997 860 veritatis
1040 821 1310 871 aversum,
1343 816 1399 861 et
1442 823 1554 863 sua:
1599 824 1818 878 prorsus
1839 823 1928 864 re-

331 893 660 964 demptionis
707 895 954 961 oblitum,
1003 898 1206 953 factum
1256 898 1422 955 fuisse
1461 901 1831 957 fornicationis
1860 915 1926 956 ac

329 983 558 1039 luxurite
586 999 820 1052 servum,
850 996 906 1042 et
933 1002 1001 1042 ex
1030 987 1136 1044 hoc
1178 1004 1434 1060 respuere
1477 991 1776 1062 majestatis
1798 991 1929 1046 divi-

329 1093 416 1134 nte
443 1079 742 1134 servitium.
775 1079 903 1135 lude
929 1089 1012 1136 est
1039 1080 1188 1152 quod
1217 1098 1285 1138 ex
1300 1081 1568 1139 catholico
1598 1082 1774 1139 factus
1813 1084 1924 1138 ha:-

327 1169 561 1230 reticus.
604 1183 668 1224 ac
713 1168 780 1224 de
809 1169 954 1225 malo
1001 1171 1255 1228 thesauro
1293 1171 1476 1230 cordis
1516 1173 1599 1228 sui
1643 1172 1924 1244 proferens

325 1261 492 1327 mala,
523 1270 713 1318 contra
739 1271 942 1318 rectam
973 1262 1153 1332 ﬁdem,
1199 1273 1388 1321 contra
1428 1267 1746 1323 Catholicam
1777 1266 1924 1322 veri-

329 1363 494 1410 tatem
525 1372 634 1412 non
656 1356 924 1412 immerito
954 1357 1102 1413 illum
1132 1374 1439 1414 sermonem
1468 1375 1679 1414 veneno
1725 1359 1920 1431 impie-

326 1449 457 1504 tatis
505 1449 814 1518 crapulatus
849 1459 1099 1512 evomat,
1155 1450 1376 1520 quando
1417 1467 1610 1522 panem
1655 1451 1777 1506 vita:
1805 1467 1922 1506 res-

324 1538 464 1610 puit,
495 1548 551 1595 et
579 1539 850 1596 salubrem
889 1555 1029 1596 verm
1058 1539 1176 1596 fidei
1199 1542 1380 1598 cibum
1409 1542 1493 1599 sui
1524 1542 1756 1600 nominis
1786 1542 1924 1598 indi-

322 1631 412 1686 cio
434 1629 744 1687 fastidiosus
772 1631 988 1702 abjecit.
1009 1633 1067 1689 ln
1091 1634 1182 1690 illo
1211 1643 1395 1690 autem
1417 1635 1644 1706 profano
1665 1649 1923 1692 sermone

320 1739 528 1780 vocans
556 1741 657 1780 nos
699 1724 1117 1798 llomousianos,
1149 1727 1294 1797 quod
1324 1745 1425 1785 nos
1472 1728 1655 1785 Ariani
1682 1730 1923 1785 assolent

2030 553 2191 609 quam
2213 557 2312 596 nos
2341 542 2394 598 in
2417 545 2621 612 angelis
2637 555 2873 602 creatam
2893 546 3139 616 dicimus,
3163 549 3217 603 in
3239 547 3620 608 EcclesiastiCo

2029 629 2167 686 libro
2196 633 2453 704 scriptum
2485 637 2711 706 legimus
2748 656 2761 692 :
2790 638 2946 695 Prior
2974 643 3204 696 omnium
3227 651 3401 696 creata
3429 651 3507 696 est
3534 633 3624 696 sa-

2028 722 2246 792 pientia,
2275 735 2325 780 et
2363 726 2652 784 intellectus
2697 730 2989 801 prudentia:
3022 731 3085 785 ab
3115 749 3222 788 wro
3248 731 3438 802 (Eccli.
3465 749 3501 799 ι,
3525 731 3620 804 4).

2030 811 2102 867 Ut
2129 814 2438 870 ostenderet
2459 815 2639 873 Verbo
2669 818 2787 886 Dei,
2814 834 2913 889 per
2937 821 3078 890 quod
3107 821 3242 877 facta
3265 829 3392 875 sunt
3419 823 3622 886 omnia,

2028 907 2195 962 etiam
2224 908 2447 977 angelos
2469 908 2659 977 factos,
2693 912 2951 966 continuo
2977 921 3161 969 sancta
3187 915 3460 984 Scriptura
3491 915 3623 969 sul»-

2021 997 2240 1068 junxit:
2271 998 2418 1057 Fons
2446 1003 2720 1072 sapientiae
2754 1002 2976 1058 Verbum
3008 1004 3127 1072 Dei,
3171 1015 3219 1059 et
3261 1005 3524 1076 ingressus
3556 1007 3623 1059 il-

2027 1092 2126 1146 lius
2157 1091 2407 1146 mandata
2455 1101 2654 1148 aeterna
2707 1093 2903 1166 (Ibid.,
2944 1093 3033 1166 5).
3066 1094 3130 1150 Et
3186 1096 3349 1166 paulo
3392 1105 3534 1166 post,
3568 1103 3628 1149 ut

2028 1181 2340 1238 ostenderet
2367 1182 2588 1251 angelos
2611 1183 2679 1238 ad
2704 1199 2869 1254 opera
2885 1184 3114 1257 Spiritus
3129 1186 3299 1242 sancti
3327 1186 3622 1258 pertinere,

2026 1273 2100 1328 ita
2127 1272 2326 1330 dicitur
2356 1292 2369 1328 :
2405 1273 2549 1330 Unus
2578 1275 2863 1330 altissimus
2911 1288 3112 1332 creator
3155 1280 3479 1349 omnipotens
3523 1285 3622 1345 est,

2029 1362 2143 1418 Rea:
2168 1376 2370 1433 potens,
2402 1367 2707 1422 metuendus
2747 1366 2922 1432 nimis,
2955 1369 3140 1422 sedens
3182 1385 3334 1440 super
3383 1369 3624 1424 thronum

2025 1455 2166 1509 illius
2195 1466 2246 1510 et
2275 1456 2574 1513 dominans.
2610 1456 2751 1512 Deus
2801 1461 2992 1514 ereavit
3030 1461 3174 1513 illaut
3204 1461 3407 1528 Spiritu
3444 1469 3624 1515 sancto

2026 1544 2220 1617 (Ibid.,
2249 1547 2338 1620 8).
2367 1548 2506 1616 Quid
2536 1549 2700 1620 igitur
2727 1550 2795 1606 ab
2829 1550 3031 1621 Spiritu
3059 1561 3252 1606 sancto
3282 1550 3480 1606 factum
3529 1568 3624 1607 nc-

2025 1639 2258 1706 gabitur,
2285 1654 2314 1694 a
2338 1655 2448 1712 quo
2470 1641 2638 1697 virtus
2667 1641 2930 1697 cwlorum
2962 1640 3171 1696 ﬁrmata
3202 1642 3414 1710 legitur,
3448 1651 3503 1698 et
3531 1659 3628 1697 cu-

2020 1725 2110 1798 jus
2131 1744 2298 1800 opera
2319 1738 2501 1786 creata
2533 1730 2794 1801 sapientia
2825 1730 3182 1802 praxdicatur?
3207 1729 3338 1786 Nam
3364 1741 3419 1785 et
3448 1731 3515 1786 de
3545 1731 3626 1785 di-

321 1830 662 1886 nuncupare,
686 1815 798 1872 hinc
828 1818 989 1874 verba
1041 1820 1222 1888 posuit
1253 1838 1266 1874 :
1301 1819 1698 1886 Homousianis,
1723 1822 1914 1892 inquit,
1951 1825 1999 1886 Β
2027 1818 2166 1875 vinis
2210 1818 2368 1875 donis
2413 1836 2532 1893 qua:
2577 1821 2718 1876 Deus
2764 1821 3020 1878 Ecclesia:
3077 1838 3188 1877 sua:
3242 1821 3446 1888 tribuit,
3501 1837 3625 1878 cum

319 1909 670 1963 asserentibus
703 1909 1104 1980 inseparabilem
1133 1925 1287 1984 atque
1323 1913 1644 1968 individuam
1679 1913 1917 1969 Trinita-

321 2011 447 2068 tem,
467 2018 558 2056 nec
589 2001 737 2056 Patri
769 2002 965 2058 Filium
994 2006 1154 2076 fuisse
1173 2007 1446 2073 minorem,
1471 2024 1564 2061 nec
1591 2005 1806 2062 Patrem
1832 2007 1918 2062 in-

317 2093 550 2164 genitum
580 2091 707 2148 Filii
735 2094 816 2148 sui
850 2112 961 2150 esse
1005 2098 1277 2169 factorem.
1325 2096 1580 2172 Attende,
1612 2113 1818 2168 qumso,
1864 2099 1919 2156 in

317 2187 441 2244 istis
478 2186 764 2243 Fastidiosi
795 2189 974 2244 verbis
1004 2189 1250 2260 quaedam
1300 2192 1380 2248 sic
1430 2191 1573 2247 male
1619 2192 1816 2263 posita,
1860 2201 1920 2248 ut

318 2301 595 2356 nunquam
645 2285 851 2356 possint
897 2287 1036 2342 bene
1066 2287 1276 2353 asseri;
1307 2286 1554 2358 quaadam
1607 2290 1686 2343 sic
1727 2287 1795 2344 ab
1824 2286 1917 2343 illo

313 2375 486 2446 impie
505 2375 669 2441 dicta,
696 2385 752 2430 ut
773 2384 827 2432 et
855 2377 993 2432 bene
1015 2378 1307 2448 possint,'si
1341 2387 1522 2433 tamen
1553 2378 1693 2434 adsit
1722 2378 1913 2450 pietas,

315 2477 377 2523 et
395 2467 499 2522 dici
519 2467 722 2538 pariter
741 2477 797 2524 et
818 2468 1011 2524 audiri.
1035 2468 1169 2524 Illud
1191 2471 1334 2526 enim
1361 2487 1469 2542 quo
1491 2487 1588 2526 nos
1612 2471 1917 2540 arguendos

311 2560 544 2632 putavit,
573 2560 698 2628 quia
730 2561 1147 2630 inseparabilem
1176 2571 1340 2631 atque
1385 2561 1712 2616 individuam
1739 2562 1918 2617 Trini-

312 2659 489 2706 tatem
510 2651 754 2716 dicimus,
786 2651 861 2706 ita
889 2652 1030 2707 male
1053 2662 1216 2721 atque
1246 2652 1410 2721 impie
1437 2653 1682 2723 protulit,
1714 2661 1771 2708 ut
1809 2654 1916 2709 hoc

312 2741 603 2812 quisquam
629 2741 787 2814 341
821 2741 960 2798 bene
983 2742 1227 2813 proferre
1258 2760 1364 2799 non
1393 2745 1586 2815 possit.
1611 2743 1743 2810 Quis
1768 2745 1912 2800 enim

312 2848 430 2888 non
476 2831 680 2898 videat,
710 2842 912 2904 quanta
941 2834 1219 2904 impietate
1242 2834 1310 2890 ab
1334 2835 1547 2891 Arianis
1568 2835 1802 2890 Trinitas
1825 2850 1914 2891 se-

311 2924 575 2995 parabilis
595 2927 906 2980 asseratur?
929 2924 1126 2981 Beatus
1149 2926 1440 2996 Apostolus
1463 2925 1530 2982 de
1558 2927 1717 2982 nobis
1743 2927 1874 2982 dicit
1898 2945 1911 2981 :

315 3010 447 3080 Quis
477 3032 572 3070 nos
621 3018 884 3086 separabit
909 3033 943 3070 a
979 3017 1200 3072 caritate
1231 3016 1479 3074 Christi?-
1505 3017 1815 3084 Tribulatio,
1843 3037 1914 3074 an

313 3106 578 3176 angustia,
629 3122 696 3160 an
736 3108 1040 3178 periculum,
1073 3125 1141 3163 an
1189 3111 1376 3181 fames,
1407 3127 1476 3164 an
1501 3111 1811 3182 persecutio,
1843 3127 1912 3164 an

2023 1913 2216 1968 beatus
2267 1913 2582 1985 loqueretur
2609 1914 2903 1986 Apostolus
2931 1923 2987 1971 et
3014 1915 3237 1972 dixisset
3270 1933 3282 1969 :
3334 1915 3626 1971 Divisimtes

2028 2013 2201 2056 autem
2237 2006 2528 2075 gratiarum
2577 2015 2718 2072 sunt,
2746 2005 2883 2060 idem
2929 2016 3100 2060 autem
3131 2005 3396 2076 Spiritus;
3443 2016 3492 2061 et
3543 2006 3629 2059 di-

2019 2093 2242 2148 visiones
2290 2094 2734 2150 ministrationum
2773 2106 2914 2167 sunt,
2963 2098 3104 2152 idem
3154 2114 3272 2152 vero
3327 2097 3487 2163 Deus,
3538 2099 3628 2170 qui

2021 2198 2269 2258 operatur
2314 2189 2491 2242 omnia
2539 2189 2596 2242 in
2650 2189 2888 2244 omnibus
2941 2187 3002 2261 (Ι
3046 2188 3165 2244 Cor.
3203 2187 3436 2259 511,4);
3485 2205 3625 2244 enu-

2020 2286 2228 2333 merata
2257 2277 2456 2335 deinde
2484 2278 2750 2336 donorum
2795 2280 3111 2337 diversitate
3167 2280 3492 2343 caelestium,
3541 2279 3625 2335 in-

2023 2367 2144 2424 tulit
2174 2385 2188 2424 :
2229 2367 2358 2425 Haec
2399 2371 2574 2425 omnia
2602 2381 2848 2444 aperatur
2869 2388 3003 2425 unus
3031 2380 3185 2426 atoue
3227 2372 3363 2426 idem
3393 2371 3624 2441 Spiritus

2019 2459 2252 2514 dividens
2278 2461 2501 2533 singulis
2521 2471 2675 2533 prout
2705 2463 2811 2516 vult
2841 2461 3028 2535 (Ibid.,
3055 2461 3168 2532 12).
3199 2461 3338 2529 Quid
3360 2473 3541 2518 autem
3565 2478 3624 2518 tn

2019 2553 2272 2610 omnibus
2291 2554 2576 2623 creaturis,
2607 2555 2660 2610 in
2689 2555 2885 2626 quibus
2913 2555 3178 2627 sapientia
3214 2557 3429 2626 attingit
3450 2572 3479 2610 a
3511 2555 3619 2613 line

2019 2659 2189 2713 usque
2219 2645 2284 2698 ad
2319 2643 2479 2699 linem
2528 2645 2760 2712 fortiter,
2793 2655 2848 2701 et
2885 2646 3122 2717 disponit
3164 2647 3345 2702 omnia
3374 2646 3622 2702 suaviter

2026 2731 2185 2802 (Sap.
2217 2750 2329 2797 vm,
2358 2733 2434 2805 1),
2468 2735 2536 2790 ab
2575 2736 2894 2806 operatione
2917 2737 3092 2791 sancti
3121 2735 3354 2806 Spiritus
3383 2737 3622 2794 inveniri

1985 2829 1991 2836 '
2024 2825 2227 2894 poterit
2252 2826 2510 2895 alienum,
2542 2843 2665 2882 cum
2688 2843 2747 2882 se
2777 2827 2831 2884 in
2860 2827 3062 2899 Spiritu
3086 2828 3181 2884 Dei
3202 2828 3400 2899 ejicere
3427 2829 3625 2883 damno-

2016 2917 2106 2972 nia
2137 2917 2402 2984 Christus,
2433 2921 2525 2990 qui
2554 2929 2638 2976 est
2668 2920 2763 2976 Dei
2808 2920 2970 2994 342
3013 2920 3206 2990 virtus,
3243 2930 3299 2976 et
3325 2921 3618 2991 sapientia,

2015 3015 2383 3084 protestetur?
2403 3013 2521 3085 Ipse
2547 3015 2692 3070 enim
2721 3013 2858 3070 dixit
2889 3033 2902 3070 :
2931 3015 2994 3071 Si
3021 3023 3195 3070 autem
3210 3032 3302 3088 ego
3333 3015 3389 3068 in
3411 3013 3617 3085 Spiritu

2017 3109 2114 3162 Dei
2141 3109 2294 3180 ejicio
2316 3109 2597 3178 dwmonia,
2627 3127 2750 3182 ergo
2775 3109 3012 3180 pervenit
3038 3109 3095 3163 in
3131 3125 3220 3163 vos
3256 3123 3471 3180 regnum
3516 3103 3617 3159 Dei

311 3199 520 3272 gladius
547 3199 724 3269 (Rom.
757 3216 868 3267 vin,
899 3199 1028 3270 '55)?
1071 3198 1138 3253 Et
1164 3201 1324 3272 paulo
1353 3210 1476 3272 post
1508 3219 1520 3254 :
1574 3200 1755 3256 Certus
1798 3219 1911 3256 sum
1941 3206 1986 3270 ρ
2024 3198 2246 3271 (Matth.
2281 3217 2375 3265 χιι,
2409 3201 2520 3270 28).
2550 3200 2836 3268 Quomodo
2861 3214 2991 3270 ergo
3021 3199 3352 3255 Fastidiosus
3379 3197 3618 3254 Trinita-

311 3291 452 3364 quod
473 3309 633 3364 neque
662 3308 818 3356 mors,
851 3308 1013 3362 neque
1033 3292 1155 3360 vita,
1176 3309 1336 3366 neque
1357 3294 1553 3366 angeli,
1581 3310 1742 3365 neque
1762 3296 1911 3364 prin-

312 3384 536 3454 cipatus,
583 3400 743 3456 neque
771 3383 1062 3450 instantia;
1095 3400 1254 3456 neque
1280 3386 1476 3456 futura,
1509 3401 1671 3456 neque
1699 3386 1912 3456 fortitu—

310 3476 482 3542 dines,
507 3492 666 3547 neque
693 3474 933 3540 altitudo,
951 3491 1114 3546 neque
1127 3475 1463 3548 profundum,
1488 3493 1652 3548 neque
1671 3485 1914 3530 creatura

310 3569 422 3623 alia
449 3569 638 3640 poterit
665 3584 758 3622 nos
809 3584 1054 3638 separare
1081 3585 1113 3621 α
1162 3567 1382 3622 caritate
1427 3566 1556 3635 Dei,
1591 3585 1708 3642 qua:
1752 3577 1829 3624 est
1857 3569 1913 3624 in

310 3660 520 3716 Christo
544 3658 673 3716 Iesu
693 3657 916 3714 Domino
943 3667 1120 3712 nostro
1147 3656 1336 3730 (Ibid.,
1361 3656 1476 3730 58).

918 3815 1150 3874 CAPUT
1187 3816 1254 3873 II.

383 3933 519 3990 Cum
563 3947 693 4003 ergo
721 3932 912 3988 beatus
941 3931 1234 4004 Apostolus
1263 3947 1362 4004 per
1403 3932 1635 4003 gratiam
1670 3932 1768 3990 Dei
1803 3949 1912 3990 non

309 4047 414 4087 nos
434 4044 594 4100 posse
608 4029 676 4084 ab
696 4027 864 4099 ipsius
875 4027 1116 4098 separari
1129 4027 1354 4084 caritate
1366 4043 1466 4084 con
1475 4027 1618 4096 ﬁdat,
1637 4028 1913 4099 quomodo

312 4137 372 4177 se
399 4136 509 4175 non
550 4119 789 4174 sentiant
809 4117 1002 4189 laqueo
1042 4116 1321 4173 mortifero
1343 4118 1634 4190 impietatis
1662 4119 1910 4182 innexos,

309 4217 406 4288 qui
451 4225 694 4272 sanctam
745 4213 1065 4268 Trinitatem
1110 4221 1416 4284 separatam
1467 4213 1761 4285 praedicare
1803 4229 1911 4268 non

310 4310 581 4374 dubitant,
614 4307 767 4376 cujus
796 4321 962 4376 opera
992 4305 1046 4359 in
1093 4305 1274 4376 aliquo
1321 4305 1645 4376 separabilia
1681 4305 1913 4362 demon-

311 4416 490 4462 strare
517 4421 626 4461 non
675 4403 945 4474 possunt?
968 4401 1098 4456 Nam
1122 4401 1175 4456 in
1203 4417 1270 4456 eo
1309 4400 1454 4472 quod
1489 4401 1816 4470 evangelista
1845 4399 1913 4456 de

305 4499 452 4554 ’Filio
473 4497 602 4552 dicit
626 4514 639 4550 :
667 4493 857 4548 Omnia
881 4511 973 4564 per
1013 4494 1179 4563 ipsum
1229 4493 1370 4564 facta
1399 4501 1540 4558 sunt,
1573 4501 1622 4547 et
1663 4493 1776 4547 sine
1797 4491 1910 4564 ipso

2020 3301 2129 3349 tem
2160 3291 2573 3364 inseparabilem
2617 3300 2798 3363 negat,
2828 3307 2949 3348 cum
2991 3307 3159 3363 opera
3206 3288 3489 3345 Trinitatis
3516 3303 3618 3345 ea-

2013 3387 2137 3442 dem
2161 3395 2324 3456 atque
2353 3386 2737 3458 inseparabilia
2791 3401 2910 3442 esse
2962 3385 3016 3440 in
3067 3384 3330 3441 creaturis
3359 3382 3613 3439 omnibus

2014 3493 2176 3533 nemo
2234 3492 2433 3548 negare
2483 3475 2685 3533 audeat
2729 3476 3110 3533 Christianus?
3181 3473 3621 3546 lnseparabiliter

2013 3571 2213 3642 quippe
2243 3578 2501 3642 operatur
2524 3587 2663 3625 unus
2685 3569 2846 3636 Deus,
2869 3568 3117 3624 videlicet
3149 3565 3328 3630 Pater,
3354 3574 3410 3621 et
3426 3565 3618 3632 Filius,
3705 3601 3714 3612 .

2013 3673 2070 3717 et
2096 3660 2329 3733 Spiritus
2382 3669 2624 3715 sanctus.
2670 3657 2871 3714 Eadem
2901 3673 3133 3728 namque
3173 3672 3337 3728 opera
3367 3672 3463 3711 sua
3497 3671 3618 3711 czsc

2013 3769 2134 3824 quae
2160 3752 2338 3808 Patris
2370 3752 2475 3818 sui,
2518 3750 2615 3806 Dei
2649 3750 2966 3822 Unigenitus
2995 3757 3346 3821 protestatur,
3379 3748 3566 3804 dicens
3600 3765 3614 3803 :

2016 3843 2359 3917 Quacumque
2380 3844 2518 3898 enim
2551 3843 2714 3897 Pater
2739 3845 2886 3913 facit,
2932 3843 3042 3897 hazc
3064 3841 3242 3896 eadem
3273 3839 3446 3894 Filius
3471 3841 3618 3893 sinti-

2013 3936 2133 3990 liter
2162 3936 2289 4008 facit
2319 3934 2515 4006 (10am.
2534 3951 2588 4001 v,
2622 3932 2748 4006 19).
2781 3931 2847 3987 Et
2897 3942 3077 3988 tamen
3108 3946 3228 4002 qua:
3269 3930 3436 3985 Filius
3460 3931 3610 3997 facit,

2016 4026 2069 4083 in
2096 4026 2300 4098 Spiritu
2327 4035 2516 4082 sancto
2546 4024 2692 4093 facit,
2719 4026 2772 4080 in
2801 4041 2910 4096 quo
2937 4023 3203 4080 daemonia
3232 4021 3396 4092 ejicit.

2630 4117 2861 4175 CAPUT
2900 4117 2990 4174 ΙΙΙ.

2084 4214 2162 4270 Ne
2201 4228 2352 4280 vero,
2384 4228 2482 4283 pro
2502 4228 2569 4268 eo
2617 4210 2761 4284 quod
2789 4210 3022 4266 diximus
3069 4209 3216 4280 quod
3253 4219 3309 4266 et
3345 4209 3515 4265 Filius
3548 4223 3617 4266 ex

1987 4295 1990 4298 ’
2017 4310 2174 4383 (forte
2195 4309 2270 4379 in)
2285 4307 2490 4379 Spiritu
2502 4315 2692 4364 sancto
2706 4305 2835 4362 facit
2854 4321 3188 4376 quazcunqne
3211 4304 3357 4374 iacit,
3380 4305 3616 4374 aliquam

2013 4400 2340 4458 diversitatis
2359 4399 2530 4455 velint
2557 4398 2744 4454 Ariani
2764 4413 3009 4455 asserere
3029 4396 3409 4467 quaestionem,
3428 4405 3618 4467 putan-

2013 4502 2096 4550 tes
2120 4495 2385 4550 minorem
2415 4492 2616 4549 debere
2639 4493 2810 4563 accipi
2838 4508 2962 4548 eum
3000 4491 3055 4547 in
3083 4507 3194 4561 quo
3223 4489 3427 4560 aliquid
3462 4489 3521 4545 tit
3547 4489 3617 4545 ab

314 4595 510 4663 factum
556 4599 634 4643 est
679 4587 807 4642 nihil
851 4585 1030 4658 (Joun.
1071 4601 1110 4654 ι,
1141 4583 1229 4656 ’5);
1261 4593 1317 4639 et
1351 4584 1403 4639 in
1444 4599 1510 4639 eo
1542 4584 1687 4654 quod
1716 4585 1911 4640 beatus
1938 4604 1993 4665 D
2015 4605 2084 4646 eo
2112 4589 2204 4658 qni
2234 4588 2399 4654 facit,
2430 4586 2654 4641 audiant
2682 4585 3022 4642 Salvatorem
3054 4593 3299 4640 nostrum
3331 4583 3457 4640 huic
3485 4597 3611 4654 per-

313 4681 485 4738 Dnvid
512 4681 658 4737 canit
683 4697 694 4732 :
724 4677 894 4743 Quam
940 4677 1280 4748 magniﬁcam
1320 4685 1440 4730 sunt
1470 4693 1628 4748 opera
1662 4686 1770 4742 tua,
1797 4674 1910 4731 Do-

311 4773 485 4832 mine!
509 4773 757 4828 omniain
779 4769 1034 4839 sapientia
1060 4768 1228 4839 fecisti
1257 4766 1428 4838 (l‘sal.
1456 4783 1568 4836 cut,
1596 4767 1720 4838 24);
1749 4766 1908 4826 Chri-

310 4878 459 4924 stum
487 4873 668 4919 autem
699 4862 794 4917 Dei
849 4861 1102 4915 virtutem
1146 4867 1200 4912 et
1227 4857 1322 4912 Dei
1370 4858 1692 4930 sapientiam
1719 4859 1911 4915 beatus

313 4960 599 5033 proﬁtetur
642 4956 952 5028 Apostolus,
985 4954 1054 5009 de
1099 4969 1208 5024 quo
1262 4953 1502 5008 dicitur:
1538 4951 1674 5018 Quia
1699 4955 1754 5008 in
1797 4955 1910 5025 ipso

314 5052 527 5108 condita
555 5063 675 5107 sunt
703 5049 943 5103 universa
971 5049 1025 5102 in
1068 5047 1208 5102 caelis
1241 5055 1291 5100 et
1321 5047 1374 5100 in
1407 5056 1564 5109 terra,
1611 5046 1832 5101 visibilia
1861 5055 1910 5102 et

312 5144 620 5210 invisibilia,
650 5145 753 5198 sive
783 5141 1004 5208 Throni,
1032 5143 1136 5195 sive
1166 5139 1584 5206 Dominationes,
1616 5140 1722 5194 sive
1751 5139 1912 5194 Priu-

311 5243 538 5311 cipatus,
581 5238 687 5292 sive
735 5236 1048 5300 i'otestates,
1089 5235 1264 5289 omnia
1292 5251 1383 5304 per
1418 5234 1606 5303 ipsum,
1637 5241 1687 5288 et
1715 5235 1767 5288 in
1797 5235 1911 5304 ipso

312 5343 494 5390 creata
536 5340 653 5388 sunt
709 5330 930 5402 (Coloss.
966 5347 1004 5392 ι,
1051 5328 1184 5398 16);
1228 5326 1574 5383 manifestum
1613 5335 1696 5383 est
1723 5328 1907 5384 omnia

312 5441 481 5498 opera
510 5425 684 5479 Patris
712 5422 900 5478 eadem
940 5437 1058 5476 esse
1088 5437 1252 5492 opera
1285 5419 1422 5487 Filii,
1447 5419 1746 5492 eademque
1777 5435 1909 5476 esse

313 5533 484 5590 opera
512 5517 745 5589 Spiritus
792 5513 985 5570 sancti.
1012 5511 1447 5582 inseparabiliter
1482 5511 1684 5581 quippe
1717 5519 1906 5566 sancta

315 5608 555 5666 Trinitas
584 5613 841 5678 operatur
867 5614 1013 5660 :nec
1059 5613 1142 5658 est
1169 5618 1304 5673 opus
1330 5602 1474 5674 quod
1508 5599 1698 5658 fecerit
1723 5599 1904 5667 Pater,

311 5711 373 5759 et
401 5717 509 5757 non
539 5699 726 5756 fecerit
753 5697 954 5762 Filius;
983 5703 1076 5750 aut
1105 5693 1252 5765 quod
1286 5693 1473 5748 fecerit
1496 5692 1677 5757 Filius,
1714 5701 1770 5748 et
1797 5709 1904 5748 non

311 5797 506 5854 fecerit
533 5797 764 5867 Spiritus
792 5802 1048 5850 sanctus:
1081 5791 1349 5862 Scriptum
1396 5798 1478 5847 est
1529 5792 1698 5859 enim,
1738 5790 1904 5847 Verbo

319 5885 528 5946 Domini
554 5888 664 5944 ωειὶ
715 5886 905 5940 ﬁrmati
953 5893 1094 5949 sunt,
1126 5892 1177 5941 et
1208 5881 1410 5955 Spiritu
1440 5882 1546 5940 oris
1585 5880 1695 5952 ejus
1736 5887 1903 5942 omnis

2016 4681 2261 4738 versitati
2288 4677 2605 4736 omnimodo
2655 4679 2994 4735 resistentem
3041 4678 3094 4734 in
3141 4694 3208 4733 eo
3258 4677 3404 4748 quod
3432 4675 3612 4732 dicit:

2018 4774 2119 4840 Qui
2148 4783 2318 4828 autem
2360 4770 2487 4846 facit
2515 4773 2804 4838 veritatem,
2834 4774 2968 4828 venit
2997 4772 3067 4827 ad
3092 4773 3278 4838 lucem,
3308 4782 3364 4826 ut
3391 4772 3615 4844 ιιιμιιίίεο

2017 4875 2187 4922 tentur
2229 4865 2341 4936 ejus
2397 4881 2580 4936 opera,
2605 4881 2720 4934 qua:
2746 4865 2802 4919 in
2830 4863 2943 4921 Deo
2965 4875 3086 4921 sunt
3115 4867 3256 4937 facta
3307 4863 3500 4938 (Joau.
3531 4879 3588 4920 ut

2017 4957 2137 5029 20).
2182 4956 2280 5013 llic
2333 4955 2534 5025 eligant
2586 4955 2772 5012 Ariani
2815 4950 3089 5027 quomodo
3140 4957 3308 5014 velint
3362 4956 3616 5026 accipere.

2018 5047 2187 5104 Deum
2209 5048 2261 5103 in
2290 5047 2427 5104 Filio
2456 5047 2759 5112 nominato,
2788 5056 2969 5104 utrum
3020 5047 3261 5118 Patrem,
3295 5064 3363 5104 an
3394 5046 3610 5110 Filium,

2017 5157 2085 5194 an
2117 5135 2374 5211 Spiritum
2409 5139 2702 5195 sanctum?
2731 5139 2789 5196 Si
2839 5139 2984 5196 enim
3030 5139 3246 5196 Patrem
3297 5137 3612 5211 putaverint

2015 5230 2386 5302 accipiendum
2413 5246 2557 5299 esse,
2590 5230 2643 5286 in
2675 5245 2785 5302 quo
2813 5232 2958 5287 bona
2993 5245 3162 5302 opera
3205 5230 3273 5283 ab
3304 5228 3613 5284 hominibus

2016 5321 2172 5390 ﬁunt,
2221 5321 2321 5392 ipsi
2362 5320 2648 5378 destruunt
2694 5321 2842 5393 quod
2873 5336 3126 5392 persona:
3165 5319 3401 5391 Spiritus
3436 5320 3612 5376 sancti

2011 5417 2448 5488 blasphemantes
2475 5415 2753 5485 objiciunt.
2787 5414 2972 5485 Neque
3019 5413 3162 5470 enim
3197 5413 3410 5470 Patrem
3440 5413 3610 5471 aude-

2009 5513 2143 5570 bunt
2170 5511 2436 5568 minorem
2466 5509 2665 5577 dicere,
2691 5509 2776 5565 cui
2815 5507 3114 5565 secundum
3144 5508 3480 5566 divinitatem
3512 5523 3609 5563 no-

2008 5605 2125 5660 lunt
2152 5605 2412 5675 mqualem
2442 5602 2634 5658 Filium
2664 5601 2980 5674 prmdicare.
3008 5601 3086 5657 Ac
3117 5619 3213 5674 per
3240 5602 3363 5666 hoc,
3391 5617 3514 5658 cum
3549 5601 3602 5656 in

2010 5697 2170 5754 Patre
2215 5698 2380 5753 homo
2425 5696 2568 5754 bona
2598 5685 2764 5767 opera
2793 5693 2942 5760 facit,
2986 5704 3043 5752 et
3089 5695 3143 5751 in
3181 5695 3384 5767 Spiritu
3416 5702 3606 5749 sancto

2007 5793 2253 5850 Christus
2299 5790 2447 5862 ejicit
2498 5787 2805 5857 daamonia,
2857 5799 3188 5858 cognoscant
3241 5787 3606 5857 aequalitatem

2009 5884 2204 5955 Patris,
2237 5891 2292 5941 et
2347 5879 2580 5955 Spiritus
2623 5881 2814 5938 sancti.
2863 5879 2920 5940 Si
2950 5895 3081 5938 vero
3111 5879 3304 5937 Filium
3342 5879 3429 5934 hic
3455 5877 3604 5934 aceio
