4130 6460
643 347 734 408 δΙΙ
1681 352 1736 408 S.
1781 349 2147 407 FULGENTII
2190 347 2491 406 El’lSCOPl
2532 343 2904 402 RUSPEt‘iSlS
3802 321 3884 412 5i!

642 474 898 544 picurum
924 470 1157 526 dixerint
1188 485 1253 525 ex
1284 469 1386 526 hoc
1409 466 1555 539 quod
1603 445 1661 521 in.
1685 466 1821 521 Filio
1850 474 1905 520 et
1947 465 2002 519 in
2027 462 2230 534 Spiritu
2260 477 2310 536 Α
2336 461 2448 518 sine
2470 458 2732 515 intellecta
2765 460 2917 528 (Sap.
2952 475 2991 526 ι,
3023 459 3075 524 '5,
3105 457 3255 531 4,5).
3290 458 3388 515 llic
3415 469 3594 515 autem
3647 463 3756 532 quis
3794 457 3880 521 non

614 559 834 619 sancto
876 563 1021 618 bona
1072 577 1238 632 Opera
1280 561 1426 626 ﬁant,
1460 575 1568 613 non
1611 557 1784 612 solum
1835 545 2234 626 compelluntur
2337 552 2516 606 videat
2542 553 2832 606 trinitatem
2859 567 3210 622 personarum
3237 553 3658 624 proprietatibus
3703 558 3879 614 intima-

643 658 838 714 Filium
870 667 924 713 et
965 657 1224 727 Spiritum
1252 665 1499 710 sanctum
1533 652 1768 721 mquales
1825 649 2004 715 fateri,
2047 666 2234 705 verum
2307 644 2490 696 ~tam?
2520 642 2729 697 Dictum
2759 651 2839 697 est
2870 643 3012 696 enim
3067 643 3322 714 Quoniam
3364 663 3617 715 perverse
3655 650 3882 719 rogitatio-

613 749 808 803 ‘etiam
868 747 1181 803 fatebuntur
1229 745 1420 801 eadem
1481 752 1642 812 atque
1691 741 2068 811 inseparabilia
2116 755 2236 796 esse
2308 744 2428 788 'nes
2457 744 2755 806 separanta
2786 734 2918 804 Deo,
2949 749 3056 804 quo
3086 735 3304 791 nomine
3330 752 3563 807 persona
3606 739 3693 794 Dei
3744 740 3884 800 Patris

644 857 811 912 opera
833 841 1099 910 Patris,et
1128 839 1266 904 Filii,
1293 846 1348 893 et
1377 836 1606 907 Spiritus
1629 835 1800 890 sancti
1837 853 1848 886 :
1885 832 2075 888 Omnia
2098 835 2237 887 enim
2339 829 2666 898 agnoscitur.
2693 828 2896 884 Deinde
2923 829 3197 898 adjectum
3223 839 3325 897 est,
3351 832 3612 901 quoniam
3633 834 3682 886 in
3703 835 3884 892 malere-

645 941 890 1003 operatur
931 949 1065 987 unus
1107 940 1258 1003 atque
1284 930 1422 984 idem
1472 928 1702 999 Spiritus
1733 926 1788 998 (Ι
1815 927 1934 981 Cor.
1989 942 2079 990 xu,
2125 922 2236 996 12),
2339 922 2446 977 lam
2471 923 2702 976 animam
2723 939 2825 977 non
2850 921 3084 977 introibit
3110 924 3381 993 sapientia,
3408 939 3519 993 quo
3542 926 3745 981 nomine
3763 926 3886 983 Chri-

646 1026 790 1080 sicut
834 1024 1026 1079 beatus
1059 1021 1350 1094 Apostolus
1387 1028 1638 1075 testatur.
1687 1019 1746 1076 Si
1773 1009 1924 1093 vero
1980 1017 2238 1086 Spiritum
2341 1025 2456 1072 stus
2485 1016 2809 1082 ostenditur,
2842 1031 3004 1085 quem
3029 1017 3124 1084 Dei
3147 1017 3400 1072 virtutem
3422 1027 3479 1073 et
3499 1017 3594 1073 Dei
3617 1020 3888 1090 sapientiam

647 1125 896 1173 sanctum
918 1118 1191 1172 aestimant
1214 1115 1422 1178 Ariani,
1461 1128 1682 1169 necesse
1706 1121 1787 1167 est
1818 1121 1957 1166 utex
1990 1111 2092 1166 hoc
2121 1111 2240 1166 loco
2343 1107 2541 1164 Paulus
2569 1110 2823 1179 appellat.
2857 1109 3065 1165 Deinde
3088 1111 3288 1165 dictum
3317 1120 3400 1165 est
3430 1111 3678 1182 quoniam
3701 1111 3890 1183 Spiritus

615 1210 1043 1280 compellantur
1087 1209 1254 1264 Deum
1303 1207 1460 1262 lateri
1513 1205 1774 1276 Spiritum
1824 1210 2091 1258 sanctum.
2123 1200 2240 1257 Non
2342 1217 2553 1262 sanctus
2599 1208 2809 1279 eﬂ'ugiet
2836 1208 3035 1277 ﬁctura,
3063 1217 3112 1262 et
3142 1210 3339 1279 auferet
3386 1224 3443 1262 se
3482 1225 3515 1261 α
3543 1207 3888 1279 cogitationibus

612 1309 616 1314 '
647 1304 791 1357 enim
830 1302 966 1356 dixit
991 1300 1212 1370 spiritus
1257 1298 1495 1366 Domini,
1545 1297 1648 1364 Qui
1679 1295 1807 1350 facit
1835 1295 2136 1359 veritatem,
2183 1301 2244 1348 ut
2343 1316 2461 1371 qua:
2488 1307 2607 1353 sunt
2635 1301 2748 1354 sine
2773 1299 3052 1353 intellecta.
3085 1298 3163 1354 Ne
3187 1299 3306 1368 quis
3327 1308 3512 1354 autem
3543 1307 3746 1368 putaret
3767 1314 3892 1369 quos»

613 1399 616 1402 '
648 1391 1063 1448 manifestentur
1091 1389 1207 1460 ejus
1230 1405 1418 1460 opera,
1442 1405 1560 1459 qua:
1599 1388 1650 1441 in
1677 1387 1878 1456 Spiritu
1901 1392 2088 1441 sancto
2117 1391 2244 1439 sunt
2345 1389 2479 1444 libet
2500 1389 2714 1459 iniquos
2742 1399 2836 1444 aut
2866 1389 3061 1460 impios
3089 1389 3156 1444 ab
3183 1390 3284 1444 ista
3305 1398 3495 1445 sancta
3516 1388 3778 1454 Trinitate,
3796 1405 3891 1459 qua:

649 1483 828 1547 facta;
878 1483 993 1549 sed,
1018 1481 1147 1548 Quae
1177 1483 1231 1536 in
1262 1482 1374 1536 Deo
1403 1488 1530 1535 sunt
1569 1479 1730 1543 facta,
1761 1491 1880 1548 quae
1916 1493 2013 1531 nos
2050 1491 2154 1530 non
2187 1474 2242 1528 in
2347 1495 2507 1548 unus,
2533 1495 2712 1545 verus,
2745 1489 2800 1535 et
2825 1481 3000 1538 bonus
3027 1489 3109 1535 est
3137 1480 3301 1548 De‘us,
3326 1480 3575 1536 localiter
3604 1495 3748 1551 posse
3771 1497 3886 1552 sepa-

609 1561 766 1629 "solo
789 1573 967 1638 Patre,
983 1588 1082 1628 nec
1103 1574 1154 1626 in
1181 1573 1299 1628 solo
1323 1571 1480 1637 Filio,
1497 1586 1596 1626 nec
1614 1571 1666 1624 in
1691 1570 1807 1625 solo
1830 1569 2032 1638 Spiritu
2053 1574 2246 1621 sancto
2344 1571 2473 1635 rari,
2502 1571 2664 1640 paulo
2695 1579 2820 1641 post
2844 1570 3121 1640 Scriptura
3155 1573 3232 1626 sic
3258 1572 3500 1643 loquitur
3526 1591 3536 1624 :
3577 1571 3885 1626 llumanumt

607 1659 616 1664 ’
643 1667 788 1723 facta
817 1667 1063 1736 dicimus,
1093 1665 1191 1722 sed
1221 1667 1274 1720 in
1298 1666 1412 1736 ipsa
1436 1664 1696 1718 Trinitate
1725 1670 1932 1728 sancta,
1957 1673 2076 1730 qua:
2107 1673 2246 1712 unus
2345 1661 2483 1716 enim
2516 1661 2744 1732 Spiritus
2775 1663 3064 1734 sapientiae,
3092 1670 3139 1716 et
3180 1680 3282 1718 non
3319 1662 3558 1718 liberabit
3609 1664 3890 1718 maledictum

608 1748 614 1830 ί
649 1759 792 1814 Deus
819 1768 920 1822 est,
963 1759 1249 1813 veritatem
1296 1758 1364 1813 ab
1393 1757 1614 1812 homine
1659 1753 1777 1811 ﬁeri
1799 1753 2144 1820 conlitemur,
2188 1752 2243 1807 iu
2347 1770 2378 1806 a
2418 1737 2568 1807 labiis
2592 1754 2720 1819 suis,
2749 1755 2992 1830 quoniam
3031 1772 3209 1808 renum
3238 1755 3380 1810 illius
3411 1756 3552 1810 testis
3579 1766 3653 1810 est
3678 1754 3815 1823 Deus,
3849 1770 3886 1810 at

644 1866 755 1919 quo
798 1850 1053 1904 virtutem
1089 1865 1118 1903 a
1151 1848 1397 1904 ﬁdelibus
1429 1847 1544 1904 ﬁeri
1574 1848 1767 1903 beatus
1805 1844 1977 1900 David
2006 1845 2246 1899 insinuat
2275 1896 2320 1919 η
2349 1844 2517 1897 cordis
2559 1844 2673 1914 ejus
2719 1827 2980 1914 inspeclor
3018 1861 3187 1909 veras,
3240 1856 3288 1898 et
3327 1846 3523 1916 lingua:
3553 1847 3683 1900 illius
3704 1846 3886 1899 auditor.

645 1941 830 1995 dicens
858 1959 871 1994 :
906 1939 972 1994 In
993 1939 1217 1995 Domino
1240 1940 1488 2007 faciemus
1514 1940 1770 2006 virtutem,
1797 1947 1846 1991 et
1872 1938 1982 2007 ipse
2011 1936 2082 1989 ad
2101 1935 2242 1989 nihi-
2275 1933 2324 1955 ”
2355 1933 2614 1998 Quoniam
2664 1933 2891 2003 Spiritus
2940 1933 3152 1990 Domini
3207 1937 3422 2007 repleuit
3469 1938 3636 1992 orbem
3680 1945 3887 1990 terrarum

607 2025 610 2028 ’
645 2033 753 2085 tam
781 2030 996 2085 deducet
1018 2030 1320 2085 tribalantes
1350 2047 1443 2084 nos
1469 2028 1642 2100 (Psal.
1668 2046 1773 2094 us,
1803 2026 1911 2091 14).
1944 2025 2062 2096 ipse
2101 2025 2246 2080 enim
2352 2022 2542 2095 (Ibid.,
2563 2025 2616 2092 6,
2648 2025 2728 2097 7).
2771 2026 3195 2083 lmmensitatem
3244 2029 3430 2098 itaque
3472 2040 3664 2085 sancta!
3699 2029 3883 2084 Trinita-

606 2125 618 2132 '
645 2131 732 2176 est
754 2137 891 2176 unus
920 2121 1062 2175 Deus
1083 2121 1149 2175 de
1171 2136 1278 2191 quo
1301 2120 1491 2175 beatus
1515 2117 1806 2188 Apostolus
1821 2116 1970 2180 dicit,
1989 2114 2247 2179 Quoniam
2351 2117 2419 2170 tis
2447 2115 2626 2170 divina
2651 2133 2757 2172 non
2781 2125 2998 2172 cessant
3026 2119 3239 2189 eloquia
3263 2120 3529 2190 proﬁteri.
3579 2121 3717 2177 lianc
3741 2121 3885 2190 utique

645 2228 710 2267 ea:
752 2214 866 2283 ipso
886 2219 936 2266 et
967 2213 1020 2265 in
1060 2214 1171 2282 ipso
1215 2212 1390 2267 omnia
1421 2220 1541 2264 sunt
1578 2225 1596 2264 :
1634 2210 1734 2280 ipsi
1769 2208 1937 2279 gloria
1977 2208 2032 2260 in
2055 2207 2249 2262 swcula
2348 2203 2539 2260 beatus
2591 2205 2758 2261 David
2804 2207 3103 2263 certissime
3158 2219 3406 2277 noverat,
3438 2219 3492 2265 et
3532 2211 3646 2266 ideo
3674 2210 3879 2266 dicebat:

649 2302 830 2374 (Rem.
866 2319 937 2368 XI,
971 2301 1098 2370 56).

2353 2297 2465 2360 Quo
2489 2296 2570 2351 ibo
2593 2299 2845 2369 aSpiritu
2875 2311 2980 2364 tuo,
3013 2312 3062 2355 et
3084 2319 3116 2354 a
3146 2303 3281 2373 facie
3321 2312 3416 2355 tua
3458 2319 3554 2375 quo
3605 2301 3809 2374 fugiam?
3839 2297 3882 2354 Si

699 2403 703 2406 ’
1265 2394 1497 2451 CAPUT
1537 2394 1625 2449 Π.
2351 2391 2629 2444 ascendere
2659 2393 2712 2445 in
2734 2393 3013 2458 σαωθῆναι
3043 2395 3149 2448 illic
3177 2412 3270 2460 es;
3306 2397 3354 2449 si
3385 2396 3683 2449 descendere
3731 2395 3777 2445 in
3819 2391 3882 2444 in-

719 2490 1002 2556 Quomodo
1052 2490 1212 2559 igitur
1240 2499 1424 2544 sancta
1450 2489 1686 2544 Trinitas
1715 2487 1783 2542 ab
1814 2486 1992 2558 impiis
2022 2501 2245 2559 separa-
2351 2484 2572 2548 fortium,
2607 2484 2732 2538 ades
2759 2485 2933 2554 (Psat.
2967 2503 3232 2554 cxxxvlu,
3252 2488 3300 2553 7,
3327 2488 3406 2556 8).
3427 2489 3500 2543 De
3521 2488 3770 2558 Sapientia
3787 2502 3883 2557 qua

648 2582 771 2638 bilis
793 2582 1008 2646 dicitur,
1029 2599 1152 2638 cum
1183 2582 1622 2653 inseparabiliter
1651 2587 1929 2652 operatur,
1968 2597 1999 2634 a
2029 2579 2243 2650 quibus,
2349 2591 2473 2646 quc,
2507 2577 2558 2630 id
2590 2586 2672 2631 est
2703 2577 2802 2633 Dei
2832 2578 2987 2646 Filio,
3021 2580 3300 2650 Scriptura
3332 2581 3482 2644 dicit,
3517 2582 3750 2652 quoniam
3768 2581 3882 2633 attin-

651 2687 910 2749 quantum
958 2681 1117 2736 datur
1145 2678 1393 2748 intelligi,
1443 2693 1543 2732 nec
1574 2676 1624 2731 in
1652 2674 1845 2744 Spiritu
1875 2673 2019 2745 quod
2049 2675 2248 2730 dicitur
2348 2669 2423 2738 git
2452 2685 2482 2722 a
2511 2669 2618 2738 [ine
2638 2685 2795 2738 usque
2824 2671 3091 2740 act-ﬁnem,
3125 2681 3173 2725 et
3223 2674 3456 2743 disponit
3503 2674 3669 2727 omnia
3710 2672 3882 2726 sua'itcr

647 2775 910 2846 separari,
923 2776 1060 2832 sicut
1071 2776 1148 2832 rei
1163 2776 1361 2831 veritas
1375 2775 1560 2844 exigit,
1576 2776 1878 2845 cogitatur?
1895 2774 1938 2828 A
1955 2772 2245 2844 343,Deo

2350 2760 2642 2832 (Sap.vnt,
2682 2762 2754 2832 l).
2797 2763 3064 2830 Quoniam
3124 2766 3286 2834 igitur
3339 2783 3371 2821 a
3423 2776 3604 2822 sancta
3651 2765 3877 2826 Trinitate.

647 2866 794 2922 enim
812 2874 1019 2935 nostro,
1036 2866 1262 2924 idestab
1281 2864 1678 2936 ipsa'l‘rinitate
1694 2864 2248 2934 sancta,nihilpotest
2348 2867 2468 2922 qua:
2523 2853 2719 2924 ubique
2774 2862 2899 2909 ῑοῑτι-
2927 2865 3031 2924 cit,
3063 2857 3208 2912 nulla
3240 2873 3336 2914 res
3369 2857 3610 2914 localiter
3633 2865 3882 2936 ξερθτθιυῐν

647 2954 895 3014 localiter
914 2957 1174 3030 separari,
1206 2957 1334 3029 quia
1360 2957 1501 3012 idem
1533 2956 1673 3013 Deus
1699 2971 1962 3021 summus,
1992 2970 2152 3011 verus
2192 2961 2250 3010 et
2348 2944 2443 2999 sed
2466 2947 2595 3000 δοιαὶ
2623 2955 2878 3015 separant
2906 2962 2936 3001 ει
2961 2947 3093 3012 Deo,
3124 2949 3265 3004 sicut
3289 2949 3406 3020 jam
3436 2923 3675 3013 diximtg,
3726 2946 3881 3017 iniqui-

649 3046 849 3117 bonus,
876 3048 1019 3105 sicut
1038 3048 1218 3104 omnia
1246 3046 1392 3114 fecit,
1417 3048 1494 3103 sic
1514 3048 1695 3102 omnia
1724 3047 1968 3103 continet
1988 3055 2044 3102 et
2070 3047 2247 3118 replet
2347 3045 2490 3093 tales
2513 3045 2567 3092 ει
2589 3055 2859 3109 perversa?
2887 3042 3277 3110 cogitationes;
3329 3043 3576 3113 quisquis
3621 3040 3878 3095 Trinitatem

615 3134 622 3140 ’
651 3139 968 3196 iumicnsus.
994 3136 1112 3195 Non
1141 3150 1224 3194 est
1250 3147 1430 3193 autem
1460 3137 1782 3208 corporalis,
1809 3153 1986 3207 neque
2033 3137 2240 3203 localis,
2347 3127 2510 3200 344
2537 3129 2897 3199 separabilem
2925 3140 3154 3186 conatur
3184 3147 3452 3196 asserere,
3478 3145 3685 3186 necesse
3724 3136 3793 3184 est
3820 3125 3881 3180 tli-

613 3215 618 3218 I
651 3243 708 3288 et
751 3226 872 3288 ideo
921 3247 1026 3288 nec
1078 3232 1193 3302 ipsa
1224 3229 1529 3301 corporalia
1557 3203 1835 3300 possunta
1865 3203 1976 3285 Deo
1998 3229 2246 3285 localiter
2276 3281 2318 3302 η
2348 3227 2455 3287 cat,
2489 3230 2585 3276 aut
2615 3221 2852 3291 Patrem,
2887 3231 2982 3277 aut
3003 3223 3214 3288 Filium,
3258 3233 3356 3278 aut
3395 3222 3643 3294 Spiritum
3685 3226 3879 3275 sanctum
3923 3203 3934 3220 ’

655 3281 707 3288 --
751 3281 868 3288 ηη
921 3281 1024 3288 η--
1079 3281 1193 3302 -ρ-
1231 3281 1528 3301 η-τ---ηντ
1560 3281 1783 3300 τ--η---
1808 3281 1835 3284 νγ
1865 3281 1892 3284 -
1917 3281 1969 3285 η
2443 3281 2453 3287 .
2841 3281 2851 3291 .
3201 3281 3213 3288 .
3437 3281 3453 3294 .

650 3322 924 3392 separari;
957 3323 1083 3391 quia
1114 3322 1166 3375 in
1197 3321 1316 3376 loco
1339 3329 1422 3376 est
1443 3335 1604 3375 omne
1629 3336 1847 3390 corpus,
1872 3329 1926 3374 et
1966 3320 2084 3375 sine
2132 3319 2244 3376 Deo
2275 3281 2319 3342 Ο
2353 3315 2534 3383 pravis
2563 3316 2984 3384 cogitationibus
3007 3325 3061 3371 et
3093 3317 3472 3387 iniquitatibus
3502 3333 3651 3389 posse
3670 3309 3878 3374 naturali,-

652 3413 830 3469 nullus
853 3423 936 3470 est
955 3413 1125 3469 locus.
1152 3411 1294 3468 Deus
1321 3412 1464 3466 enim
1492 3413 1570 3468 sic
1591 3412 1738 3467 nullo
1762 3412 2072 3466 continetur
2099 3411 2244 3478 loco,
2353 3416 2435 3462 ter
2459 3408 2758 3478 subjacere.
2793 3409 2924 3477 Quis
2946 3419 3125 3466 autem
3149 3411 3391 3482 seipsum
3416 3413 3604 3484 laqueo
3629 3417 3767 3464 tanta:
3803 3405 3878 3459 im-

629 3501 850 3588 ‘utinse
873 3506 1152 3562 contineat
1196 3520 1412 3560 omnem
1443 3505 1654 3571 locum;
1699 3505 1752 3559 in
1799 3519 1908 3574 quo
1946 3505 2116 3560 moles
2164 3513 2247 3560 est
2353 3501 2828 3571 pietatisevolvat,
2857 3512 2914 3557 ut
2935 3504 3172 3574 aliquam
3196 3506 3595 3576 separationem
3618 3505 3664 3558 iu
3694 3503 3768 3556 illa
3792 3496 3878 3552 Tri-

655 3597 822 3663 nulla,
855 3608 911 3652 et
932 3595 1085 3666 cujus
1113 3604 1196 3651 est
1221 3597 1388 3652 virtus
1415 3597 1698 3652 immensa.
1731 3594 1866 3650 Cum
1916 3596 2078 3665 igitur
2123 3613 2246 3652 cor-
2351 3595 2537 3661 nitate,
2568 3595 2656 3650 ubi
2686 3596 2948 3651 naturalis
2977 3605 3058 3651 est
3089 3597 3290 3666 unitas,
3315 3597 3636 3668 suspicetur,
3662 3608 3765 3649 cum
3807 3601 3880 3660 per

653 3703 809 3758 pora,
839 3702 958 3757 quze
979 3687 1096 3743 sine
1115 3686 1236 3743 loco
1257 3703 1377 3743 esse
1400 3704 1508 3742 non
1533 3695 1779 3757 possunt,
1813 3703 1918 3742 non
1959 3688 2168 3758 possint
2213 3704 2244 3742 a
2350 3696 2626 3759 acceptam
2647 3689 2896 3757 gratiam,
2921 3689 3062 3744 sicut
3081 3696 3165 3744 est
3193 3690 3446 3760 superius
3469 3706 3498 3743 a
3522 3688 3666 3743 nobis
3701 3684 3880 3740 demon-

654 3778 767 3833 Deo
796 3777 1042 3834 localiter
1060 3778 1324 3849 separari,
1357 3779 1547 3848 procul
1577 3777 1742 3834 dubio
1799 3793 1976 3848 neque
2023 3778 2246 3850 spiritus
2349 3790 2598 3847 stratum,
2633 3781 2869 3838 conﬁdat
2898 3783 3098 3840 Paulus
3126 3782 3300 3840 ﬁdelis
3326 3799 3363 3838 a
3389 3784 3608 3839 caritate
3646 3779 3742 3843 Dei,
3789 3789 3884 3844 qua

651 3886 788 3941 quos
809 3869 951 3927 Deus
977 3870 1186 3926 creavit
1211 3885 1243 3924 a
1274 3869 1385 3925 Deo
1414 3868 1662 3924 localiter
1702 3877 2043 3939 separantur.
2060 3866 2246 3922 Omnis
2350 3876 2509 3931 estin
2533 3875 2750 3932 Christo
2773 3876 2900 3933 Jesu
2928 3876 3157 3932 Domino
3187 3885 3400 3943 ηοειι-ο,
3435 3891 3589 3948 posse
3632 3873 3879 3927 nullatenus

623 3961 626 3964 ’
651 3962 796 4017 enim
826 3962 1045 4034 spiritus
1073 3977 1236 4032 quem
1263 3961 1470 4018 creavit
1498 3960 1639 4017 Deus
1686 3961 1738 4016 in
1767 3975 2092 4030 quocunque
2122 3960 2245 4015 loco
2351 3968 2626 4037 separari?
2658 3967 2852 4023 Beatus
2881 3977 3062 4024 autem
3085 3967 3321 4023 Joannes
3351 3968 3621 4039 ap0;l0lUS
3641 3974 3688 4019 ct
3729 3960 3879 4016 carita-

651 4055 742 4120 rit,
775 4052 848 4110 ibi
872 4063 956 4111 est
975 4053 1119 4111 Deus
1147 4054 1276 4124 :qui
1307 4054 1433 4110 licet
1462 4054 1515 4108 in
1538 4053 1818 4125 spiritibus
1847 4053 2001 4108 malis
2027 4069 2137 4139 n03
2176 4053 2247 4106 sit
2354 4067 2459 4112 tem
2488 4073 2555 4113 ex
2579 4057 2692 4113 Deo
2715 4075 2856 4124 esse,
2882 4069 2936 4114 et
2965 4060 3247 4114 caritatem
3297 4059 3469 4115 Deum
3500 4073 3614 4113 esse
3655 4052 3880 4110 conﬁrmat

652 4160 752 4216 per
779 4147 1028 4214 gratiam,
1056 4160 1154 4216 per
1173 4160 1334 4216 quam
1364 4145 1558 4213 quibus
1588 4145 1702 4214 ipse
1750 4145 1865 4198 vult
1910 4145 2075 4199 vitam
2121 4160 2245 4198 sau-
2351 4150 2435 4206 his
2477 4151 2691 4205 verbis:
2743 4150 3034 4218 Carissimi,
3080 4151 3361 4222 diligamus
3415 4151 3642 4216 invicem,
3686 4142 3882 4218 quoniam

653 4247 796 4294 ctam
827 4225 1326 4307 beatitudinemque
1353 4238 1598 4306 largitur,
1621 4253 1718 4307 per
1740 4238 2040 4306 potentiam
2065 4246 2245 4293 tamen
2349 4243 2545 4295 caritas
2591 4259 2656 4296 ea:
2710 4241 2818 4297 Deo
2867 4252 2961 4307 est,
3009 4253 3058 4296 et
3110 4245 3275 4316 antnis
3323 4245 3410 4316 qui
3451 4244 3613 4314 diligit
3631 4257 3690 4294 ea:
3714 4236 3882 4290 Deae»

655 4330 957 4384 naturalem
987 4330 1038 4383 in
1071 4329 1320 4385 oinnibus
1348 4329 1612 4384 creaturis
1640 4327 1752 4382 suis
1794 4329 1873 4383 sic
1900 4343 2114 4398 semper
2141 4336 2244 4397 est,
2353 4333 2408 4404 (Ι
2425 4333 2585 4389 Ιοαη.
2607 4351 2677 4399 ιν,
2697 4335 2862 4400 7);el,
2888 4335 3022 4390 Dens
3047 4347 3125 4390 est
3154 4339 3347 4392 raritas
3371 4336 3553 4408 (Ibid.,
3571 4333 3722 4402 l’6).A
3743 4328 3884 4396 seipse

656 4431 716 4477 ut
743 4421 890 4477 nulla
911 4432 1159 4477 creatura
1192 4421 1276 4477 vel
1303 4421 1565 4491 particula
1591 4429 1851 4476 creaturze
1876 4421 2100 4476 inveniri
2123 4437 2247 4493 pos—
2352 4429 2538 4499 utique
2593 4447 2667 4498 se
2692 4433 2832 4484 arari
2891 4448 2999 4486 non
3060 4442 3260 4502 potest,
3293 4436 3420 4503 quia
3444 4427 3784 4502 inseparabilis
3800 4429 3875 4477 est.

655 4513 726 4568 sit
753 4513 804 4567 in
829 4528 935 4582 qua
959 4511 1101 4568 Deus
1126 4527 1226 4583 per
1254 4513 1549 4583 potentiam
1582 4528 1689 4567 non
1719 4514 1806 4567 sit.
1837 4513 1928 4568 illa
1960 4514 2120 4584 igitur
2147 4528 2246 4569 na-
2351 4521 2484 4576 Nam
2514 4539 2635 4578 cum
2667 4523 2912 4580 homines
2933 4525 3076 4594 quia
3099 4541 3156 4581 se
3179 4533 3404 4596 possunt
3428 4526 3645 4581 invicem
3666 4513 3878 4590 separari,

657 4613 777 4659 tura
819 4604 1060 4674 separari
1104 4613 1284 4673 potest
1336 4619 1367 4656 a
1414 4603 1543 4667 Deo,
1586 4618 1704 4672 quae
1753 4604 1926 4674 potuit
1950 4615 2043 4659 aut
2071 4614 2249 4677 potest
2277 4667 2325 4687 ﬂ
2355 4631 2459 4668 nou
2490 4613 2665 4668 solum
2695 4615 2811 4684 ipsa
2834 4615 3137 4687 inseparata
3170 4618 3466 4686 possideat,
3498 4615 3588 4671 sed
3633 4629 3693 4667 ex
3736 4603 3876 4663 multis

655 4696 941 4766 subjacere
964 4703 1212 4766 peccato.
1245 4695 1355 4751 Nec
1382 4704 1466 4750 est
1493 4694 1597 4750 alia
1627 4710 1713 4750 res
1742 4711 1861 4766 qua:
1887 4698 2056 4767 possit
2078 4714 2106 4751 a
2139 4697 2248 4753 Deo
2277 4667 2328 4727 Ι)
2353 4704 2604 4760 cordibus
2626 4717 2788 4776 atque
2809 4667 3089 4762 animbbus
3113 4667 3276 4762 utinm
3299 4726 3397 4764 cor
3417 4720 3674 4777 unamque
3692 4701 3876 4756 animam

623 4787 627 4790 ’
655 4785 954 4852 discedere,
979 4787 1083 4842 nisi
1105 4787 1405 4842 substantia
1436 4801 1556 4856 qua:
1580 4795 1758 4856 potest
1782 4796 1874 4841 aut
1902 4789 2080 4858 potuit
2119 4804 2249 4858 pro-
2353 4797 2549 4863 faciat;
2583 4814 2702 4869 qum
2731 4799 3001 4855 dementia
3033 4809 3116 4857 εει
3146 4801 3316 4870 ipsam
3347 4802 3619 4857 caritatem
3656 4788 3877 4865 separabi-

657 4881 774 4951 pria
803 4880 1085 4934 voluntate
1111 4878 1531 4950 peccare._Dicit
1554 4879 1694 4933 enim
1717 4877 1905 4933 Esaias
1933 4897 1945 4932 :
1980 4878 2114 4934 Ecce
2143 4897 2248 4934 non
2351 4889 2458 4944 1cm
2487 4890 2692 4958 dicere,
2717 4907 2838 4960 qua:
2867 4901 3148 4962 separatas
3172 4903 3379 4949 mentes
3408 4885 3728 4962 iuseparabili
3771 4878 3876 4936 solet

654 4981 731 5026 εει
759 4968 1055 5025 abbreviata
1085 4986 1267 5024 manus
1299 4968 1528 5035 Domini,
1557 4979 1613 5024 ut
1640 4971 1843 5024 salvare
1865 4983 2104 5041 nequeat,
2158 4989 2249 5027 ne-
2353 4999 2540 5039 amore
2569 4985 2818 5039 sociare?
2839 4983 2974 5040 "inc
2996 4993 3078 5039 εει
3101 4985 3286 5055 utique
3307 4985 3450 5057 quod
3475 4983 3660 5038 Paulus
3681 4973 3872 5031 dicebat:

619 5081 622 5084 ί
653 5081 752 5136 que
772 5073 1058 5138 aggravata
1077 5073 1155 5119 est
1175 5065 1318 5118 auris
1344 5063 1476 5134 ejus,
1507 5074 1690 5118 utnon
1712 5065 1996 5129 exaudiat;
2028 5067 2119 5119 sed
2143 5067 2248 5122 ini-
2356 5074 2499 5130 Nam
2551 5078 2647 5132 etsi
2696 5095 2913 5148 corpore
2954 5077 3138 5132 absens
3185 5096 3317 5142 sum,
3363 5079 3452 5133 sed
3478 5077 3650 5146 spiritu
3672 5069 3877 5126 nobiscum

653 5162 877 5231 quitates
920 5169 1102 5216 uestra:
1147 5159 1381 5215 diuidunt
1432 5161 1568 5215 inter
1606 5177 1692 5215 vos
1731 5171 1780 5215 et
1838 5161 2003 5215 Deum
2029 5173 2250 5216 vestram
2355 5186 2487 5231 smn,
2519 5171 2747 5240 gaudens
2779 5181 2827 5224 et
2856 5171 3029 5225 videns
3051 5171 3283 5225 ordinem
3305 5182 3520 5225 restrnm
3543 5166 3741 5241 (Coloss.
3770 5151 3873 5223 ",5).

615 5257 617 5260 ’
661 5253 812 5326 (lsai.
839 5271 952 5324 ux,
977 5253 1029 5321 l,
1052 5251 1132 5324 εἰ).
1163 5253 1221 5308 ln
1244 5255 1382 5310 libro
1424 5270 1640 5324 quoque
1669 5254 1958 5325 Sapientiae
2009 5257 2249 5311 ostendi-
2359 5257 2422 5312 lit
2454 5261 2504 5312 iu
2538 5261 2760 5316 Actibus
2791 5261 3162 5330 apostolorum
3194 5263 3448 5332 scriptum
3497 5269 3573 5314 est
3623 5254 3730 5325 quia
3775 5245 3877 5301 mul-

616 5347 623 5358 “
661 5355 748 5400 tur
774 5347 1022 5403 homines
1043 5362 1074 5401 a
1103 5346 1233 5410 Deo,
1265 5361 1375 5401 non
1405 5342 1557 5412 locis,
1588 5345 1681 5400 sed
1705 5348 1882 5416 pravis
1907 5349 2249 5416 cogitationi-
2357 5351 2594 5406 tifudinis
2612 5353 2926 5407 credentium
2957 5365 3068 5406 erat
3092 5372 3177 5408 cor
3195 5364 3248 5408 et
3271 5355 3443 5407 anima
3463 5370 3563 5405 una
3587 5336 3874 5420 (.lrt.ii',5‘3l;

658 5439 758 5494 bus
810 5449 866 5495 et
916 5440 1113 5509 iniquis
1167 5439 1379 5495 actibus
1423 5441 1684 5509 separari.
1737 5439 1810 5494 lbi
1837 5441 1978 5496 enim
2004 5440 2245 5496 dicitur:
2356 5442 2499 5510 quod
2530 5442 2715 5511 utique
2744 5461 2850 5498 non
2883 5445 2984 5499 scit
3006 5445 3106 5499 nisi
3135 5445 3353 5515 spiritus
3409 5443 3522 5497 ﬁdei
3569 5449 3619 5495 et
3658 5427 3869 5492 caritatis-

658 5529 924 5585 I’ervcrsa:
943 5532 1080 5585 enim
1100 5531 1440 5602 cogitationes
1483 5543 1730 5602 separant
1771 5549 1803 5585 a
1845 5532 1972 5587 Deo.
2023 5534 2248 5588 Probata
2354 5532 2564 5590 Caritas
2583 5536 2726 5590 enim
2753 5536 2844 5591 Dei
2866 5536 3053 5592 diﬁ‘usa
3067 5548 3148 5594 est
3170 5540 3221 5593 in
3246 5538 3490 5594 cordibus
3506 5522 3871 5592 nostrileP’m-

655 5632 826 5677 autem
843 5623 999 5676 virtus
1022 5625 1236 5693 corripit
1252 5624 1553 5694 insipientes
1573 5641 1589 5677 :
1613 5625 1853 5694 quoniam
1876 5624 1929 5678 in.
1947 5625 2247 5680 malerolam
2351 5640 2422 5692 tv,
2456 5625 2531 5695 ft).
2557 5625 2623 5680 Et
2647 5643 2746 5698 per
2774 5627 2946 5699 ipsum
2976 5629 3234 5701 Spiritum
3265 5631 3319 5684 ﬁt
3341 5640 3396 5686 ut
3419 5642 3597 5686 omnes
3623 5620 3867 5678 crcdvhleso

655 5713 883 5766 animam
907 5730 1008 5767 non
1032 5712 1553 5784 introibitsapientia,
1578 5731 1671 5768 nec
1690 5714 2000 5770 inliabitabit
2020 5719 2071 5771 in
2094 5719 2247 5772 corde
2352 5723 2489 5777 sicut
2520 5724 2811 5794 Apostolus
2837 5725 2932 5794 ait,
2964 5726 3070 5781 sint
3093 5744 3256 5782 unum
3304 5741 3496 5796 corpus
3523 5731 3572 5777 et
3602 5732 3721 5772 unus
3745 5703 3868 5778 spiri-

653 5803 853 5858 subdito
884 5806 1141 5871 peccatis;
1166 5805 1392 5874 Spiritus
1409 5805 1546 5859 enim
1574 5815 1783 5861 sanctus
1823 5808 2111 5878 disciplina:
2164 5812 2244 5882 ef—
2349 5822 2452 5866 tus.
2495 5812 2642 5869 Unde
2670 5815 2783 5884 ipse
2813 5817 2919 5870 alio
2950 5816 3070 5872 loco
3095 5818 3223 5873 dicit
3251 5839 3261 5872 :
3296 5817 3490 5872 Etenim
3521 5815 3570 5867 in
3596 5827 3685 5864 uno
3723 5800 3865 5870 Sitifim

657 5898 814 5970 {"95"
845 5899 1041 5968 Imm",
1076 5909 1121 5952 εί
1153 5903 1350 5967 (πείσητε
1373 5916 1426 5953 σε
1451 5916 1481 5951 a
1528 5901 1919 5972 cogitationibus
1967 5919 2082 5972 qua!
2128 5915 2244 5958 sunt
2350 5923 2525 5960 omnes
2546 5923 2637 5960 nos
2667 5907 2717 5958 in
2745 5922 2898 5960 unum
2925 5923 3109 5978 iwrpus
3137 5909 3393 5983 baptizati
3440 5919 3620 5971 sinitis,
3667 5898 3753 5949 sire
3788 5888 3866 5941 .m-
