4130 6480
264 414 377 474 3.13

1121 412 1392 468 CONTRA
1431 407 1799 466 SERHONEM
1841 407 2210 464 FASTIDIOSI
2251 407 2451 462 LIBER
2494 405 2694 462 UNUS.

3443 401 3550 456 51s

268 533 390 597 disi,
423 532 525 584 sive
549 549 584 602 ς
612 530 784 597 utiles,
808 530 909 582 sius
926 509 1086 591 «in,
1120 529 1224 583 sive
1252 526 1417 589 liberi,
1475 535 1524 578 et
1578 539 1750 577 omnes
1802 523 1867 576 in
1891 528 1932 582 Α
1965 530 2076 576 tum
2098 531 2343 578 sanctum
2365 523 2445 578 sic
2472 536 2630 591 posse
2650 521 2717 576 ab
2738 519 2968 576 invicem
2988 513 3258 589 separari,"
3274 519 3415 572 sicut
3433 532 3463 570 ι
3485 533 3550 576 se

268 642 372 678 uno
397 625 578 694 spiritu
599 621 762 691 potati
785 637 960 673 sumus
985 617 1038 685 υ
1061 617 1181 672 Cor.
1212 634 1300 682 xu,
1337 617 1447 684 l5).
1483 613 1749 685 Baptizari
1773 628 1860 668 au-

270 727 382 772 tem
416 730 604 770 omnes
636 722 824 783 gentes
855 713 907 765 in
937 711 1155 766 nomine
1186 709 1383 776 Patris,
1405 718 1460 764 et
1482 707 1622 769 Filii.
1661 715 1715 762 et
1737 705 1859 776 Spi-

272 811 408 872 ritus
435 805 608 862 sancti
640 804 944 872 unigenitus
967 801 1061 857 Dei
1090 802 1259 858 Filius
1278 817 1373 856 ore
1405 816 1504 855 suo
1560 797 1856 852 mandavit.

879 956 1120 1014 CAPUT
1161 956 1231 1011 Υ.-

341 1075 484 1131 Cum
508 1089 640 1144 ergo
669 1073 936 1143 baptisma
964 1070 1123 1125 datur
1151 1071 1204 1124 in
1233 1069 1451 1123 nomine
1478 1066 1770 1130 Trinitatis,
1804 1064 1858 1119 in

268 1184 440 1225 unum
469 1180 666 1236 corpus
690 1163 872 1219 lideles
902 1178 1089 1218 omnes
1119 1161 1379 1232 baptizari
1411 1158 1555 1223 facit,
1580 1166 1637 1212 ut
1660 1172 1726 1211 ex
1755 1155 1860 1211 hoc

269 1278 438 1317 unum
467 1274 661 1328 corpus
690 1271 878 1311 omnes
905 1254 1229 1319 elliciantur,
1259 1251 1472 1306 dicente
1507 1249 1667 1303 beato
1712 1248 1858 1316 Apo-

265 1352 434 1412 stolo,
467 1349 591 1426 quia
612 1364 769 1401 unum
791 1361 973 1414 corpus
1002 1359 1175 1398 sumus
1203 1343 1254 1394 in
1286 1338 1522 1400 Christo,
1539 1333 1729 1406 singuli
1758 1349 1880 1390 au-_

264 1453 374 1496 tem
395 1441 527 1494 alter
547 1422 762 1492 alterius
791 1434 1018 1489 membra
1051 1431 1226 1506 (Rom.
1263 1445 1352 1495 xu,
1387 1426 1462 1497 5).
1504 1422 1860 1482 Multitudinis

268 1547 490 1604 quoque
519 1527 853 1584 credentium
886 1525 982 1580 fuit
1007 1522 1100 1579 cor
1123 1521 1184 1576 et
1202 1521 1381 1575 anima
1409 1534 1514 1573 una
1541 1532 1637 1588 per
1662 1514 1859 1571 carita-

271 1638 402 1693 tem,
426 1640 546 1696 quae
574 1622 764 1678 diﬁusa
792 1629 874 1674 est
905 1621 956 1673 in
979 1617 1231 1674 cordibus
1259 1613 1459 1669 nostris
1482 1627 1580 1682 per
1598 1610 1857 1680 Spiritum

264 1729 537 1782 sanctum,
567 1715 658 1785 qui
688 1715 846 1768 datus
861 1710 1135 1767 estnobis.
1159 1706 1409 1762 Profecto
1423 1709 1858 1774 apparetquanta

269 1810 547 1880 impietate
571 1805 807 1860 Trinitas
838 1803 952 1872 ipsa
983 1798 1300 1870 scparabilis
1328 1795 1560 1862 dicatur,
1593 1808 1716 1849 cum
1753 1791 1858 1846 uti~

1962 613 2209 672 homines
2236 623 2587 684 separantur;
2618 613 2710 682 qui
2741 613 2882 666 sicut
2928 610 3333 678 distinguuntur
3379 609 3553 664 modo

1961 713 2018 760 et
2043 706 2346 775 quantitate
2367 704 2791 773 uniuscujusque
2813 702 3080 773 corporis,
3113 714 3338 755 necesse
3365 708 3450 754 est
3471 700 3555 754 ita-

1960 795 2334 850 discernantur
2363 803 2417 849 et
2440 795 2593 850 locis.
2621 794 2779 848 Tales
2805 801 2983 848 autem
3012 792 3137 846 dum
3161 791 3350 845 in-luto
3369 791 3555 846 carnis

1961 887 2169 942 animas
2190 887 2442 950 volvunt,
2468 887 2666 940 creatis
2694 885 3160 955 pbantasmatibus
3183 883 3312 946 suis,
3344 889 3400 938 et
3419 895 3560 949 grao,

1960 977 2073 1031 vati
2101 977 2340 1047 pondere
2369 977 2639 1042 vanitatis,
2682 973 2884 1044 quanto
2913 975 3085 1042 magis
3115 974 3168 1036 in
3196 973 3410 1026 illarum
3462 987 3550 1026 re-

1959 1083 2078 1122 rum
2101 1067 2431 1136 cogitatione
2452 1074 2735 1121 versantur
2763 1080 2881 1135 qua:
2910 1065 3189 1133 corporeis
3216 1063 3385 1117 oculis
3425 1077 3549 1117 cor-

1959 1174 2180 1230 porcam
2209 1159 2462 1228 ingerunt
2483 1158 2704 1224 molem,
2733 1166 2886 1212 tanto
2916 1157 3092 1210 minus
3122 1162 3349 1226 possunt
3369 1154 3437 1208 ad
3465 1155 3554 1209 in-

1961 1252 2306 1322 telligendam
2335 1251 2702 1307 conscendere
2723 1251 3001 1306 deitatem.
3053 1249 3164 1304 Nec
3190 1249 3474 1310 attendunt
3515 1262 3552 1303 a

1959 1343 2192 1400 Domino
2221 1342 2333 1398 Deo
2363 1359 2458 1414 per
2477 1351 2725 1398 sanctum
2748 1341 2962 1396 Esaiam
2983 1341 3221 1411 praecipi,
3267 1356 3336 1395 ne
3363 1340 3432 1400 de
3455 1341 3551 1394 illo

1959 1435 2038 1492 sic
2065 1436 2302 1504 cogitare
2334 1434 2578 1497 velimus,
2611 1434 2751 1488 sicut
2776 1433 2845 1486 de
2865 1432 3144 1494 creaturis,
3187 1445 3335 1499 quas
3363 1430 3433 1484 ab
3481 1445 3550 1483 eo

1959 1526 2130 1582 iactas
2156 1527 2432 1590 novimus;
2463 1525 2589 1594 quia
2612 1540 2712 1579 nec
2733 1525 2847 1594 ipse
2875 1524 2954 1578 sic
2992 1525 3211 1590 cogitat,
3267 1522 3408 1577 sicut
3451 1536 3550 1575 nos

1960 1618 2210 1688 homines
2257 1617 2578 1686 cogitamus.
2632 1614 2783 1669 Unde
2820 1615 2950 1669 dicit
3004 1613 3226 1668 Esaias:
3261 1611 3385 1668 Non
3412 1614 3566 1667 enim.

1958 1708 2298 1779 cogitationes
2323 1722 2450 1760 mea
2469 1706 2805 1775 cogitationes
2842 1715 3043 1771 vestrae,
3075 1721 3235 1775 neque
3286 1705 3383 1758 via:
3422 1719 3553 1757 metu

1959 1797 2057 1852 vite
2076 1807 2274 1862 vestras,
2305 1796 2432 1850 dicit
2460 1795 2715 1850 Dominus
2739 1811 2756 1850 :
2800 1797 2920 1865 quia
2949 1797 3079 1848 sicut
3107 1795 3408 1848 exiiltantur
3436 1795 3552 1848 creti

261 1917 376 1972 que
401 1915 431 1954 ἃ
458 1899 567 1953 0εο
588 1896 840 1968 (Ιυωὶίὺθι
865 1900 1131 1954 creatura.
1163 1904 1271 1943 ⁸1οη
1300 1888 1438 1952 100ον
1454 1901 1561 1939 11οη
1590 1893 1852 1953 tempore.
1889 1903 1933 1962 Β
1960 1907 1993 1943 a
2025 1899 2185 1954 terra,
2217 1891 2292 1944 sic
2321 1890 2568 1943 exaltatae
2595 1898 2716 1941 sunt
2743 1889 2839 1962 rite
2881 1904 3009 1942 mea:
3054 1887 3208 1940 a-viis
3256 1887 3458 1953 vestris,
3500 1895 3552 1939 et

268 1993 368 2047 sed
388 1991 517 2045 solis
547 1986 917 2057 iniquitatibus
946 1991 1245 2052 separetur.
1277 1979 1407 2034 Inde
1455 1987 1540 2032 est
1591 1975 1735 2047 quod
1789 1975 1860 2031 de

254 2081 589 2154 quibusdam
619 2077 912 2134 dicitDeus
944 2094 954 2128 :
991 2074 1220 2144 Populus
1242 2073 1323 2125 hic
1345 2070 1494 2124 labiis
1515 2085 1596 2122 me
1617 2069 1859 2130 honorat,

255 2193 363 2230 cor
387 2183 556 2228 autem
579 2187 754 2225 eorum
785 2169 934 2239 longe
962 2176 1036 2221 est
1057 2183 1088 2219 a
1117 2181 1197 2219 me
1229 2161 1446 2234 (Matth.
1472 2177 1559 2225 xv,
1584 2158 1662 2230 8).
1693 2155 1757 2211 Et
1778 2165 1860 2209 ta-

269 2280 398 2320 men
429 2265 542 2335 ipse
567 2263 699 2317 dicit
723 2279 736 2313 .'
770 2258 884 2332 Ego
909 2274 1021 2313 sum
1045 2257 1183 2310 Deus
1207 2252 1600 2325 approximans,
1625 2259 1862 2303 eteorum

263 2356 416 2410 Deus
446 2366 472 2392 ἰ
500 2354 563 2408 de
585 2351 880 2426 longinquo.
917 2349 977 2404 Si
1010 2346 1340 2402 absconditus
1369 2344 1523 2416 fuerit
1553 2342 1733 2403 homo,
1766 2355 1862 2410 ego

255 2466 378 2502 smn
407 2446 583 2501 ridebo
613 2445 772 2499 eum?
799 2460 970 2498 nonne
1017 2442 1196 2495 coelum
1248 2448 1297 2493 et
1345 2447 1534 2491 terram
1555 2452 1649 2506 ego
1675 2433 1863 2503 impleo

271 2538 410 2609 (Jer.
445 2536 702 2603 1311523,
737 2534 1009 2605 24)?lpse
1053 2543 1232 2586 tamen
1288 2527 1457 2583 David
1506 2528 1674 2581 dicit:
1729 2524 1864 2578 Ecce

256 2630 364 2702 qui
383 2647 437 2684 se
462 2630 704 2697 clangunt
726 2642 764 2678 at
779 2635 826 2678 te
848 2625 1084 2696 peribunt
1116 2621 1288 2695 (Psat.
1319 2635 1483 2683 Lxxtt,
1529 2618 1642 2685 27).
1699 2616 1768 2668 Et
1807 2623 1862 2668 ut

270 2719 530 2776 ostendat
558 2717 684 2787 quid
714 2716 784 2770 sit
811 2715 1065 2780 elmigare
1095 2728 1126 2765 a
1161 2712 1293 2773 Deo,
1327 2709 1543 2778 adjecit,
1579 2706 1865 2760 Perdidisti

266 2827 455 2866 omnes
484 2811 569 2880 qui
593 2808 918 2880 fornicamur
953 2805 1044 2858 abs
1076 2813 1126 2858 te
1171 2802 1440 2874 (Ibidem).
1487 2799 1663 2855 Corde
1708 2799 1867 2866 igitur

274 2903 554 2960 receditur
577 2916 606 2954 a
635 2899 770 2966 Deo,
797 2899 864 2953 ad
892 2913 1052 2967 quem
1083 2905 1140 2950 et
1186 2894 1348 2950 corde
1397 2891 1690 2947 acceditur.
1735 2888 1868 2942 Nam

275 2992 624 3050 manifestum
651 3001 736 3046 est
763 2991 928 3046 Deum
959 2990 1156 3058 ubique
1188 2996 1360 3042 totum
1412 2999 1554 3047 esse,
1598 2983 1694 3038 sed
1745 2983 1868 3036 loco

275 3085 444 3160 345
465 3085 769 3140 nullatenus
794 3082 1079 3137 contineri.
1109 3079 1344 3151 Spiritus
1383 3086 1467 3133 est
1517 3077 1660 3131 enim
1701 3073 1864 3140 Deus,

265 3188 498 3235 creator
519 3178 720 3248 utique,
751 3193 858 3232 non
883 3185 1119 3242 creatus,
1142 3173 1384 3228 omnium
1414 3184 1703 3241 corporum
1745 3184 1865 3223 om-

1948 1981 2301 2052 'cogitationes
2322 1995 2450 2032 mea:
2472 1995 2505 2031 a
2526 1978 2921 2050 cogitationibus
2950 1980 3130 2032 vestris
3161 1976 3321 2046 (Isai.
3351 1993 3436 2042 LV,
3468 1973 3550 2047 8).

2574 2125 2804 2181 CAPUT
2851 2126 2939 2180 Vl.

2035 2244 2177 2300 Deus
2198 2244 2378 2312 itaque
2407 2241 2589 2309 Pater,
2639 2251 2697 2296 et
2748 2240 2983 2295 Verbum
3035 2239 3170 2309 ejus,
3217 2247 3272 2293 et
3319 2238 3558 2308 Spiritus

1963 2345 2204 2399 sanctus,
2238 2338 2289 2390 id
2318 2345 2399 2389 est
2421 2343 2606 2390 sancta
2629 2333 2886 2398 Trinitas,
2914 2333 3083 2400 solus,
3108 2348 3266 2398 unus,
3312 2335 3472 2385 verus
3500 2337 3560 2384 et
3590 2314 3592 2316 V

1965 2432 2139 2486 bonus
2170 2431 2332 2496 Deus,
2363 2429 2501 2483 sicut
2525 2443 2632 2481 non
2655 2437 2740 2481 est
2771 2427 2824 2481 in
2856 2441 2923 2480 eo
2949 2424 3227 2493 cogitatio,
3259 2438 3377 2492 qua:
3421 2431 3564 2489 tem:

1964 2531 2114 2602 poris
2134 2527 2472 2583 volubilitate
2502 2525 2740 2580 varietur
2763 2524 2961 2596 (neque
2984 2521 3145 2584 enim,
3190 2521 3328 2575 sicut
3381 2517 3558 2573 homi-

1967 2638 2082 2686 nes,
2115 2623 2273 2676 aliter
2301 2621 2558 2688 cogitavit
2585 2618 2894 2688 priusquam
2926 2615 3181 2669 mundum
3212 2614 3433 2677 taceret,
3459 2610 3558 2665 ali-

1967 2724 2052 2769 ter
2077 2715 2279 2782 cogitat
2307 2723 2590 2784 postquam
2622 2710 2879 2764 mundum
2911 2707 3056 2772 fecit,
3102 2716 3195 2761 aut
3223 2708 3378 2761 aliter
3406 2705 3557 2772 cogi-

1970 2817 2180 2862 taturus
2205 2819 2306 2871 est,
2341 2813 2630 2876 postquam
2662 2801 2844 2856 mundi
2867 2800 3029 2869 hujus
3061 2798 3227 2869 ﬁgura
3255 2798 3556 2860 transierit;

1967 2901 2093 2971 quia
2127 2897 2400 2952 consilium
2422 2894 2633 2948 Domini
2655 2901 2828 2946 manet
2853 2876 2907 2944 in
2930 2901 3177 2945 internum
3201 2887 3371 2961 [PsaL
3388 2900 3558 2951 xxxu,
3583 2878 3586 2880 ⁷

1971 2989 2106 3062 11]);
2135 2989 2215 3044 sic
2235 2994 2320 3042 est
2347 2983 2739 3056 inseparabilis,
2770 2982 2909 3036 sicut
2932 2977 3401 3035 incommutabilis.
3433 2973 3558 3029 Tri-

1968 3083 2111 3137 nitas
2139 3080 2283 3135 enim
2312 3093 2451 3133 unus
2470 3076 2631 3141 Deus,
2682 3089 2782 3128 nec
2809 3087 3007 3141 corpus
3047 3080 3152 3136 est,
3200 3084 3300 3124 nec
3347 3074 3560 3122 creatus

1969 3175 2228 3244 spiritus;
2252 3170 2377 3242 quia
2399 3183 2597 3238 corpus
2626 3166 2746 3222 loco
2773 3163 3130 3220 concluditur.
3160 3169 3216 3216 et
3241 3175 3417 3215 omnis
3445 3159 3560 3228 spi-
3585 3149 3589 3154 ’

272 3273 540 3342 -ιιὶυωειιιθ
567 3271 850 3341 spirituum
879 3267 1052 3323 factor
1081 3265 1553 3329 incommutabilis,
1607 3273 1862 3326 teternus.
1893 3281 1939 3340 ς
1970 3269 2110 3353 ritus
2135 3264 2226 3336 qui
2254 3269 2471 3318 creatus
2495 3267 2600 3326 est,
2629 3266 2832 3313 naturae
2853 3270 2964 3310 sum
2981 3253 3199 3308 modulo
3221 3251 3558 3305 terminatur.

275 3364 798 3434 immensus,justus
823 3370 878 3418 et
901 3362 1090 3417 bonus.
1138 3358 1240 3426 Qui
1287 3359 1356 3413 ab
1413 3357 1662 3412 omnibus
1711 3355 1876 3411 rebus

269 3475 421 3532 quas
449 3458 597 3522 fecit,
630 3472 907 3527 nunquam
934 3454 1161 3510 discedit
1187 3468 1283 3522 per
1313 3451 1729 3506 itnntensitatem
1779 3463 1876 3502 na-

281 3559 442 3608 turae.
469 3547 655 3618 Neque
676 3547 820 3600 enim
843 3543 957 3598 ﬁeri
979 3551 1158 3612 potest
1181 3549 1239 3596 ut
1265 3540 1427 3594 alicui
1451 3540 1530 3594 rei
1560 3554 1679 3603 ante
1708 3537 1875 3592 habet

272 3657 317 3695 «τι
342 3639 452 3695 Deo
484 3639 647 3707 utsit,
673 3637 787 3707 ipse
817 3634 958 3689 Deus
987 3649 1084 3704 per
1106 3632 1401 3703 potentiam
1423 3631 1580 3685 desit.
1605 3629 1674 3682 Et
1696 3637 1876 3684 tamen

281 3743 386 3801 per
413 3725 838 3783 misericordiam
859 3731 915 3777 et
938 3722 1220 3790 judicium,
1255 3735 1363 3788 quo
1393 3735 1446 3773 et
1494 3728 1713 3772 cantare
1768 3732 1876 3771 non

273 3819 502 3874 desistit
530 3815 768 3871 Ecclesia
799 3812 976 3886 (Psal.
1007 3827 1056 3876 c,
1093 3811 1166 3880 1),
1203 3825 1310 3864 non
1337 3810 1632 3875 incongrue
1659 3807 1876 3870 dicitur,

255 3918 347 3969 ,ει
369 3909 612 3965 ﬁdelibus
641 3906 849 3969 adesse,
875 3913 929 3958 et
960 3902 1264 3956 inﬁdelibus
1289 3900 1447 3967 longe
1476 3900 1686 3953 abesse.
1745 3895 1877 3950 Nam

278 4000 434 4075 quod
455 4001 645 4055 attinet
674 3999 739 4052 ad
759 4005 1030 4057 naturam,
1062 3994 1188 4062 quia
1221 4001 1392 4067 totum
1417 3989 1674 4060 quidquid
1721 4003 1876 4043 crea-

283 4102 529 4159 tumest,
557 4094 674 4148 sive
701 4089 1002 4160 corporale,
1063 4087 1177 4140 sive
1223 4083 1484 4154 spiritale,
1541 4082 1652 4136 sola
1697 4089 1880 4134 sancta

287 4187 550 4253 Trinitas,
583 4185 736 4238 idest
762 4197 898 4234 unus
925 4181 1084 4244 Deus,
1109 4178 1200 4246 qui
1230 4189 1311 4230 est
1339 4173 1603 4241 Pater,.et
1623 4172 1806 4237 Filius,
1828 4180 1890 4228 et

285 4280 527 4350 Spiritus
547 4284 784 4340 sanctus,
816 4289 920 4328 una
942 4273 1243 4336 voluntate,
1276 4283 1381 4322 una
1412 4266 1750 4337 operatione,
1774 4277 1882 4319 una

289 4374 513 4434 virtute,
547 4385 650 4424 una
683 4365 1079 4426 benevolentia,
1115 4374 1328 4429 unaque
1355 4358 1746 4428 omnipotentia
1801 4357 1884 4411 fe-

290 4475 371 4520 cit
397 4483 410 4518 :
439 4465 578 4518 sicut
610 4471 776 4516 totam
807 4467 1108 4514 creaturam
1137 4454 1324 4524 implet
1351 4451 1534 4515 Pater,
1567 4451 1750 4519 utique
1779 4449 1889 4503 vir-

291 4566 433 4621 tute,
460 4571 566 4609 non
596 4553 775 4617 mole;
807 4550 885 4605 sic
914 4559 1082 4603 totam
1106 4545 1293 4615 implet
1341 4542 1530 4606 Filius,
1589 4543 1670 4596 sic
1715 4549 1887 4595 totam

1977 3339 2213 3414 Trinitas
2238 3363 2420 3409 autem
2444 3367 2580 3407 unus
2607 3339 2770 3418 Deus,
2797 3349 2935 3403 sicut
2955 3353 3039 3402 est
3065 3355 3320 3410 mternus,
3347 3351 3400 3399 et
3417 3339 3592 3414 nulla"

1977 3450 2056 3505 illi
2081 3457 2356 3505 coaeterna
2379 3452 2504 3500 sunt
2536 3451 2814 3513 tempora;
2844 3441 2924 3494 sic
2951 3449 3036 3493 est
3057 3437 3368 3499 immensus,
3401 3447 3563 3503 quem
3621 3442 3624 3446 '

1977 3542 2125 3596 nulla
2150 3546 2334 3610 potest
2362 3537 2524 3608 3&6
2551 3532 2879 3590 concludere
2905 3538 3186 3596 creatura;
3219 3537 3274 3584 et
3302 3527 3425 3598 quia
3467 3527 3566 3580 im-

1979 3649 2218 3700 mensus,
2240 3631 2440 3698 ubique
2469 3636 2642 3693 totus;
2667 3626 2793 3694 quia
2819 3640 2918 3680 nec
2939 3626 3247 3679 continetur
3276 3621 3416 3686 loco,
3466 3633 3567 3672 nec

1981 3723 2322 3786 distenditur,
2349 3728 2441 3773 aut
2458 3717 2798 3773 contrahitur
2825 3715 3021 3784 spatio.
3056 3714 3198 3767 Deus
3247 3711 3428 3780 itaque
3481 3723 3570 3760 sa-

1982 3816 2182 3888 pientia
2208 3822 2311 3878 est,
2345 3812 2486 3866 Deus
2508 3810 2711 3864 veritas
2739 3816 2844 3875 est,
2873 3807 3013 3860 Deus
3055 3805 3252 3858 caritas
3300 3811 3404 3856 est.
3456 3797 3572 3853 Hoc

1985 3905 2168 3972 Pater,
2201 3904 2304 3958 hoc
2330 3901 2515 3965 Filius,
2549 3901 2652 3954 hoc
2681 3898 2912 3968 Spiritus
2938 3905 3169 3958 sanctus,
3196 3894 3297 3947 hoc
3324 3893 3438 3962 ipsa
3453 3889 3575 3944 Tri-

1985 4000 2144 4061 nitas,
2177 3997 2267 4065 qui
2297 4010 2457 4061 unus,
2505 4008 2663 4046 verus
2718 3999 2772 4044 et
2818 3990 2993 4043 bonus
3039 3994 3121 4041 est
3173 3985 3334 4039 Deus.
3364 3981 3422 4037 Si
3452 3981 3574 4052 quis

1987 4103 2116 4157 ergo
2147 4087 2343 4141 docere
2373 4092 2568 4154 potest,
2601 4081 2716 4135 sive
2747 4080 2798 4133 in
2829 4076 3116 4148 sapientia,
3167 4076 3280 4129 sive
3327 4074 3379 4128 in
3427 4072 3574 4126 veri-

1989 4189 2118 4245 tate,
2141 4179 2257 4233 sive
2284 4177 2337 4230 in
2366 4175 2590 4230 caritate
2611 4173 2843 4242 aliquam
2873 4169 3190 4225 divisionem
3215 4182 3354 4234 esse,
3380 4164 3578 4220 audeat

1992 4266 2411 4327 indubitanter"
2438 4275 2494 4322 et
2516 4279 2761 4320 asserere
2810 4260 3148 4316 Trinitatem.
3195 4259 3254 4315 Si
3303 4275 3432 4315 vero
3472 4250 3580 4315 nec

1990 4365 2273 4436 sapientia,
2307 4377 2409 4416 nec
2430 4361 2653 4426 veritas,
2686 4374 2786 4412 nec
2831 4356 3029 4411 caritas
3076 4354 3416 4426 aliquatenus
3443 4351 3581 4406 divi-

1992 4460 2155 4523 ditur,
2188 4472 2256 4512 ex
2280 4455 2386 4513 hoc
2413 4455 2599 4525 utique
2627 4451 2864 4506 Trinitas
2889 4447 3226 4504 indivisibilis
3254 4455 3416 4518 atque
3438 4445 3582 4499 inse-

1996 4549 2250 4620 parabilis
2274 4547 2604 4616 agnoscitur.
2634 4545 2876 4613 Apparct
2924 4541 3087 4608 igitur
3113 4551 3362 4606 magnam
3417 4533 3584 4590 fuisse

291 4649 488 4720 implet
507 4646 740 4717 Spiritus
762 4650 998 4711 sanctus.
1026 4640 1209 4708 Neque
1231 4638 1375 4690 enim
1405 4644 1573 4690 totam
1585 4643 1888 4688 creaturam

1999 4639 2284 4697 Fastidiosi
2313 4637 2662 4708 impietatem,
2696 4649 2801 4704 qua
2829 4649 2927 4687 nos
2957 4633 3008 4686 in
3037 4645 3105 4686 eo
3127 4629 3333 4700 putavit
3359 4626 3582 4681 omnino

290 4743 380 4800 sic
401 4739 592 4812 implet
614 4736 868 4796 Trinitas,
901 4742 956 4786 ut
979 4739 1190 4802 partem
1215 4728 1438 4798 impleat
1466 4725 1649 4794 Pater,
1679 4733 1890 4795 partem

293 4835 486 4900 Filius,
519 4841 729 4903 partem
759 4828 990 4898 Spiritus
1011 4833 1250 4886 sanctus,
1273 4837 1373 4876 nec
1397 4830 1578 4875 tamen
1628 4828 1742 4874 tota
1785 4820 1890 4873 im-

292 4937 513 5002 pleatur
540 4940 571 4977 a
600 4923 716 4977 solo
741 4920 918 4984 Patre,
942 4931 1116 4984 neque
1137 4930 1167 4968 a
1190 4916 1308 4969 solo
1331 4912 1485 4977 Filio,
1513 4925 1690 4979 neque
1718 4926 1748 4964 a
1769 4925 1890 4965 soto

294 5001 510 5092 Spiritu
550 5023 757 5070 sancto.
791 5011 922 5077 Quis
951 5009 1093 5064 enim
1114 5021 1194 5061 SIC
1220 5007 1287 5059 de
1315 5004 1596 5068 Trinitate,
1638 5001 1690 5058 id
1718 5010 1800 5057 est
1825 5002 1894 5056 de

300 5129 411 5168 uno
438 5110 550 5164 Deo
573 5106 770 5161 audeat
794 5103 1020 5165 sentire,
1053 5116 1162 5154 non
1191 5097 1313 5152 dico
1357 5097 1575 5161 stultus,
1613 5093 1720 5170 sed
1769 5109 1891 5148 om-

298 5208 433 5262 nino
453 5202 784 5269 sacrilegus;
816 5212 939 5252 eum
971 5194 1140 5247 virtus
1173 5189 1265 5244 Dei
1309 5197 1472 5258 atque
1500 5185 1755 5241 divinitas
1796 5201 1886 5240 ne.

298 5313 457 5354 cesse
477 5306 560 5350 est
577 5297 647 5348 ita
668 5294 738 5347 sit
760 5287 1078 5345 naturaliter
1099 5287 1383 5348 inunensa,
1405 5281 1544 5336 sicut
1564 5289 1646 5335 est
1667 5290 1892 5334 natura-

300 5397 428 5450 iiter
457 5388 820 5462 sempiterna?
849 5384 956 5440 Sed
1003 5382 1250 5437 homines
1300 5377 1606 5434 carnalibus
1648 5375 1896 5440 sensibus

299 5485 474 5541 dediti
505 5483 667 5538 etiam
699 5481 870 5551 ipsum
893 5476 1060 5530 Deum
1087 5489 1192 5528 non
1220 5479 1446 5542 possunt
1474 5469 1575 5524 nisi
1603 5469 1894 5524 carnaliter

298 5581 567 5664 cogitare.
601 5577 666 5632 Et
691 5575 1002 5632 existimant
1028 5569 1262 5634 Patrem,
1307 5578 1362 5622 et
1391 5564 1603 5620 Filium.
1634 5571 1690 5617 et
1717 5560 1894 5632 Spiri.

371 5797 409 5833 ἐι
441 5789 746 5860 Legcnlnm
776 5793 824 5840 et
854 5799 956 5838 non
990 5779 1145 5841 Dens,
1176 5777 1251 5830 sic
1273 5773 1414 5828 enim
1445 5789 1606 5843 supra
1645 5771 1889 5842 pluribus

309 5871 365 5926 in
389 5867 542 5921 locis“.

392 5911 720 5990 ittilanit‘cste
771 5928 921 5984 deest
972 5923 1056 5978 bic
1105 5917 1405 5974 disisibilem
1435 5926 1482 5969 et
1527 5911 1866 5985 separabilem
1881 5914 1936 5979 ;’

1994 4733 2313 4804 culpandos,
2342 4731 2468 4800 quia
2497 4727 2728 4782 fatentur
2757 4723 3166 4796 inseparabilem
3196 4730 3359 4791 atque
3385 4717 3580 4773 indivi-

1993 4827 2152 4880 duam
2183 4822 2503 4877 Trinitatem
2529 4836 2544 4872 :
2575 4833 2701 4873 cum
2731 4817 2936 4886 utique,
2967 4815 3108 4870 sicut
3135 4811 3440 4884 praecedens
3469 4809 3583 4863 dis-

1996 4917 2207 4988 putatio
2231 4914 2414 4970 docuit
2444 4914 2629 4983 (quam
2653 4925 2760 4964 non
2807 4909 2982 4963 solum
3015 4906 3176 4974 ratio,
3206 4903 3300 4960 sed
3344 4910 3400 4957 et
3431 4899 3586 4956 testi-

1994 5009 2300 5064 moniorum
2326 5003 2596 5061 sufﬁciens
2619 5001 2920 5057 divinorum
2952 5001 3108 5071 copia
3135 4993 3454 5062 roboravit),
3483 5005 3587 5046 nec

1996 5101 2122 5156 loco
2150 5097 2416 5155 contineri
2443 5077 2608 5166 queai
2635 5102 2827 5150 natura
2851 5093 3126 5148 Trinitatis
3157 5091 3437 5154 immensa,
3483 5097 3588 5140 nec

2001 5197 2226 5263 peccato
2253 5190 2536 5258 subjacere
2567 5187 2738 5258 possit
2761 5184 3014 5256 quaelibet
3041 5184 3094 5236 in
3142 5179 3405 5234 Trinitate
3458 5188 3586 5246 per-

1999 5299 2133 5341 sona
2159 5301 2173 5338 :
2201 5283 2324 5353 quia
2355 5283 2472 5354 ipsa
2497 5280 2732 5338 Trinitas
2750 5287 2834 5336 est
2861 5276 3180 5334 naturaliter
3203 5281 3427 5336 aeterna,
3459 5267 3614 5341 per;

2000 5378 2163 5447 lecta,
2189 5375 2750 5445 incommutabilisque
2786 5370 3026 5444 justitize.
3055 5369 3316 5423 Minorem
3341 5379 3472 5418 vero
3495 5361 3586 5415 ιη.

2002 5471 2134 5526 lium
2164 5469 2415 5525 haeretica
2437 5469 2652 5540 quidem
2680 5465 2917 5538 pravitas
2937 5461 3082 5516 male
3105 5473 3346 5516 asserere
3369 5455 3588 5511 nititur:

2005 5562 2207 5634 pietate
2235 5576 2364 5618 vero
2385 5568 2620 5624 servata,
2651 5555 2916 5612 catholica
2939 5554 3137 5609 veritas
3165 5551 3425 5624 mqualem
3455 5559 3594 5602 con-

1999 5769 2121 5838 quia
2151 5770 2312 5840 paulo
2335 5775 2454 5838 post
2479 5765 2694 5840 dicitur,
2729 5763 2957 5820 Trinitas
2987 5762 3315 5817 indivisibilis
3340 5771 3488 5832 atque
3516 5762 3592 5815 in-

2006 5839 2311 5912 separabilis
2334 5839 2652 5910 agnoscitur.
