4130 6478
610 420 717 481 5:5
1642 414 1697 472 s.
1739 411 2101 471 nucem"
2137 392 2438 473 EPISCOPI
2470 413 2845 473 nusrszvsrs
2898 384 2901 391 “
3145 474 3152 481 ,
3769 418 3856 475 su

607 538 809 594 litetur.
874 530 1121 589 Haeretici
1175 529 1375 602 quippe
1429 527 1801 598 incorpoream
1853 525 2189 581 divinitatem
2218 532 2269 593 Α
2293 535 2398 582 tur.
2423 526 2520 583 Et
2540 526 2721 597 itaque
2749 526 2915 583 Filius
2934 521 3156 596 aequalis
3181 522 3351 597 Patri,
3373 527 3505 599 quia
3537 529 3639 587 hoc
3665 546 3857 605 semper

611 642 719 683 non
743 625 844 682 nisi
869 622 1225 694 corporaliter
1269 621 1587 690 cogitantes,
1616 634 1738 676 cum
1766 617 2060 674 secundum
2090 632 2189 673 na—
2288 618 2452 673 habet
2493 634 2560 674 ex
2614 616 2791 673 Patre.
2844 616 2939 673 Est
2984 616 3147 673 etiam
3195 616 3354 675 Patre
3383 620 3589 689 minor,
3617 621 3735 692 quia
3769 626 3857 684 hoc

608 727 787 773 turam
808 716 993 771 dicunt
1010 708 1202 769 Filium
1230 712 1514 777 minorem,
1536 709 1635 765 sub
1651 709 1883 778 imagine
1897 706 2189 763 Christiani
2293 708 2661 779 temporaliter
2712 707 2919 779 accepit
2965 723 3032 764 ex
3066 706 3303 778 Virgine.
3334 709 3611 778 Quocirca
3638 712 3765 772 sicut
3783 718 3857 788 pie

609 806 861 872 nominis,
886 819 1046 876 quam
1076 801 1339 859 fallaciter
1366 803 1729 873 praetendunt,
1753 800 2072 856 idololatria:
2093 814 2192 856 ne-

609 897 773 954 Iando
800 897 1022 954 crimine
1042 895 1359 965 semetipsos
1388 893 1686 967 involvunt.
1719 893 1857 959 Quid
1910 900 1995 947 est
2045 892 2191 947 enim

609 991 773 1046 deum
790 987 1075 1056 majorem,
1088 996 1144 1043 et
1164 986 1324 1042 deum
1349 986 1612 1041 minorem
1627 985 1680 1040 iu
1704 984 1926 1054 singulis
1946 982 2197 1053 personis

611 1082 811 1145 dicere,
841 1080 942 1137 nisi
964 1074 1159 1136 diversi
1188 1078 1397 1147 generis
1435 1077 1765 1145 diversthue
1786 1075 1999 1130 virtutis
2027 1073 2190 1140 idola,

612 1188 720 1228 non
744 1173 797 1227 in
816 1166 1131 1243 parietibus,
1155 1168 1275 1235 sed,
1298 1168 1444 1241 quod
1465 1169 1700 1226 deterius
1722 1177 1825 1233 est,
1851 1169 1904 1222 in
1941 1165 2195 1222 cordibus

611 1264 917 1320 collocare?
939 1260 1074 1317 Hinc
1100 1262 1244 1317 enim
1272 1275 1333 1317 se
1358 1260 1495 1316 duos
1523 1261 1656 1316 deos
1676 1258 1856 1315 colere
1880 1258 2064 1314 Ariani
2087 1256 2197 1313 evi-

611 1357 803 1413 denter
828 1353 1136 1418 ostcudunt,
1168 1351 1295 1408 dum
1343 1346 1604 1423 aequalem
1658 1350 1806 1406 Patri
1852 1348 2045 1405 Filium
2094 1360 2194 1403 ne-

612 1453 772 1513 gant:
803 1452 1000 1500 etcum
1025 1443 1121 1515 (at.
1152 1443 1300 1516 eum)
1324 1445 1611 1511 minorem,
1662 1458 1770 1498 non
1827 1440 2196 1513 assumptione

611 1538 789 1593 carnis
811 1536 979 1607 (quod
1002 1535 1125 1591 ﬁdei
1146 1536 1344 1592 veritas
1368 1534 1683 1607 habet),scd
1705 1543 1895 1590 natura
1921 1532 2196 1587 immensa:

612 1627 908 1682 divinitatis
936 1635 1270 1692 asseverant,
1300 1643 1420 1683 cum
1466 1627 1534 1682 de
1562 1628 1678 1697 ipso
1707 1627 1907 1682 dictum
1954 1624 2045 1689 sit,
2102 1623 2196 1693 qui

612 1718 876 1788 sapientia
898 1718 993 1774 Dei
1022 1730 1128 1786 est,
1149 1719 1241 1788 qui
1270 1719 1467 1773 candor
1487 1727 1565 1773 est
1599 1718 1730 1772 lucis
1783 1728 1991 1773 (eterna:
2029 1715 2193 1788 (Sap.
2218 1726 2224 1734 ‘

612 1825 707 1871 vn,
737 1808 855 1879 26).
881 1810 958 1865 De
986 1824 1094 1879 quo
1124 1811 1177 1865 in
1205 1809 1444 1879 Epistula
1470 1809 1536 1863 ad
1565 1808 1820 1864 Hebr-ams
1840 1809 2035 1863 dicitur
2058 1826 2072 1862 :
2093 1804 2196 1872 Qui

2291 798 2457 855 Filius
2484 799 2705 871 aequalis
2732 798 2926 855 dicitur
2966 796 3112 856 Patri
3140 802 3354 873 quando
3381 803 3437 858 in
3460 819 3526 860 eo
3557 802 3859 877 humanitas,

2290 905 2396 961 qua
2420 890 2579 945 Patre
2602 890 2781 946 minor
2817 891 2920 958 est,
2938 907 3060 971 non
3107 896 3422 965 agnoscitur
3452 913 3466 951 :
3493 897 3576 952 sic
3602 897 3859 970 impiemi-
3903 936 3910 945 ρ

2293 999 2396 1038 nor
2414 983 2558 1038 idem
2580 978 2745 1039 Filius
2771 982 2967 1040 dicitur
2992 985 3207 1055 quando
3236 987 3288 1042 in
3312 1003 3380 1044 eo
3404 991 3723 1048 naturaliter
3753 1009 3856 1057 cum

2294 1072 2453 1132 Patre
2478 1073 2773 1131 divinitatis
2806 1076 2984 1133 unitas
3012 1085 3069 1133 et
3094 1078 3374 1148 aequalitas
3397 1081 3717 1152 denegatur.
3739 1082 3858 1142 Dici-

2296 1181 2420 1222 mus
2447 1179 2578 1236 ergo
2597 1164 2789 1221 Filium
2818 1167 3134 1224 naturaliter
3150 1167 3440 1241 mqualem,
3458 1171 3686 1229 dicimus
3705 1185 3755 1230 et
3772 1177 3857 1232 mi-

2295 1274 2505 1314 norem.
2534 1256 2774 1314 Dicimus
2794 1259 3087 1314 secundum
3115 1260 3339 1317 formam
3364 1263 3463 1320 Dei
3502 1266 3756 1336 mqnalem
3775 1254 3856 1323 na?

2295 1355 2430 1414 tum,
2454 1345 2744 1404 secundum
2767 1345 2990 1423 formam
3008 1365 3137 1407 vero
3157 1352 3295 1408 servi
3318 1355 3511 1411 habitu
3528 1355 3853 1418 minoratum.

2297 1437 2531 1495 Dicimus
2582 1440 2841 1508 aqualem
2890 1439 3059 1507 Patri,
3107 1442 3160 1498 in
3208 1458 3317 1514 quo
3370 1449 3858 1517 cognoscimnssine

2298 1527 2450 1582 initio
2495 1535 2680 1582 natum
2729 1526 2798 1582 de
2850 1523 3048 1595 Patre;
3075 1529 3303 1588 dicimus
3337 1541 3393 1588 et
3440 1535 3723 1605 minorem,
3749 1530 3854 1609 quia

2295 1631 2417 1671 cum
2469 1616 2617 1671 venit
2655 1615 2930 1686 plenitudo
2976 1620 3253 1689 temporis,
3308 1621 3460 1679 misit
3509 1625 3650 1683 Deus
3692 1627 3854 1685 Filium

2295 1720 2454 1761 suum
2483 1703 2682 1760 factum
2710 1720 2778 1761 ex
2805 1714 2999 1773 matre,
3028 1708 3228 1765 factum
3249 1712 3350 1767 sub
3376 1715 3503 1784 lege
3533 1717 3673 1788 (Gal.
3700 1736 3764 1787 tv,
3786 1717 3849 1777 ι).

2298 1795 2552 1864 Proinde,
2582 1796 2721 1852 sicut
2764 1794 3133 1853 indubitanter
3154 1800 3530 1871 'prmdicamus
3580 1817 3771 1875 natum,
3792 1812 3855 1865 sic

614 1917 727 1955 cum
755 1899 1093 1971 eiteplendor
1137 1900 1323 1973 gratiae
1352 1910 1402 1969 ⁸,
1446 1910 1495 1955 et
1538 1903 1711 1972 ﬁgura
1760 1901 2061 1956 substantia:
2083 1899 2194 1971 ejus

2299 1886 2484 1957 utique
2536 1885 2886 1957 praedicamus
2936 1894 2993 1942 et
3033 1887 3250 1943 factum.
3282 1890 3529 1949 Dicimus
3576 1896 3712 1951 enim
3758 1899 3854 1953 sine

616 1988 865 2059 (Hebr.'t,
900 1989 977 2063 3).
1013 1992 1306 2047 Attendant
1331 2001 1509 2046 autem
1538 1993 1827 2047 candorem
1856 1991 1991 2047 lucis
2035 1999 2195 2047 mter-

618 2099 722 2151 ηπ,
750 2091 806 2139 et
833 2091 1128 2153 agnoscant
1154 2084 1303 2153 quia,
1332 2085 1472 2139 sicut
1501 2085 1590 2139 illa
1612 2083 1705 2138 lux
1760 2093 1962 2139 :eterna
2003 2092 2087 2139 est
2143 2090 2201 2138 et

617 2174 900 2241 immensa,
927 2174 1001 2229 ita
1029 2191 1183 2231 suum
1212 2191 1428 2245 quoque
1458 2174 1747 2231 candorem
1789 2190 1891 2229 nec
1934 2174 2200 2245 posterio-

617 2280 733 2321 rem
759 2265 1081 2323 naturaliter
1102 2267 1264 2322 habet
1279 2266 1638 2337 aliquatenus,
1664 2283 1763 2323 nec
1784 2266 2076 2331 minorem;
2105 2263 2201 2320 sed

615 2357 889 2414 aeternitas
944 2359 1386 2424 immensitatem,
1445 2361 1807 2415 teternitatem
1862 2357 2200 2413 immensitas

615 2449 899 2522 :cqualem.
1470 2462 1475 2470 ‘

1214 2562 1443 2621 CAPUT
1479 2562 1592 2619 VII.

649 2675 846 2745 _Fides
894 2677 1056 2746 igitur
1093 2678 1430 2745 Christiana,
1478 2693 1601 2748 qua:
1655 2677 1805 2733 novit
1858 2674 2203 2744 Unigenitum

617 2770 807 2836 Deum,
829 2771 972 2828 etde
999 2769 1175 2828 Patris
1199 2781 1388 2829 natura
1415 2772 1590 2828 solum
1630 2778 1833 2834 natum,
1865 2778 1922 2824 et
1961 2771 2031 2825 de
2081 2769 2202 2824 Vir-

615 2861 740 2930 gine
766 2863 931 2919 Maria
955 2872 1214 2928 creatum,
1239 2879 1576 2934 cognoscens
1606 2864 1659 2918 in
1682 2880 1750 2919 eo
1768 2878 1951 2918 veram
1975 2877 2197 2917 manere

615 2961 900 3023 utramque
927 2953 1301 3019 substantiam,
1333 2954 1413 3012 sic
1440 2971 1563 3011 eum
1586 2971 1716 3011 vere
1754 2954 1822 3010 de
1870 2952 2032 3011 Patre
2088 2954 2202 3010 Deo

618 3045 763 3102 Patri
782 3046 1070 3103 conﬁtetur
1093 3047 1378 3118 aequalem,
1410 3054 1470 3102 ut
1489 3047 1608 3104 sine
1635 3045 1901 3103 mendacii
1928 3056 2090 3115 atque
2110 3045 2206 3101 im-

614 3138 833 3209 pietatis
858 3139 1083 3196 crimine
1111 3140 1366 3211 praedicet
1392 3150 1449 3197 et
1477 3141 1762 3198 minorem.
1787 3140 1923 3197 Nam
1944 3126 2072 3211 quia
2095 3154 2203 3195 una

2303 1976 2456 2032 initio
2501 1981 2687 2029 natum
2742 1974 2812 2030 de
2855 1975 3019 2032 corde
3071 1974 3266 2042 Patris,
3284 1978 3521 2039 dicimus
3546 1984 3611 2039 'in
3639 1992 3853 2057 tempore

2300 2067 2499 2124 tactum
2528 2081 2691 2137 opere
2711 2066 3004 2121 Trinitatis.
3023 2065 3211 2121 Filium
3241 2070 3384 2125 enim
3409 2086 3567 2127 suum
3588 2076 3850 2145 proprium,

2300 2164 2357 2211 et
2400 2155 2469 2210 de
2495 2171 2591 2210 sua
2640 2162 2827 2210 natura
2857 2152 3017 2211 Pater
3042 2156 3247 2225 genuit,
3277 2167 3333 2214 et
3354 2159 3424 2216 de
3452 2171 3640 2219 natura
3667 2164 3852 2236 virginis

2302 2243 2448 2300 fecit.
2496 2242 2762 2312 Quidquid
2816 2251 2997 2299 autem
3063 2244 3207 2310 fecit,
3263 2259 3597 2319 cooperante
3649 2252 3771 2308 Filio
3809 2258 3853 2308 et

2301 2334 2505 2406 Spiritu
2542 2342 2733 2390 sancto
2763 2334 2903 2390 fecit.
2929 2334 3119 2390 Filium
3155 2351 3286 2407 ergo
3313 2355 3474 2395 suum
3503 2342 3646 2398 solus
3668 2344 3849 2414 quidem

2304 2425 2466 2481 Pater
2484 2426 2690 2494 genuit,
2712 2425 2806 2479 sed
2838 2442 2945 2481 non
2967 2427 3116 2482 solus
3144 2427 3290 2484 fecit.
3320 2429 3379 2485 In
3411 2432 3551 2488 Filio
3577 2435 3711 2490 enim
3740 2432 3848 2491 Uni-

2302 2518 2487 2587 genito
2536 2517 2704 2573 solius
2757 2528 2957 2573 tutorum
2985 2521 3260 2587 generatio
3302 2521 3499 2590 Patris,
3532 2534 3586 2581 et
3613 2527 3662 2582 in
3689 2527 3848 2584 eodem

2304 2608 2440 2663 Filio
2461 2607 2602 2663 facto
2630 2623 2735 2663 una
2764 2609 2927 2663 totius
2956 2611 3199 2679 operatio
3224 2620 3307 2667 est
3328 2611 3628 2672 Trinitatis.
3658 2616 3849 2673 Creator

2303 2700 2501 2773 quippe
2539 2700 2771 2755 hominis
2811 2697 3128 2768 Unigenitus
3157 2700 3314 2768 Deus,
3349 2714 3566 2761 creatus
3594 2716 3672 2763 est
3693 2686 3846 2772 homo,

2228 2832 2231 2837 -
2303 2802 2359 2849 et
2399 2793 2539 2850 idem
2577 2792 2667 2864 qui
2701 2793 2769 2848 de
2816 2792 2930 2849 viro
2975 2793 3251 2850 mulierem
3277 2794 3422 2862 fecit,
3457 2797 3525 2853 de
3547 2796 3752 2856 muliere
3782 2802 3849 2879 vir

2232 2918 2238 2925 υ
2302 2885 2473 2941 factus
2519 2892 2621 2940 est.
2650 2880 2805 2939 Unde
2847 2893 3078 2954 apparet
3132 2886 3255 2955 quia
3313 2890 3623 2946 testimonia
3651 2907 3757 2960 quze
3793 2891 3848 2948 de

2307 2976 2598 3043 Evangelia
2625 2986 2681 3030 et
2712 2975 2781 3030 de
2810 2974 3032 3031 Actibus
3058 2978 3451 3047 apostolorum,
3479 2995 3541 3036 ac
3576 2979 3848 3048 Salomone,

2300 3066 2633 3122 Fastidiosus
2659 3065 2822 3136 impie
2844 3067 3091 3136 protulit,
3111 3083 3218 3123 non
3242 3069 3507 3126 unitatem
3528 3070 3751 3128 Paterna:
3767 3088 3845 3127 na-

2302 3172 2439 3218 turae
2466 3161 2603 3217 Filio
2652 3162 2914 3226 adimunt,
2942 3160 3036 3216 sed
3065 3172 3464 3219 sacramentum
3494 3162 3679 3221 divina:
3704 3167 3847 3221 incarc

614 3240 700 3287 est
726 3230 802 3286 illi
830 3231 1087 3288 naturalis
1114 3247 1238 3289 cum
1260 3232 1422 3289 Patre
1440 3232 1715 3299 divinitas,
1739 3241 1798 3287 et
1822 3247 1925 3287 una
1948 3247 2071 3287 cum
2092 3246 2204 3286 ma-

2305 3252 2540 3308 nationis
2589 3250 2898 3307 ostendunt.
2933 3247 3087 3317 Quod
3114 3248 3418 3310 certissime
3458 3254 3630 3311 sciens
3653 3252 3850 3310 Joannes

617 3331 704 3378 tre
730 3322 990 3378 naturalis
1011 3322 1337 3388 humanitas,
1361 3323 1416 3379 in
1446 3339 1513 3379 eo
1540 3333 1625 3379 est
1650 3324 1873 3393 mqualis
1913 3321 2060 3378 Patri
2114 3322 2203 3377 Fi-

617 3414 725 3472 lius
772 3416 826 3471 in
852 3430 960 3485 quo
1006 3415 1075 3472 de
1118 3413 1280 3473 Patre
1309 3431 1467 3471 verus
1493 3423 1577 3472 est
1607 3416 1770 3480 Deus,
1792 3423 1848 3470 et
1870 3418 1924 3470 in
1946 3414 2105 3487 357
2135 3429 2204 3469 eo

617 3618 780 3658 verus
805 3610 890 3659 est
911 3602 1091 3658 homo.
1118 3600 1234 3671 Ipsa
1255 3610 1337 3657 est
1354 3614 1484 3669 ergo
1508 3600 1637 3657 ﬁdes
1674 3616 1822 3665 vera,
1873 3601 1985 3672 ipsa
2034 3599 2207 3670 pietas

618 3699 826 3758 sancta,
854 3693 968 3764 ipsa
990 3692 1278 3765 credulitas
1303 3692 1630 3751 Christiana.
1662 3692 1714 3747 in
1743 3708 1850 3748 uno
1898 3691 2200 3761 eodemque

620 3784 716 3841 Dei
744 3784 902 3853 Filio,
928 3791 987 3840 et
1013 3791 1261 3839 naturam
1289 3792 1528 3855 paterna:
1549 3783 1844 3840 divinitatis
1882 3782 2123 3848 credere,
2149 3790 2207 3839 et

620 3883 879 3933 materna:
904 3874 1254 3930 humanitatis
1279 3874 1636 3943 substantiam
1665 3889 1772 3929 non
1814 3888 2051 3943 negare;
2102 3888 2205 3929 nec

618 3965 888 4022 diversam
911 3964 1135 4021 credere
1155 3963 1492 4019 divinitatem
1541 3962 1658 4018 Filii
1699 3979 1729 4018 a
1778 3964 2058 4020 divinitate
2108 3960 2204 4019 Dei

620 4055 816 4126 Patris,
847 4072 947 4113 nec
965 4056 1205 4127 separari
1231 4056 1619 4113 humanitatem
1645 4054 1761 4111 Filii
1784 4057 1852 4111 ab
1871 4056 2207 4111 humanitate

619 4149 856 4219 Virginis
879 4148 1172 4218 genitricis,
1200 4148 1295 4204 sed
1323 4147 1375 4204 in
1401 4148 1593 4204 eodem
1618 4163 1747 4203 vero
1772 4147 1886 4203 Deo
1910 4163 2093 4203 veram
2118 4156 2204 4205 to-

619 4248 839 4310 tamque
856 4239 1085 4298 credere
1101 4240 1266 4295 nostri
1283 4240 1497 4310 generis
1516 4239 1925 4307 humanitatem,
1945 4242 1997 4296 in
2012 4241 2205 4299 eodem

620 4347 755 4388 vero
778 4338 1004 4401 totoque
1024 4332 1245 4387 homine
1267 4347 1450 4388 veram
1489 4331 1813 4403 plenamque
1844 4342 2085 4403 paterna:
2105 4348 2205 4389 na-
2272 4346 2279 4352 ’

622 4431 759 4489 ειη-ω
782 4422 1006 4479 credere
1031 4421 1306 4479 deitatem.
1330 4422 1431 4490 Qui
1454 4422 1597 4479 enim
1626 4423 1937 4479 substantia:
1965 4423 2137 4480 Patris
2151 4425 2206 4481 iu

622 4513 762 4572 Filio
788 4514 1021 4584 denegat
1048 4515 1332 4580 unitatem,
1361 4515 1560 4571 Ariana
1606 4515 1886 4586 impietate
1913 4517 2203 4588 polluitur;

620 4608 715 4678 qui
743 4615 923 4665 autem
949 4618 1109 4678 negat
1133 4609 1412 4666 veritatem
1442 4610 1620 4665 carnis
1641 4611 1699 4679 in,
1735 4609 2021 4680 Unigenito
2070 4611 2202 4677 Deo,

622 4701 932 4758 Manichtete
961 4703 1127 4772 pestis
1154 4702 1379 4758 crimine
1407 4702 1751 4774 profanatur;
1774 4704 1867 4773 qui
1890 4719 2022 4759 vero
2047 4710 2215 4772 negat

623 4795 677 4855 in
701 4794 892 4852 eodem
920 4795 1015 4851 Dei
1040 4795 1176 4853 Filio
1199 4795 1506 4863 humanam,
1552 4795 1605 4853 id
1631 4805 1714 4852 est
1738 4796 2063 4852 rationalem
2091 4795 2208 4850 ani-

623 4901 789 4954 mam,
837 4885 1340 4959 Apollinaristarum
1394 4887 1679 4958 sacrilegio
1729 4886 1976 4959 protinus
2029 4886 2206 4957 inqui-

623 4988 801 5038 natur.

1206 5071 1437 5130 CAPUT
1472 5072 1607 5131 VIII.

692 5186 955 5255 Quocirca
974 5194 1211 5258 paternae
1231 5193 1592 5255 maternusque
1613 5193 1818 5241 natura:
1842 5187 1894 5242 in
1921 5183 2208 5254 Unigenito
2234 5238 2239 5243 .

622 5276 738 5334 Deo
758 5278 986 5334 veritate
1009 5276 1077 5333 ad
1096 5275 1480 5349 plenitudinem
1502 5275 1794 5340 credita,et
1814 5276 1867 5331 in
1886 5291 1989 5331 una
2010 5275 2208 5335 Christi

617 5379 856 5436 persona
881 5366 1106 5435 geminae
1124 5364 1435 5421 substantia:
1464 5363 1692 5437 naturali
1716 5364 2047 5435 proprietate
2089 5379 2208 5421 ser-

618 5466 768 5522 vata,
786 5456 874 5528 pie
891 5472 1124 5526 vereque
1144 5455 1290 5513 Patri
1306 5445 1700 5526 Filiusthualis
1722 5463 1777 5511 et
1796 5456 1975 5511 minor
1991 5456 2204 5520 dicitur,

619 5550 710 5620 pie
754 5563 990 5621 vereque
1033 5557 1333 5607 coaeternus
1357 5555 1414 5604 et
1441 5548 1711 5620 posterior
1755 5545 2091 5617 prtedicatur,
2120 5546 2209 5617 pie

620 5654 856 5713 vereque
900 5649 957 5695 et
1002 5654 1219 5709 semper
1271 5647 1451 5703 natus,
1498 5647 1557 5693 et
1594 5638 1646 5693 in
1678 5647 1922 5707 tempore
1948 5645 2121 5700 natus,
2153 5644 2210 5690 et

620 5729 1311 5805 "mpm-incommutabilis
1324 5737 1378 5786 et
1400 5730 1451 5784 in
1484 5738 1726 5802 tempore
1746 5733 1984 5783 mutatus
2010 5726 2206 5782 asseri-

753 5892 924 5948 Duh’o
967 5893 1153 5963 procul
1201 5898 1439 5963 erratum
1494 5898 1578 5943 est
1622 5883 2204 5963 hic,_legendumque

619 5964 868 6041 splendor
895 5954 1096 6033 glorier,
1118 5971 1176 6017 ut
1203 5960 1468 6045 superius,
1502 5974 1607 6014 non
1637 5972 1745 6012 uno
1771 5956 1824 6011 in
1852 5956 2009 6023 loco;
2041 5963 2098 6012 et
2146 5954 2202 6011 in

2309 3341 2563 3412 Baptista,
2593 3341 2727 3395 dixit
2757 3358 2770 3395 :
2800 3340 2902 3395 Hic
2929 3349 3005 3396 est
3034 3341 3098 3396 de
3124 3359 3223 3412 quo
3270 3345 3387 3401 diri
3426 3362 3447 3402 :
3494 3346 3621 3402 Poet
3646 3364 3720 3402 me
3740 3347 3850 3402 renit

2228 3480 2233 3483 ,
2304 3432 2393 3503 qui
2417 3438 2538 3486 ante
2562 3448 2646 3486 me
2666 3432 2835 3503 {artus
2862 3441 2938 3487 est
2962 3431 3141 3502 (Joan.
3170 3449 3205 3498 ι,
3232 3433 3342 3506 15).
3372 3436 3540 3505 Cujus
3567 3437 3846 3493 sacramenti

616 3516 705 3565 est
746 3506 909 3566 Pater
949 3509 1120 3579 major
1169 3506 1307 3563 Filio
1354 3508 1407 3564 in
1434 3509 1678 3579 quoipso
1709 3506 2024 3577 llnigenitns
2052 3506 2235 3575 Deus,

2303 3526 2588 3581 veritatem
2611 3523 2906 3593 prmdieans
2934 3523 3126 3581 Petrus
3151 3526 3435 3595 apostolus
3456 3528 3531 3582 ait
3556 3546 3569 3581 :
3600 3525 3849 3582 Certissime

2306 3618 2470 3689 358
2488 3618 2661 3689 itaque
2688 3618 2819 3671 sciat
2840 3616 3009 3673 omnis
3029 3617 3211 3672 domus
3257 3617 3430 3675 Israel
3467 3621 3586 3692 quia
3626 3629 3673 3674 et
3715 3617 3848 3673 Deum

2303 3711 2472 3771 illum,
2501 3717 2552 3763 et
2583 3707 2846 3764 Christum
2894 3706 3034 3763 Deus
3071 3710 3192 3779 fecit
3237 3710 3374 3765 hunc
3417 3709 3591 3766 Iesum
3627 3724 3755 3782 quem
3777 3720 3848 3761 ret

2305 3799 2638 3870 cruciﬁzietie
2667 3800 2803 3867 (Aet.
2828 3812 2886 3866 ll,
2917 3797 3031 3859 36).
3065 3799 3233 3869 Digne
3262 3800 3452 3871 utique
3494 3800 3625 3855 dixit
3659 3797 3843 3859 factum,

2305 3906 2469 3963 quem
2495 3890 2751 3962 praedicat
2779 3890 3117 3960 cruciﬁxum,
3146 3892 3286 3947 Deus
3311 3895 3513 3965 quippe
3557 3888 3845 3960 Unigenitm.

2307 3980 2881 4052 incomprehensibilis.
2913 3987 2970 4036 et
3016 3981 3356 4051 immortalis,
3390 4001 3418 4038 a
3442 3984 3586 4040 nullo
3613 3983 3780 4044 factus,
3802 3983 3847 4032 et

2304 4090 2486 4131 rerum
2534 4074 2773 4130 omnium
2821 4072 2993 4130 factor
3042 4082 3296 4143 aeternus,
3348 4093 3449 4132 suo
3500 4076 3730 4145 dignatus
3778 4074 3845 4124 est

2230 4208 2234 4214 -
2306 4183 2475 4239 opere
2523 4165 2770 4222 Christus
2818 4158 2979 4230 ﬁeri,
3034 4175 3093 4221 ut
3137 4162 3445 4223 Iudaeorum
3494 4173 3670 4238 posset
3710 4173 3845 4231 opere

2306 4257 2545 4327 cruciligi
2574 4273 2587 4310 :
2614 4258 2738 4326 quia
2781 4254 3195 4326 Redemptorem
3225 4257 3410 4312 mundi
3457 4254 3697 4311 traditum
3736 4261 3842 4304 crux

2306 4347 2452 4403 nulla
2497 4346 2706 4402 ratione
2760 4353 3048 4416 portasset,
3079 4345 3180 4401 nisi
3225 4347 3411 4402 mundi
3459 4347 3700 4401 factorem
3738 4351 3843 4394 ron-

2307 4449 2525 4510 ceptum
2569 4437 2790 4507 virginis
2843 4444 3027 4492 uterus
3074 4435 3343 4494 edidisset.
3376 4436 3496 4510 Ipse
3538 4437 3689 4507 igitur
3710 4429 3841 4485 etiarn

2307 4544 2409 4601 per
2434 4526 3166 4596 Salomonemgenerationis
3191 4529 3586 4599 creationisque
3618 4537 3717 4579 sua:
3738 4514 3843 4574 insi-

2312 4636 2486 4676 nuans
2534 4619 2841 4685 veritatem,
2869 4618 3005 4674 dixit
3035 4636 3049 4672 :
3080 4618 3347 4695 Dominus,
3382 4618 3572 4675 creavit
3613 4630 3686 4684 me
3721 4607 3843 4665 initio

2310 4713 2507 4768 viarum
2528 4726 2741 4766 suarum
2755 4711 2810 4766 in
2833 4726 2987 4781 opere
3005 4727 3099 4765 suo
3125 4710 3306 4772 (Prov.
3333 4728 3441 4777 vm,
3470 4709 3580 4778 22).
3601 4704 3697 4762 Sed
3717 4707 3841 4756 anic-

2309 4817 2472 4873 quam
2496 4801 2604 4857 hoc
2632 4800 2870 4866 diceret,
2902 4800 3244 4869 manifestum
3284 4800 3476 4857 totum:
3504 4787 3840 4854 incarnationis

2308 4910 2421 4952 sua:
2448 4893 2707 4966 prtemisit
2732 4891 3008 4956 indicium,
3058 4890 3246 4947 dicens
3283 4909 3296 4947 :
3326 4890 3389 4948 Si
3427 4890 3707 4947 nuntiat-ero
3723 4877 3840 4936 rotis

2308 5004 2424 5063 qua:
2462 4986 2690 5059 quotidie
2724 4984 2881 5057 ﬁunt,
2909 4981 3317 5038 commemorabo
3345 5000 3460 5055 quae
3492 4999 3524 5036 a
3551 4974 3722 5035 seculo
3744 4971 3841 5063 sunt

2308 5060 2498 5153 (Ibid,
2520 5079 2610 5143 2i,
2625 5077 2783 5149 juxta
2802 5072 2999 5142 LXX).
3027 5073 3557 5132 Enumeransdeinde
3573 5060 3832 5136 subiunxit:

2313 5171 2566 5227 Dominus
2587 5169 2781 5224 creauit
2796 5183 2879 5222 me
2893 5166 3044 5239 initia
3063 5167 3265 5221 viarum
3286 5182 3493 5221 suarum
3512 5164 3566 5218 in
3585 5170 3723 5230 opere
3737 5164 3832 5205 αισι

2316 5263 2440 5319 Ηωο
2463 5262 2647 5332 utique
2671 5259 2875 5316 creatio
2905 5273 2936 5313 a
2964 5257 3161 5313 saaculo
3187 5264 3308 5324 est,
3332 5273 3439 5313 non
3466 5263 3586 5310 ante
3604 5243 3830 5303 saxulum.

2314 5357 2447 5413 Nam
2472 5353 2818 5428 postmodum
2842 5352 2992 5420 dicit,
3034 5353 3168 5407 Ante
3195 5351 3385 5407 swcula
3420 5344 3639 5425 {undavit
3670 5349 3770 5396 me:
3792 5333 3836 5428 οξ

2313 5415 2625 5525 paulo-post
2648 5432 2667 5501 τ’
2694 5448 2825 5501 Ante
2871 5415 3047 5501 omnes
3086 5445 3244 5501 colles
3292 5415 3464 5516 genuit
3488 5455 3581 5495 nte.
3613 5431 3700 5525 Hie
3713 5415 3829 5525 quoii

2312 5519 2460 5609 dicit,
2484 5519 2605 5596 ante
2630 5538 2844 5602 saecula,
2867 5547 2915 5591 et
2960 5547 3082 5591 ante
3123 5553 3299 5591 omnes
3335 5519 3817 5609 collee,:eternit_al€"

2312 5603 2485 5691 voluit
2530 5629 2751 5698 intelligi
2799 5628 3094 5684 nativitatis
3113 5626 3324 5682 divimu.
3349 5625 3416 5681 Et
3435 5630 3553 5680 ante
3579 5603 3829 5699 secula-1ft

2312 5731 2436 5795 post
2474 5686 2730 5779 saxulum
2754 5706 3045 5777 ‘zeternitas
3094 5726 3193 5775 est.
3218 5716 3286 5772 Et
3334 5717 3413 5774 sic
3455 5704 3701 5770 :cternitas
3733 5686 3827 5747 Fin

2312 5889 2464 5940 textu
2485 5879 2751 5953 Apostoli,
2775 5898 2865 5943 τῆς
2889 5879 3054 5947 δόξης.
