4108 6472
229 383 342 440 517

1089 376 1369 437 CONTRA
1396 377 1770 436 SERMONEM
1811 379 2188 440 FASTIDIOSI
2231 380 2426 438 LIBER
2469 381 2672 439 UNUS.

3429 386 3538 446 5l8

230 499 332 555 Dei
357 506 483 554 ante
512 495 770 553 sreculum
802 511 908 552 non
938 495 1100 568 habet
1129 495 1359 559 initium,
1391 493 1528 549 sicut
1560 493 1837 551 aeternitas
1865 500 1915 560 Α
1943 495 2091 551 illam
2137 511 2246 551 non
2292 494 2559 550 dubitavit
2609 509 2856 550 asserere
2886 494 3297 566 blasphemiam,
3347 499 3536 559 dicens

229 588 356 658 ejus
385 595 507 659 post
533 586 790 641 smculum
838 602 946 641 non
981 582 1146 640 habet
1197 584 1377 638 linem.
1403 583 1495 639 Sic
1524 593 1706 639 autem
1735 600 1834 655 pro

229 694 483 754 tempore
524 679 704 734 futuro
730 677 1304 749 tempusprmtcritum
1334 691 1561 746 ponens,
1581 675 1711 730 dicit
1731 675 1834 731 Sa-

230 772 464 843 pientia,
489 769 742 824 Dominus
764 769 954 822 crearit
983 785 1084 835 me,
1109 783 1206 838 pro
1229 782 1296 822 eo
1325 765 1470 836 quod
1501 773 1600 828 est,
1624 773 1837 820 creatu-

234 880 329 917 rus
352 872 434 916 est
464 876 549 916 me
573 878 586 925 ;
611 868 666 914 et
688 860 760 913 ita
785 859 919 912 dixit
949 867 1206 928 tanquam
1237 855 1438 911 factum
1483 855 1629 924 quod
1653 855 1838 925 utique

233 966 356 1009 erat
412 951 710 1008 faciendum
755 969 770 1005 :
820 951 958 1006 sicut
1006 966 1104 1022 per
1146 951 1364 1005 beatum
1417 947 1581 1002 David
1636 948 1770 1002 dixit
1818 965 1832 1000 :

241 1045 511 1100 Foderunt
541 1062 723 1099 manus
780 1061 920 1098 meas
973 1053 1024 1098 et
1070 1043 1222 1114 pedes
1254 1059 1391 1097 meos
1423 1059 1440 1096 :
1481 1042 1838 1095 dinumerave-

233 1148 360 1192 runt
374 1138 549 1192 omnia
570 1153 688 1190 ossa
717 1152 849 1188 mea.
887 1134 997 1205 Ipsi
1018 1151 1135 1188 vero
1164 1132 1618 1187 consideraverunt
1643 1141 1692 1184 et
1720 1147 1839 1184 con-

232 1238 517 1300 spexernnt
552 1247 648 1283 me.
679 1228 976 1282 Diviserunt
1025 1227 1121 1280 sibi
1169 1228 1473 1280 vestimenta
1514 1242 1656 1290 utea,
1696 1234 1745 1278 et
1781 1226 1835 1291 in

236 1323 592 1376 uestimentum
613 1336 780 1374 meum
804 1320 1053 1374 miserunt
1075 1327 1264 1372 sortem
1287 1316 1458 1389 (I’sal.
1479 1332 1588 1380 xu,
1615 1315 1703 1384 l8,
1730 1317 1834 1385 l9).

240 1417 435 1469 Dicens
463 1415 662 1483 itaque,
696 1413 949 1468 Dominus
1000 1412 1190 1466 crearit
1239 1427 1340 1478 me,
1375 1411 1613 1466 ostendit
1646 1425 1836 1480 quem-

241 1505 530 1560 a‘dmodum
557 1505 716 1560 fuerit
743 1504 936 1560 factus.
969 1503 1164 1558 Dicens
1192 1503 1383 1572 etiam,
1415 1499 1681 1556 Foderunt
1719 1517 1834 1554 ma-

237 1614 337 1650 nus
362 1613 502 1650 meas
528 1606 578 1649 et
605 1595 760 1666 pedes
791 1611 949 1658 meos,
973 1593 1208 1649 ostendit
1235 1591 1690 1662 quemadmodum
1718 1590 1834 1645 fue-

239 1688 313 1742 rit
338 1685 643 1742 cruciﬁxus.
674 1684 825 1739 Sicut
859 1692 1041 1738 autem
1081 1683 1186 1739 hoc
1227 1683 1412 1753 utique
1437 1681 1670 1736 futurum
1696 1689 1833 1746 erat,

235 1779 387 1848 quod
418 1787 671 1848 tanquam
705 1777 902 1831 factum
954 1777 1022 1832 de
1069 1793 1166 1830 sua
1215 1776 1468 1847 passione
1522 1791 1618 1848 per
1665 1776 1834 1831 David

237 1871 338 1926 Dei
369 1870 533 1926 Filius
577 1870 806 1936 cecinit;
838 1870 910 1924 ita
941 1869 1176 1949 futurum
1223 1878 1339 1924 erat
1391 1871 1537 1940 quod
1583 1879 1835 1940 tanquam

237 1966 441 2020 tactum
465 1964 533 2019 de
561 1979 656 2018 sua
688 1963 1060 2019 incarnatione
1104 1978 1200 2033 per
1236 1961 1582 2017 Salomonem
1612 1961 1726 2031 ipse
1746 1961 1839 2031 qui

239 2065 330 2111 est
370 2055 464 2112 Dei
520 2054 785 2126 sapientia
841 2053 1204 2124 prophetavit.
1238 2053 1370 2108 Nam
1423 2053 1536 2122 ipse
1582 2051 1839 2108 Salomon

241 2155 406 2226 paulo
443 2154 590 2224 prius
619 2152 695 2206 ait
727 2169 739 2205 :
771 2150 1046 2222 Sapientia
1084 2150 1362 2220 (ediﬁcavit
1407 2149 1508 2203 sibi
1537 2148 1766 2216 domum,
1789 2156 1840 2202 et

237 2246 472 2300 subdidit
518 2244 785 2300 columnas
819 2252 1012 2313 septem
1044 2241 1226 2314 (Prov.
1261 2258 1334 2309 Ix,
1360 2241 1436 2310 1),
1459 2241 1604 2310 quod
1649 2241 1717 2295 ad
1755 2241 1841 2296 in-

235 2338 573 2394 carnationis
595 2336 890 2404 meinicae
912 2335 1146 2406 pertinet
1175 2344 1375 2390 ortum.
1406 2333 1594 2391 Esaias
1621 2350 1840 2406 quoque

239 2432 310 2484 de
331 2429 530 2483 Christi
554 2427 804 2498 passione
826 2426 1062 2495 loquitur
1088 2427 1186 2489 sic,
1206 2425 1420 2496 utquod
1451 2424 1685 2479 futurum
1713 2441 1841 2494 pro-

239 2521 432 2590 phetat
461 2527 713 2588 tanquam
760 2517 1091 2587 prieteritum
1115 2516 1280 2571 dicat.
1303 2516 1422 2587 Ipse
1451 2517 1592 2571 enim
1618 2517 1748 2574 dicit
1774 2516 1842 2573 de

235 2609 462 2664 Christo
483 2626 497 2662 :
520 2607 668 2662 Sicut
689 2607 796 2661 oris
825 2605 895 2659 ad
923 2607 1297 2660 immolandum
1326 2607 1508 2660 ductus
1537 2615 1634 2672 est,
1663 2618 1712 2660 et
1734 2609 1841 2661 sic-

238 2709 300 2754 ut
344 2716 510 2771 agnus
540 2715 715 2753 coram
751 2696 997 2752 tondente
1024 2698 1132 2751 sine
1154 2713 1294 2759 voce,
1319 2699 1395 2751 sic
1421 2713 1525 2750 non
1555 2698 1756 2760 aperuit
1785 2715 1843 2752 os
1921 2723 1934 2729 -

239 2809 396 2846 suum
430 2789 587 2862 (Isai.
619 2802 731 2856 uti,
777 2787 854 2859 7).
910 2787 1043 2842 Nam
1098 2796 1155 2842 et
1209 2787 1380 2856 ipsam
1435 2785 1703 2856 Unigeniti
1748 2786 1844 2840 Dei

253 2881 554 2938 secundum
579 2895 798 2936 carnem
827 2877 896 2935 de
915 2879 1136 2948 Virgine
1164 2878 1525 2943 nativitatem,
1545 2895 1654 2934 non
1671 2879 1844 2934 solum

239 2971 534 3045 aliquando
578 2980 832 3042 tanquam
887 2971 1118 3026 futuram
1149 2971 1409 3042 prmdiclt,
1436 2973 1532 3027 sed
1557 2972 1846 3044 aliquando

245 3073 502 3132 tanquam
523 3062 850 3134 pneteritam
871 3061 1020 3116 dicit.
1049 3061 1289 3132 Denique
1310 3063 1547 3132 quodam
1577 3064 1699 3119 loco
1719 3064 1796 3119 ait
1829 3082 1842 3118 :

246 3153 383 3208 Ecce
410 3154 552 3225 virgo
579 3153 634 3207 in
662 3161 808 3208 utero
835 3151 1062 3220 habebit,
1093 3161 1143 3206 et
1172 3153 1339 3224 pariet
1363 3154 1535 3223 ﬁlium
1565 3153 1723 3225 (Isai.
1750 3172 1841 3221 vn,

248 3245 361 3315 14).
395 3245 514 3300 Alio
542 3245 672 3300 item
713 3244 833 3299 loco
889 3250 1143 3314 tanquam
1181 3237 1386 3299 factum
1414 3253 1576 3316 atque
1607 3255 1848 3304 transac-
1877 3259 1922 3322 ρ

244 3345 362 3391 tum
384 3336 656 3392 insinuans
684 3337 760 3391 ait
793 3354 806 3389 :
834 3335 974 3391 Puer
1002 3347 1156 3391 natus
1177 3350 1252 3392 est
1281 3338 1456 3405 nobis,
1487 3349 1537 3394 et
1565 3340 1706 3410 ﬁlius
1734 3341 1832 3394 da-

247 3435 332 3480 tus
353 3434 433 3481 est
455 3426 602 3480 nobis
627 3425 784 3496 (Isai.
813 3442 887 3489 Ix,
920 3425 996 3496 6).
1027 3425 1159 3493 Quis
1195 3441 1324 3495 ergo
1377 3444 1482 3482 non
1509 3428 1689 3484 videat
1717 3429 1847 3484 illud

247 3524 423 3574 totum
445 3503 588 3588 quod
613 3518 680 3575 de
708 3519 1044 3574 humanitate
1073 3528 1129 3574 et
1156 3521 1408 3590 passione
1441 3519 1719 3591 Unigeniti
1748 3522 1844 3577 Dei

258 3609 464 3664 dictum
492 3617 576 3664 est
599 3624 696 3679 per
721 3609 1034 3679 prophetas,
1061 3608 1253 3672 eodem
1279 3618 1525 3681 tempore
1571 3612 1651 3666 sic
1680 3611 1846 3667 fuisse

256 3703 315 3756 in
345 3699 574 3756 veritate
604 3701 863 3767 futurum,
886 3701 1025 3756 sicut
1059 3718 1201 3757 nunc
1228 3711 1312 3756 est
1353 3703 1406 3756 in
1451 3704 1681 3758 veritate
1709 3719 1849 3774 pra:-

250 3792 494 3856 teritum.
510 3787 590 3846 Ad
606 3790 992 3849 ostendendam
1004 3807 1134 3846 vero
1153 3793 1746 3849 incommutabilitatem
1761 3795 1846 3848 di-

250 3883 362 3938 vini
388 3881 617 3945 consilii,
649 3881 849 3937 factum
872 3890 955 3936 est
985 3891 1044 3935 ut
1072 3881 1382 3952 prophetica
1423 3882 1699 3953 Scriptura
1727 3892 1849 3938 tan-

251 3992 416 4049 quam
446 3975 776 4046 pmeteritum
812 3975 883 4029 sit
915 3973 1117 4030 diceret
1149 3976 1202 4030 in
1228 3991 1479 4032 sermone
1509 3977 1655 4046 quod
1703 3976 1848 4032 futu-

255 4082 374 4124 rum
395 4067 984 4140 exspectabaturaﬁs
1000 4068 1053 4122 in
1082 4083 1266 4139 opere.
1301 4069 1439 4125 Deus
1455 4069 1621 4137 enim,
1643 4069 1710 4124 de
1738 4085 1848 4140 quo

256 4160 344 4216 hii:
363 4158 492 4215 dicit
519 4159 804 4230 propheta,
835 4157 936 4223 Qui
989 4160 1110 4230 fecit
1157 4175 1272 4231 qua:
1299 4161 1474 4230 futura
1518 4169 1638 4214 sunt
1688 4158 1845 4232 (Isai.
1887 4163 1897 4176 ‘

259 4265 386 4316 va,
423 4249 506 4314 ll,
538 4265 641 4303 sec.
665 4246 858 4320 LXX),
898 4248 1018 4303 ideo
1048 4264 1168 4319 qua:
1198 4247 1439 4304 facienda
1469 4248 1699 4318 fuerant,
1725 4261 1847 4305 tan-

255 4355 420 4410 quam
479 4339 618 4394 facta
671 4355 890 4394 narrare
934 4339 1124 4404 v‘oluit,
1157 4339 1285 4408 quia
1335 4355 1456 4410 quae
1507 4340 1558 4394 in
1603 4348 1848 4411 tempore

257 4429 588 4484 mutabiliter
628 4429 779 4494 ﬁunt,
814 4430 1240 4484 incommutabili
1269 4430 1639 4501 dispositionis
1683 4440 1848 4488 teter-

258 4524 428 4577 nitate
464 4522 710 4575 ﬁrmavit.
743 4521 929 4590 Itaque
980 4531 1034 4576 et
1083 4521 1165 4576 his
1205 4521 1481 4591 inquibus
1512 4522 1742 4578 necdum
1765 4533 1849 4579 est

1936 586 2083 658 quod
2108 604 2162 640 se
2179 587 2476 642 nullatenus
2495 588 2663 658 potuit
2683 585 2914 642 Trinitas
2929 604 3198 657 separare,
3219 607 3374 655 quam
3413 609 3552 647 con-A

1935 689 2041 735 stat
2062 683 2276 736 omnino
2297 698 2400 736 non
2432 681 2614 735 diridi.
2642 679 2784 751 Ergo
2814 691 2920 734 tota
2954 679 3188 736 Trinitas
3208 699 3422 738 carnem
3449 702 3554 738 ris--

1935 774 2175 844 sumpsit,
2206 782 2317 828 tota
2343 772 2576 828 Trinitas
2605 773 2910 844 passionum
2957 773 3182 842 injurias
3212 775 3394 840 sensit,
3426 785 3536 831 tota

1940 863 2170 920 Trinitas
2195 867 2249 917 in
2278 867 2518 935 sepulcro
2540 865 2733 935 jacuit,
2765 874 2873 918 tota
2898 863 3128 918 Trinitas
3158 867 3422 936 infernum
3441 883 3535 934 ρε-
3586 904 3591 908 -

1937 960 2177 1024 netrauit,
2204 967 2311 1012 tota
2363 957 2593 1012 Trinitas
2621 960 2774 1012 tertia
2801 959 2885 1012 die
2923 975 2955 1010 a
2981 961 3197 1021 mortuis
3223 960 3536 1024 resurrexit,

1937 1057 2046 1102 tota
2099 1047 2330 1102 Trinitas
2359 1049 2764 1120 quadragesimo
2787 1049 2874 1102 die
2894 1050 2948 1102 in
2979 1053 3132 1103 cmlos
3155 1050 3429 1104 ascendit?
3455 1048 3539 1102 Ad

1939 1142 2085 1211 cujus
2112 1141 2384 1195 dexteram
2414 1149 2524 1194 tota
2552 1139 2782 1195 Trinitas
2804 1139 2966 1205 sedet,
2999 1141 3075 1194 vel
3102 1157 3251 1210 quem
3279 1139 3558 1208 Spiritum.

1937 1232 2021 1285 die
2075 1230 2405 1285 Pentecostes
2457 1240 2564 1285 tota
2610 1229 2842 1286 Trinitas
2872 1233 2928 1286 in
2977 1231 3241 1302 apostolos
3267 1231 3426 1296 misit,
3449 1237 3539 1282 aut

1937 1327 2020 1379 cui
2047 1325 2160 1381 Deo
2192 1335 2298 1379 tota
2356 1323 2590 1379 Trinitas
2617 1326 2671 1378 in
2700 1341 2850 1379 cruce
2903 1323 3076 1378 dicere
3116 1325 3302 1392 potuit,
3339 1342 3358 1375 ι
3395 1322 3537 1377 Deus

1937 1435 2100 1481 meus,
2126 1417 2266 1472 Deus
2296 1435 2458 1483 meus,
2489 1435 2648 1489 quare
2675 1435 2756 1472 me
2777 1418 3130 1489 dereliquisti;
3167 1437 3188 1470 ι
3221 1418 3295 1471 rel
3313 1417 3396 1470 cui
3423 1415 3538 1470 Pa-

1935 1512 2006 1565 tri
2035 1520 2144 1565 tota
2177 1510 2407 1565 Trinitas
2457 1512 2570 1564 ait:
2609 1529 2627 1562 ι
2664 1509 2856 1574 Pater,
2889 1511 2943 1564 iu
2992 1526 3176 1563 manus
3228 1519 3344 1563 tuas
3391 1524 3535 1563 cem-

1939 1603 2124 1657 mendo
2153 1603 2395 1674 spiritum
2426 1619 2614 1666 meum,
2638 1620 2655 1652 ι
2692 1602 2737 1655 si
2781 1610 3028 1668 possunt,
3059 1601 3286 1654 edicunt.
3315 1597 3465 1662 Quod
3491 1599 3537 1650 si

1938 1697 2109 1750 dicere
2136 1705 2411 1766 nequeunt,
2435 1695 2536 1766 ipsi
2566 1711 2622 1748 se
2647 1694 2875 1759 prOpriis
2895 1693 3094 1764 jacalis
3141 1693 3421 1764 perimunt,
3453 1691 3538 1762 qui

1941 1785 2248 1840 Trinitatem
2271 1785 2676 1857 inseparabilem
2699 1803 2812 1839 esse
2838 1785 3174 1839 contendunt.

2574 1867 2810 1953 CAPUT
2843 1895 2912 1951 x.

2013 2010 2286 2067 Hactenus
2318 2010 2370 2066 in
2413 2010 2506 2065 illo
2537 2010 2764 2080 profano
2793 2025 3043 2065 sermone
3071 2015 3264 2067 contra
3302 2007 3538 2064 catholi-

1941 2118 2060 2158 cam
2087 2103 2244 2158 ﬁdem
2269 2101 2552 2158 Fastidiosi
2582 2103 2750 2156 verba
2779 2101 3090 2157 tenduntur.
3125 2100 3181 2154 ln
3203 2116 3312 2170 quo
3335 2109 3537 2166 tamen,

1943 2194 2183 2264 exceptis
2213 2193 2296 2248 his
2327 2208 2443 2261 qua:
2473 2194 2527 2247 in
2574 2200 2774 2248 sancta:
2829 2191 3110 2246 Trinitatis
3159 2192 3541 2247 contumeliam

1944 2284 2356 2355 blasphemavit,
2389 2300 2526 2355 pene
2577 2283 2789 2349 omnia,
2839 2285 2953 2338 sive
2999 2282 3388 2352 prtecedentia,
3421 2282 3536 2338 sive

1945 2376 2353 2446 subsequentia,
2383 2375 2450 2430 de
2478 2375 2707 2429 aliorum
2729 2373 2890 2428 dictis
2920 2371 3280 2442 nequissimus
3311 2386 3540 2442 usurpa-

1945 2469 2043 2522 vit.
2079 2467 2319 2537 Denique
2363 2467 2543 2522 omnia
2573 2481 2692 2537 qum
2722 2464 2981 2520 adversus
3011 2463 3318 2519 Donatislas
3339 2465 3540 2535 posuit,

1948 2561 2015 2615 de
2036 2559 2354 2631 quibusdam
2389 2559 2598 2614 duabus
2627 2557 2871 2628 epistolis
2894 2557 3099 2611 furatus
3127 2566 3230 2621 est,
3262 2556 3318 2610 in
3345 2556 3543 2625 quibus

1946 2661 2136 2706 contra
2166 2650 2482 2719 Pelagianos
2539 2659 2704 2720 atque
2754 2648 3064 2704 Donatistas
3092 2663 3215 2702 cum
3269 2648 3426 2702 nobis
3491 2647 3547 2701 in

1972 2743 2163 2798 exsilio
2193 2741 2452 2797 Sardinim
2485 2740 2792 2795 constitutis
2834 2739 2902 2793 ad
2944 2739 3250 2808 religiosam
3296 2736 3548 2792 Ecclesia:

1951 2838 2112 2891 ﬁliam
2137 2835 2489 2906 Stephanium
2520 2842 2664 2888 esset
2699 2831 2766 2887 ab
2812 2831 3065 2887 omnibus
3112 2829 3544 2892 rescribendum,

1951 2930 2068 3000 ipso
2096 2942 2320 2998 prorsus
2373 2924 2666 2980 verborum
2693 2921 2884 2978 ordine
2910 2935 3020 2989 quo
3043 2921 3132 2974 illa
3163 2919 3306 2974 idem
3331 2917 3552 2987 nequis-

1951 3023 2119 3078 simus
2149 3019 2521 3076 fraudulentcr
2544 3017 2644 3073 sub
2671 3016 2891 3074 nomine
2912 3031 3010 3070 suo
3040 3014 3242 3085 posuit,
3275 3011 3553 3066 inveniun-

1952 3125 2038 3170 tur
2067 3101 2288 3170 inserta.
2316 3111 2386 3167 Ut
2417 3120 2597 3167 autem
2622 3110 2718 3165 tibi
2749 3125 2858 3164 non
2879 3108 3093 3164 deesset
3119 3107 3198 3161 rei
3227 3105 3386 3175 hujus
3405 3103 3554 3174 agni-

1953 3208 2053 3275 tio,
2088 3208 2104 3227 ⁶
2131 3207 2265 3261 duas
2293 3204 2553 3275 epistolas
2582 3216 2717 3273 quas
2744 3199 2812 3255 ad
2846 3189 2948 3254 nos
2975 3204 3278 3253 memorata
3317 3194 3552 3266 Stepha-

1954 3302 2043 3355 nia
2071 3297 2379 3362 destinavit,
2406 3305 2462 3350 et
2483 3311 2621 3364 quas
2665 3293 2716 3348 ei
2746 3307 2846 3347 nos
2875 3289 3266 3360 rescripsimus,
3294 3286 3419 3342 huic
3447 3284 3552 3342 feci

1951 3392 2214 3466 op'usculo
2235 3389 2447 3459 subjici.
2483 3387 2554 3444 Ut
2576 3400 2840 3457 agnoscas
2866 3383 2920 3440 in
2948 3383 3040 3438 illo
3068 3393 3320 3437 sermone
3339 3393 3404 3432 ea
3437 3384 3554 3431 tam

1953 3495 2066 3541 tum
2094 3483 2257 3538 fuisse
2278 3479 2586 3547 Fastidiosi,
2608 3477 2801 3548 quibus
2830 3476 2884 3530 in
2907 3473 3077 3544 ipsius
3097 3479 3298 3528 saneta:
3319 3467 3551 3523 Trinita-

1951 3578 2020 3632 tis
2059 3574 2311 3646 injuriam
2341 3587 2486 3629 caeco
2516 3571 2680 3628 corde
2708 3567 2997 3640 prosiliens
3022 3563 3342 3621 catholicam
3369 3574 3548 3632 oppa-

1952 3682 2122 3738 gnare
2149 3674 2377 3723 conatus
2399 3672 2484 3719 est
2510 3662 2817 3717 veritatem.

2475 3773 2638 3844 350
2675 3767 2905 3826 CAPUT
2941 3766 3036 3824 XI.

2022 3879 2176 3936 Nunc
2203 3879 2385 3950 itaque
2413 3875 2763 3948 blasphemiis
2787 3873 2924 3945 ejus,
2973 3859 3204 3929 Domino
3227 3872 3541 3941 adjuvante,

1951 3972 2276 4043 respondeo.
2310 3971 2428 4026 Non
2460 3978 2574 4025 tota
2604 3967 2838 4023 Trinitas
2859 3981 3080 4022 carnem
3109 3965 3416 4035 assumpsit,
3447 3979 3553 4020 nec

1952 4075 2064 4120 tota
2095 4063 2331 4118 Trinitas
2360 4061 2672 4134 passionum
2726 4059 2949 4129 injurias
2977 4057 3176 4122 sensit,
3212 4045 3387 4125 neque
3434 4063 3551 4109 tota

1953 4158 2188 4214 Trinitas
2219 4158 2273 4212 in
2321 4157 2571 4227 sepulcro
2612 4153 2800 4224 iacuit,
2834 4166 3009 4222 neque
3044 4160 3161 4205 tota
3194 4148 3432 4204 Trinitas
3462 4147 3548 4204 in~

1953 4253 2161 4308 fernum
2190 4252 2517 4323 penetravit,
2564 4264 2740 4319 neque
2769 4257 2882 4303 tota
2932 4247 3170 4302 Trinitas
3211 4244 3372 4301 tertia
3400 4243 3487 4298 die
3515 4258 3548 4297 a

1953 4344 2180 4400 mortuis
2208 4345 2524 4410 resurrexit,
2558 4351 2614 4398 et
2641 4342 2686 4398 si
2713 4356 2816 4411 qua
2865 4347 2992 4396 sunt
3039 4338 3140 4392 alia
3171 4353 3290 4407 qua:
3323 4336 3548 4392 convin-

1951 4443 2146 4494 cantur
2175 4437 2227 4492 in
2254 4445 2596 4492 sacramento
2624 4436 2717 4492 illo
2758 4433 3144 4490 incarnationis
3173 4433 3240 4486 ad
3267 4431 3432 4486 solius
3459 4427 3550 4484 Pi-

1954 4529 2008 4584 lii
2039 4530 2314 4600 pertinere
2342 4545 2649 4601 personam.
2680 4528 2808 4583 llaec
2836 4529 2977 4582 enim
3008 4542 3129 4596 qua:
3151 4525 3427 4582 catholica:
3446 4539 3545 4577 ve-

258 4615 484 4672 ethclus
498 4616 696 4686 operis,
727 4615 876 4670 ﬁrma
916 4621 1198 4684 permanet
1237 4615 1291 4668 in
1339 4614 1641 4670 aeternitate
1669 4615 1852 4686 dispo-
1880 4631 1933 4690 1)
1955 4620 2102 4675 ritati
2135 4619 2473 4676 Fastidiosus
2501 4621 2660 4690 plena
2708 4619 2955 4674 falsitatis
2975 4628 3030 4673 et
3058 4615 3424 4688 perversitatis
3451 4614 3552 4669 ob-

259 4709 383 4764 sitio
439 4707 718 4762 creatoris.
763 4705 854 4761 Sic
899 4721 1028 4774 ergo
1077 4707 1170 4761 Dei
1219 4706 1385 4762 Filius
1430 4724 1551 4762 cum
1581 4724 1681 4763 suo
1710 4717 1853 4764 esset

259 4815 426 4872 opere
473 4797 755 4864 creandus,
789 4813 848 4852 se
893 4797 1031 4851 dixit
1057 4805 1319 4863 creatura,
1342 4798 1478 4854 sicut
1530 4796 1852 4870 cruciﬁgen-

259 4894 359 4946 dus
387 4907 493 4947 non
515 4905 575 4946 se
602 4889 864 4944 dubitavit
890 4888 1071 4944 dicere
1099 4887 1432 4944 cruciﬁxum.

877 5047 1106 5107 CAPUT
1142 5048 1234 5104 IX.

335 5167 523 5223 Adhuc
546 5175 724 5224 autem
771 5167 933 5223 corde
970 5181 1227 5238 perverso
1272 5173 1435 5235 atque
1469 5181 1565 5222 ore
1593 5169 1856 5239 sacrilego

264 5262 599 5318 Fastidiosus
622 5261 895 5317 insaniens
923 5277 990 5317 ex
1015 5263 1117 5317 hoc
1139 5260 1311 5317 voluit
1330 5275 1572 5315 asserere
1601 5260 1792 5316 Filium
1823 5278 1854 5317 a

268 5355 429 5411 Patre
449 5365 505 5410 et
527 5354 730 5425 Spiritu
753 5363 941 5410 sancto
969 5361 1298 5424 separatum,
1349 5367 1474 5422 quia
1515 5353 1690 5408 solum
1725 5369 1856 5409 cou-

276 5454 385 5500 stat
417 5446 709 5500 thalamum
739 5445 879 5500 uteri
909 5444 1184 5512 virginalis
1214 5445 1544 5514 ingressum:
1565 5442 1642 5500 De
1670 5445 1857 5514 quoin

269 5535 407 5591 libro
436 5535 770 5592 Psalmorum
820 5535 1013 5592 dicitur
1041 5553 1054 5590 :
1089 5535 1158 5589 Et
1185 5538 1296 5605 ipse
1343 5547 1588 5608 tanquam
1635 5555 1855 5610 sponsus

266 5628 545 5698 procedens
585 5629 648 5682 de
695 5628 925 5683 thalamo
969 5644 1064 5683 suo
1107 5627 1280 5699 (Psal.
1331 5645 1479 5699 xvut,
1509 5629 1588 5700 6).
1618 5631 1855 5703 Cupiens

268 5717 463 5774 deinde
510 5718 877 5789 perversitatis
905 5734 1014 5773 suae
1046 5719 1264 5774 llrmarc
1307 5721 1654 5792 sententiam,
1686 5725 1850 5792 etiam

339 5901 359 5923 ’
381 5897 443 5970 E;
466 5899 634 5956 istola:
661 5898 776 5956 ista:
804 5915 911 5957 non
943 5907 1179 5958 exstant.

1950 4709 2102 4777 jecit,
2137 4711 2366 4766 nonnisi
2407 4709 2745 4775 Sabellianis,
2772 4710 2822 4763 id
2852 4717 2936 4764 est
2968 4705 3379 4777 Patripassianis
3419 4718 3546 4774 pos~

1958 4810 2087 4855 sunt
2133 4802 2404 4858 veraciter
2431 4801 2616 4870 objici,
2650 4801 2701 4855 in
2731 4802 2928 4871 quibus
2954 4814 3142 4856 revera
3191 4798 3265 4852 illi
3306 4794 3551 4853 conclusi

1957 4903 2121 4962 atque
2149 4893 2383 4949 convicti
2411 4892 2690 4957 deﬁciunt,
2720 4893 2810 4962 qui
2842 4900 3041 4948 sancta:
3087 4890 3386 4952 Trinitatis,
3408 4888 3551 4942 sicut

1959 5001 2120 5039 unam
2149 4993 2418 5049 naturam,
2449 4984 2526 5040 sic
2549 5000 2710 5038 unam
2765 4999 3052 5055 personam
3083 4981 3374 5053 pnudicarc
3410 4993 3546 5034 cou-

1959 5076 2207 5131 teudunt.
2242 5075 2342 5131 Ubi
2365 5090 2462 5131 eos
2508 5090 2604 5130 sua
2650 5075 2976 5147 perversitas
3026 5082 3421 5142 consequenter
3478 5069 3548 5125 td

1957 5168 2098 5224 hanc
2126 5167 2510 5224 absurditatem
2539 5168 2860 5240 prmcipitat,
2885 5179 2941 5224 ut
2965 5167 3301 5222 nativitatem
3324 5161 3540 5233 quidem

1960 5259 2198 5316 divinam
2222 5261 2526 5317 nullatenus
2541 5261 2794 5326 credant;
2825 5270 3070 5316 naturam
3097 5272 3226 5312 vero
3253 5255 3548 5311 secundum

1959 5369 2201 5422 carnem,
2224 5353 2571 5411 nihilominus
2587 5355 2890 5426 passionem
2915 5370 2979 5409 ac
3000 5359 3252 5416 mortem,
3282 5363 3550 5404 resurrec-

1962 5447 2162 5503 tionem
2207 5463 2426 5520 quoquc
2454 5448 2521 5504 ab
2550 5447 2756 5514 inferis,
2781 5456 2835 5503 et
2857 5445 3228 5501 ascensionem
3254 5461 3305 5498 Ill
3331 5442 3546 5504 emtum,

1964 5551 2020 5598 et
2047 5545 2225 5599 omnia
2257 5545 2344 5600 illa
2398 5561 2517 5617 qua:
2570 5546 2622 5600 in
2675 5553 3018 5601 sacramento
3068 5541 3455 5598 incarnationis
3481 5539 3550 5594 ad

1962 5650 2252 5706 personam
2284 5638 2444 5695 unius
2475 5638 2589 5692 Filii
2643 5637 2934 5708 pertinent,
2969 5634 3113 5690 Patri
3151 5639 3552 5705 consequenter

1962 5729 2253 5798 assignent.
2276 5732 2549 5786 Catholica
2569 5746 2697 5786 vero
2718 5729 2957 5785 Ecclesia
2986 5729 3243 5786 divinitus
3269 5725 3548 5796 inspirata,
