  <div class='ocr_page' id='page_1' title='image "/cluster/home/n/w/nwhite01/storage/ocr_20150623/65/hvd.32044015469315/267.png"; bbox 0 0 4108 6484; ppageno 0'>
   <div class='ocr_carea' id='block_1_1' title="bbox 1626 379 2947 444">
    <p class='ocr_par' dir='ltr' id='par_1_1' title="bbox 1626 379 2947 444">
     <span class='ocr_line' id='line_1_1' title="bbox 1626 379 2947 444; baseline -0.002 0"><span class='ocrx_word' id='word_1_1' title='bbox 1626 386 1681 444; x_wconf 89' lang='lat' dir='ltr'><strong>S.</strong></span> <span class='ocrx_word' id='word_1_2' title='bbox 1723 383 2087 444; x_wconf 77' lang='lat' dir='ltr'><strong>FULGENTII</strong></span> <span class='ocrx_word' id='word_1_3' title='bbox 2129 379 2435 441; x_wconf 77' lang='lat' dir='ltr'><strong>EPISCOPI</strong></span> <span class='ocrx_word' id='word_1_4' title='bbox 2467 381 2841 441; x_wconf 71' lang='lat' dir='ltr'><strong>ltUSPENSlS</strong></span> <span class='ocrx_word' id='word_1_5' title='bbox 2940 412 2947 417; x_wconf 58' lang='grc' dir='ltr'><em>ο</em></span> 
     </span>
    </p>
   </div>
   <div class='ocr_carea' id='block_1_2' title="bbox 574 499 3878 591">
    <p class='ocr_par' dir='ltr' id='par_1_2' title="bbox 574 499 3878 591">
     <span class='ocr_line' id='line_1_2' title="bbox 574 499 3878 591; baseline -0.002 -23"><span class='ocrx_word' id='word_1_6' title='bbox 574 520 769 568; x_wconf 81' lang='lat' dir='ltr'><strong>tenens</strong></span> <span class='ocrx_word' id='word_1_7' title='bbox 822 507 947 585; x_wconf 72' lang='lat' dir='ltr'><strong>ﬁdei</strong></span> <span class='ocrx_word' id='word_1_8' title='bbox 990 507 1299 576; x_wconf 73' lang='lat' dir='ltr'><strong>veritatem,</strong></span> <span class='ocrx_word' id='word_1_9' title='bbox 1327 504 1470 564; x_wconf 85' lang='lat' dir='ltr'><strong>sicut</strong></span> <span class='ocrx_word' id='word_1_10' title='bbox 1521 505 1673 561; x_wconf 90' lang='lat' dir='ltr'><strong>novit</strong></span> <span class='ocrx_word' id='word_1_11' title='bbox 1711 519 1874 560; x_wconf 88' lang='lat' dir='ltr'><strong>unam</strong></span> <span class='ocrx_word' id='word_1_12' title='bbox 1922 511 2168 559; x_wconf 84' lang='lat' dir='ltr'><strong>naturam</strong></span> <span class='ocrx_word' id='word_1_13' title='bbox 2202 503 2250 563; x_wconf 78' lang='grc' dir='ltr'>Α</span> <span class='ocrx_word' id='word_1_14' title='bbox 2277 499 2573 555; x_wconf 79' lang='lat' dir='ltr'><strong>divinitatis</strong></span> <span class='ocrx_word' id='word_1_15' title='bbox 2605 499 2660 555; x_wconf 89' lang='lat' dir='ltr'><strong>in</strong></span> <span class='ocrx_word' id='word_1_16' title='bbox 2702 515 2762 556; x_wconf 81' lang='lat' dir='ltr'><strong>se</strong></span> <span class='ocrx_word' id='word_1_17' title='bbox 2809 500 3026 556; x_wconf 79' lang='lat' dir='ltr'><strong>divitias</strong></span> <span class='ocrx_word' id='word_1_18' title='bbox 3075 516 3182 556; x_wconf 83' lang='lat' dir='ltr'><strong>non</strong></span> <span class='ocrx_word' id='word_1_19' title='bbox 3214 499 3457 558; x_wconf 83' lang='lat' dir='ltr'><strong>haberet.</strong></span> <span class='ocrx_word' id='word_1_20' title='bbox 3506 499 3745 591; x_wconf 76' lang='lat' dir='ltr'><strong>Pauper</strong></span> <span class='ocrx_word' id='word_1_21' title='bbox 3762 520 3878 574; x_wconf 76' lang='lat' dir='ltr'><strong>ergo</strong></span> 
     </span>
    </p>
   </div>
   <div class='ocr_carea' id='block_1_3' title="bbox 574 595 2176 662">
    <p class='ocr_par' dir='ltr' id='par_1_3' title="bbox 574 595 2176 662">
     <span class='ocr_line' id='line_1_3' title="bbox 574 595 2176 662; baseline -0.007 -3"><span class='ocrx_word' id='word_1_22' title='bbox 574 609 777 659; x_wconf 63' lang='lat' dir='ltr'><strong>sancte</strong></span> <span class='ocrx_word' id='word_1_23' title='bbox 805 599 1087 657; x_wconf 81' lang='lat' dir='ltr'><strong>Trinitatis</strong></span> <span class='ocrx_word' id='word_1_24' title='bbox 1108 612 1374 662; x_wconf 81' lang='lat' dir='ltr'><strong>asserere,</strong></span> <span class='ocrx_word' id='word_1_25' title='bbox 1405 598 1481 653; x_wconf 90' lang='lat' dir='ltr'><strong>ita</strong></span> <span class='ocrx_word' id='word_1_26' title='bbox 1501 596 1812 654; x_wconf 82' lang='lat' dir='ltr'><strong>cautissime</strong></span> <span class='ocrx_word' id='word_1_27' title='bbox 1849 609 1946 651; x_wconf 88' lang='lat' dir='ltr'><strong>sua</strong></span> <span class='ocrx_word' id='word_1_28' title='bbox 1986 595 2176 650; x_wconf 84' lang='lat' dir='ltr'><strong>tribuit</strong></span> 
     </span>
    </p>
   </div>
   <div class='ocr_carea' id='block_1_4' title="bbox 450 685 2174 762">
    <p class='ocr_par' dir='ltr' id='par_1_4' title="bbox 450 685 2174 762">
     <span class='ocr_line' id='line_1_4' title="bbox 450 685 2174 762; baseline -0.006 -12"><span class='ocrx_word' id='word_1_29' title='bbox 450 726 475 739; x_wconf 69' lang='grc' dir='ltr'>ν</span> <span class='ocrx_word' id='word_1_30' title='bbox 573 693 869 762; x_wconf 84' lang='lat' dir='ltr'><strong>unicuique</strong></span> <span class='ocrx_word' id='word_1_31' title='bbox 896 705 1163 762; x_wconf 78' lang='lat' dir='ltr'><strong>personae.</strong></span> <span class='ocrx_word' id='word_1_32' title='bbox 1198 686 1364 745; x_wconf 88' lang='lat' dir='ltr'><strong>Filius</strong></span> <span class='ocrx_word' id='word_1_33' title='bbox 1401 701 1532 757; x_wconf 74' lang='lat' dir='ltr'><strong>ergo</strong></span> <span class='ocrx_word' id='word_1_34' title='bbox 1559 687 1654 742; x_wconf 90' lang='lat' dir='ltr'><strong>Dei</strong></span> <span class='ocrx_word' id='word_1_35' title='bbox 1685 701 1786 741; x_wconf 90' lang='lat' dir='ltr'><strong>nos</strong></span> <span class='ocrx_word' id='word_1_36' title='bbox 1809 685 2174 742; x_wconf 87' lang='lat' dir='ltr'><strong>misericordi-</strong></span> 
     </span>
    </p>
   </div>
   <div class='ocr_carea' id='block_1_5' title="bbox 575 779 2172 855">
    <p class='ocr_par' dir='ltr' id='par_1_5' title="bbox 575 779 2172 855">
     <span class='ocr_line' id='line_1_5' title="bbox 575 779 2172 855; baseline -0.006 -13"><span class='ocrx_word' id='word_1_37' title='bbox 575 794 667 842; x_wconf 87' lang='lat' dir='ltr'><strong>ter</strong></span> <span class='ocrx_word' id='word_1_38' title='bbox 690 785 1088 855; x_wconf 87' lang='lat' dir='ltr'><strong>redempturus,</strong></span> <span class='ocrx_word' id='word_1_39' title='bbox 1114 782 1167 839; x_wconf 90' lang='lat' dir='ltr'><strong>in</strong></span> <span class='ocrx_word' id='word_1_40' title='bbox 1191 796 1257 837; x_wconf 90' lang='lat' dir='ltr'><strong>eo</strong></span> <span class='ocrx_word' id='word_1_41' title='bbox 1282 788 1430 837; x_wconf 85' lang='lat' dir='ltr'><strong>recte</strong></span> <span class='ocrx_word' id='word_1_42' title='bbox 1468 780 1707 836; x_wconf 83' lang='lat' dir='ltr'><strong>creditur</strong></span> <span class='ocrx_word' id='word_1_43' title='bbox 1730 779 1879 835; x_wconf 89' lang='lat' dir='ltr'><strong>solus</strong></span> <span class='ocrx_word' id='word_1_44' title='bbox 1925 793 2172 848; x_wconf 83' lang='lat' dir='ltr'><strong>assump-</strong></span> 
     </span>
    </p>
   </div>
   <div class='ocr_carea' id='block_1_6' title="bbox 575 870 2177 949">
    <p class='ocr_par' dir='ltr' id='par_1_6' title="bbox 575 870 2177 949">
     <span class='ocr_line' id='line_1_6' title="bbox 575 870 2177 949; baseline -0.007 -14"><span class='ocrx_word' id='word_1_45' title='bbox 575 879 733 943; x_wconf 88' lang='lat' dir='ltr'><strong>sisse,</strong></span> <span class='ocrx_word' id='word_1_46' title='bbox 760 878 887 949; x_wconf 86' lang='lat' dir='ltr'><strong>quia</strong></span> <span class='ocrx_word' id='word_1_47' title='bbox 935 879 1228 932; x_wconf 89' lang='lat' dir='ltr'><strong>humanam</strong></span> <span class='ocrx_word' id='word_1_48' title='bbox 1273 881 1521 928; x_wconf 88' lang='lat' dir='ltr'><strong>naturam</strong></span> <span class='ocrx_word' id='word_1_49' title='bbox 1572 888 1679 927; x_wconf 88' lang='lat' dir='ltr'><strong>non</strong></span> <span class='ocrx_word' id='word_1_50' title='bbox 1714 871 1789 927; x_wconf 91' lang='lat' dir='ltr'><strong>ita</strong></span> <span class='ocrx_word' id='word_1_51' title='bbox 1815 870 2076 941; x_wconf 89' lang='lat' dir='ltr'><strong>suscepit,</strong></span> <span class='ocrx_word' id='word_1_52' title='bbox 2118 878 2177 924; x_wconf 92' lang='lat' dir='ltr'><strong>ut</strong></span> 
     </span>
    </p>
   </div>
   <div class='ocr_carea' id='block_1_7' title="bbox 576 962 2176 1032">
    <p class='ocr_par' dir='ltr' id='par_1_7' title="bbox 576 962 2176 1032">
     <span class='ocr_line' id='line_1_7' title="bbox 576 962 2176 1032; baseline -0.006 -5"><span class='ocrx_word' id='word_1_53' title='bbox 576 986 687 1027; x_wconf 86' lang='lat' dir='ltr'><strong>una</strong></span> <span class='ocrx_word' id='word_1_54' title='bbox 716 968 1049 1027; x_wconf 74' lang='lat' dir='ltr'><strong>ineoﬁeret</strong></span> <span class='ocrx_word' id='word_1_55' title='bbox 1093 976 1282 1022; x_wconf 82' lang='lat' dir='ltr'><strong>natura</strong></span> <span class='ocrx_word' id='word_1_56' title='bbox 1329 966 1631 1022; x_wconf 82' lang='lat' dir='ltr'><strong>divinitatis</strong></span> <span class='ocrx_word' id='word_1_57' title='bbox 1661 973 1716 1020; x_wconf 88' lang='lat' dir='ltr'><strong>et</strong></span> <span class='ocrx_word' id='word_1_58' title='bbox 1741 964 1940 1020; x_wconf 88' lang='lat' dir='ltr'><strong>carnis.</strong></span> <span class='ocrx_word' id='word_1_59' title='bbox 1986 962 2176 1032; x_wconf 81' lang='lat' dir='ltr'><strong>Neque</strong></span> 
     </span>
    </p>
   </div>
   <div class='ocr_carea' id='block_1_8' title="bbox 579 1054 2172 1128">
    <p class='ocr_par' dir='ltr' id='par_1_8' title="bbox 579 1054 2172 1128">
     <span class='ocr_line' id='line_1_8' title="bbox 579 1054 2172 1128; baseline -0.007 -10"><span class='ocrx_word' id='word_1_60' title='bbox 579 1063 725 1118; x_wconf 85' lang='lat' dir='ltr'><strong>enim</strong></span> <span class='ocrx_word' id='word_1_61' title='bbox 774 1062 829 1117; x_wconf 91' lang='lat' dir='ltr'><strong>in</strong></span> <span class='ocrx_word' id='word_1_62' title='bbox 858 1060 1076 1118; x_wconf 89' lang='lat' dir='ltr'><strong>Christo</strong></span> <span class='ocrx_word' id='word_1_63' title='bbox 1102 1060 1207 1115; x_wconf 91' lang='lat' dir='ltr'><strong>hoc</strong></span> <span class='ocrx_word' id='word_1_64' title='bbox 1241 1059 1416 1115; x_wconf 86' lang='lat' dir='ltr'><strong>deitas</strong></span> <span class='ocrx_word' id='word_1_65' title='bbox 1462 1057 1639 1128; x_wconf 90' lang='lat' dir='ltr'><strong>potuit</strong></span> <span class='ocrx_word' id='word_1_66' title='bbox 1678 1072 1821 1124; x_wconf 88' lang='lat' dir='ltr'><strong>esse,</strong></span> <span class='ocrx_word' id='word_1_67' title='bbox 1849 1054 1994 1125; x_wconf 92' lang='lat' dir='ltr'><strong>quod</strong></span> <span class='ocrx_word' id='word_1_68' title='bbox 2022 1069 2172 1117; x_wconf 84' lang='lat' dir='ltr'><strong>caro,</strong></span> 
     </span>
    </p>
   </div>
   <div class='ocr_carea' id='block_1_9' title="bbox 579 1150 2173 1226">
    <p class='ocr_par' dir='ltr' id='par_1_9' title="bbox 579 1150 2173 1226">
     <span class='ocr_line' id='line_1_9' title="bbox 579 1150 2173 1226; baseline -0.006 -15"><span class='ocrx_word' id='word_1_69' title='bbox 579 1156 708 1226; x_wconf 88' lang='lat' dir='ltr'><strong>quia</strong></span> <span class='ocrx_word' id='word_1_70' title='bbox 752 1163 983 1224; x_wconf 86' lang='lat' dir='ltr'><strong>utraque</strong></span> <span class='ocrx_word' id='word_1_71' title='bbox 1032 1161 1222 1209; x_wconf 90' lang='lat' dir='ltr'><strong>natura</strong></span> <span class='ocrx_word' id='word_1_72' title='bbox 1267 1151 1541 1207; x_wconf 84' lang='lat' dir='ltr'><strong>retinente</strong></span> <span class='ocrx_word' id='word_1_73' title='bbox 1586 1150 1978 1221; x_wconf 83' lang='lat' dir='ltr'><strong>proprietatem</strong></span> <span class='ocrx_word' id='word_1_74' title='bbox 2001 1162 2173 1212; x_wconf 89' lang='lat' dir='ltr'><strong>suam,</strong></span> 
     </span>
    </p>
   </div>
   <div class='ocr_carea' id='block_1_10' title="bbox 581 1241 2178 1318">
    <p class='ocr_par' dir='ltr' id='par_1_10' title="bbox 581 1241 2178 1318">
     <span class='ocr_line' id='line_1_10' title="bbox 581 1241 2178 1318; baseline -0.004 -17"><span class='ocrx_word' id='word_1_75' title='bbox 581 1245 700 1305; x_wconf 82' lang='lat' dir='ltr'><strong>ﬁeri</strong></span> <span class='ocrx_word' id='word_1_76' title='bbox 726 1263 835 1302; x_wconf 88' lang='lat' dir='ltr'><strong>non</strong></span> <span class='ocrx_word' id='word_1_77' title='bbox 864 1248 1040 1318; x_wconf 90' lang='lat' dir='ltr'><strong>potuit</strong></span> <span class='ocrx_word' id='word_1_78' title='bbox 1093 1254 1153 1300; x_wconf 93' lang='lat' dir='ltr'><strong>ut</strong></span> <span class='ocrx_word' id='word_1_79' title='bbox 1194 1246 1451 1316; x_wconf 71' lang='lat' dir='ltr'><strong>quaslibet</strong></span> <span class='ocrx_word' id='word_1_80' title='bbox 1478 1261 1665 1300; x_wconf 90' lang='lat' dir='ltr'><strong>carum</strong></span> <span class='ocrx_word' id='word_1_81' title='bbox 1710 1252 1803 1298; x_wconf 90' lang='lat' dir='ltr'><strong>aut</strong></span> <span class='ocrx_word' id='word_1_82' title='bbox 1824 1257 1944 1299; x_wconf 88' lang='lat' dir='ltr'><strong>esse</strong></span> <span class='ocrx_word' id='word_1_83' title='bbox 1966 1241 2178 1297; x_wconf 91' lang='lat' dir='ltr'><strong>desine-</strong></span> 
     </span>
    </p>
   </div>
   <div class='ocr_carea' id='block_1_11' title="bbox 581 1332 2178 1406">
    <p class='ocr_par' dir='ltr' id='par_1_11' title="bbox 581 1332 2178 1406">
     <span class='ocr_line' id='line_1_11' title="bbox 581 1332 2178 1406; baseline -0.005 -12"><span class='ocrx_word' id='word_1_84' title='bbox 581 1346 687 1402; x_wconf 88' lang='lat' dir='ltr'><strong>ret,</strong></span> <span class='ocrx_word' id='word_1_85' title='bbox 719 1348 813 1393; x_wconf 91' lang='lat' dir='ltr'><strong>aut</strong></span> <span class='ocrx_word' id='word_1_86' title='bbox 864 1338 917 1392; x_wconf 93' lang='lat' dir='ltr'><strong>in</strong></span> <span class='ocrx_word' id='word_1_87' title='bbox 966 1338 1191 1392; x_wconf 87' lang='lat' dir='ltr'><strong>alteram</strong></span> <span class='ocrx_word' id='word_1_88' title='bbox 1248 1336 1557 1392; x_wconf 89' lang='lat' dir='ltr'><strong>omnimoda</strong></span> <span class='ocrx_word' id='word_1_89' title='bbox 1616 1350 1838 1406; x_wconf 88' lang='lat' dir='ltr'><strong>prorsus</strong></span> <span class='ocrx_word' id='word_1_90' title='bbox 1884 1332 2178 1388; x_wconf 88' lang='lat' dir='ltr'><strong>abolitione</strong></span> 
     </span>
    </p>
   </div>
   <div class='ocr_carea' id='block_1_12' title="bbox 582 1423 2178 1499">
    <p class='ocr_par' dir='ltr' id='par_1_12' title="bbox 582 1423 2178 1499">
     <span class='ocr_line' id='line_1_12' title="bbox 582 1423 2178 1499; baseline -0.006 -13"><span class='ocrx_word' id='word_1_91' title='bbox 582 1432 854 1487; x_wconf 83' lang='lat' dir='ltr'><strong>transiret.</strong></span> <span class='ocrx_word' id='word_1_92' title='bbox 882 1429 1038 1497; x_wconf 87' lang='lat' dir='ltr'><strong>Quod</strong></span> <span class='ocrx_word' id='word_1_93' title='bbox 1066 1431 1111 1485; x_wconf 89' lang='lat' dir='ltr'><strong>si</strong></span> <span class='ocrx_word' id='word_1_94' title='bbox 1137 1431 1312 1495; x_wconf 90' lang='lat' dir='ltr'><strong>ﬁeret,</strong></span> <span class='ocrx_word' id='word_1_95' title='bbox 1335 1429 1496 1499; x_wconf 81' lang='lat' dir='ltr'><strong>digne</strong></span> <span class='ocrx_word' id='word_1_96' title='bbox 1538 1429 1812 1484; x_wconf 90' lang='lat' dir='ltr'><strong>diceretur</strong></span> <span class='ocrx_word' id='word_1_97' title='bbox 1837 1442 1866 1480; x_wconf 89' lang='lat' dir='ltr'><strong>a</strong></span> <span class='ocrx_word' id='word_1_98' title='bbox 1910 1432 2024 1480; x_wconf 90' lang='lat' dir='ltr'><strong>tota</strong></span> <span class='ocrx_word' id='word_1_99' title='bbox 2053 1423 2178 1478; x_wconf 80' lang='lat' dir='ltr'><strong>Tri-</strong></span> 
     </span>
    </p>
   </div>
   <div class='ocr_carea' id='block_1_13' title="bbox 585 1513 2181 1591">
    <p class='ocr_par' dir='ltr' id='par_1_13' title="bbox 585 1513 2181 1591">
     <span class='ocr_line' id='line_1_13' title="bbox 585 1513 2181 1591; baseline -0.006 -14"><span class='ocrx_word' id='word_1_100' title='bbox 585 1523 753 1577; x_wconf 88' lang='lat' dir='ltr'><strong>nitate</strong></span> <span class='ocrx_word' id='word_1_101' title='bbox 781 1536 1001 1577; x_wconf 90' lang='lat' dir='ltr'><strong>carnem</strong></span> <span class='ocrx_word' id='word_1_102' title='bbox 1032 1528 1364 1591; x_wconf 89' lang='lat' dir='ltr'><strong>susceptam,</strong></span> <span class='ocrx_word' id='word_1_103' title='bbox 1393 1518 1609 1590; x_wconf 86' lang='lat' dir='ltr'><strong>quando</strong></span> <span class='ocrx_word' id='word_1_104' title='bbox 1649 1532 1869 1574; x_wconf 91' lang='lat' dir='ltr'><strong>carnem</strong></span> <span class='ocrx_word' id='word_1_105' title='bbox 1897 1530 2051 1571; x_wconf 85' lang='lat' dir='ltr'><strong>suam</strong></span> <span class='ocrx_word' id='word_1_106' title='bbox 2089 1513 2181 1569; x_wconf 80' lang='lat' dir='ltr'><strong>Fi-</strong></span> 
     </span>
    </p>
   </div>
   <div class='ocr_carea' id='block_1_14' title="bbox 582 1609 2179 1681">
    <p class='ocr_par' dir='ltr' id='par_1_14' title="bbox 582 1609 2179 1681">
     <span class='ocr_line' id='line_1_14' title="bbox 582 1609 2179 1681; baseline -0.006 -11"><span class='ocrx_word' id='word_1_107' title='bbox 582 1617 687 1671; x_wconf 87' lang='lat' dir='ltr'><strong>lius</strong></span> <span class='ocrx_word' id='word_1_108' title='bbox 714 1616 769 1670; x_wconf 92' lang='lat' dir='ltr'><strong>in</strong></span> <span class='ocrx_word' id='word_1_109' title='bbox 798 1615 946 1669; x_wconf 85' lang='lat' dir='ltr'><strong>illam</strong></span> <span class='ocrx_word' id='word_1_110' title='bbox 991 1622 1338 1670; x_wconf 89' lang='lat' dir='ltr'><strong>converteret</strong></span> <span class='ocrx_word' id='word_1_111' title='bbox 1382 1612 1720 1668; x_wconf 86' lang='lat' dir='ltr'><strong>divinitatem</strong></span> <span class='ocrx_word' id='word_1_112' title='bbox 1738 1652 1754 1677; x_wconf 96' lang='lat'><strong>,</strong></span> <span class='ocrx_word' id='word_1_113' title='bbox 1783 1625 1946 1681; x_wconf 87' lang='lat' dir='ltr'><strong>quam</strong></span> <span class='ocrx_word' id='word_1_114' title='bbox 1976 1609 2026 1664; x_wconf 91' lang='lat' dir='ltr'><strong>ei</strong></span> <span class='ocrx_word' id='word_1_115' title='bbox 2055 1621 2179 1663; x_wconf 85' lang='lat' dir='ltr'><strong>cum</strong></span> 
     </span>
    </p>
   </div>
   <div class='ocr_carea' id='block_1_15' title="bbox 580 1703 2181 1776">
    <p class='ocr_par' dir='ltr' id='par_1_15' title="bbox 580 1703 2181 1776">
     <span class='ocr_line' id='line_1_15' title="bbox 580 1703 2181 1776; baseline -0.002 -18"><span class='ocrx_word' id='word_1_116' title='bbox 580 1704 742 1762; x_wconf 80' lang='lat' dir='ltr'><strong>Patre</strong></span> <span class='ocrx_word' id='word_1_117' title='bbox 787 1713 845 1761; x_wconf 90' lang='lat' dir='ltr'><strong>et</strong></span> <span class='ocrx_word' id='word_1_118' title='bbox 890 1704 1098 1776; x_wconf 87' lang='lat' dir='ltr'><strong>Spiritu</strong></span> <span class='ocrx_word' id='word_1_119' title='bbox 1146 1713 1336 1760; x_wconf 91' lang='lat' dir='ltr'><strong>sancto</strong></span> <span class='ocrx_word' id='word_1_120' title='bbox 1385 1703 1702 1774; x_wconf 88' lang='lat' dir='ltr'><strong>proﬁtemur</strong></span> <span class='ocrx_word' id='word_1_121' title='bbox 1756 1715 1976 1756; x_wconf 88' lang='lat' dir='ltr'><strong>manere</strong></span> <span class='ocrx_word' id='word_1_122' title='bbox 2024 1714 2181 1755; x_wconf 84' lang='lat' dir='ltr'><strong>com-</strong></span> 
     </span>
    </p>
   </div>
   <div class='ocr_carea' id='block_1_16' title="bbox 576 1811 828 1853">
    <p class='ocr_par' dir='ltr' id='par_1_16' title="bbox 576 1811 828 1853">
     <span class='ocr_line' id='line_1_16' title="bbox 576 1811 828 1853; baseline -0.004 -3"><span class='ocrx_word' id='word_1_123' title='bbox 576 1811 828 1853; x_wconf 80' lang='lat' dir='ltr'><strong>munem.</strong></span> 
     </span>
    </p>
   </div>
   <div class='ocr_carea' id='block_1_17' title="bbox 1194 1900 1578 1983">
    <p class='ocr_par' dir='ltr' id='par_1_17' title="bbox 1194 1900 1578 1983">
     <span class='ocr_line' id='line_1_17' title="bbox 1194 1900 1578 1983; baseline -0.005 0"><span class='ocrx_word' id='word_1_124' title='bbox 1194 1900 1427 1983; x_wconf 82' lang='lat' dir='ltr'><strong>CAPUT</strong></span> <span class='ocrx_word' id='word_1_125' title='bbox 1464 1925 1578 1981; x_wconf 85' lang='lat' dir='ltr'><strong>xu.</strong></span> 
     </span>
    </p>
   </div>
   <div class='ocr_carea' id='block_1_18' title="bbox 655 2030 2183 2113">
    <p class='ocr_par' dir='ltr' id='par_1_18' title="bbox 655 2030 2183 2113">
     <span class='ocr_line' id='line_1_18' title="bbox 655 2030 2183 2113; baseline -0.008 -12"><span class='ocrx_word' id='word_1_126' title='bbox 655 2045 810 2102; x_wconf 85' lang='lat' dir='ltr'><strong>Nunc</strong></span> <span class='ocrx_word' id='word_1_127' title='bbox 837 2030 990 2109; x_wconf 84' lang='lat' dir='ltr'><strong>vero,</strong></span> <span class='ocrx_word' id='word_1_128' title='bbox 1019 2044 1145 2113; x_wconf 92' lang='lat' dir='ltr'><strong>quia</strong></span> <span class='ocrx_word' id='word_1_129' title='bbox 1173 2042 1226 2096; x_wconf 92' lang='lat' dir='ltr'><strong>in</strong></span> <span class='ocrx_word' id='word_1_130' title='bbox 1248 2041 1464 2097; x_wconf 89' lang='lat' dir='ltr'><strong>Christo</strong></span> <span class='ocrx_word' id='word_1_131' title='bbox 1488 2041 1712 2095; x_wconf 82' lang='lat' dir='ltr'><strong>alteram</strong></span> <span class='ocrx_word' id='word_1_132' title='bbox 1742 2038 1997 2103; x_wconf 84' lang='lat' dir='ltr'><strong>divinam,</strong></span> <span class='ocrx_word' id='word_1_133' title='bbox 2030 2044 2084 2092; x_wconf 90' lang='lat' dir='ltr'><strong>et</strong></span> <span class='ocrx_word' id='word_1_134' title='bbox 2111 2034 2183 2095; x_wconf 81' lang='lat' dir='ltr'><strong>al-</strong></span> 
     </span>
    </p>
   </div>
   <div class='ocr_carea' id='block_1_19' title="bbox 585 2133 2179 2200">
    <p class='ocr_par' dir='ltr' id='par_1_19' title="bbox 585 2133 2179 2200">
     <span class='ocr_line' id='line_1_19' title="bbox 585 2133 2179 2200; baseline -0.006 -9"><span class='ocrx_word' id='word_1_135' title='bbox 585 2145 758 2191; x_wconf 84' lang='lat' dir='ltr'><strong>teram</strong></span> <span class='ocrx_word' id='word_1_136' title='bbox 805 2136 1096 2190; x_wconf 79' lang='lat' dir='ltr'><strong>liumauam</strong></span> <span class='ocrx_word' id='word_1_137' title='bbox 1128 2133 1357 2187; x_wconf 88' lang='lat' dir='ltr'><strong>dicimus</strong></span> <span class='ocrx_word' id='word_1_138' title='bbox 1397 2147 1519 2187; x_wconf 89' lang='lat' dir='ltr'><strong>esse</strong></span> <span class='ocrx_word' id='word_1_139' title='bbox 1567 2141 1857 2186; x_wconf 83' lang='lat' dir='ltr'><strong>naturam:</strong></span> <span class='ocrx_word' id='word_1_140' title='bbox 1892 2138 2179 2200; x_wconf 86' lang='lat' dir='ltr'><strong>propterea</strong></span> 
     </span>
    </p>
   </div>
   <div class='ocr_carea' id='block_1_20' title="bbox 591 2221 2186 2295">
    <p class='ocr_par' dir='ltr' id='par_1_20' title="bbox 591 2221 2186 2295">
     <span class='ocr_line' id='line_1_20' title="bbox 591 2221 2186 2295; baseline -0.003 -15"><span class='ocrx_word' id='word_1_141' title='bbox 591 2226 777 2295; x_wconf 89' lang='lat' dir='ltr'><strong>utique</strong></span> <span class='ocrx_word' id='word_1_142' title='bbox 806 2225 1099 2279; x_wconf 87' lang='lat' dir='ltr'><strong>humanam</strong></span> <span class='ocrx_word' id='word_1_143' title='bbox 1122 2232 1391 2287; x_wconf 86' lang='lat' dir='ltr'><strong>naturam,</strong></span> <span class='ocrx_word' id='word_1_144' title='bbox 1410 2222 1463 2277; x_wconf 91' lang='lat' dir='ltr'><strong>id</strong></span> <span class='ocrx_word' id='word_1_145' title='bbox 1487 2231 1569 2277; x_wconf 86' lang='lat' dir='ltr'><strong>est</strong></span> <span class='ocrx_word' id='word_1_146' title='bbox 1596 2238 1813 2277; x_wconf 88' lang='lat' dir='ltr'><strong>carnem</strong></span> <span class='ocrx_word' id='word_1_147' title='bbox 1842 2221 2186 2278; x_wconf 83' lang='lat' dir='ltr'><strong>rationalem-</strong></span> 
     </span>
    </p>
   </div>
   <div class='ocr_carea' id='block_1_21' title="bbox 585 2313 2183 2389">
    <p class='ocr_par' dir='ltr' id='par_1_21' title="bbox 585 2313 2183 2389">
     <span class='ocr_line' id='line_1_21' title="bbox 585 2313 2183 2389; baseline 0.002 -22"><span class='ocrx_word' id='word_1_148' title='bbox 585 2333 691 2389; x_wconf 86' lang='lat' dir='ltr'><strong>que</strong></span> <span class='ocrx_word' id='word_1_149' title='bbox 738 2316 997 2383; x_wconf 89' lang='lat' dir='ltr'><strong>animam,</strong></span> <span class='ocrx_word' id='word_1_150' title='bbox 1031 2331 1141 2371; x_wconf 92' lang='lat' dir='ltr'><strong>non</strong></span> <span class='ocrx_word' id='word_1_151' title='bbox 1168 2330 1198 2369; x_wconf 90' lang='lat' dir='ltr'><strong>a</strong></span> <span class='ocrx_word' id='word_1_152' title='bbox 1225 2322 1339 2369; x_wconf 89' lang='lat' dir='ltr'><strong>tota</strong></span> <span class='ocrx_word' id='word_1_153' title='bbox 1370 2314 1655 2379; x_wconf 81' lang='lat' dir='ltr'><strong>&#39;l&#39;rinitate,</strong></span> <span class='ocrx_word' id='word_1_154' title='bbox 1686 2314 1780 2369; x_wconf 87' lang='lat' dir='ltr'><strong>sed</strong></span> <span class='ocrx_word' id='word_1_155' title='bbox 1808 2329 1839 2368; x_wconf 93' lang='lat' dir='ltr'><strong>a</strong></span> <span class='ocrx_word' id='word_1_156' title='bbox 1880 2314 1998 2370; x_wconf 92' lang='lat' dir='ltr'><strong>solo</strong></span> <span class='ocrx_word' id='word_1_157' title='bbox 2045 2313 2183 2370; x_wconf 88' lang='lat' dir='ltr'><strong>Filio</strong></span> 
     </span>
    </p>
   </div>
   <div class='ocr_carea' id='block_1_22' title="bbox 582 2403 2181 2477">
    <p class='ocr_par' dir='ltr' id='par_1_22' title="bbox 582 2403 2181 2477">
     <span class='ocr_line' id='line_1_22' title="bbox 582 2403 2181 2477; baseline -0.005 -11"><span class='ocrx_word' id='word_1_158' title='bbox 582 2409 852 2466; x_wconf 85' lang='lat' dir='ltr'><strong>credimus</strong></span> <span class='ocrx_word' id='word_1_159' title='bbox 916 2407 1348 2477; x_wconf 89' lang='lat' dir='ltr'><strong>conlitemurque</strong></span> <span class='ocrx_word' id='word_1_160' title='bbox 1417 2413 1748 2476; x_wconf 89' lang='lat' dir='ltr'><strong>susceptam.</strong></span> <span class='ocrx_word' id='word_1_161' title='bbox 1796 2403 1856 2459; x_wconf 82' lang='lat' dir='ltr'><strong>In</strong></span> <span class='ocrx_word' id='word_1_162' title='bbox 1918 2404 2181 2459; x_wconf 90' lang='lat' dir='ltr'><strong>unitatem</strong></span> 
     </span>
    </p>
   </div>
   <div class='ocr_carea' id='block_1_23' title="bbox 586 2494 2184 2571">
    <p class='ocr_par' dir='ltr' id='par_1_23' title="bbox 586 2494 2184 2571">
     <span class='ocr_line' id='line_1_23' title="bbox 586 2494 2184 2571; baseline -0.004 -15"><span class='ocrx_word' id='word_1_163' title='bbox 586 2502 789 2571; x_wconf 86' lang='lat' dir='ltr'><strong>quippe</strong></span> <span class='ocrx_word' id='word_1_164' title='bbox 836 2513 1104 2571; x_wconf 69' lang='lat' dir='ltr'><strong>personae,</strong></span> <span class='ocrx_word' id='word_1_165' title='bbox 1136 2514 1244 2552; x_wconf 91' lang='lat' dir='ltr'><strong>non</strong></span> <span class='ocrx_word' id='word_1_166' title='bbox 1276 2497 1328 2552; x_wconf 92' lang='lat' dir='ltr'><strong>in</strong></span> <span class='ocrx_word' id='word_1_167' title='bbox 1362 2498 1623 2552; x_wconf 90' lang='lat' dir='ltr'><strong>unitatem</strong></span> <span class='ocrx_word' id='word_1_168' title='bbox 1651 2505 1857 2551; x_wconf 61' lang='lat' dir='ltr'><strong>natura:</strong></span> <span class='ocrx_word' id='word_1_169' title='bbox 1890 2496 2031 2551; x_wconf 90' lang='lat' dir='ltr'><strong>Deus</strong></span> <span class='ocrx_word' id='word_1_170' title='bbox 2055 2494 2184 2550; x_wconf 86' lang='lat' dir='ltr'><strong>Uni-</strong></span> 
     </span>
    </p>
   </div>
   <div class='ocr_carea' id='block_1_24' title="bbox 585 2586 2183 2662">
    <p class='ocr_par' dir='ltr' id='par_1_24' title="bbox 585 2586 2183 2662">
     <span class='ocr_line' id='line_1_24' title="bbox 585 2586 2183 2662; baseline -0.005 -15"><span class='ocrx_word' id='word_1_171' title='bbox 585 2592 802 2662; x_wconf 76' lang='lat' dir='ltr'><strong>genitus</strong></span> <span class='ocrx_word' id='word_1_172' title='bbox 848 2604 1068 2646; x_wconf 88' lang='lat' dir='ltr'><strong>carnem</strong></span> <span class='ocrx_word' id='word_1_173' title='bbox 1128 2589 1369 2659; x_wconf 85' lang='lat' dir='ltr'><strong>suscepit</strong></span> <span class='ocrx_word' id='word_1_174' title='bbox 1398 2597 1455 2642; x_wconf 87' lang='lat' dir='ltr'><strong>et</strong></span> <span class='ocrx_word' id='word_1_175' title='bbox 1504 2587 1739 2642; x_wconf 89' lang='lat' dir='ltr'><strong>animam</strong></span> <span class='ocrx_word' id='word_1_176' title='bbox 1781 2605 1793 2641; x_wconf 89' lang='lat'><strong>:</strong></span> <span class='ocrx_word' id='word_1_177' title='bbox 1829 2587 1954 2657; x_wconf 90' lang='lat' dir='ltr'><strong>quia</strong></span> <span class='ocrx_word' id='word_1_178' title='bbox 1999 2586 2183 2654; x_wconf 89' lang='lat' dir='ltr'><strong>utique</strong></span> 
     </span>
    </p>
   </div>
   <div class='ocr_carea' id='block_1_25' title="bbox 584 2675 2172 2756">
    <p class='ocr_par' dir='ltr' id='par_1_25' title="bbox 584 2675 2172 2756">
     <span class='ocr_line' id='line_1_25' title="bbox 584 2675 2172 2756; baseline -0.006 -17"><span class='ocrx_word' id='word_1_179' title='bbox 584 2697 823 2756; x_wconf 85' lang='lat' dir='ltr'><strong>persona</strong></span> <span class='ocrx_word' id='word_1_180' title='bbox 852 2679 973 2737; x_wconf 83' lang='lat' dir='ltr'><strong>Filii</strong></span> <span class='ocrx_word' id='word_1_181' title='bbox 999 2695 1105 2734; x_wconf 90' lang='lat' dir='ltr'><strong>non</strong></span> <span class='ocrx_word' id='word_1_182' title='bbox 1150 2688 1234 2734; x_wconf 89' lang='lat' dir='ltr'><strong>est</strong></span> <span class='ocrx_word' id='word_1_183' title='bbox 1259 2680 1445 2735; x_wconf 89' lang='lat' dir='ltr'><strong>eadem</strong></span> <span class='ocrx_word' id='word_1_184' title='bbox 1475 2695 1593 2749; x_wconf 74' lang='lat' dir='ltr'><strong>qua:</strong></span> <span class='ocrx_word' id='word_1_185' title='bbox 1624 2678 1798 2733; x_wconf 86' lang='lat' dir='ltr'><strong>Patris</strong></span> <span class='ocrx_word' id='word_1_186' title='bbox 1826 2687 1909 2732; x_wconf 89' lang='lat' dir='ltr'><strong>est</strong></span> <span class='ocrx_word' id='word_1_187' title='bbox 1937 2686 2028 2732; x_wconf 91' lang='lat' dir='ltr'><strong>aut</strong></span> <span class='ocrx_word' id='word_1_188' title='bbox 2057 2675 2172 2747; x_wconf 84' lang='lat' dir='ltr'><strong>Spi-</strong></span> 
     </span>
    </p>
   </div>
   <div class='ocr_carea' id='block_1_26' title="bbox 586 2767 2185 2841">
    <p class='ocr_par' dir='ltr' id='par_1_26' title="bbox 586 2767 2185 2841">
     <span class='ocr_line' id='line_1_26' title="bbox 586 2767 2185 2841; baseline -0.006 -10"><span class='ocrx_word' id='word_1_189' title='bbox 586 2774 726 2831; x_wconf 89' lang='lat' dir='ltr'><strong>ritus</strong></span> <span class='ocrx_word' id='word_1_190' title='bbox 746 2774 941 2830; x_wconf 89' lang='lat' dir='ltr'><strong>sancti.</strong></span> <span class='ocrx_word' id='word_1_191' title='bbox 974 2770 1166 2826; x_wconf 91' lang='lat' dir='ltr'><strong>Unitas</strong></span> <span class='ocrx_word' id='word_1_192' title='bbox 1195 2784 1323 2839; x_wconf 80' lang='lat' dir='ltr'><strong>ergo</strong></span> <span class='ocrx_word' id='word_1_193' title='bbox 1352 2785 1617 2841; x_wconf 78' lang='lat' dir='ltr'><strong>persomc,</strong></span> <span class='ocrx_word' id='word_1_194' title='bbox 1645 2778 1895 2824; x_wconf 88' lang='lat' dir='ltr'><strong>manente</strong></span> <span class='ocrx_word' id='word_1_195' title='bbox 1921 2767 2185 2823; x_wconf 75' lang='lat' dir='ltr'><strong>duntaxat</strong></span> 
     </span>
    </p>
   </div>
   <div class='ocr_carea' id='block_1_27' title="bbox 585 2861 2182 2937">
    <p class='ocr_par' dir='ltr' id='par_1_27' title="bbox 585 2861 2182 2937">
     <span class='ocr_line' id='line_1_27' title="bbox 585 2861 2182 2937; baseline -0.006 -14"><span class='ocrx_word' id='word_1_196' title='bbox 585 2867 864 2936; x_wconf 86' lang='lat' dir='ltr'><strong>utriusque</strong></span> <span class='ocrx_word' id='word_1_197' title='bbox 886 2865 1224 2937; x_wconf 88' lang='lat' dir='ltr'><strong>proprietate</strong></span> <span class='ocrx_word' id='word_1_198' title='bbox 1239 2864 1566 2921; x_wconf 80' lang='lat' dir='ltr'><strong>substantiae.</strong></span> <span class='ocrx_word' id='word_1_199' title='bbox 1589 2862 1727 2917; x_wconf 86' lang='lat' dir='ltr'><strong>sicut</strong></span> <span class='ocrx_word' id='word_1_200' title='bbox 1750 2863 1804 2916; x_wconf 90' lang='lat' dir='ltr'><strong>in</strong></span> <span class='ocrx_word' id='word_1_201' title='bbox 1824 2861 2038 2917; x_wconf 86' lang='lat' dir='ltr'><strong>Christo</strong></span> <span class='ocrx_word' id='word_1_202' title='bbox 2053 2875 2182 2933; x_wconf 90' lang='lat' dir='ltr'><strong>per-</strong></span> 
     </span>
    </p>
   </div>
   <div class='ocr_carea' id='block_1_28' title="bbox 584 2955 2186 3027">
    <p class='ocr_par' dir='ltr' id='par_1_28' title="bbox 584 2955 2186 3027">
     <span class='ocr_line' id='line_1_28' title="bbox 584 2955 2186 3027; baseline -0.002 -13"><span class='ocrx_word' id='word_1_203' title='bbox 584 2956 778 3014; x_wconf 72' lang='lat' dir='ltr'><strong>s&#39;onam</strong></span> <span class='ocrx_word' id='word_1_204' title='bbox 804 2974 911 3014; x_wconf 92' lang='lat' dir='ltr'><strong>non</strong></span> <span class='ocrx_word' id='word_1_205' title='bbox 958 2956 1088 3012; x_wconf 80' lang='lat' dir='ltr'><strong>fecit</strong></span> <span class='ocrx_word' id='word_1_206' title='bbox 1131 2955 1427 3027; x_wconf 86' lang='lat' dir='ltr'><strong>duplicem,</strong></span> <span class='ocrx_word' id='word_1_207' title='bbox 1457 2956 1535 3011; x_wconf 90' lang='lat' dir='ltr'><strong>sic</strong></span> <span class='ocrx_word' id='word_1_208' title='bbox 1560 2956 1808 3010; x_wconf 65' lang='lat' dir='ltr'><strong>humanae</strong></span> <span class='ocrx_word' id='word_1_209' title='bbox 1839 2965 2042 3010; x_wconf 72' lang='lat' dir='ltr'><strong>natum</strong></span> <span class='ocrx_word' id='word_1_210' title='bbox 2064 2970 2186 3010; x_wconf 88' lang='lat' dir='ltr'><strong>sus—</strong></span> 
     </span>
    </p>
   </div>
   <div class='ocr_carea' id='block_1_29' title="bbox 542 3046 2180 3123">
    <p class='ocr_par' dir='ltr' id='par_1_29' title="bbox 542 3046 2180 3123">
     <span class='ocr_line' id='line_1_29' title="bbox 542 3046 2180 3123; baseline -0.004 -15"><span class='ocrx_word' id='word_1_211' title='bbox 542 3092 545 3093; x_wconf 48' lang='grc' dir='ltr'><em>ν</em></span> <span class='ocrx_word' id='word_1_212' title='bbox 587 3049 896 3123; x_wconf 83' lang='lat' dir='ltr'><strong>ceptionem</strong></span> <span class='ocrx_word' id='word_1_213' title='bbox 941 3064 1050 3104; x_wconf 91' lang='lat' dir='ltr'><strong>non</strong></span> <span class='ocrx_word' id='word_1_214' title='bbox 1102 3047 1231 3103; x_wconf 86' lang='lat' dir='ltr'><strong>iecit</strong></span> <span class='ocrx_word' id='word_1_215' title='bbox 1276 3056 1474 3102; x_wconf 74' lang='lat' dir='ltr'><strong>sancla:</strong></span> <span class='ocrx_word' id='word_1_216' title='bbox 1522 3046 1770 3101; x_wconf 88' lang='lat' dir='ltr'><strong>Trinitati</strong></span> <span class='ocrx_word' id='word_1_217' title='bbox 1820 3060 2180 3105; x_wconf 86' lang='lat' dir='ltr'><strong>communem.</strong></span> 
     </span>
    </p>
   </div>
   <div class='ocr_carea' id='block_1_30' title="bbox 587 3138 2182 3207">
    <p class='ocr_par' dir='ltr' id='par_1_30' title="bbox 587 3138 2182 3207">
     <span class='ocr_line' id='line_1_30' title="bbox 587 3138 2182 3207; baseline -0.005 -8"><span class='ocrx_word' id='word_1_218' title='bbox 587 3142 723 3199; x_wconf 86' lang='lat' dir='ltr'><strong>Filio</strong></span> <span class='ocrx_word' id='word_1_219' title='bbox 766 3143 910 3198; x_wconf 88' lang='lat' dir='ltr'><strong>enim</strong></span> <span class='ocrx_word' id='word_1_220' title='bbox 939 3140 1037 3196; x_wconf 90' lang='lat' dir='ltr'><strong>Dei</strong></span> <span class='ocrx_word' id='word_1_221' title='bbox 1080 3156 1190 3195; x_wconf 92' lang='lat' dir='ltr'><strong>non</strong></span> <span class='ocrx_word' id='word_1_222' title='bbox 1213 3140 1353 3195; x_wconf 88' lang='lat' dir='ltr'><strong>sicut</strong></span> <span class='ocrx_word' id='word_1_223' title='bbox 1377 3148 1460 3195; x_wconf 91' lang='lat' dir='ltr'><strong>est</strong></span> <span class='ocrx_word' id='word_1_224' title='bbox 1488 3154 1594 3194; x_wconf 89' lang='lat' dir='ltr'><strong>una</strong></span> <span class='ocrx_word' id='word_1_225' title='bbox 1626 3138 2036 3207; x_wconf 89' lang='lat' dir='ltr'><strong>communisque</strong></span> <span class='ocrx_word' id='word_1_226' title='bbox 2059 3152 2182 3193; x_wconf 89' lang='lat' dir='ltr'><strong>cum</strong></span> 
     </span>
    </p>
   </div>
   <div class='ocr_carea' id='block_1_31' title="bbox 587 3218 2184 3303">
    <p class='ocr_par' dir='ltr' id='par_1_31' title="bbox 587 3218 2184 3303">
     <span class='ocr_line' id='line_1_31' title="bbox 587 3218 2184 3303; baseline -0.004 -15"><span class='ocrx_word' id='word_1_227' title='bbox 587 3231 747 3288; x_wconf 85' lang='lat' dir='ltr'><strong>Patre</strong></span> <span class='ocrx_word' id='word_1_228' title='bbox 769 3218 826 3287; x_wconf 83' lang='lat' dir='ltr'><strong>et</strong></span> <span class='ocrx_word' id='word_1_229' title='bbox 842 3228 1046 3303; x_wconf 86' lang='lat' dir='ltr'><strong>Spiritu</strong></span> <span class='ocrx_word' id='word_1_230' title='bbox 1071 3241 1259 3287; x_wconf 91' lang='lat' dir='ltr'><strong>sancto</strong></span> <span class='ocrx_word' id='word_1_231' title='bbox 1283 3238 1494 3294; x_wconf 89' lang='lat' dir='ltr'><strong>natura,</strong></span> <span class='ocrx_word' id='word_1_232' title='bbox 1528 3230 1607 3285; x_wconf 84' lang='lat' dir='ltr'><strong>sic</strong></span> <span class='ocrx_word' id='word_1_233' title='bbox 1639 3236 1693 3284; x_wconf 91' lang='lat' dir='ltr'><strong>et</strong></span> <span class='ocrx_word' id='word_1_234' title='bbox 1723 3243 1829 3283; x_wconf 90' lang='lat' dir='ltr'><strong>una</strong></span> <span class='ocrx_word' id='word_1_235' title='bbox 1860 3228 2184 3284; x_wconf 90' lang='lat' dir='ltr'><strong>communis-</strong></span> 
     </span>
    </p>
   </div>
   <div class='ocr_carea' id='block_1_32' title="bbox 587 3338 967 3398">
    <p class='ocr_par' dir='ltr' id='par_1_32' title="bbox 587 3338 967 3398">
     <span class='ocr_line' id='line_1_32' title="bbox 587 3338 967 3398; baseline -0.003 -16"><span class='ocrx_word' id='word_1_236' title='bbox 587 3338 695 3397; x_wconf 84' lang='lat' dir='ltr'><strong>que</strong></span> <span class='ocrx_word' id='word_1_237' title='bbox 714 3340 967 3398; x_wconf 78' lang='lat' dir='ltr'><strong>persona.</strong></span> 
     </span>
    </p>
   </div>
   <div class='ocr_carea' id='block_1_33' title="bbox 1084 3436 1687 3512">
    <p class='ocr_par' dir='ltr' id='par_1_33' title="bbox 1084 3436 1687 3512">
     <span class='ocr_line' id='line_1_33' title="bbox 1084 3436 1687 3512; baseline -0.005 -18"><span class='ocrx_word' id='word_1_238' title='bbox 1084 3440 1242 3512; x_wconf 80' lang='lat'><strong>351</strong></span> <span class='ocrx_word' id='word_1_239' title='bbox 1285 3436 1514 3495; x_wconf 77' lang='lat' dir='ltr'><strong>CAPUT</strong></span> <span class='ocrx_word' id='word_1_240' title='bbox 1552 3436 1687 3492; x_wconf 78' lang='lat' dir='ltr'><strong>xm.</strong></span> 
     </span>
    </p>
   </div>
   <div class='ocr_carea' id='block_1_34' title="bbox 624 3547 2185 3622">
    <p class='ocr_par' dir='ltr' id='par_1_34' title="bbox 624 3547 2185 3622">
     <span class='ocr_line' id='line_1_34' title="bbox 624 3547 2185 3622; baseline -0.002 -15"><span class='ocrx_word' id='word_1_241' title='bbox 624 3598 639 3607; x_wconf 77' lang='lat'><strong>.</strong></span> <span class='ocrx_word' id='word_1_242' title='bbox 659 3549 957 3620; x_wconf 31' lang='lat' dir='ltr'><strong>Proprium.</strong></span> <span class='ocrx_word' id='word_1_243' title='bbox 979 3561 1063 3608; x_wconf 90' lang='lat' dir='ltr'><strong>est</strong></span> <span class='ocrx_word' id='word_1_244' title='bbox 1091 3553 1273 3622; x_wconf 88' lang='lat' dir='ltr'><strong>itaque</strong></span> <span class='ocrx_word' id='word_1_245' title='bbox 1300 3551 1469 3607; x_wconf 90' lang='lat' dir='ltr'><strong>solius</strong></span> <span class='ocrx_word' id='word_1_246' title='bbox 1498 3550 1618 3605; x_wconf 88' lang='lat' dir='ltr'><strong>Filii</strong></span> <span class='ocrx_word' id='word_1_247' title='bbox 1652 3549 1904 3605; x_wconf 88' lang='lat' dir='ltr'><strong>servilem</strong></span> <span class='ocrx_word' id='word_1_248' title='bbox 1954 3547 2185 3604; x_wconf 75' lang='lat' dir='ltr'><strong>fortnam</strong></span> 
     </span>
    </p>
   </div>
   <div class='ocr_carea' id='block_1_35' title="bbox 590 3630 2183 3714">
    <p class='ocr_par' dir='ltr' id='par_1_35' title="bbox 590 3630 2183 3714">
     <span class='ocr_line' id='line_1_35' title="bbox 590 3630 2183 3714; baseline -0.003 -15"><span class='ocrx_word' id='word_1_249' title='bbox 590 3630 1015 3699; x_wconf 85' lang='lat' dir='ltr'><strong>misericorditer</strong></span> <span class='ocrx_word' id='word_1_250' title='bbox 1060 3645 1354 3714; x_wconf 89' lang='lat' dir='ltr'><strong>accepisse.</strong></span> <span class='ocrx_word' id='word_1_251' title='bbox 1407 3641 1488 3697; x_wconf 83' lang='lat' dir='ltr'><strong>Ad</strong></span> <span class='ocrx_word' id='word_1_252' title='bbox 1527 3657 1819 3710; x_wconf 83' lang='lat' dir='ltr'><strong>personam</strong></span> <span class='ocrx_word' id='word_1_253' title='bbox 1845 3640 2046 3711; x_wconf 90' lang='lat' dir='ltr'><strong>quippe</strong></span> <span class='ocrx_word' id='word_1_254' title='bbox 2088 3639 2183 3694; x_wconf 87' lang='lat' dir='ltr'><strong>Dei</strong></span> 
     </span>
    </p>
   </div>
   <div class='ocr_carea' id='block_1_36' title="bbox 591 3733 2185 3811">
    <p class='ocr_par' dir='ltr' id='par_1_36' title="bbox 591 3733 2185 3811">
     <span class='ocr_line' id='line_1_36' title="bbox 591 3733 2185 3811; baseline -0.004 -18"><span class='ocrx_word' id='word_1_255' title='bbox 591 3737 757 3794; x_wconf 80' lang='lat' dir='ltr'><strong>Verbi</strong></span> <span class='ocrx_word' id='word_1_256' title='bbox 774 3738 867 3811; x_wconf 88' lang='lat' dir='ltr'><strong>(al.</strong></span> <span class='ocrx_word' id='word_1_257' title='bbox 885 3738 1044 3811; x_wconf 86' lang='lat' dir='ltr'><strong>vera)</strong></span> <span class='ocrx_word' id='word_1_258' title='bbox 1076 3737 1318 3808; x_wconf 86' lang='lat' dir='ltr'><strong>acceptio</strong></span> <span class='ocrx_word' id='word_1_259' title='bbox 1347 3736 1437 3792; x_wconf 91' lang='lat' dir='ltr'><strong>illa</strong></span> <span class='ocrx_word' id='word_1_260' title='bbox 1466 3734 1679 3790; x_wconf 87' lang='lat' dir='ltr'><strong>servilis</strong></span> <span class='ocrx_word' id='word_1_261' title='bbox 1700 3735 1884 3789; x_wconf 78' lang='lat' dir='ltr'><strong>forma:</strong></span> <span class='ocrx_word' id='word_1_262' title='bbox 1905 3733 2185 3803; x_wconf 87' lang='lat' dir='ltr'><strong>pertinuit,</strong></span> 
     </span>
    </p>
   </div>
   <div class='ocr_carea' id='block_1_37' title="bbox 591 3824 2182 3899">
    <p class='ocr_par' dir='ltr' id='par_1_37' title="bbox 591 3824 2182 3899">
     <span class='ocr_line' id='line_1_37' title="bbox 591 3824 2182 3899; baseline -0.003 -15"><span class='ocrx_word' id='word_1_263' title='bbox 591 3845 713 3899; x_wconf 67' lang='lat' dir='ltr'><strong>quae</strong></span> <span class='ocrx_word' id='word_1_264' title='bbox 753 3846 864 3886; x_wconf 89' lang='lat' dir='ltr'><strong>non</strong></span> <span class='ocrx_word' id='word_1_265' title='bbox 909 3830 963 3886; x_wconf 92' lang='lat' dir='ltr'><strong>in</strong></span> <span class='ocrx_word' id='word_1_266' title='bbox 991 3827 1228 3886; x_wconf 86' lang='lat' dir='ltr'><strong>divinam</strong></span> <span class='ocrx_word' id='word_1_267' title='bbox 1270 3836 1521 3883; x_wconf 88' lang='lat' dir='ltr'><strong>naturam</strong></span> <span class='ocrx_word' id='word_1_268' title='bbox 1570 3824 1886 3883; x_wconf 80' lang='lat' dir='ltr'><strong>confusione</strong></span> <span class='ocrx_word' id='word_1_269' title='bbox 1918 3827 2182 3883; x_wconf 87' lang='lat' dir='ltr'><strong>transivit.</strong></span> 
     </span>
    </p>
   </div>
   <div class='ocr_carea' id='block_1_38' title="bbox 592 3906 2186 3990">
    <p class='ocr_par' dir='ltr' id='par_1_38' title="bbox 592 3906 2186 3990">
     <span class='ocr_line' id='line_1_38' title="bbox 592 3906 2186 3990; baseline -0.004 -13"><span class='ocrx_word' id='word_1_270' title='bbox 592 3920 719 3977; x_wconf 84' lang='lat' dir='ltr'><strong>Ideo</strong></span> <span class='ocrx_word' id='word_1_271' title='bbox 746 3921 887 3976; x_wconf 90' lang='lat' dir='ltr'><strong>illius</strong></span> <span class='ocrx_word' id='word_1_272' title='bbox 918 3918 1103 3978; x_wconf 71' lang='lat' dir='ltr'><strong>forma:</strong></span> <span class='ocrx_word' id='word_1_273' title='bbox 1135 3906 1348 3975; x_wconf 76' lang='lat' dir='ltr'><strong>servilis</strong></span> <span class='ocrx_word' id='word_1_274' title='bbox 1377 3918 1650 3990; x_wconf 88' lang='lat' dir='ltr'><strong>acceptio,</strong></span> <span class='ocrx_word' id='word_1_275' title='bbox 1698 3916 1997 3975; x_wconf 75' lang='lat' dir='ltr'><strong>secundum</strong></span> <span class='ocrx_word' id='word_1_276' title='bbox 2023 3932 2186 3986; x_wconf 89' lang='lat' dir='ltr'><strong>quam</strong></span> 
     </span>
    </p>
   </div>
   <div class='ocr_carea' id='block_1_39' title="bbox 592 4008 2189 4084">
    <p class='ocr_par' dir='ltr' id='par_1_39' title="bbox 592 4008 2189 4084">
     <span class='ocr_line' id='line_1_39' title="bbox 592 4008 2189 4084; baseline -0.003 -16"><span class='ocrx_word' id='word_1_277' title='bbox 592 4013 688 4068; x_wconf 90' lang='lat' dir='ltr'><strong>Dei</strong></span> <span class='ocrx_word' id='word_1_278' title='bbox 737 4012 933 4081; x_wconf 86' lang='lat' dir='ltr'><strong>Filius,</strong></span> <span class='ocrx_word' id='word_1_279' title='bbox 991 4014 1082 4084; x_wconf 85' lang='lat' dir='ltr'><strong>qui</strong></span> <span class='ocrx_word' id='word_1_280' title='bbox 1126 4020 1209 4068; x_wconf 90' lang='lat' dir='ltr'><strong>est</strong></span> <span class='ocrx_word' id='word_1_281' title='bbox 1260 4012 1503 4068; x_wconf 92' lang='lat' dir='ltr'><strong>omnium</strong></span> <span class='ocrx_word' id='word_1_282' title='bbox 1552 4026 1735 4065; x_wconf 90' lang='lat' dir='ltr'><strong>rerum</strong></span> <span class='ocrx_word' id='word_1_283' title='bbox 1787 4008 2077 4077; x_wconf 88' lang='lat' dir='ltr'><strong>Dominus,</strong></span> <span class='ocrx_word' id='word_1_284' title='bbox 2135 4018 2189 4064; x_wconf 91' lang='lat' dir='ltr'><strong>et</strong></span> 
     </span>
    </p>
   </div>
   <div class='ocr_carea' id='block_1_40' title="bbox 592 4100 2191 4175">
    <p class='ocr_par' dir='ltr' id='par_1_40' title="bbox 592 4100 2191 4175">
     <span class='ocr_line' id='line_1_40' title="bbox 592 4100 2191 4175; baseline 0 -16"><span class='ocrx_word' id='word_1_285' title='bbox 592 4110 648 4159; x_wconf 86' lang='lat' dir='ltr'><strong>in</strong></span> <span class='ocrx_word' id='word_1_286' title='bbox 686 4119 794 4173; x_wconf 90' lang='lat' dir='ltr'><strong>quo</strong></span> <span class='ocrx_word' id='word_1_287' title='bbox 835 4104 1100 4159; x_wconf 86' lang='lat' dir='ltr'><strong>inhabitat</strong></span> <span class='ocrx_word' id='word_1_288' title='bbox 1138 4103 1313 4159; x_wconf 91' lang='lat' dir='ltr'><strong>omnis</strong></span> <span class='ocrx_word' id='word_1_289' title='bbox 1345 4101 1628 4175; x_wconf 89' lang='lat' dir='ltr'><strong>plenitudo</strong></span> <span class='ocrx_word' id='word_1_290' title='bbox 1669 4100 1984 4167; x_wconf 81' lang='lat' dir='ltr'><strong>divinitatis,</strong></span> <span class='ocrx_word' id='word_1_291' title='bbox 2031 4119 2191 4159; x_wconf 89' lang='lat' dir='ltr'><strong>verus</strong></span> 
     </span>
    </p>
   </div>
   <div class='ocr_carea' id='block_1_41' title="bbox 592 4193 2192 4265">
    <p class='ocr_par' dir='ltr' id='par_1_41' title="bbox 592 4193 2192 4265">
     <span class='ocr_line' id='line_1_41' title="bbox 592 4193 2192 4265; baseline -0.001 -14"><span class='ocrx_word' id='word_1_292' title='bbox 592 4193 652 4251; x_wconf 85' lang='lat' dir='ltr'><strong>et</strong></span> <span class='ocrx_word' id='word_1_293' title='bbox 679 4195 869 4265; x_wconf 89' lang='lat' dir='ltr'><strong>plenus</strong></span> <span class='ocrx_word' id='word_1_294' title='bbox 892 4196 1063 4251; x_wconf 83' lang='lat' dir='ltr'><strong>factus</strong></span> <span class='ocrx_word' id='word_1_295' title='bbox 1084 4205 1167 4252; x_wconf 89' lang='lat' dir='ltr'><strong>est</strong></span> <span class='ocrx_word' id='word_1_296' title='bbox 1188 4196 1371 4262; x_wconf 86' lang='lat' dir='ltr'><strong>homo,</strong></span> <span class='ocrx_word' id='word_1_297' title='bbox 1392 4194 1524 4249; x_wconf 87' lang='lat' dir='ltr'><strong>nihil</strong></span> <span class='ocrx_word' id='word_1_298' title='bbox 1551 4196 1600 4249; x_wconf 91' lang='lat' dir='ltr'><strong>ei</strong></span> <span class='ocrx_word' id='word_1_299' title='bbox 1624 4194 1817 4248; x_wconf 74' lang='lat' dir='ltr'><strong>divinae</strong></span> <span class='ocrx_word' id='word_1_300' title='bbox 1843 4196 2192 4264; x_wconf 89' lang='lat' dir='ltr'><strong>plenitudinis</strong></span> 
     </span>
    </p>
   </div>
   <div class='ocr_carea' id='block_1_42' title="bbox 592 4286 2193 4357">
    <p class='ocr_par' dir='ltr' id='par_1_42' title="bbox 592 4286 2193 4357">
     <span class='ocr_line' id='line_1_42' title="bbox 592 4286 2193 4357; baseline -0.002 -13"><span class='ocrx_word' id='word_1_301' title='bbox 592 4286 837 4354; x_wconf 80' lang='lat' dir='ltr'><strong>abstulit,</strong></span> <span class='ocrx_word' id='word_1_302' title='bbox 871 4287 1001 4343; x_wconf 89' lang='lat' dir='ltr'><strong>nihil</strong></span> <span class='ocrx_word' id='word_1_303' title='bbox 1028 4288 1415 4345; x_wconf 87' lang='lat' dir='ltr'><strong>dominationis</strong></span> <span class='ocrx_word' id='word_1_304' title='bbox 1443 4287 1645 4342; x_wconf 84' lang='lat' dir='ltr'><strong>ademit</strong></span> <span class='ocrx_word' id='word_1_305' title='bbox 1677 4306 1690 4340; x_wconf 87' lang='lat'>:</span> <span class='ocrx_word' id='word_1_306' title='bbox 1715 4288 1839 4357; x_wconf 89' lang='lat' dir='ltr'><strong>quia</strong></span> <span class='ocrx_word' id='word_1_307' title='bbox 1863 4287 1913 4341; x_wconf 92' lang='lat' dir='ltr'><strong>in</strong></span> <span class='ocrx_word' id='word_1_308' title='bbox 1943 4287 2056 4357; x_wconf 86' lang='lat' dir='ltr'><strong>ipsa</strong></span> <span class='ocrx_word' id='word_1_309' title='bbox 2086 4304 2193 4341; x_wconf 89' lang='lat' dir='ltr'><strong>una</strong></span> 
     </span>
    </p>
   </div>
   <div class='ocr_carea' id='block_1_43' title="bbox 594 4377 2193 4450">
    <p class='ocr_par' dir='ltr' id='par_1_43' title="bbox 594 4377 2193 4450">
     <span class='ocr_line' id='line_1_43' title="bbox 594 4377 2193 4450; baseline -0.001 -15"><span class='ocrx_word' id='word_1_310' title='bbox 594 4378 832 4450; x_wconf 79' lang='lat' dir='ltr'><strong>persona</strong></span> <span class='ocrx_word' id='word_1_311' title='bbox 859 4378 976 4433; x_wconf 83' lang='lat' dir='ltr'><strong>sine</strong></span> <span class='ocrx_word' id='word_1_312' title='bbox 1001 4377 1319 4435; x_wconf 72' lang='lat' dir='ltr'><strong>confusione</strong></span> <span class='ocrx_word' id='word_1_313' title='bbox 1367 4377 1569 4433; x_wconf 87' lang='lat' dir='ltr'><strong>mansit</strong></span> <span class='ocrx_word' id='word_1_314' title='bbox 1621 4377 1802 4431; x_wconf 83' lang='lat' dir='ltr'><strong>divina</strong></span> <span class='ocrx_word' id='word_1_315' title='bbox 1852 4379 2193 4447; x_wconf 90' lang='lat' dir='ltr'><strong>humanaque</strong></span> 
     </span>
    </p>
   </div>
   <div class='ocr_carea' id='block_1_44' title="bbox 596 4466 2197 4538">
    <p class='ocr_par' dir='ltr' id='par_1_44' title="bbox 596 4466 2197 4538">
     <span class='ocr_line' id='line_1_44' title="bbox 596 4466 2197 4538; baseline -0.002 -12"><span class='ocrx_word' id='word_1_316' title='bbox 596 4472 815 4526; x_wconf 80' lang='lat' dir='ltr'><strong>natura.</strong></span> <span class='ocrx_word' id='word_1_317' title='bbox 846 4466 985 4525; x_wconf 87' lang='lat' dir='ltr'><strong>Hinc</strong></span> <span class='ocrx_word' id='word_1_318' title='bbox 1010 4478 1096 4525; x_wconf 84' lang='lat' dir='ltr'><strong>est</strong></span> <span class='ocrx_word' id='word_1_319' title='bbox 1124 4469 1272 4538; x_wconf 84' lang='lat' dir='ltr'><strong>quod</strong></span> <span class='ocrx_word' id='word_1_320' title='bbox 1303 4469 1356 4525; x_wconf 90' lang='lat' dir='ltr'><strong>in</strong></span> <span class='ocrx_word' id='word_1_321' title='bbox 1396 4486 1507 4525; x_wconf 90' lang='lat' dir='ltr'><strong>uno</strong></span> <span class='ocrx_word' id='word_1_322' title='bbox 1532 4469 1833 4538; x_wconf 85' lang='lat' dir='ltr'><strong>eodemque</strong></span> <span class='ocrx_word' id='word_1_323' title='bbox 1873 4469 2109 4535; x_wconf 87' lang='lat' dir='ltr'><strong>Christo,</strong></span> <span class='ocrx_word' id='word_1_324' title='bbox 2141 4477 2197 4524; x_wconf 91' lang='lat' dir='ltr'><strong>et</strong></span> 
     </span>
    </p>
   </div>
   <div class='ocr_carea' id='block_1_45' title="bbox 596 4562 2195 4630">
    <p class='ocr_par' dir='ltr' id='par_1_45' title="bbox 596 4562 2195 4630">
     <span class='ocr_line' id='line_1_45' title="bbox 596 4562 2195 4630; baseline 0.001 -11"><span class='ocrx_word' id='word_1_325' title='bbox 596 4562 847 4619; x_wconf 76' lang='lat' dir='ltr'><strong>humana:</strong></span> <span class='ocrx_word' id='word_1_326' title='bbox 877 4570 1086 4617; x_wconf 68' lang='lat' dir='ltr'><strong>natura:</strong></span> <span class='ocrx_word' id='word_1_327' title='bbox 1113 4563 1315 4619; x_wconf 85' lang='lat' dir='ltr'><strong>veritas</strong></span> <span class='ocrx_word' id='word_1_328' title='bbox 1344 4563 1555 4630; x_wconf 87' lang='lat' dir='ltr'><strong>claruit,</strong></span> <span class='ocrx_word' id='word_1_329' title='bbox 1583 4573 1637 4620; x_wconf 81' lang='lat' dir='ltr'><strong>et</strong></span> <span class='ocrx_word' id='word_1_330' title='bbox 1663 4564 1856 4619; x_wconf 72' lang='lat' dir='ltr'><strong>divina:</strong></span> <span class='ocrx_word' id='word_1_331' title='bbox 1880 4574 2085 4620; x_wconf 71' lang='lat' dir='ltr'><strong>natum</strong></span> <span class='ocrx_word' id='word_1_332' title='bbox 2109 4565 2195 4619; x_wconf 63' lang='lat' dir='ltr'><strong>inv</strong></span> 
     </span>
    </p>
   </div>
   <div class='ocr_carea' id='block_1_46' title="bbox 2278 591 3877 670">
    <p class='ocr_par' dir='ltr' id='par_1_46' title="bbox 2278 591 3877 670">
     <span class='ocr_line' id='line_1_46' title="bbox 2278 591 3877 670; baseline 0.007 -25"><span class='ocrx_word' id='word_1_333' title='bbox 2278 591 2452 650; x_wconf 82' lang='lat' dir='ltr'><strong>factus</strong></span> <span class='ocrx_word' id='word_1_334' title='bbox 2477 602 2560 648; x_wconf 88' lang='lat' dir='ltr'><strong>est</strong></span> <span class='ocrx_word' id='word_1_335' title='bbox 2587 594 2883 649; x_wconf 90' lang='lat' dir='ltr'><strong>secundum</strong></span> <span class='ocrx_word' id='word_1_336' title='bbox 2915 594 3145 650; x_wconf 77' lang='lat' dir='ltr'><strong>formam</strong></span> <span class='ocrx_word' id='word_1_337' title='bbox 3172 597 3335 663; x_wconf 90' lang='lat' dir='ltr'><strong>servi,</strong></span> <span class='ocrx_word' id='word_1_338' title='bbox 3369 595 3520 655; x_wconf 84' lang='lat' dir='ltr'><strong>dives</strong></span> <span class='ocrx_word' id='word_1_339' title='bbox 3578 602 3877 670; x_wconf 82' lang='lat' dir='ltr'><strong>permansit</strong></span> 
     </span>
    </p>
   </div>
   <div class='ocr_carea' id='block_1_47' title="bbox 2276 684 3878 759">
    <p class='ocr_par' dir='ltr' id='par_1_47' title="bbox 2276 684 3878 759">
     <span class='ocr_line' id='line_1_47' title="bbox 2276 684 3878 759; baseline 0.005 -20"><span class='ocrx_word' id='word_1_340' title='bbox 2276 685 2574 739; x_wconf 83' lang='lat' dir='ltr'><strong>secundum</strong></span> <span class='ocrx_word' id='word_1_341' title='bbox 2606 684 2831 739; x_wconf 77' lang='lat' dir='ltr'><strong>formam</strong></span> <span class='ocrx_word' id='word_1_342' title='bbox 2858 685 2974 741; x_wconf 89' lang='lat' dir='ltr'><strong>Dei.</strong></span> <span class='ocrx_word' id='word_1_343' title='bbox 3008 684 3306 757; x_wconf 82' lang='lat' dir='ltr'><strong>Paupertas</strong></span> <span class='ocrx_word' id='word_1_344' title='bbox 3335 689 3517 759; x_wconf 88' lang='lat' dir='ltr'><strong>itaque</strong></span> <span class='ocrx_word' id='word_1_345' title='bbox 3552 689 3755 746; x_wconf 76' lang='lat' dir='ltr'><strong>forma:</strong></span> <span class='ocrx_word' id='word_1_346' title='bbox 3780 705 3878 747; x_wconf 83' lang='lat' dir='ltr'><strong>ser-</strong></span> 
     </span>
    </p>
   </div>
   <div class='ocr_carea' id='block_1_48' title="bbox 2277 773 3883 851">
    <p class='ocr_par' dir='ltr' id='par_1_48' title="bbox 2277 773 3883 851">
     <span class='ocr_line' id='line_1_48' title="bbox 2277 773 3883 851; baseline 0.005 -24"><span class='ocrx_word' id='word_1_347' title='bbox 2277 773 2398 830; x_wconf 85' lang='lat' dir='ltr'><strong>vilis</strong></span> <span class='ocrx_word' id='word_1_348' title='bbox 2457 790 2565 830; x_wconf 91' lang='lat' dir='ltr'><strong>non</strong></span> <span class='ocrx_word' id='word_1_349' title='bbox 2607 784 2691 832; x_wconf 86' lang='lat' dir='ltr'><strong>est</strong></span> <span class='ocrx_word' id='word_1_350' title='bbox 2718 775 2792 831; x_wconf 91' lang='lat' dir='ltr'><strong>illi</strong></span> <span class='ocrx_word' id='word_1_351' title='bbox 2823 792 2944 832; x_wconf 93' lang='lat' dir='ltr'><strong>cum</strong></span> <span class='ocrx_word' id='word_1_352' title='bbox 2996 775 3157 833; x_wconf 85' lang='lat' dir='ltr'><strong>Patre</strong></span> <span class='ocrx_word' id='word_1_353' title='bbox 3197 787 3251 834; x_wconf 91' lang='lat' dir='ltr'><strong>et</strong></span> <span class='ocrx_word' id='word_1_354' title='bbox 3278 778 3478 851; x_wconf 85' lang='lat' dir='ltr'><strong>Spiritu</strong></span> <span class='ocrx_word' id='word_1_355' title='bbox 3504 788 3716 837; x_wconf 84' lang='lat' dir='ltr'><strong>sancto</strong></span> <span class='ocrx_word' id='word_1_356' title='bbox 3744 796 3883 835; x_wconf 83' lang='lat' dir='ltr'><strong>com-</strong></span> 
     </span>
    </p>
   </div>
   <div class='ocr_carea' id='block_1_49' title="bbox 2278 867 3880 943">
    <p class='ocr_par' dir='ltr' id='par_1_49' title="bbox 2278 867 3880 943">
     <span class='ocr_line' id='line_1_49' title="bbox 2278 867 3880 943; baseline 0.004 -21"><span class='ocrx_word' id='word_1_357' title='bbox 2278 867 2496 933; x_wconf 86' lang='lat' dir='ltr'><strong>munis;</strong></span> <span class='ocrx_word' id='word_1_358' title='bbox 2546 867 2670 938; x_wconf 87' lang='lat' dir='ltr'><strong>quia</strong></span> <span class='ocrx_word' id='word_1_359' title='bbox 2695 875 2832 940; x_wconf 84' lang='lat' dir='ltr'><strong>&#39;post</strong></span> <span class='ocrx_word' id='word_1_360' title='bbox 2877 875 3088 924; x_wconf 76' lang='lat' dir='ltr'><strong>natura:</strong></span> <span class='ocrx_word' id='word_1_361' title='bbox 3135 871 3384 926; x_wconf 78' lang='lat' dir='ltr'><strong>humana:</strong></span> <span class='ocrx_word' id='word_1_362' title='bbox 3412 881 3807 943; x_wconf 84' lang='lat' dir='ltr'><strong>paupertatem</strong></span> <span class='ocrx_word' id='word_1_363' title='bbox 3834 875 3880 929; x_wconf 92' lang='lat' dir='ltr'><strong>in</strong></span> 
     </span>
    </p>
   </div>
   <div class='ocr_carea' id='block_1_50' title="bbox 2279 960 3887 1036">
    <p class='ocr_par' dir='ltr' id='par_1_50' title="bbox 2279 960 3887 1036">
     <span class='ocr_line' id='line_1_50' title="bbox 2279 960 3887 1036; baseline 0.004 -22"><span class='ocrx_word' id='word_1_364' title='bbox 2279 960 2487 1014; x_wconf 86' lang='lat' dir='ltr'><strong>unitate</strong></span> <span class='ocrx_word' id='word_1_365' title='bbox 2539 973 2785 1030; x_wconf 71' lang='lat' dir='ltr'><strong>persona:</strong></span> <span class='ocrx_word' id='word_1_366' title='bbox 2826 969 3159 1031; x_wconf 86' lang='lat' dir='ltr'><strong>susceptam,</strong></span> <span class='ocrx_word' id='word_1_367' title='bbox 3202 962 3354 1019; x_wconf 83' lang='lat' dir='ltr'><strong>dives</strong></span> <span class='ocrx_word' id='word_1_368' title='bbox 3383 965 3437 1019; x_wconf 87' lang='lat' dir='ltr'><strong>in</strong></span> <span class='ocrx_word' id='word_1_369' title='bbox 3485 980 3556 1021; x_wconf 90' lang='lat' dir='ltr'><strong>eo</strong></span> <span class='ocrx_word' id='word_1_370' title='bbox 3589 968 3887 1036; x_wconf 84' lang='lat' dir='ltr'><strong>permansit</strong></span> 
     </span>
    </p>
   </div>
   <div class='ocr_carea' id='block_1_51' title="bbox 2277 1051 3885 1121">
    <p class='ocr_par' dir='ltr' id='par_1_51' title="bbox 2277 1051 3885 1121">
     <span class='ocr_line' id='line_1_51' title="bbox 2277 1051 3885 1121; baseline 0.004 -14"><span class='ocrx_word' id='word_1_371' title='bbox 2277 1051 2457 1107; x_wconf 88' lang='lat' dir='ltr'><strong>divina</strong></span> <span class='ocrx_word' id='word_1_372' title='bbox 2502 1052 2823 1109; x_wconf 89' lang='lat' dir='ltr'><strong>substantia.</strong></span> <span class='ocrx_word' id='word_1_373' title='bbox 2856 1053 2986 1121; x_wconf 80' lang='lat' dir='ltr'><strong>Qua:</strong></span> <span class='ocrx_word' id='word_1_374' title='bbox 3022 1054 3121 1110; x_wconf 81' lang='lat' dir='ltr'><strong>fuit</strong></span> <span class='ocrx_word' id='word_1_375' title='bbox 3169 1064 3352 1112; x_wconf 88' lang='lat' dir='ltr'><strong>autem</strong></span> <span class='ocrx_word' id='word_1_376' title='bbox 3403 1054 3597 1113; x_wconf 86' lang='lat' dir='ltr'><strong>divitis</strong></span> <span class='ocrx_word' id='word_1_377' title='bbox 3649 1055 3776 1113; x_wconf 84' lang='lat' dir='ltr'><strong>Filii</strong></span> <span class='ocrx_word' id='word_1_378' title='bbox 3804 1056 3885 1114; x_wconf 72' lang='lat' dir='ltr'><strong>Dei</strong></span> 
     </span>
    </p>
   </div>
   <div class='ocr_carea' id='block_1_52' title="bbox 2278 1146 3887 1221">
    <p class='ocr_par' dir='ltr' id='par_1_52' title="bbox 2278 1146 3887 1221">
     <span class='ocr_line' id='line_1_52' title="bbox 2278 1146 3887 1221; baseline 0.004 -21"><span class='ocrx_word' id='word_1_379' title='bbox 2278 1154 2598 1217; x_wconf 89' lang='lat' dir='ltr'><strong>paupertas,</strong></span> <span class='ocrx_word' id='word_1_380' title='bbox 2629 1146 2729 1201; x_wconf 86' lang='lat' dir='ltr'><strong>nisi</strong></span> <span class='ocrx_word' id='word_1_381' title='bbox 2781 1154 2966 1202; x_wconf 89' lang='lat' dir='ltr'><strong>nostra</strong></span> <span class='ocrx_word' id='word_1_382' title='bbox 2998 1146 3285 1204; x_wconf 89' lang='lat' dir='ltr'><strong>inﬁrmitas</strong></span> <span class='ocrx_word' id='word_1_383' title='bbox 3314 1160 3622 1221; x_wconf 88' lang='lat' dir='ltr'><strong>nostraque</strong></span> <span class='ocrx_word' id='word_1_384' title='bbox 3652 1152 3887 1207; x_wconf 86' lang='lat' dir='ltr'><strong>mortali-</strong></span> 
     </span>
    </p>
   </div>
   <div class='ocr_carea' id='block_1_53' title="bbox 2280 1236 3887 1309">
    <p class='ocr_par' dir='ltr' id='par_1_53' title="bbox 2280 1236 3887 1309">
     <span class='ocr_line' id='line_1_53' title="bbox 2280 1236 3887 1309; baseline 0.003 -18"><span class='ocrx_word' id='word_1_385' title='bbox 2280 1239 2407 1292; x_wconf 81' lang='lat' dir='ltr'><strong>tas?</strong></span> <span class='ocrx_word' id='word_1_386' title='bbox 2427 1236 2695 1309; x_wconf 85' lang='lat' dir='ltr'><strong>Quidquid</strong></span> <span class='ocrx_word' id='word_1_387' title='bbox 2727 1247 2906 1294; x_wconf 88' lang='lat' dir='ltr'><strong>autem</strong></span> <span class='ocrx_word' id='word_1_388' title='bbox 2939 1238 2991 1295; x_wconf 91' lang='lat' dir='ltr'><strong>in</strong></span> <span class='ocrx_word' id='word_1_389' title='bbox 3034 1239 3347 1297; x_wconf 86' lang='lat' dir='ltr'><strong>inﬁrmitate</strong></span> <span class='ocrx_word' id='word_1_390' title='bbox 3393 1254 3458 1297; x_wconf 88' lang='lat' dir='ltr'><strong>ac</strong></span> <span class='ocrx_word' id='word_1_391' title='bbox 3483 1251 3680 1297; x_wconf 87' lang='lat' dir='ltr'><strong>morte</strong></span> <span class='ocrx_word' id='word_1_392' title='bbox 3708 1257 3887 1298; x_wconf 84' lang='lat' dir='ltr'><strong>secun-</strong></span> 
     </span>
    </p>
   </div>
   <div class='ocr_carea' id='block_1_54' title="bbox 2277 1328 3884 1404">
    <p class='ocr_par' dir='ltr' id='par_1_54' title="bbox 2277 1328 3884 1404">
     <span class='ocr_line' id='line_1_54' title="bbox 2277 1328 3884 1404; baseline 0.002 -17"><span class='ocrx_word' id='word_1_393' title='bbox 2277 1329 2404 1387; x_wconf 83' lang='lat' dir='ltr'><strong>dum</strong></span> <span class='ocrx_word' id='word_1_394' title='bbox 2434 1345 2653 1386; x_wconf 91' lang='lat' dir='ltr'><strong>carnem</strong></span> <span class='ocrx_word' id='word_1_395' title='bbox 2685 1331 2827 1387; x_wconf 91' lang='lat' dir='ltr'><strong>Deus</strong></span> <span class='ocrx_word' id='word_1_396' title='bbox 2862 1328 3176 1403; x_wconf 80' lang='lat' dir='ltr'><strong>Unigenitns</strong></span> <span class='ocrx_word' id='word_1_397' title='bbox 3206 1333 3450 1404; x_wconf 87' lang='lat' dir='ltr'><strong>pertulit,</strong></span> <span class='ocrx_word' id='word_1_398' title='bbox 3473 1332 3751 1390; x_wconf 86' lang='lat' dir='ltr'><strong>divinitas</strong></span> <span class='ocrx_word' id='word_1_399' title='bbox 3788 1352 3884 1391; x_wconf 90' lang='lat' dir='ltr'><strong>non</strong></span> 
     </span>
    </p>
   </div>
   <div class='ocr_carea' id='block_1_55' title="bbox 2280 1420 3886 1497">
    <p class='ocr_par' dir='ltr' id='par_1_55' title="bbox 2280 1420 3886 1497">
     <span class='ocr_line' id='line_1_55' title="bbox 2280 1420 3886 1497; baseline 0.005 -22"><span class='ocrx_word' id='word_1_400' title='bbox 2280 1420 2467 1476; x_wconf 85' lang='lat' dir='ltr'><strong>sensit.</strong></span> <span class='ocrx_word' id='word_1_401' title='bbox 2493 1420 2636 1476; x_wconf 84' lang='lat' dir='ltr'><strong>Misit</strong></span> <span class='ocrx_word' id='word_1_402' title='bbox 2664 1420 2809 1477; x_wconf 89' lang='lat' dir='ltr'><strong>enim</strong></span> <span class='ocrx_word' id='word_1_403' title='bbox 2836 1421 2979 1478; x_wconf 90' lang='lat' dir='ltr'><strong>Deus</strong></span> <span class='ocrx_word' id='word_1_404' title='bbox 3008 1422 3203 1479; x_wconf 86' lang='lat' dir='ltr'><strong>Filium</strong></span> <span class='ocrx_word' id='word_1_405' title='bbox 3233 1423 3288 1480; x_wconf 92' lang='lat' dir='ltr'><strong>in</strong></span> <span class='ocrx_word' id='word_1_406' title='bbox 3318 1425 3746 1482; x_wconf 88' lang='lat' dir='ltr'><strong>similitudinem</strong></span> <span class='ocrx_word' id='word_1_407' title='bbox 3774 1443 3886 1497; x_wconf 48' lang='lat' dir='ltr'><strong>car:</strong></span> 
     </span>
    </p>
   </div>
   <div class='ocr_carea' id='block_1_56' title="bbox 2282 1512 3885 1586">
    <p class='ocr_par' dir='ltr' id='par_1_56' title="bbox 2282 1512 3885 1586">
     <span class='ocr_line' id='line_1_56' title="bbox 2282 1512 3885 1586; baseline 0.006 -20"><span class='ocrx_word' id='word_1_408' title='bbox 2282 1512 2366 1567; x_wconf 88' lang='lat' dir='ltr'><strong>nis</strong></span> <span class='ocrx_word' id='word_1_409' title='bbox 2410 1513 2620 1584; x_wconf 90' lang='lat' dir='ltr'><strong>peccati</strong></span> <span class='ocrx_word' id='word_1_410' title='bbox 2652 1512 2830 1583; x_wconf 85' lang='lat' dir='ltr'><strong>(Rom.</strong></span> <span class='ocrx_word' id='word_1_411' title='bbox 2871 1529 2982 1581; x_wconf 86' lang='lat' dir='ltr'><strong>vm,</strong></span> <span class='ocrx_word' id='word_1_412' title='bbox 3014 1515 3105 1584; x_wconf 80' lang='lat'><strong>&#39;5),</strong></span> <span class='ocrx_word' id='word_1_413' title='bbox 3138 1515 3190 1570; x_wconf 92' lang='lat' dir='ltr'><strong>in</strong></span> <span class='ocrx_word' id='word_1_414' title='bbox 3238 1529 3349 1586; x_wconf 89' lang='lat' dir='ltr'><strong>quo</strong></span> <span class='ocrx_word' id='word_1_415' title='bbox 3404 1516 3504 1573; x_wconf 80' lang='lat' dir='ltr'><strong>fuit</strong></span> <span class='ocrx_word' id='word_1_416' title='bbox 3548 1533 3695 1575; x_wconf 86' lang='lat' dir='ltr'><strong>vera</strong></span> <span class='ocrx_word' id='word_1_417' title='bbox 3746 1534 3885 1586; x_wconf 85' lang='lat' dir='ltr'><strong>caro,</strong></span> 
     </span>
    </p>
   </div>
   <div class='ocr_carea' id='block_1_57' title="bbox 2279 1602 3886 1678">
    <p class='ocr_par' dir='ltr' id='par_1_57' title="bbox 2279 1602 3886 1678">
     <span class='ocr_line' id='line_1_57' title="bbox 2279 1602 3886 1678; baseline 0.003 -19"><span class='ocrx_word' id='word_1_418' title='bbox 2279 1602 2378 1659; x_wconf 88' lang='lat' dir='ltr'><strong>sed</strong></span> <span class='ocrx_word' id='word_1_419' title='bbox 2400 1603 2542 1658; x_wconf 89' lang='lat' dir='ltr'><strong>nulla</strong></span> <span class='ocrx_word' id='word_1_420' title='bbox 2569 1603 2666 1659; x_wconf 77' lang='lat' dir='ltr'><strong>fuit</strong></span> <span class='ocrx_word' id='word_1_421' title='bbox 2688 1604 2897 1674; x_wconf 91' lang='lat' dir='ltr'><strong>peccati</strong></span> <span class='ocrx_word' id='word_1_422' title='bbox 2925 1604 3174 1675; x_wconf 90' lang='lat' dir='ltr'><strong>pollutio.</strong></span> <span class='ocrx_word' id='word_1_423' title='bbox 3212 1606 3520 1662; x_wconf 88' lang='lat' dir='ltr'><strong>Similitudo</strong></span> <span class='ocrx_word' id='word_1_424' title='bbox 3552 1622 3700 1678; x_wconf 77' lang='lat' dir='ltr'><strong>ergo</strong></span> <span class='ocrx_word' id='word_1_425' title='bbox 3720 1610 3886 1665; x_wconf 82' lang='lat' dir='ltr'><strong>carnis</strong></span> 
     </span>
    </p>
   </div>
   <div class='ocr_carea' id='block_1_58' title="bbox 2282 1692 3889 1767">
    <p class='ocr_par' dir='ltr' id='par_1_58' title="bbox 2282 1692 3889 1767">
     <span class='ocr_line' id='line_1_58' title="bbox 2282 1692 3889 1767; baseline 0.002 -16"><span class='ocrx_word' id='word_1_426' title='bbox 2282 1695 2494 1767; x_wconf 89' lang='lat' dir='ltr'><strong>peccati</strong></span> <span class='ocrx_word' id='word_1_427' title='bbox 2524 1696 2613 1751; x_wconf 93' lang='lat' dir='ltr'><strong>illa</strong></span> <span class='ocrx_word' id='word_1_428' title='bbox 2644 1695 2745 1751; x_wconf 84' lang='lat' dir='ltr'><strong>fuit</strong></span> <span class='ocrx_word' id='word_1_429' title='bbox 2788 1696 2840 1752; x_wconf 91' lang='lat' dir='ltr'><strong>in</strong></span> <span class='ocrx_word' id='word_1_430' title='bbox 2871 1712 3036 1753; x_wconf 92' lang='lat' dir='ltr'><strong>carne</strong></span> <span class='ocrx_word' id='word_1_431' title='bbox 3063 1698 3286 1762; x_wconf 90' lang='lat' dir='ltr'><strong>Christi,</strong></span> <span class='ocrx_word' id='word_1_432' title='bbox 3318 1715 3441 1755; x_wconf 90' lang='lat' dir='ltr'><strong>cum</strong></span> <span class='ocrx_word' id='word_1_433' title='bbox 3468 1700 3561 1755; x_wconf 89' lang='lat' dir='ltr'><strong>illa</strong></span> <span class='ocrx_word' id='word_1_434' title='bbox 3594 1715 3717 1755; x_wconf 87' lang='lat' dir='ltr'><strong>non</strong></span> <span class='ocrx_word' id='word_1_435' title='bbox 3757 1692 3889 1756; x_wconf 79' lang='lat' dir='ltr'><strong>esset</strong></span> 
     </span>
    </p>
   </div>
   <div class='ocr_carea' id='block_1_59' title="bbox 2282 1789 3887 1864">
    <p class='ocr_par' dir='ltr' id='par_1_59' title="bbox 2282 1789 3887 1864">
     <span class='ocr_line' id='line_1_59' title="bbox 2282 1789 3887 1864; baseline 0.002 -20"><span class='ocrx_word' id='word_1_436' title='bbox 2282 1804 2413 1844; x_wconf 89' lang='lat' dir='ltr'><strong>caro</strong></span> <span class='ocrx_word' id='word_1_437' title='bbox 2460 1791 2687 1859; x_wconf 90' lang='lat' dir='ltr'><strong>peccati,</strong></span> <span class='ocrx_word' id='word_1_438' title='bbox 2741 1790 2887 1860; x_wconf 90' lang='lat' dir='ltr'><strong>quod</strong></span> <span class='ocrx_word' id='word_1_439' title='bbox 2933 1790 3032 1846; x_wconf 86' lang='lat' dir='ltr'><strong>fuit</strong></span> <span class='ocrx_word' id='word_1_440' title='bbox 3079 1789 3310 1858; x_wconf 85' lang='lat' dir='ltr'><strong>inﬁrma,</strong></span> <span class='ocrx_word' id='word_1_441' title='bbox 3339 1792 3485 1862; x_wconf 92' lang='lat' dir='ltr'><strong>quod</strong></span> <span class='ocrx_word' id='word_1_442' title='bbox 3513 1792 3803 1864; x_wconf 84' lang='lat' dir='ltr'><strong>passibilis</strong></span> <span class='ocrx_word' id='word_1_443' title='bbox 3839 1802 3887 1848; x_wconf 86' lang='lat' dir='ltr'><strong>et</strong></span> 
     </span>
    </p>
   </div>
   <div class='ocr_carea' id='block_1_60' title="bbox 2210 1874 3885 1956">
    <p class='ocr_par' dir='ltr' id='par_1_60' title="bbox 2210 1874 3885 1956">
     <span class='ocr_line' id='line_1_60' title="bbox 2210 1874 3885 1956; baseline 0.004 -23"><span class='ocrx_word' id='word_1_444' title='bbox 2210 1891 2258 1951; x_wconf 78' lang='grc' dir='ltr'><strong>Β</strong></span> <span class='ocrx_word' id='word_1_445' title='bbox 2286 1880 2548 1945; x_wconf 88' lang='lat' dir='ltr'><strong>mortalis,</strong></span> <span class='ocrx_word' id='word_1_446' title='bbox 2592 1881 2735 1952; x_wconf 92' lang='lat' dir='ltr'><strong>quod</strong></span> <span class='ocrx_word' id='word_1_447' title='bbox 2766 1883 2973 1938; x_wconf 87' lang='lat' dir='ltr'><strong>vulneri</strong></span> <span class='ocrx_word' id='word_1_448' title='bbox 3028 1883 3244 1939; x_wconf 89' lang='lat' dir='ltr'><strong>subdita</strong></span> <span class='ocrx_word' id='word_1_449' title='bbox 3294 1884 3582 1956; x_wconf 91' lang='lat' dir='ltr'><strong>dolorique</strong></span> <span class='ocrx_word' id='word_1_450' title='bbox 3622 1874 3885 1956; x_wconf 74' lang='lat' dir='ltr'><strong>subjecta.</strong></span> 
     </span>
    </p>
   </div>
   <div class='ocr_carea' id='block_1_61' title="bbox 2285 1965 3886 2041">
    <p class='ocr_par' dir='ltr' id='par_1_61' title="bbox 2285 1965 3886 2041">
     <span class='ocr_line' id='line_1_61' title="bbox 2285 1965 3886 2041; baseline 0.007 -20"><span class='ocrx_word' id='word_1_451' title='bbox 2285 1965 2668 2026; x_wconf 82' lang='lat' dir='ltr'><strong>Verumtamen</strong></span> <span class='ocrx_word' id='word_1_452' title='bbox 2716 1972 2832 2028; x_wconf 61' lang='lat' dir='ltr'><strong>hare</strong></span> <span class='ocrx_word' id='word_1_453' title='bbox 2887 1974 3069 2028; x_wconf 91' lang='lat' dir='ltr'><strong>omnia</strong></span> <span class='ocrx_word' id='word_1_454' title='bbox 3121 1989 3232 2030; x_wconf 90' lang='lat' dir='ltr'><strong>non</strong></span> <span class='ocrx_word' id='word_1_455' title='bbox 3282 1974 3746 2041; x_wconf 82' lang='lat' dir='ltr'><strong>substantialiter,</strong></span> <span class='ocrx_word' id='word_1_456' title='bbox 3802 1977 3886 2032; x_wconf 84' lang='lat' dir='ltr'><strong>sed</strong></span> 
     </span>
    </p>
   </div>
   <div class='ocr_carea' id='block_1_62' title="bbox 2282 2059 3886 2134">
    <p class='ocr_par' dir='ltr' id='par_1_62' title="bbox 2282 2059 3886 2134">
     <span class='ocr_line' id='line_1_62' title="bbox 2282 2059 3886 2134; baseline 0.004 -22"><span class='ocrx_word' id='word_1_457' title='bbox 2282 2059 2642 2127; x_wconf 86' lang='lat' dir='ltr'><strong>personaliter</strong></span> <span class='ocrx_word' id='word_1_458' title='bbox 2670 2059 2937 2117; x_wconf 88' lang='lat' dir='ltr'><strong>divinitati</strong></span> <span class='ocrx_word' id='word_1_459' title='bbox 2970 2062 3169 2119; x_wconf 86' lang='lat' dir='ltr'><strong>Christi</strong></span> <span class='ocrx_word' id='word_1_460' title='bbox 3194 2063 3632 2134; x_wconf 86' lang='lat' dir='ltr'><strong>humanitatique</strong></span> <span class='ocrx_word' id='word_1_461' title='bbox 3650 2081 3886 2120; x_wconf 83' lang='lat' dir='ltr'><strong>commu-</strong></span> 
     </span>
    </p>
   </div>
   <div class='ocr_carea' id='block_1_63' title="bbox 2286 2149 3888 2225">
    <p class='ocr_par' dir='ltr' id='par_1_63' title="bbox 2286 2149 3888 2225">
     <span class='ocr_line' id='line_1_63' title="bbox 2286 2149 3888 2225; baseline 0.002 -20"><span class='ocrx_word' id='word_1_462' title='bbox 2286 2150 2396 2206; x_wconf 90' lang='lat' dir='ltr'><strong>nia.</strong></span> <span class='ocrx_word' id='word_1_463' title='bbox 2422 2149 2660 2207; x_wconf 84' lang='lat' dir='ltr'><strong>Persona</strong></span> <span class='ocrx_word' id='word_1_464' title='bbox 2683 2167 2814 2209; x_wconf 87' lang='lat' dir='ltr'><strong>vero</strong></span> <span class='ocrx_word' id='word_1_465' title='bbox 2836 2152 3034 2209; x_wconf 89' lang='lat' dir='ltr'><strong>Christi</strong></span> <span class='ocrx_word' id='word_1_466' title='bbox 3057 2170 3087 2208; x_wconf 90' lang='lat' dir='ltr'><strong>a</strong></span> <span class='ocrx_word' id='word_1_467' title='bbox 3115 2169 3349 2225; x_wconf 89' lang='lat' dir='ltr'><strong>persona</strong></span> <span class='ocrx_word' id='word_1_468' title='bbox 3373 2152 3547 2210; x_wconf 82' lang='lat' dir='ltr'><strong>Patris</strong></span> <span class='ocrx_word' id='word_1_469' title='bbox 3571 2164 3632 2212; x_wconf 88' lang='lat' dir='ltr'><strong>et</strong></span> <span class='ocrx_word' id='word_1_470' title='bbox 3661 2153 3888 2225; x_wconf 80' lang='lat' dir='ltr'><strong>Spiritus</strong></span> 
     </span>
    </p>
   </div>
   <div class='ocr_carea' id='block_1_64' title="bbox 2283 2241 3883 2317">
    <p class='ocr_par' dir='ltr' id='par_1_64' title="bbox 2283 2241 3883 2317">
     <span class='ocr_line' id='line_1_64' title="bbox 2283 2241 3883 2317; baseline 0.004 -22"><span class='ocrx_word' id='word_1_471' title='bbox 2283 2241 2456 2297; x_wconf 88' lang='lat' dir='ltr'><strong>sancti</strong></span> <span class='ocrx_word' id='word_1_472' title='bbox 2483 2243 2706 2299; x_wconf 89' lang='lat' dir='ltr'><strong>omnino</strong></span> <span class='ocrx_word' id='word_1_473' title='bbox 2736 2244 3080 2300; x_wconf 88' lang='lat' dir='ltr'><strong>discernitur.</strong></span> <span class='ocrx_word' id='word_1_474' title='bbox 3114 2245 3244 2311; x_wconf 74' lang='lat' dir='ltr'><strong>Qute</strong></span> <span class='ocrx_word' id='word_1_475' title='bbox 3272 2261 3376 2301; x_wconf 91' lang='lat' dir='ltr'><strong>una</strong></span> <span class='ocrx_word' id='word_1_476' title='bbox 3404 2262 3649 2317; x_wconf 83' lang='lat' dir='ltr'><strong>persona</strong></span> <span class='ocrx_word' id='word_1_477' title='bbox 3698 2246 3883 2302; x_wconf 84' lang='lat' dir='ltr'><strong>divini-</strong></span> 
     </span>
    </p>
   </div>
   <div class='ocr_carea' id='block_1_65' title="bbox 2284 2334 3888 2410">
    <p class='ocr_par' dir='ltr' id='par_1_65' title="bbox 2284 2334 3888 2410">
     <span class='ocr_line' id='line_1_65' title="bbox 2284 2334 3888 2410; baseline 0.004 -24"><span class='ocrx_word' id='word_1_478' title='bbox 2284 2334 2410 2390; x_wconf 84' lang='lat' dir='ltr'><strong>tatis</strong></span> <span class='ocrx_word' id='word_1_479' title='bbox 2437 2342 2602 2403; x_wconf 87' lang='lat' dir='ltr'><strong>atque</strong></span> <span class='ocrx_word' id='word_1_480' title='bbox 2630 2335 2981 2390; x_wconf 87' lang='lat' dir='ltr'><strong>humanitatis</strong></span> <span class='ocrx_word' id='word_1_481' title='bbox 3009 2335 3061 2391; x_wconf 91' lang='lat' dir='ltr'><strong>in</strong></span> <span class='ocrx_word' id='word_1_482' title='bbox 3102 2336 3321 2393; x_wconf 88' lang='lat' dir='ltr'><strong>Christo</strong></span> <span class='ocrx_word' id='word_1_483' title='bbox 3366 2338 3444 2393; x_wconf 90' lang='lat' dir='ltr'><strong>sic</strong></span> <span class='ocrx_word' id='word_1_484' title='bbox 3487 2348 3810 2410; x_wconf 82' lang='lat' dir='ltr'><strong>permanet,</strong></span> <span class='ocrx_word' id='word_1_485' title='bbox 3834 2348 3888 2392; x_wconf 87' lang='lat' dir='ltr'><strong>ut</strong></span> 
     </span>
    </p>
   </div>
   <div class='ocr_carea' id='block_1_66' title="bbox 2219 2423 3884 2498">
    <p class='ocr_par' dir='ltr' id='par_1_66' title="bbox 2219 2423 3884 2498">
     <span class='ocr_line' id='line_1_66' title="bbox 2219 2423 3884 2498; baseline 0.005 -21"><span class='ocrx_word' id='word_1_486' title='bbox 2219 2455 2229 2467; x_wconf 67' lang='grc' dir='ltr'><strong>ι</strong></span> <span class='ocrx_word' id='word_1_487' title='bbox 2285 2438 2388 2478; x_wconf 88' lang='lat' dir='ltr'><strong>nec</strong></span> <span class='ocrx_word' id='word_1_488' title='bbox 2408 2423 2636 2479; x_wconf 89' lang='lat' dir='ltr'><strong>alteram</strong></span> <span class='ocrx_word' id='word_1_489' title='bbox 2664 2434 2914 2480; x_wconf 87' lang='lat' dir='ltr'><strong>naturam</strong></span> <span class='ocrx_word' id='word_1_490' title='bbox 2963 2426 3206 2497; x_wconf 87' lang='lat' dir='ltr'><strong>separari</strong></span> <span class='ocrx_word' id='word_1_491' title='bbox 3235 2426 3305 2485; x_wconf 89' lang='lat' dir='ltr'><strong>ab</strong></span> <span class='ocrx_word' id='word_1_492' title='bbox 3349 2428 3519 2483; x_wconf 90' lang='lat' dir='ltr'><strong>altera</strong></span> <span class='ocrx_word' id='word_1_493' title='bbox 3574 2430 3752 2498; x_wconf 88' lang='lat' dir='ltr'><strong>sinat,</strong></span> <span class='ocrx_word' id='word_1_494' title='bbox 3791 2444 3884 2485; x_wconf 71' lang='lat' dir='ltr'><strong>nec</strong></span> 
     </span>
    </p>
   </div>
   <div class='ocr_carea' id='block_1_67' title="bbox 2284 2516 3887 2594">
    <p class='ocr_par' dir='ltr' id='par_1_67' title="bbox 2284 2516 3887 2594">
     <span class='ocr_line' id='line_1_67' title="bbox 2284 2516 3887 2594; baseline 0.004 -22"><span class='ocrx_word' id='word_1_495' title='bbox 2284 2516 2541 2572; x_wconf 80' lang='lat' dir='ltr'><strong>confundi</strong></span> <span class='ocrx_word' id='word_1_496' title='bbox 2564 2528 2850 2587; x_wconf 87' lang='lat' dir='ltr'><strong>utramque</strong></span> <span class='ocrx_word' id='word_1_497' title='bbox 2871 2520 3168 2590; x_wconf 88' lang='lat' dir='ltr'><strong>permittat.</strong></span> <span class='ocrx_word' id='word_1_498' title='bbox 3200 2520 3447 2578; x_wconf 88' lang='lat' dir='ltr'><strong>Christus</strong></span> <span class='ocrx_word' id='word_1_499' title='bbox 3475 2522 3665 2592; x_wconf 77' lang='lat' dir='ltr'><strong>igitur,</strong></span> <span class='ocrx_word' id='word_1_500' title='bbox 3689 2524 3784 2594; x_wconf 88' lang='lat' dir='ltr'><strong>qui</strong></span> <span class='ocrx_word' id='word_1_501' title='bbox 3809 2533 3887 2579; x_wconf 88' lang='lat' dir='ltr'><strong>est</strong></span> 
     </span>
    </p>
   </div>
   <div class='ocr_carea' id='block_1_68' title="bbox 2284 2608 3878 2685">
    <p class='ocr_par' dir='ltr' id='par_1_68' title="bbox 2284 2608 3878 2685">
     <span class='ocr_line' id='line_1_68' title="bbox 2284 2608 3878 2685; baseline 0.006 -24"><span class='ocrx_word' id='word_1_502' title='bbox 2284 2608 2393 2675; x_wconf 92' lang='lat' dir='ltr'><strong>via,</strong></span> <span class='ocrx_word' id='word_1_503' title='bbox 2422 2608 2622 2663; x_wconf 88' lang='lat' dir='ltr'><strong>veritas</strong></span> <span class='ocrx_word' id='word_1_504' title='bbox 2680 2618 2736 2664; x_wconf 93' lang='lat' dir='ltr'><strong>et</strong></span> <span class='ocrx_word' id='word_1_505' title='bbox 2787 2624 2914 2665; x_wconf 89' lang='lat' dir='ltr'><strong>vera</strong></span> <span class='ocrx_word' id='word_1_506' title='bbox 2955 2611 3088 2677; x_wconf 90' lang='lat' dir='ltr'><strong>vita,</strong></span> <span class='ocrx_word' id='word_1_507' title='bbox 3115 2612 3198 2667; x_wconf 88' lang='lat' dir='ltr'><strong>via</strong></span> <span class='ocrx_word' id='word_1_508' title='bbox 3228 2613 3385 2669; x_wconf 93' lang='lat' dir='ltr'><strong>nobis</strong></span> <span class='ocrx_word' id='word_1_509' title='bbox 3412 2623 3513 2681; x_wconf 90' lang='lat' dir='ltr'><strong>est,</strong></span> <span class='ocrx_word' id='word_1_510' title='bbox 3546 2616 3681 2685; x_wconf 89' lang='lat' dir='ltr'><strong>quia</strong></span> <span class='ocrx_word' id='word_1_511' title='bbox 3710 2630 3878 2671; x_wconf 86' lang='lat' dir='ltr'><strong>veram</strong></span> 
     </span>
    </p>
   </div>
   <div class='ocr_carea' id='block_1_69' title="bbox 2286 2700 3879 2773">
    <p class='ocr_par' dir='ltr' id='par_1_69' title="bbox 2286 2700 3879 2773">
     <span class='ocr_line' id='line_1_69' title="bbox 2286 2700 3879 2773; baseline 0.004 -17"><span class='ocrx_word' id='word_1_512' title='bbox 2286 2700 2656 2757; x_wconf 84' lang='lat' dir='ltr'><strong>inﬁrmitatem</strong></span> <span class='ocrx_word' id='word_1_513' title='bbox 2703 2703 2756 2758; x_wconf 91' lang='lat' dir='ltr'><strong>in</strong></span> <span class='ocrx_word' id='word_1_514' title='bbox 2784 2705 3016 2760; x_wconf 84' lang='lat' dir='ltr'><strong>veritate</strong></span> <span class='ocrx_word' id='word_1_515' title='bbox 3044 2706 3225 2761; x_wconf 86' lang='lat' dir='ltr'><strong>carnis</strong></span> <span class='ocrx_word' id='word_1_516' title='bbox 3252 2705 3477 2773; x_wconf 88' lang='lat' dir='ltr'><strong>habuit;</strong></span> <span class='ocrx_word' id='word_1_517' title='bbox 3519 2714 3579 2764; x_wconf 89' lang='lat' dir='ltr'><strong>et</strong></span> <span class='ocrx_word' id='word_1_518' title='bbox 3608 2723 3744 2763; x_wconf 88' lang='lat' dir='ltr'><strong>vera</strong></span> <span class='ocrx_word' id='word_1_519' title='bbox 3783 2708 3879 2763; x_wconf 89' lang='lat' dir='ltr'><strong>vita</strong></span> 
     </span>
    </p>
   </div>
   <div class='ocr_carea' id='block_1_70' title="bbox 2286 2792 3878 2868">
    <p class='ocr_par' dir='ltr' id='par_1_70' title="bbox 2286 2792 3878 2868">
     <span class='ocr_line' id='line_1_70' title="bbox 2286 2792 3878 2868; baseline 0.004 -20"><span class='ocrx_word' id='word_1_520' title='bbox 2286 2792 2442 2849; x_wconf 85' lang='lat' dir='ltr'><strong>nobis</strong></span> <span class='ocrx_word' id='word_1_521' title='bbox 2487 2802 2589 2860; x_wconf 91' lang='lat' dir='ltr'><strong>est,</strong></span> <span class='ocrx_word' id='word_1_522' title='bbox 2622 2795 2749 2863; x_wconf 88' lang='lat' dir='ltr'><strong>quia</strong></span> <span class='ocrx_word' id='word_1_523' title='bbox 2797 2811 2926 2852; x_wconf 92' lang='lat' dir='ltr'><strong>vera</strong></span> <span class='ocrx_word' id='word_1_524' title='bbox 2957 2797 3127 2853; x_wconf 87' lang='lat' dir='ltr'><strong>virtus</strong></span> <span class='ocrx_word' id='word_1_525' title='bbox 3178 2798 3230 2852; x_wconf 94' lang='lat' dir='ltr'><strong>in</strong></span> <span class='ocrx_word' id='word_1_526' title='bbox 3277 2798 3395 2868; x_wconf 87' lang='lat' dir='ltr'><strong>ejus</strong></span> <span class='ocrx_word' id='word_1_527' title='bbox 3422 2814 3551 2855; x_wconf 89' lang='lat' dir='ltr'><strong>vera</strong></span> <span class='ocrx_word' id='word_1_528' title='bbox 3584 2800 3878 2855; x_wconf 67' lang='lat' dir='ltr'><strong>“divinitate</strong></span> 
     </span>
    </p>
   </div>
   <div class='ocr_carea' id='block_1_71' title="bbox 2286 2887 3878 2959">
    <p class='ocr_par' dir='ltr' id='par_1_71' title="bbox 2286 2887 3878 2959">
     <span class='ocr_line' id='line_1_71' title="bbox 2286 2887 3878 2959; baseline 0.005 -19"><span class='ocrx_word' id='word_1_529' title='bbox 2286 2887 2602 2957; x_wconf 88' lang='lat' dir='ltr'><strong>permansit.</strong></span> <span class='ocrx_word' id='word_1_530' title='bbox 2635 2887 2751 2945; x_wconf 83' lang='lat' dir='ltr'><strong>Hoc</strong></span> <span class='ocrx_word' id='word_1_531' title='bbox 2779 2889 3072 2959; x_wconf 81' lang='lat' dir='ltr'><strong>Apostolus</strong></span> <span class='ocrx_word' id='word_1_532' title='bbox 3100 2890 3415 2948; x_wconf 89' lang='lat' dir='ltr'><strong>discernens</strong></span> <span class='ocrx_word' id='word_1_533' title='bbox 3453 2893 3551 2959; x_wconf 89' lang='lat' dir='ltr'><strong>ait,</strong></span> <span class='ocrx_word' id='word_1_534' title='bbox 3596 2890 3747 2948; x_wconf 80' lang='lat' dir='ltr'><strong>Nam</strong></span> <span class='ocrx_word' id='word_1_535' title='bbox 3793 2902 3878 2947; x_wconf 74' lang='lat' dir='ltr'><strong>ctu</strong></span> 
     </span>
    </p>
   </div>
   <div class='ocr_carea' id='block_1_72' title="bbox 2285 2978 3878 3051">
    <p class='ocr_par' dir='ltr' id='par_1_72' title="bbox 2285 2978 3878 3051">
     <span class='ocr_line' id='line_1_72' title="bbox 2285 2978 3878 3051; baseline 0.004 -20"><span class='ocrx_word' id='word_1_536' title='bbox 2285 2978 2567 3048; x_wconf 67' lang='lat' dir='ltr'><strong>cruciﬁxus</strong></span> <span class='ocrx_word' id='word_1_537' title='bbox 2592 2987 2670 3035; x_wconf 77' lang='lat' dir='ltr'><strong>est</strong></span> <span class='ocrx_word' id='word_1_538' title='bbox 2715 2995 2783 3034; x_wconf 70' lang='lat' dir='ltr'><strong>ex</strong></span> <span class='ocrx_word' id='word_1_539' title='bbox 2817 2981 3144 3051; x_wconf 74' lang='lat' dir='ltr'><strong>inﬁmitate,</strong></span> <span class='ocrx_word' id='word_1_540' title='bbox 3177 2983 3271 3037; x_wconf 79' lang='lat' dir='ltr'><strong>sed</strong></span> <span class='ocrx_word' id='word_1_541' title='bbox 3311 2985 3434 3037; x_wconf 73' lang='lat' dir='ltr'><strong>viri:</strong></span> <span class='ocrx_word' id='word_1_542' title='bbox 3479 3001 3545 3038; x_wconf 76' lang='lat' dir='ltr'><strong>ex</strong></span> <span class='ocrx_word' id='word_1_543' title='bbox 3574 2986 3765 3039; x_wconf 77' lang='lat' dir='ltr'><strong>rirtute</strong></span> <span class='ocrx_word' id='word_1_544' title='bbox 3789 2982 3878 3038; x_wconf 74' lang='lat' dir='ltr'><strong>Det</strong></span> 
     </span>
    </p>
   </div>
   <div class='ocr_carea' id='block_1_73' title="bbox 2287 3062 3047 3142">
    <p class='ocr_par' dir='ltr' id='par_1_73' title="bbox 2287 3062 3047 3142">
     <span class='ocr_line' id='line_1_73' title="bbox 2287 3062 3047 3142; baseline 0.012 -21"><span class='ocrx_word' id='word_1_545' title='bbox 2287 3068 2379 3138; x_wconf 78' lang='lat' dir='ltr'><strong>(II</strong></span> <span class='ocrx_word' id='word_1_546' title='bbox 2406 3067 2529 3124; x_wconf 85' lang='lat' dir='ltr'><strong>Cor.</strong></span> <span class='ocrx_word' id='word_1_547' title='bbox 2559 3085 2675 3135; x_wconf 77' lang='lat' dir='ltr'><strong>xm,</strong></span> <span class='ocrx_word' id='word_1_548' title='bbox 2703 3068 2794 3142; x_wconf 81' lang='grc' dir='ltr'><strong>ι).</strong></span> <span class='ocrx_word' id='word_1_549' title='bbox 3026 3062 3047 3073; x_wconf 55' lang='grc'><strong>“</strong></span> 
     </span>
    </p>
   </div>
   <div class='ocr_carea' id='block_1_74' title="bbox 2786 3181 3376 3255">
    <p class='ocr_par' dir='ltr' id='par_1_74' title="bbox 2786 3181 3376 3255">
     <span class='ocr_line' id='line_1_74' title="bbox 2786 3181 3376 3255; baseline 0.003 -18"><span class='ocrx_word' id='word_1_550' title='bbox 2786 3182 2948 3255; x_wconf 75' lang='lat'><strong>352</strong></span> <span class='ocrx_word' id='word_1_551' title='bbox 2972 3181 3200 3239; x_wconf 84' lang='lat' dir='ltr'><strong>CAPUT</strong></span> <span class='ocrx_word' id='word_1_552' title='bbox 3238 3181 3376 3239; x_wconf 80' lang='lat' dir='ltr'><strong>xw.</strong></span> 
     </span>
    </p>
   </div>
   <div class='ocr_carea' id='block_1_75' title="bbox 2211 3271 3877 3347">
    <p class='ocr_par' dir='ltr' id='par_1_75' title="bbox 2211 3271 3877 3347">
     <span class='ocr_line' id='line_1_75' title="bbox 2211 3271 3877 3347; baseline 0.005 -22"><span class='ocrx_word' id='word_1_553' title='bbox 2211 3277 2256 3338; x_wconf 85' lang='lat' dir='ltr'><strong>C</strong></span> <span class='ocrx_word' id='word_1_554' title='bbox 2356 3271 2413 3326; x_wconf 90' lang='lat' dir='ltr'><strong>In</strong></span> <span class='ocrx_word' id='word_1_555' title='bbox 2443 3288 2552 3329; x_wconf 87' lang='lat' dir='ltr'><strong>uno</strong></span> <span class='ocrx_word' id='word_1_556' title='bbox 2572 3286 2704 3343; x_wconf 79' lang='lat' dir='ltr'><strong>ergo</strong></span> <span class='ocrx_word' id='word_1_557' title='bbox 2725 3273 3027 3347; x_wconf 89' lang='lat' dir='ltr'><strong>eodemque</strong></span> <span class='ocrx_word' id='word_1_558' title='bbox 3055 3276 3294 3343; x_wconf 86' lang='lat' dir='ltr'><strong>Christo,</strong></span> <span class='ocrx_word' id='word_1_559' title='bbox 3324 3278 3464 3333; x_wconf 90' lang='lat' dir='ltr'><strong>sicut</strong></span> <span class='ocrx_word' id='word_1_560' title='bbox 3494 3278 3749 3334; x_wconf 67' lang='lat' dir='ltr'><strong>humanae</strong></span> <span class='ocrx_word' id='word_1_561' title='bbox 3772 3293 3877 3334; x_wconf 79' lang='lat' dir='ltr'><strong>car-</strong></span> 
     </span>
    </p>
   </div>
   <div class='ocr_carea' id='block_1_76' title="bbox 2285 3365 3877 3441">
    <p class='ocr_par' dir='ltr' id='par_1_76' title="bbox 2285 3365 3877 3441">
     <span class='ocr_line' id='line_1_76' title="bbox 2285 3365 3877 3441; baseline 0.004 -20"><span class='ocrx_word' id='word_1_562' title='bbox 2285 3367 2369 3423; x_wconf 90' lang='lat' dir='ltr'><strong>nis</strong></span> <span class='ocrx_word' id='word_1_563' title='bbox 2390 3365 2677 3423; x_wconf 75' lang='lat' dir='ltr'><strong>iaﬁrmitas</strong></span> <span class='ocrx_word' id='word_1_564' title='bbox 2716 3384 2825 3425; x_wconf 91' lang='lat' dir='ltr'><strong>non</strong></span> <span class='ocrx_word' id='word_1_565' title='bbox 2852 3369 2956 3433; x_wconf 83' lang='lat' dir='ltr'><strong>sibi</strong></span> <span class='ocrx_word' id='word_1_566' title='bbox 2986 3370 3162 3440; x_wconf 90' lang='lat' dir='ltr'><strong>potuit</strong></span> <span class='ocrx_word' id='word_1_567' title='bbox 3185 3371 3348 3425; x_wconf 90' lang='lat' dir='ltr'><strong>vitam</strong></span> <span class='ocrx_word' id='word_1_568' title='bbox 3373 3372 3459 3427; x_wconf 86' lang='lat' dir='ltr'><strong>vel</strong></span> <span class='ocrx_word' id='word_1_569' title='bbox 3481 3371 3636 3441; x_wconf 90' lang='lat' dir='ltr'><strong>dare,</strong></span> <span class='ocrx_word' id='word_1_570' title='bbox 3661 3371 3755 3428; x_wconf 88' lang='lat' dir='ltr'><strong>vel</strong></span> <span class='ocrx_word' id='word_1_571' title='bbox 3772 3370 3877 3427; x_wconf 85' lang='lat' dir='ltr'><strong>red-</strong></span> 
     </span>
    </p>
   </div>
   <div class='ocr_carea' id='block_1_77' title="bbox 2285 3457 3876 3530">
    <p class='ocr_par' dir='ltr' id='par_1_77' title="bbox 2285 3457 3876 3530">
     <span class='ocr_line' id='line_1_77' title="bbox 2285 3457 3876 3530; baseline 0.003 -19"><span class='ocrx_word' id='word_1_572' title='bbox 2285 3457 2444 3524; x_wconf 89' lang='lat' dir='ltr'><strong>dere,</strong></span> <span class='ocrx_word' id='word_1_573' title='bbox 2478 3459 2601 3528; x_wconf 88' lang='lat' dir='ltr'><strong>quia</strong></span> <span class='ocrx_word' id='word_1_574' title='bbox 2634 3467 2876 3529; x_wconf 88' lang='lat' dir='ltr'><strong>potestas</strong></span> <span class='ocrx_word' id='word_1_575' title='bbox 2906 3460 2995 3514; x_wconf 92' lang='lat' dir='ltr'><strong>illa</strong></span> <span class='ocrx_word' id='word_1_576' title='bbox 3023 3461 3261 3530; x_wconf 88' lang='lat' dir='ltr'><strong>ponendi</strong></span> <span class='ocrx_word' id='word_1_577' title='bbox 3291 3461 3527 3516; x_wconf 89' lang='lat' dir='ltr'><strong>animam</strong></span> <span class='ocrx_word' id='word_1_578' title='bbox 3551 3471 3607 3517; x_wconf 89' lang='lat' dir='ltr'><strong>et</strong></span> <span class='ocrx_word' id='word_1_579' title='bbox 3633 3460 3876 3519; x_wconf 87' lang='lat' dir='ltr'><strong>sumendi</strong></span> 
     </span>
    </p>
   </div>
   <div class='ocr_carea' id='block_1_78' title="bbox 2285 3550 3866 3622">
    <p class='ocr_par' dir='ltr' id='par_1_78' title="bbox 2285 3550 3866 3622">
     <span class='ocr_line' id='line_1_78' title="bbox 2285 3550 3866 3622; baseline 0.001 -15"><span class='ocrx_word' id='word_1_580' title='bbox 2285 3567 2394 3607; x_wconf 89' lang='lat' dir='ltr'><strong>non</strong></span> <span class='ocrx_word' id='word_1_581' title='bbox 2420 3550 2514 3606; x_wconf 90' lang='lat' dir='ltr'><strong>&#39;nit</strong></span> <span class='ocrx_word' id='word_1_582' title='bbox 2542 3568 2609 3607; x_wconf 78' lang='lat' dir='ltr'><strong>ex</strong></span> <span class='ocrx_word' id='word_1_583' title='bbox 2637 3551 2947 3608; x_wconf 85' lang='lat' dir='ltr'><strong>inﬁrmitate</strong></span> <span class='ocrx_word' id='word_1_584' title='bbox 2967 3553 3227 3622; x_wconf 89' lang='lat' dir='ltr'><strong>humana,</strong></span> <span class='ocrx_word' id='word_1_585' title='bbox 3246 3554 3339 3608; x_wconf 87' lang='lat' dir='ltr'><strong>sed</strong></span> <span class='ocrx_word' id='word_1_586' title='bbox 3360 3571 3427 3611; x_wconf 79' lang='lat' dir='ltr'><strong>ex</strong></span> <span class='ocrx_word' id='word_1_587' title='bbox 3451 3555 3650 3611; x_wconf 87' lang='lat' dir='ltr'><strong>virtute</strong></span> <span class='ocrx_word' id='word_1_588' title='bbox 3672 3556 3866 3621; x_wconf 80' lang='lat' dir='ltr'><strong>divina;</strong></span> 
     </span>
    </p>
   </div>
   <div class='ocr_carea' id='block_1_79' title="bbox 2288 3643 3871 3718">
    <p class='ocr_par' dir='ltr' id='par_1_79' title="bbox 2288 3643 3871 3718">
     <span class='ocr_line' id='line_1_79' title="bbox 2288 3643 3871 3718; baseline 0 -19"><span class='ocrx_word' id='word_1_589' title='bbox 2288 3644 2360 3699; x_wconf 91' lang='lat' dir='ltr'><strong>ita</strong></span> <span class='ocrx_word' id='word_1_590' title='bbox 2388 3643 2585 3699; x_wconf 68' lang='lat' dir='ltr'><strong>divinze</strong></span> <span class='ocrx_word' id='word_1_591' title='bbox 2624 3643 2839 3700; x_wconf 89' lang='lat' dir='ltr'><strong>virtutis</strong></span> <span class='ocrx_word' id='word_1_592' title='bbox 2867 3645 3168 3715; x_wconf 72' lang='lat' dir='ltr'><strong>mternitas,</strong></span> <span class='ocrx_word' id='word_1_593' title='bbox 3198 3646 3284 3703; x_wconf 91' lang='lat' dir='ltr'><strong>cui</strong></span> <span class='ocrx_word' id='word_1_594' title='bbox 3317 3648 3593 3718; x_wconf 90' lang='lat' dir='ltr'><strong>proprium</strong></span> <span class='ocrx_word' id='word_1_595' title='bbox 3621 3646 3871 3703; x_wconf 87' lang='lat' dir='ltr'><strong>naturali-</strong></span> 
     </span>
    </p>
   </div>
   <div class='ocr_carea' id='block_1_80' title="bbox 2289 3727 3873 3806">
    <p class='ocr_par' dir='ltr' id='par_1_80' title="bbox 2289 3727 3873 3806">
     <span class='ocr_line' id='line_1_80' title="bbox 2289 3727 3873 3806; baseline 0.001 -16"><span class='ocrx_word' id='word_1_596' title='bbox 2289 3727 2372 3790; x_wconf 78' lang='lat' dir='ltr'><strong>ter</strong></span> <span class='ocrx_word' id='word_1_597' title='bbox 2401 3744 2485 3790; x_wconf 92' lang='lat' dir='ltr'><strong>est</strong></span> <span class='ocrx_word' id='word_1_598' title='bbox 2514 3735 3031 3792; x_wconf 88' lang='lat' dir='ltr'><strong>incommutabiliter</strong></span> <span class='ocrx_word' id='word_1_599' title='bbox 3058 3745 3221 3806; x_wconf 90' lang='lat' dir='ltr'><strong>atque</strong></span> <span class='ocrx_word' id='word_1_600' title='bbox 3270 3736 3645 3794; x_wconf 80' lang='lat' dir='ltr'><strong>indeﬁeienter</strong></span> <span class='ocrx_word' id='word_1_601' title='bbox 3684 3740 3873 3802; x_wconf 88' lang='lat' dir='ltr'><strong>vivere,</strong></span> 
     </span>
    </p>
   </div>
   <div class='ocr_carea' id='block_1_81' title="bbox 2290 3826 3876 3899">
    <p class='ocr_par' dir='ltr' id='par_1_81' title="bbox 2290 3826 3876 3899">
     <span class='ocr_line' id='line_1_81' title="bbox 2290 3826 3876 3899; baseline -0.001 -17"><span class='ocrx_word' id='word_1_602' title='bbox 2290 3828 2420 3882; x_wconf 90' lang='lat' dir='ltr'><strong>nihil</strong></span> <span class='ocrx_word' id='word_1_603' title='bbox 2452 3826 2779 3885; x_wconf 89' lang='lat' dir='ltr'><strong>inﬁrmitatis</strong></span> <span class='ocrx_word' id='word_1_604' title='bbox 2809 3836 2904 3883; x_wconf 92' lang='lat' dir='ltr'><strong>aut</strong></span> <span class='ocrx_word' id='word_1_605' title='bbox 2951 3830 3143 3884; x_wconf 88' lang='lat' dir='ltr'><strong>mortis</strong></span> <span class='ocrx_word' id='word_1_606' title='bbox 3170 3830 3348 3899; x_wconf 89' lang='lat' dir='ltr'><strong>potuit</strong></span> <span class='ocrx_word' id='word_1_607' title='bbox 3376 3831 3431 3885; x_wconf 90' lang='lat' dir='ltr'><strong>in</strong></span> <span class='ocrx_word' id='word_1_608' title='bbox 3471 3846 3632 3885; x_wconf 91' lang='lat' dir='ltr'><strong>cruce</strong></span> <span class='ocrx_word' id='word_1_609' title='bbox 3663 3829 3876 3886; x_wconf 86' lang='lat' dir='ltr'><strong>sentire.</strong></span> 
     </span>
    </p>
   </div>
   <div class='ocr_carea' id='block_1_82' title="bbox 2292 3919 3876 3991">
    <p class='ocr_par' dir='ltr' id='par_1_82' title="bbox 2292 3919 3876 3991">
     <span class='ocr_line' id='line_1_82' title="bbox 2292 3919 3876 3991; baseline 0.001 -17"><span class='ocrx_word' id='word_1_610' title='bbox 2292 3919 2610 3988; x_wconf 76' lang='lat' dir='ltr'><strong>Unigenitus</strong></span> <span class='ocrx_word' id='word_1_611' title='bbox 2660 3920 2843 3991; x_wconf 90' lang='lat' dir='ltr'><strong>itaque</strong></span> <span class='ocrx_word' id='word_1_612' title='bbox 2892 3921 2986 3976; x_wconf 90' lang='lat' dir='ltr'><strong>Dei</strong></span> <span class='ocrx_word' id='word_1_613' title='bbox 3030 3921 3197 3978; x_wconf 88' lang='lat' dir='ltr'><strong>Filius</strong></span> <span class='ocrx_word' id='word_1_614' title='bbox 3227 3923 3278 3977; x_wconf 91' lang='lat' dir='ltr'><strong>in</strong></span> <span class='ocrx_word' id='word_1_615' title='bbox 3308 3939 3376 3979; x_wconf 89' lang='lat' dir='ltr'><strong>eo</strong></span> <span class='ocrx_word' id='word_1_616' title='bbox 3404 3940 3474 3979; x_wconf 80' lang='lat' dir='ltr'><strong>ex</strong></span> <span class='ocrx_word' id='word_1_617' title='bbox 3519 3923 3680 3979; x_wconf 80' lang='lat' dir='ltr'><strong>Patre</strong></span> <span class='ocrx_word' id='word_1_618' title='bbox 3731 3929 3876 3977; x_wconf 84' lang='lat' dir='ltr'><strong>natus</strong></span> 
     </span>
    </p>
   </div>
   <div class='ocr_carea' id='block_1_83' title="bbox 2294 4012 3877 4086">
    <p class='ocr_par' dir='ltr' id='par_1_83' title="bbox 2294 4012 3877 4086">
     <span class='ocr_line' id='line_1_83' title="bbox 2294 4012 3877 4086; baseline 0.003 -21"><span class='ocrx_word' id='word_1_619' title='bbox 2294 4012 2434 4067; x_wconf 80' lang='lat' dir='ltr'><strong>Dens</strong></span> <span class='ocrx_word' id='word_1_620' title='bbox 2462 4029 2641 4074; x_wconf 89' lang='lat' dir='ltr'><strong>verus,</strong></span> <span class='ocrx_word' id='word_1_621' title='bbox 2672 4021 2728 4068; x_wconf 90' lang='lat' dir='ltr'><strong>et</strong></span> <span class='ocrx_word' id='word_1_622' title='bbox 2757 4012 2823 4068; x_wconf 82' lang='lat' dir='ltr'><strong>de</strong></span> <span class='ocrx_word' id='word_1_623' title='bbox 2854 4022 3026 4069; x_wconf 88' lang='lat' dir='ltr'><strong>matre</strong></span> <span class='ocrx_word' id='word_1_624' title='bbox 3059 4013 3234 4071; x_wconf 80' lang='lat' dir='ltr'><strong>factus</strong></span> <span class='ocrx_word' id='word_1_625' title='bbox 3276 4016 3443 4072; x_wconf 86' lang='lat' dir='ltr'><strong>homo</strong></span> <span class='ocrx_word' id='word_1_626' title='bbox 3473 4033 3631 4071; x_wconf 87' lang='lat' dir='ltr'><strong>verus</strong></span> <span class='ocrx_word' id='word_1_627' title='bbox 3687 4029 3877 4086; x_wconf 75' lang='lat' dir='ltr'><strong>cogno-</strong></span> 
     </span>
    </p>
   </div>
   <div class='ocr_carea' id='block_1_84' title="bbox 2292 4086 3880 4175">
    <p class='ocr_par' dir='ltr' id='par_1_84' title="bbox 2292 4086 3880 4175">
     <span class='ocr_line' id='line_1_84' title="bbox 2292 4086 3880 4175; baseline 0.001 -18"><span class='ocrx_word' id='word_1_628' title='bbox 2292 4103 2483 4169; x_wconf 77' lang='lat' dir='ltr'><strong>scitur,</strong></span> <span class='ocrx_word' id='word_1_629' title='bbox 2532 4103 2658 4175; x_wconf 85' lang='lat' dir='ltr'><strong>quia</strong></span> <span class='ocrx_word' id='word_1_630' title='bbox 2702 4110 2758 4159; x_wconf 87' lang='lat' dir='ltr'><strong>et</strong></span> <span class='ocrx_word' id='word_1_631' title='bbox 2789 4102 2985 4159; x_wconf 91' lang='lat' dir='ltr'><strong>indicia</strong></span> <span class='ocrx_word' id='word_1_632' title='bbox 3024 4086 3352 4160; x_wconf 82' lang='lat' dir='ltr'><strong>inﬁrmitatis</strong></span> <span class='ocrx_word' id='word_1_633' title='bbox 3382 4107 3435 4160; x_wconf 93' lang='lat' dir='ltr'><strong>in</strong></span> <span class='ocrx_word' id='word_1_634' title='bbox 3463 4106 3694 4162; x_wconf 87' lang='lat' dir='ltr'><strong>veritate</strong></span> <span class='ocrx_word' id='word_1_635' title='bbox 3716 4104 3880 4162; x_wconf 82' lang='lat' dir='ltr'><strong>carnis</strong></span> 
     </span>
    </p>
   </div>
   <div class='ocr_carea' id='block_1_85' title="bbox 2294 4194 3876 4259">
    <p class='ocr_par' dir='ltr' id='par_1_85' title="bbox 2294 4194 3876 4259">
     <span class='ocr_line' id='line_1_85' title="bbox 2294 4194 3876 4259; baseline -0.001 -10"><span class='ocrx_word' id='word_1_636' title='bbox 2294 4194 2552 4259; x_wconf 88' lang='lat' dir='ltr'><strong>ostendit,</strong></span> <span class='ocrx_word' id='word_1_637' title='bbox 2583 4203 2637 4249; x_wconf 88' lang='lat' dir='ltr'><strong>et</strong></span> <span class='ocrx_word' id='word_1_638' title='bbox 2667 4194 2990 4250; x_wconf 88' lang='lat' dir='ltr'><strong>documenta</strong></span> <span class='ocrx_word' id='word_1_639' title='bbox 3014 4196 3231 4251; x_wconf 88' lang='lat' dir='ltr'><strong>virtutis</strong></span> <span class='ocrx_word' id='word_1_640' title='bbox 3253 4196 3304 4251; x_wconf 92' lang='lat' dir='ltr'><strong>in</strong></span> <span class='ocrx_word' id='word_1_641' title='bbox 3337 4195 3635 4251; x_wconf 85' lang='lat' dir='ltr'><strong>divinitatis</strong></span> <span class='ocrx_word' id='word_1_642' title='bbox 3660 4196 3876 4253; x_wconf 82' lang='lat' dir='ltr'><strong>veritate</strong></span> 
     </span>
    </p>
   </div>
   <div class='ocr_carea' id='block_1_86' title="bbox 2295 4280 3877 4359">
    <p class='ocr_par' dir='ltr' id='par_1_86' title="bbox 2295 4280 3877 4359">
     <span class='ocr_line' id='line_1_86' title="bbox 2295 4280 3877 4359; baseline 0.001 -20"><span class='ocrx_word' id='word_1_643' title='bbox 2295 4280 2650 4353; x_wconf 87' lang='lat' dir='ltr'><strong>monstravit;</strong></span> <span class='ocrx_word' id='word_1_644' title='bbox 2694 4285 2987 4341; x_wconf 89' lang='lat' dir='ltr'><strong>ostendens</strong></span> <span class='ocrx_word' id='word_1_645' title='bbox 3035 4287 3243 4343; x_wconf 89' lang='lat' dir='ltr'><strong>scilicet</strong></span> <span class='ocrx_word' id='word_1_646' title='bbox 3274 4288 3329 4342; x_wconf 92' lang='lat' dir='ltr'><strong>in</strong></span> <span class='ocrx_word' id='word_1_647' title='bbox 3376 4289 3584 4344; x_wconf 88' lang='lat' dir='ltr'><strong>unitate</strong></span> <span class='ocrx_word' id='word_1_648' title='bbox 3641 4299 3877 4359; x_wconf 67' lang='lat' dir='ltr'><strong>persona:</strong></span> 
     </span>
    </p>
   </div>
   <div class='ocr_carea' id='block_1_87' title="bbox 2295 4375 3877 4448">
    <p class='ocr_par' dir='ltr' id='par_1_87' title="bbox 2295 4375 3877 4448">
     <span class='ocr_line' id='line_1_87' title="bbox 2295 4375 3877 4448; baseline 0.001 -18"><span class='ocrx_word' id='word_1_649' title='bbox 2295 4376 2437 4430; x_wconf 90' lang='lat' dir='ltr'><strong>aliud</strong></span> <span class='ocrx_word' id='word_1_650' title='bbox 2469 4375 2569 4431; x_wconf 90' lang='lat' dir='ltr'><strong>sibi</strong></span> <span class='ocrx_word' id='word_1_651' title='bbox 2602 4376 2907 4446; x_wconf 90' lang='lat' dir='ltr'><strong>nobiscum,</strong></span> <span class='ocrx_word' id='word_1_652' title='bbox 2934 4376 3085 4433; x_wconf 87' lang='lat' dir='ltr'><strong>aliud</strong></span> <span class='ocrx_word' id='word_1_653' title='bbox 3110 4393 3232 4433; x_wconf 91' lang='lat' dir='ltr'><strong>cum</strong></span> <span class='ocrx_word' id='word_1_654' title='bbox 3263 4379 3421 4434; x_wconf 82' lang='lat' dir='ltr'><strong>Patre</strong></span> <span class='ocrx_word' id='word_1_655' title='bbox 3451 4387 3506 4433; x_wconf 88' lang='lat' dir='ltr'><strong>et</strong></span> <span class='ocrx_word' id='word_1_656' title='bbox 3534 4378 3737 4448; x_wconf 89' lang='lat' dir='ltr'><strong>Spiritu</strong></span> <span class='ocrx_word' id='word_1_657' title='bbox 3764 4391 3877 4432; x_wconf 86' lang='lat' dir='ltr'><strong>san-</strong></span> 
     </span>
    </p>
   </div>
   <div class='ocr_carea' id='block_1_88' title="bbox 2296 4462 3877 4528">
    <p class='ocr_par' dir='ltr' id='par_1_88' title="bbox 2296 4462 3877 4528">
     <span class='ocr_line' id='line_1_88' title="bbox 2296 4462 3877 4528; baseline 0.001 -5"><span class='ocrx_word' id='word_1_658' title='bbox 2296 4462 2386 4524; x_wconf 87' lang='lat' dir='ltr'><strong>cto</strong></span> <span class='ocrx_word' id='word_1_659' title='bbox 2418 4469 2737 4524; x_wconf 88' lang='lat' dir='ltr'><strong>naturaliter</strong></span> <span class='ocrx_word' id='word_1_660' title='bbox 2766 4486 2887 4525; x_wconf 91' lang='lat' dir='ltr'><strong>esse</strong></span> <span class='ocrx_word' id='word_1_661' title='bbox 2930 4486 3237 4527; x_wconf 89' lang='lat' dir='ltr'><strong>commune.</strong></span> <span class='ocrx_word' id='word_1_662' title='bbox 3268 4471 3486 4527; x_wconf 86' lang='lat' dir='ltr'><strong>Christo</strong></span> <span class='ocrx_word' id='word_1_663' title='bbox 3533 4472 3679 4528; x_wconf 90' lang='lat' dir='ltr'><strong>enim</strong></span> <span class='ocrx_word' id='word_1_664' title='bbox 3711 4471 3877 4527; x_wconf 87' lang='lat' dir='ltr'><strong>nobis—</strong></span> 
     </span>
    </p>
   </div>
   <div class='ocr_carea' id='block_1_89' title="bbox 2298 4562 3879 4629">
    <p class='ocr_par' dir='ltr' id='par_1_89' title="bbox 2298 4562 3879 4629">
     <span class='ocr_line' id='line_1_89' title="bbox 2298 4562 3879 4629; baseline 0.001 -15"><span class='ocrx_word' id='word_1_665' title='bbox 2298 4577 2421 4614; x_wconf 90' lang='lat' dir='ltr'><strong>cum</strong></span> <span class='ocrx_word' id='word_1_666' title='bbox 2474 4562 2733 4615; x_wconf 88' lang='lat' dir='ltr'><strong>naturalis</strong></span> <span class='ocrx_word' id='word_1_667' title='bbox 2767 4569 2851 4617; x_wconf 84' lang='lat' dir='ltr'><strong>est</strong></span> <span class='ocrx_word' id='word_1_668' title='bbox 2879 4564 3189 4618; x_wconf 89' lang='lat' dir='ltr'><strong>communio</strong></span> <span class='ocrx_word' id='word_1_669' title='bbox 3218 4564 3410 4619; x_wconf 78' lang='lat' dir='ltr'><strong>anima:</strong></span> <span class='ocrx_word' id='word_1_670' title='bbox 3442 4573 3499 4619; x_wconf 90' lang='lat' dir='ltr'><strong>et</strong></span> <span class='ocrx_word' id='word_1_671' title='bbox 3526 4565 3738 4629; x_wconf 89' lang='lat' dir='ltr'><strong>carnis;</strong></span> <span class='ocrx_word' id='word_1_672' title='bbox 3771 4575 3879 4619; x_wconf 81' lang='lat' dir='ltr'><strong>cum</strong></span> 
     </span>
    </p>
   </div>
   <div class='ocr_carea' id='block_1_90' title="bbox 598 4649 3877 4728">
    <p class='ocr_par' dir='ltr' id='par_1_90' title="bbox 598 4649 3877 4728">
     <span class='ocr_line' id='line_1_90' title="bbox 598 4649 3877 4728; baseline -0.001 -17"><span class='ocrx_word' id='word_1_673' title='bbox 598 4655 1056 4711; x_wconf 89' lang='lat' dir='ltr'><strong>commutabilitas</strong></span> <span class='ocrx_word' id='word_1_674' title='bbox 1083 4666 1286 4712; x_wconf 75' lang='lat' dir='ltr'><strong>mtcrna</strong></span> <span class='ocrx_word' id='word_1_675' title='bbox 1337 4660 1650 4728; x_wconf 89' lang='lat' dir='ltr'><strong>permansit.</strong></span> <span class='ocrx_word' id='word_1_676' title='bbox 1694 4657 1879 4727; x_wconf 87' lang='lat' dir='ltr'><strong>Neque</strong></span> <span class='ocrx_word' id='word_1_677' title='bbox 1928 4658 2073 4712; x_wconf 89' lang='lat' dir='ltr'><strong>enim</strong></span> <span class='ocrx_word' id='word_1_678' title='bbox 2115 4657 2201 4713; x_wconf 89' lang='lat' dir='ltr'><strong>vel</strong></span> <span class='ocrx_word' id='word_1_679' title='bbox 2230 4649 2278 4709; x_wconf 85' lang='grc' dir='ltr'><strong>Ι)</strong></span> <span class='ocrx_word' id='word_1_680' title='bbox 2306 4650 2465 4707; x_wconf 86' lang='lat' dir='ltr'><strong>Patre</strong></span> <span class='ocrx_word' id='word_1_681' title='bbox 2487 4660 2668 4706; x_wconf 89' lang='lat' dir='ltr'><strong>autem</strong></span> <span class='ocrx_word' id='word_1_682' title='bbox 2699 4652 3011 4724; x_wconf 83' lang='lat' dir='ltr'><strong>Spirituque</strong></span> <span class='ocrx_word' id='word_1_683' title='bbox 3039 4663 3228 4710; x_wconf 90' lang='lat' dir='ltr'><strong>sancto</strong></span> <span class='ocrx_word' id='word_1_684' title='bbox 3261 4656 3521 4712; x_wconf 89' lang='lat' dir='ltr'><strong>naturalis</strong></span> <span class='ocrx_word' id='word_1_685' title='bbox 3552 4666 3637 4710; x_wconf 87' lang='lat' dir='ltr'><strong>est</strong></span> <span class='ocrx_word' id='word_1_686' title='bbox 3662 4657 3715 4712; x_wconf 85' lang='lat' dir='ltr'><strong>ei</strong></span> <span class='ocrx_word' id='word_1_687' title='bbox 3744 4669 3877 4710; x_wconf 85' lang='lat' dir='ltr'><strong>com-</strong></span> 
     </span>
    </p>
   </div>
   <div class='ocr_carea' id='block_1_91' title="bbox 601 4748 2193 4820">
    <p class='ocr_par' dir='ltr' id='par_1_91' title="bbox 601 4748 2193 4820">
     <span class='ocr_line' id='line_1_91' title="bbox 601 4748 2193 4820; baseline 0.001 -17"><span class='ocrx_word' id='word_1_688' title='bbox 601 4749 944 4803; x_wconf 90' lang='lat' dir='ltr'><strong>imminutum</strong></span> <span class='ocrx_word' id='word_1_689' title='bbox 999 4760 1082 4804; x_wconf 90' lang='lat' dir='ltr'><strong>est</strong></span> <span class='ocrx_word' id='word_1_690' title='bbox 1134 4750 1189 4804; x_wconf 91' lang='lat' dir='ltr'><strong>in</strong></span> <span class='ocrx_word' id='word_1_691' title='bbox 1238 4748 1331 4805; x_wconf 84' lang='lat' dir='ltr'><strong>illo</strong></span> <span class='ocrx_word' id='word_1_692' title='bbox 1379 4749 1743 4820; x_wconf 88' lang='lat' dir='ltr'><strong>aliquatenus,</strong></span> <span class='ocrx_word' id='word_1_693' title='bbox 1773 4750 1859 4806; x_wconf 90' lang='lat' dir='ltr'><strong>vel</strong></span> <span class='ocrx_word' id='word_1_694' title='bbox 1905 4758 2193 4816; x_wconf 90' lang='lat' dir='ltr'><strong>mutatum,</strong></span> 
     </span>
    </p>
   </div>
   <div class='ocr_carea' id='block_1_92' title="bbox 601 4841 2197 4915">
    <p class='ocr_par' dir='ltr' id='par_1_92' title="bbox 601 4841 2197 4915">
     <span class='ocr_line' id='line_1_92' title="bbox 601 4841 2197 4915; baseline 0 -17"><span class='ocrx_word' id='word_1_695' title='bbox 601 4843 748 4913; x_wconf 80' lang='lat' dir='ltr'><strong>quod</strong></span> <span class='ocrx_word' id='word_1_696' title='bbox 775 4843 1098 4899; x_wconf 88' lang='lat' dir='ltr'><strong>naturaliter</strong></span> <span class='ocrx_word' id='word_1_697' title='bbox 1118 4843 1307 4899; x_wconf 91' lang='lat' dir='ltr'><strong>habuit</strong></span> <span class='ocrx_word' id='word_1_698' title='bbox 1336 4844 1388 4899; x_wconf 92' lang='lat' dir='ltr'><strong>in</strong></span> <span class='ocrx_word' id='word_1_699' title='bbox 1409 4844 1733 4911; x_wconf 78' lang='lat' dir='ltr'><strong>:cternitate,</strong></span> <span class='ocrx_word' id='word_1_700' title='bbox 1782 4859 1877 4915; x_wconf 90' lang='lat' dir='ltr'><strong>per</strong></span> <span class='ocrx_word' id='word_1_701' title='bbox 1900 4843 2029 4898; x_wconf 89' lang='lat' dir='ltr'><strong>illud</strong></span> <span class='ocrx_word' id='word_1_702' title='bbox 2054 4841 2197 4914; x_wconf 91' lang='lat' dir='ltr'><strong>quod</strong></span> 
     </span>
    </p>
   </div>
   <div class='ocr_carea' id='block_1_93' title="bbox 600 4936 2198 5010">
    <p class='ocr_par' dir='ltr' id='par_1_93' title="bbox 600 4936 2198 5010">
     <span class='ocr_line' id='line_1_93' title="bbox 600 4936 2198 5010; baseline 0.003 -19"><span class='ocrx_word' id='word_1_703' title='bbox 600 4936 809 5006; x_wconf 84' lang='lat' dir='ltr'><strong>accepit</strong></span> <span class='ocrx_word' id='word_1_704' title='bbox 836 4952 905 4991; x_wconf 81' lang='lat' dir='ltr'><strong>ex</strong></span> <span class='ocrx_word' id='word_1_705' title='bbox 930 4944 1195 5008; x_wconf 89' lang='lat' dir='ltr'><strong>tempore.</strong></span> <span class='ocrx_word' id='word_1_706' title='bbox 1226 4936 1419 4993; x_wconf 85' lang='lat' dir='ltr'><strong>Factus</strong></span> <span class='ocrx_word' id='word_1_707' title='bbox 1446 4950 1529 4993; x_wconf 88' lang='lat' dir='ltr'><strong>est</strong></span> <span class='ocrx_word' id='word_1_708' title='bbox 1553 4939 1753 5010; x_wconf 82' lang='lat' dir='ltr'><strong>quippe</strong></span> <span class='ocrx_word' id='word_1_709' title='bbox 1781 4938 1965 4993; x_wconf 90' lang='lat' dir='ltr'><strong>habitu</strong></span> <span class='ocrx_word' id='word_1_710' title='bbox 1990 4954 2198 5006; x_wconf 86' lang='lat' dir='ltr'><strong>servus,</strong></span> 
     </span>
    </p>
   </div>
   <div class='ocr_carea' id='block_1_94' title="bbox 595 5028 2205 5113">
    <p class='ocr_par' dir='ltr' id='par_1_94' title="bbox 595 5028 2205 5113">
     <span class='ocr_line' id='line_1_94' title="bbox 595 5028 2205 5113; baseline 0.002 -29"><span class='ocrx_word' id='word_1_711' title='bbox 595 5029 694 5113; x_wconf 72' lang='lat' dir='ltr'><strong>sed</strong></span> <span class='ocrx_word' id='word_1_712' title='bbox 726 5028 983 5085; x_wconf 83' lang='lat' dir='ltr'><strong>Dominus</strong></span> <span class='ocrx_word' id='word_1_713' title='bbox 1011 5046 1190 5085; x_wconf 90' lang='lat' dir='ltr'><strong>rerum</strong></span> <span class='ocrx_word' id='word_1_714' title='bbox 1223 5032 1465 5086; x_wconf 91' lang='lat' dir='ltr'><strong>omnium</strong></span> <span class='ocrx_word' id='word_1_715' title='bbox 1486 5032 1808 5086; x_wconf 86' lang='lat' dir='ltr'><strong>naturaliter</strong></span> <span class='ocrx_word' id='word_1_716' title='bbox 1828 5046 1950 5087; x_wconf 90' lang='lat' dir='ltr'><strong>esse</strong></span> <span class='ocrx_word' id='word_1_717' title='bbox 1978 5048 2084 5087; x_wconf 92' lang='lat' dir='ltr'><strong>non</strong></span> <span class='ocrx_word' id='word_1_718' title='bbox 2116 5030 2205 5087; x_wconf 89' lang='lat' dir='ltr'><strong>de-</strong></span> 
     </span>
    </p>
   </div>
   <div class='ocr_carea' id='block_1_95' title="bbox 599 5118 2197 5194">
    <p class='ocr_par' dir='ltr' id='par_1_95' title="bbox 599 5118 2197 5194">
     <span class='ocr_line' id='line_1_95' title="bbox 599 5118 2197 5194; baseline 0.003 -18"><span class='ocrx_word' id='word_1_719' title='bbox 599 5120 757 5177; x_wconf 86' lang='lat' dir='ltr'><strong>stitit.</strong></span> <span class='ocrx_word' id='word_1_720' title='bbox 790 5118 857 5175; x_wconf 89' lang='lat' dir='ltr'><strong>Et</strong></span> <span class='ocrx_word' id='word_1_721' title='bbox 886 5120 1058 5177; x_wconf 80' lang='lat' dir='ltr'><strong>factus</strong></span> <span class='ocrx_word' id='word_1_722' title='bbox 1083 5131 1164 5178; x_wconf 90' lang='lat' dir='ltr'><strong>est</strong></span> <span class='ocrx_word' id='word_1_723' title='bbox 1189 5123 1487 5178; x_wconf 82' lang='lat' dir='ltr'><strong>secundum</strong></span> <span class='ocrx_word' id='word_1_724' title='bbox 1509 5138 1723 5180; x_wconf 89' lang='lat' dir='ltr'><strong>carnem</strong></span> <span class='ocrx_word' id='word_1_725' title='bbox 1740 5138 1945 5194; x_wconf 88' lang='lat' dir='ltr'><strong>pauper</strong></span> <span class='ocrx_word' id='word_1_726' title='bbox 1964 5142 1977 5178; x_wconf 90' lang='lat'><strong>:</strong></span> <span class='ocrx_word' id='word_1_727' title='bbox 1999 5123 2197 5180; x_wconf 87' lang='lat' dir='ltr'><strong>nihilo-</strong></span> 
     </span>
    </p>
   </div>
   <div class='ocr_carea' id='block_1_96' title="bbox 596 5212 2195 5272">
    <p class='ocr_par' dir='ltr' id='par_1_96' title="bbox 596 5212 2195 5272">
     <span class='ocr_line' id='line_1_96' title="bbox 596 5212 2195 5272; baseline 0.002 -4"><span class='ocrx_word' id='word_1_728' title='bbox 596 5212 780 5268; x_wconf 90' lang='lat' dir='ltr'><strong>minus</strong></span> <span class='ocrx_word' id='word_1_729' title='bbox 810 5220 987 5268; x_wconf 91' lang='lat' dir='ltr'><strong>tamen</strong></span> <span class='ocrx_word' id='word_1_730' title='bbox 1014 5214 1309 5270; x_wconf 90' lang='lat' dir='ltr'><strong>secundum</strong></span> <span class='ocrx_word' id='word_1_731' title='bbox 1339 5214 1678 5270; x_wconf 91' lang='lat' dir='ltr'><strong>divinitatem</strong></span> <span class='ocrx_word' id='word_1_732' title='bbox 1708 5214 2006 5272; x_wconf 91' lang='lat' dir='ltr'><strong>ditissimus</strong></span> <span class='ocrx_word' id='word_1_733' title='bbox 2041 5231 2195 5271; x_wconf 90' lang='lat' dir='ltr'><strong>man-</strong></span> 
     </span>
    </p>
   </div>
   <div class='ocr_carea' id='block_1_97' title="bbox 596 5302 2196 5374">
    <p class='ocr_par' dir='ltr' id='par_1_97' title="bbox 596 5302 2196 5374">
     <span class='ocr_line' id='line_1_97' title="bbox 596 5302 2196 5374; baseline 0.002 -15"><span class='ocrx_word' id='word_1_734' title='bbox 596 5306 686 5360; x_wconf 90' lang='lat' dir='ltr'><strong>sit.</strong></span> <span class='ocrx_word' id='word_1_735' title='bbox 758 5302 894 5360; x_wconf 85' lang='lat' dir='ltr'><strong>Hiuc</strong></span> <span class='ocrx_word' id='word_1_736' title='bbox 935 5313 1022 5360; x_wconf 90' lang='lat' dir='ltr'><strong>est</strong></span> <span class='ocrx_word' id='word_1_737' title='bbox 1069 5305 1216 5374; x_wconf 83' lang='lat' dir='ltr'><strong>quod</strong></span> <span class='ocrx_word' id='word_1_738' title='bbox 1270 5306 1462 5361; x_wconf 85' lang='lat' dir='ltr'><strong>beatus</strong></span> <span class='ocrx_word' id='word_1_739' title='bbox 1505 5305 1798 5374; x_wconf 85' lang='lat' dir='ltr'><strong>Apostolus</strong></span> <span class='ocrx_word' id='word_1_740' title='bbox 1854 5305 2196 5362; x_wconf 91' lang='lat' dir='ltr'><strong>Christianos</strong></span> 
     </span>
    </p>
   </div>
   <div class='ocr_carea' id='block_1_98' title="bbox 599 5395 2199 5471">
    <p class='ocr_par' dir='ltr' id='par_1_98' title="bbox 599 5395 2199 5471">
     <span class='ocr_line' id='line_1_98' title="bbox 599 5395 2199 5471; baseline 0.001 -20"><span class='ocrx_word' id='word_1_741' title='bbox 599 5396 797 5451; x_wconf 77' lang='lat' dir='ltr'><strong>asserit</strong></span> <span class='ocrx_word' id='word_1_742' title='bbox 828 5404 1146 5465; x_wconf 86' lang='lat' dir='ltr'><strong>paupertate</strong></span> <span class='ocrx_word' id='word_1_743' title='bbox 1172 5397 1391 5464; x_wconf 86' lang='lat' dir='ltr'><strong>ditatus,</strong></span> <span class='ocrx_word' id='word_1_744' title='bbox 1422 5396 1608 5452; x_wconf 90' lang='lat' dir='ltr'><strong>dicens</strong></span> <span class='ocrx_word' id='word_1_745' title='bbox 1638 5416 1651 5450; x_wconf 90' lang='lat'>:</span> <span class='ocrx_word' id='word_1_746' title='bbox 1682 5395 1866 5452; x_wconf 82' lang='lat' dir='ltr'><strong>Nostis</strong></span> <span class='ocrx_word' id='word_1_747' title='bbox 1887 5398 2058 5471; x_wconf 84' lang='lat' dir='ltr'><strong>gratia</strong></span> <span class='ocrx_word' id='word_1_748' title='bbox 2087 5398 2199 5453; x_wconf 86' lang='lat' dir='ltr'><strong>Do-</strong></span> 
     </span>
    </p>
   </div>
   <div class='ocr_carea' id='block_1_99' title="bbox 597 5486 2202 5562">
    <p class='ocr_par' dir='ltr' id='par_1_99' title="bbox 597 5486 2202 5562">
     <span class='ocr_line' id='line_1_99' title="bbox 597 5486 2202 5562; baseline 0.001 -20"><span class='ocrx_word' id='word_1_749' title='bbox 597 5489 728 5543; x_wconf 85' lang='lat' dir='ltr'><strong>mini</strong></span> <span class='ocrx_word' id='word_1_750' title='bbox 757 5489 921 5542; x_wconf 82' lang='lat' dir='ltr'><strong>nostri</strong></span> <span class='ocrx_word' id='word_1_751' title='bbox 942 5486 1065 5543; x_wconf 81' lang='lat' dir='ltr'><strong>Jesu</strong></span> <span class='ocrx_word' id='word_1_752' title='bbox 1096 5488 1290 5543; x_wconf 77' lang='lat' dir='ltr'><strong>Christi</strong></span> <span class='ocrx_word' id='word_1_753' title='bbox 1315 5529 1330 5551; x_wconf 89' lang='lat'><strong>,</strong></span> <span class='ocrx_word' id='word_1_754' title='bbox 1363 5489 1485 5559; x_wconf 85' lang='lat' dir='ltr'><strong>quia</strong></span> <span class='ocrx_word' id='word_1_755' title='bbox 1514 5499 1724 5561; x_wconf 85' lang='lat' dir='ltr'><strong>prapter</strong></span> <span class='ocrx_word' id='word_1_756' title='bbox 1751 5508 1846 5545; x_wconf 80' lang='lat' dir='ltr'><strong>nos</strong></span> <span class='ocrx_word' id='word_1_757' title='bbox 1868 5507 2059 5562; x_wconf 82' lang='lat' dir='ltr'><strong>egenus</strong></span> <span class='ocrx_word' id='word_1_758' title='bbox 2086 5493 2202 5562; x_wconf 77' lang='lat' dir='ltr'><strong>[ac-</strong></span> 
     </span>
    </p>
   </div>
   <div class='ocr_carea' id='block_1_100' title="bbox 600 5579 2205 5653">
    <p class='ocr_par' dir='ltr' id='par_1_100' title="bbox 600 5579 2205 5653">
     <span class='ocr_line' id='line_1_100' title="bbox 600 5579 2205 5653; baseline 0.002 -21"><span class='ocrx_word' id='word_1_759' title='bbox 600 5587 682 5632; x_wconf 81' lang='lat' dir='ltr'><strong>tus</strong></span> <span class='ocrx_word' id='word_1_760' title='bbox 705 5587 783 5632; x_wconf 83' lang='lat' dir='ltr'><strong>est</strong></span> <span class='ocrx_word' id='word_1_761' title='bbox 810 5594 924 5633; x_wconf 85' lang='lat' dir='ltr'><strong>cum</strong></span> <span class='ocrx_word' id='word_1_762' title='bbox 951 5588 1085 5633; x_wconf 80' lang='lat' dir='ltr'><strong>esset</strong></span> <span class='ocrx_word' id='word_1_763' title='bbox 1112 5579 1277 5642; x_wconf 83' lang='lat' dir='ltr'><strong>dives,</strong></span> <span class='ocrx_word' id='word_1_764' title='bbox 1307 5589 1362 5632; x_wconf 85' lang='lat' dir='ltr'><strong>ut</strong></span> <span class='ocrx_word' id='word_1_765' title='bbox 1396 5579 1535 5635; x_wconf 85' lang='lat' dir='ltr'><strong>illius</strong></span> <span class='ocrx_word' id='word_1_766' title='bbox 1577 5590 1877 5653; x_wconf 83' lang='lat' dir='ltr'><strong>paupertate</strong></span> <span class='ocrx_word' id='word_1_767' title='bbox 1905 5597 1994 5636; x_wconf 88' lang='lat' dir='ltr'><strong>vos</strong></span> <span class='ocrx_word' id='word_1_768' title='bbox 2023 5581 2205 5636; x_wconf 78' lang='lat' dir='ltr'><strong>divites</strong></span> 
     </span>
    </p>
   </div>
   <div class='ocr_carea' id='block_1_101' title="bbox 600 5663 2209 5742">
    <p class='ocr_par' dir='ltr' id='par_1_101' title="bbox 600 5663 2209 5742">
     <span class='ocr_line' id='line_1_101' title="bbox 600 5663 2209 5742; baseline 0.002 -20"><span class='ocrx_word' id='word_1_769' title='bbox 600 5663 783 5722; x_wconf 63' lang='lat' dir='ltr'><strong>essetis</strong></span> <span class='ocrx_word' id='word_1_770' title='bbox 816 5667 903 5741; x_wconf 83' lang='lat' dir='ltr'><strong>(II</strong></span> <span class='ocrx_word' id='word_1_771' title='bbox 950 5667 1073 5724; x_wconf 86' lang='lat' dir='ltr'><strong>Cor.</strong></span> <span class='ocrx_word' id='word_1_772' title='bbox 1112 5686 1225 5733; x_wconf 82' lang='lat' dir='ltr'><strong>vin,</strong></span> <span class='ocrx_word' id='word_1_773' title='bbox 1254 5668 1344 5737; x_wconf 93' lang='lat'><strong>9).</strong></span> <span class='ocrx_word' id='word_1_774' title='bbox 1380 5668 1491 5726; x_wconf 83' lang='lat' dir='ltr'><strong>Nos</strong></span> <span class='ocrx_word' id='word_1_775' title='bbox 1519 5680 1697 5726; x_wconf 89' lang='lat' dir='ltr'><strong>autem</strong></span> <span class='ocrx_word' id='word_1_776' title='bbox 1724 5671 1921 5726; x_wconf 90' lang='lat' dir='ltr'><strong>divites</strong></span> <span class='ocrx_word' id='word_1_777' title='bbox 1949 5685 2044 5726; x_wconf 90' lang='lat' dir='ltr'><strong>sua</strong></span> <span class='ocrx_word' id='word_1_778' title='bbox 2075 5685 2209 5742; x_wconf 84' lang='lat' dir='ltr'><strong>pau-</strong></span> 
     </span>
    </p>
   </div>
   <div class='ocr_carea' id='block_1_102' title="bbox 603 5760 2208 5835">
    <p class='ocr_par' dir='ltr' id='par_1_102' title="bbox 603 5760 2208 5835">
     <span class='ocr_line' id='line_1_102' title="bbox 603 5760 2208 5835; baseline 0.005 -22"><span class='ocrx_word' id='word_1_779' title='bbox 603 5766 818 5829; x_wconf 85' lang='lat' dir='ltr'><strong>pertate</strong></span> <span class='ocrx_word' id='word_1_780' title='bbox 844 5761 1148 5816; x_wconf 80' lang='lat' dir='ltr'><strong>nullatenus</strong></span> <span class='ocrx_word' id='word_1_781' title='bbox 1180 5760 1404 5831; x_wconf 80' lang='lat' dir='ltr'><strong>faceret,</strong></span> <span class='ocrx_word' id='word_1_782' title='bbox 1434 5763 1478 5818; x_wconf 88' lang='lat' dir='ltr'><strong>si</strong></span> <span class='ocrx_word' id='word_1_783' title='bbox 1509 5778 1717 5835; x_wconf 86' lang='lat' dir='ltr'><strong>pauper</strong></span> <span class='ocrx_word' id='word_1_784' title='bbox 1744 5761 1916 5819; x_wconf 79' lang='lat' dir='ltr'><strong>factus</strong></span> <span class='ocrx_word' id='word_1_785' title='bbox 1946 5762 2208 5821; x_wconf 72' lang='lat' dir='ltr'><strong>naturalis</strong></span> 
     </span>
    </p>
   </div>
   <div class='ocr_carea' id='block_1_103' title="bbox 682 5942 1230 6017">
    <p class='ocr_par' dir='ltr' id='par_1_103' title="bbox 682 5942 1230 6017">
     <span class='ocr_line' id='line_1_103' title="bbox 682 5942 1230 6017; baseline 0 -19"><span class='ocrx_word' id='word_1_786' title='bbox 682 5952 710 5981; x_wconf 81' lang='grc'><strong>⁸</strong></span> <span class='ocrx_word' id='word_1_787' title='bbox 732 5942 896 5998; x_wconf 75' lang='lat' dir='ltr'><strong>Forte</strong></span> <span class='ocrx_word' id='word_1_788' title='bbox 916 5959 1016 5998; x_wconf 87' lang='lat' dir='ltr'><strong>non</strong></span> <span class='ocrx_word' id='word_1_789' title='bbox 1041 5943 1230 6017; x_wconf 76' lang='lat' dir='ltr'><strong>potuit.</strong></span> 
     </span>
    </p>
   </div>
   <div class='ocr_carea' id='block_1_104' title="bbox 2300 4740 3878 4819">
    <p class='ocr_par' dir='ltr' id='par_1_104' title="bbox 2300 4740 3878 4819">
     <span class='ocr_line' id='line_1_104' title="bbox 2300 4740 3878 4819; baseline 0.001 -20"><span class='ocrx_word' id='word_1_790' title='bbox 2300 4745 2484 4801; x_wconf 90' lang='lat' dir='ltr'><strong>munio</strong></span> <span class='ocrx_word' id='word_1_791' title='bbox 2512 4744 2751 4801; x_wconf 87' lang='lat' dir='ltr'><strong>deitatis.</strong></span> <span class='ocrx_word' id='word_1_792' title='bbox 2777 4740 3059 4812; x_wconf 81' lang='lat' dir='ltr'><strong>QuomOdo</strong></span> <span class='ocrx_word' id='word_1_793' title='bbox 3082 4747 3241 4816; x_wconf 80' lang='lat' dir='ltr'><strong>igitur</strong></span> <span class='ocrx_word' id='word_1_794' title='bbox 3259 4763 3379 4819; x_wconf 77' lang='lat' dir='ltr'><strong>qua:</strong></span> <span class='ocrx_word' id='word_1_795' title='bbox 3398 4750 3577 4803; x_wconf 89' lang='lat' dir='ltr'><strong>carnis</strong></span> <span class='ocrx_word' id='word_1_796' title='bbox 3597 4757 3743 4814; x_wconf 90' lang='lat' dir='ltr'><strong>sunt,</strong></span> <span class='ocrx_word' id='word_1_797' title='bbox 3772 4760 3878 4803; x_wconf 86' lang='lat' dir='ltr'><strong>cum</strong></span> 
     </span>
    </p>
   </div>
   <div class='ocr_carea' id='block_1_105' title="bbox 2304 4826 3880 4907">
    <p class='ocr_par' dir='ltr' id='par_1_105' title="bbox 2304 4826 3880 4907">
     <span class='ocr_line' id='line_1_105' title="bbox 2304 4826 3880 4907; baseline 0.003 -16"><span class='ocrx_word' id='word_1_798' title='bbox 2304 4826 2467 4892; x_wconf 81' lang='lat' dir='ltr'><strong>Pa&#39;rc</strong></span> <span class='ocrx_word' id='word_1_799' title='bbox 2497 4845 2552 4892; x_wconf 89' lang='lat' dir='ltr'><strong>et</strong></span> <span class='ocrx_word' id='word_1_800' title='bbox 2580 4836 2783 4907; x_wconf 84' lang='lat' dir='ltr'><strong>Spiritu</strong></span> <span class='ocrx_word' id='word_1_801' title='bbox 2812 4846 3002 4895; x_wconf 89' lang='lat' dir='ltr'><strong>sancto</strong></span> <span class='ocrx_word' id='word_1_802' title='bbox 3030 4840 3335 4895; x_wconf 90' lang='lat' dir='ltr'><strong>communia</strong></span> <span class='ocrx_word' id='word_1_803' title='bbox 3367 4841 3459 4896; x_wconf 88' lang='lat' dir='ltr'><strong>Dei</strong></span> <span class='ocrx_word' id='word_1_804' title='bbox 3489 4840 3656 4897; x_wconf 89' lang='lat' dir='ltr'><strong>Filius</strong></span> <span class='ocrx_word' id='word_1_805' title='bbox 3696 4840 3880 4898; x_wconf 84' lang='lat' dir='ltr'><strong>habere</strong></span> 
     </span>
    </p>
   </div>
   <div class='ocr_carea' id='block_1_106' title="bbox 2304 4931 3878 5003">
    <p class='ocr_par' dir='ltr' id='par_1_106' title="bbox 2304 4931 3878 5003">
     <span class='ocr_line' id='line_1_106' title="bbox 2304 4931 3878 5003; baseline -0.004 -15"><span class='ocrx_word' id='word_1_806' title='bbox 2304 4934 2483 5003; x_wconf 90' lang='lat' dir='ltr'><strong>potuit</strong></span> <span class='ocrx_word' id='word_1_807' title='bbox 2504 4941 2550 4998; x_wconf 77' lang='grc' dir='ltr'>ι,</span> <span class='ocrx_word' id='word_1_808' title='bbox 2575 4932 2665 5001; x_wconf 90' lang='lat' dir='ltr'><strong>qui</strong></span> <span class='ocrx_word' id='word_1_809' title='bbox 2689 4947 2906 4988; x_wconf 91' lang='lat' dir='ltr'><strong>carnem</strong></span> <span class='ocrx_word' id='word_1_810' title='bbox 2928 4948 3082 4988; x_wconf 89' lang='lat' dir='ltr'><strong>suam</strong></span> <span class='ocrx_word' id='word_1_811' title='bbox 3113 4933 3419 4989; x_wconf 89' lang='lat' dir='ltr'><strong>nullatenus</strong></span> <span class='ocrx_word' id='word_1_812' title='bbox 3438 4950 3562 4989; x_wconf 91' lang='lat' dir='ltr'><strong>cum</strong></span> <span class='ocrx_word' id='word_1_813' title='bbox 3584 4950 3680 4990; x_wconf 90' lang='lat' dir='ltr'><strong>sua</strong></span> <span class='ocrx_word' id='word_1_814' title='bbox 3706 4931 3878 4990; x_wconf 71' lang='lat' dir='ltr'><strong>divini—</strong></span> 
     </span>
    </p>
   </div>
   <div class='ocr_carea' id='block_1_107' title="bbox 2305 5020 3877 5096">
    <p class='ocr_par' dir='ltr' id='par_1_107' title="bbox 2305 5020 3877 5096">
     <span class='ocr_line' id='line_1_107' title="bbox 2305 5020 3877 5096; baseline -0.002 -15"><span class='ocrx_word' id='word_1_815' title='bbox 2305 5035 2417 5081; x_wconf 91' lang='lat' dir='ltr'><strong>tate</strong></span> <span class='ocrx_word' id='word_1_816' title='bbox 2439 5025 2717 5081; x_wconf 79' lang='lat' dir='ltr'><strong>confundit</strong></span> <span class='ocrx_word' id='word_1_817' title='bbox 2734 5044 2746 5080; x_wconf 93' lang='lat'>:</span> <span class='ocrx_word' id='word_1_818' title='bbox 2763 5027 2839 5081; x_wconf 90' lang='lat' dir='ltr'><strong>ita</strong></span> <span class='ocrx_word' id='word_1_819' title='bbox 2853 5041 2962 5085; x_wconf 88' lang='lat' dir='ltr'><strong>non</strong></span> <span class='ocrx_word' id='word_1_820' title='bbox 2976 5025 3289 5096; x_wconf 59' lang='lat' dir='ltr'><strong>prxjudicat</strong></span> <span class='ocrx_word' id='word_1_821' title='bbox 3302 5027 3583 5083; x_wconf 70' lang='lat' dir='ltr'><strong>catholicae</strong></span> <span class='ocrx_word' id='word_1_822' title='bbox 3597 5025 3739 5093; x_wconf 81' lang='lat' dir='ltr'><strong>ﬁdei,</strong></span> <span class='ocrx_word' id='word_1_823' title='bbox 3753 5020 3877 5095; x_wconf 88' lang='lat' dir='ltr'><strong>quod</strong></span> 
     </span>
    </p>
   </div>
   <div class='ocr_carea' id='block_1_108' title="bbox 2308 5114 3877 5189">
    <p class='ocr_par' dir='ltr' id='par_1_108' title="bbox 2308 5114 3877 5189">
     <span class='ocr_line' id='line_1_108' title="bbox 2308 5114 3877 5189; baseline -0.004 -14"><span class='ocrx_word' id='word_1_824' title='bbox 2308 5120 2577 5177; x_wconf 86' lang='lat' dir='ltr'><strong>credimus</strong></span> <span class='ocrx_word' id='word_1_825' title='bbox 2598 5128 2839 5175; x_wconf 84' lang='lat' dir='ltr'><strong>nostram</strong></span> <span class='ocrx_word' id='word_1_826' title='bbox 2860 5126 3104 5175; x_wconf 90' lang='lat' dir='ltr'><strong>naturam</strong></span> <span class='ocrx_word' id='word_1_827' title='bbox 3130 5120 3182 5174; x_wconf 91' lang='lat' dir='ltr'><strong>in</strong></span> <span class='ocrx_word' id='word_1_828' title='bbox 3204 5119 3410 5174; x_wconf 87' lang='lat' dir='ltr'><strong>unitate</strong></span> <span class='ocrx_word' id='word_1_829' title='bbox 3431 5135 3678 5189; x_wconf 75' lang='lat' dir='ltr'><strong>personat:</strong></span> <span class='ocrx_word' id='word_1_830' title='bbox 3692 5118 3762 5175; x_wconf 90' lang='lat' dir='ltr'><strong>ab</strong></span> <span class='ocrx_word' id='word_1_831' title='bbox 3777 5114 3877 5171; x_wconf 82' lang='lat' dir='ltr'><strong>uni-</strong></span> 
     </span>
    </p>
   </div>
   <div class='ocr_carea' id='block_1_109' title="bbox 2306 5212 3879 5285">
    <p class='ocr_par' dir='ltr' id='par_1_109' title="bbox 2306 5212 3879 5285">
     <span class='ocr_line' id='line_1_109' title="bbox 2306 5212 3879 5285; baseline -0.003 -17"><span class='ocrx_word' id='word_1_832' title='bbox 2306 5213 2489 5283; x_wconf 81' lang='lat' dir='ltr'><strong>genito</strong></span> <span class='ocrx_word' id='word_1_833' title='bbox 2504 5212 2790 5270; x_wconf 89' lang='lat' dir='ltr'><strong>Salvatore</strong></span> <span class='ocrx_word' id='word_1_834' title='bbox 2806 5222 3133 5285; x_wconf 91' lang='lat' dir='ltr'><strong>susceptam,</strong></span> <span class='ocrx_word' id='word_1_835' title='bbox 3149 5228 3269 5269; x_wconf 91' lang='lat' dir='ltr'><strong>cum</strong></span> <span class='ocrx_word' id='word_1_836' title='bbox 3287 5212 3550 5268; x_wconf 82' lang='lat' dir='ltr'><strong>fateamur</strong></span> <span class='ocrx_word' id='word_1_837' title='bbox 3565 5228 3729 5268; x_wconf 87' lang='lat' dir='ltr'><strong>unam</strong></span> <span class='ocrx_word' id='word_1_838' title='bbox 3740 5223 3879 5268; x_wconf 52' lang='lat' dir='ltr'><strong>sancc</strong></span> 
     </span>
    </p>
   </div>
   <div class='ocr_carea' id='block_1_110' title="bbox 2309 5303 3875 5386">
    <p class='ocr_par' dir='ltr' id='par_1_110' title="bbox 2309 5303 3875 5386">
     <span class='ocr_line' id='line_1_110' title="bbox 2309 5303 3875 5386; baseline -0.003 -27"><span class='ocrx_word' id='word_1_839' title='bbox 2309 5311 2375 5386; x_wconf 75' lang='lat' dir='ltr'><strong>ta:</strong></span> <span class='ocrx_word' id='word_1_840' title='bbox 2404 5304 2682 5361; x_wconf 88' lang='lat' dir='ltr'><strong>Trinitatis</strong></span> <span class='ocrx_word' id='word_1_841' title='bbox 2712 5321 2932 5362; x_wconf 90' lang='lat' dir='ltr'><strong>manere</strong></span> <span class='ocrx_word' id='word_1_842' title='bbox 2973 5305 3348 5361; x_wconf 90' lang='lat' dir='ltr'><strong>substantiam.</strong></span> <span class='ocrx_word' id='word_1_843' title='bbox 3380 5305 3531 5386; x_wconf 75' lang='lat' dir='ltr'><strong>illam</strong></span> <span class='ocrx_word' id='word_1_844' title='bbox 3565 5305 3767 5376; x_wconf 88' lang='lat' dir='ltr'><strong>quippe</strong></span> <span class='ocrx_word' id='word_1_845' title='bbox 3788 5303 3875 5357; x_wconf 81' lang='lat' dir='ltr'><strong>bu-</strong></span> 
     </span>
    </p>
   </div>
   <div class='ocr_carea' id='block_1_111' title="bbox 2307 5382 3876 5462">
    <p class='ocr_par' dir='ltr' id='par_1_111' title="bbox 2307 5382 3876 5462">
     <span class='ocr_line' id='line_1_111' title="bbox 2307 5382 3876 5462; baseline -0.002 -9"><span class='ocrx_word' id='word_1_846' title='bbox 2307 5382 2623 5454; x_wconf 76' lang='lat' dir='ltr'><strong>inanitatem</strong></span> <span class='ocrx_word' id='word_1_847' title='bbox 2649 5396 2766 5453; x_wconf 78' lang='lat' dir='ltr'><strong>Filii</strong></span> <span class='ocrx_word' id='word_1_848' title='bbox 2797 5405 2910 5453; x_wconf 89' lang='lat' dir='ltr'><strong>tota</strong></span> <span class='ocrx_word' id='word_1_849' title='bbox 2936 5396 3171 5452; x_wconf 90' lang='lat' dir='ltr'><strong>Trinitas</strong></span> <span class='ocrx_word' id='word_1_850' title='bbox 3198 5395 3345 5462; x_wconf 80' lang='lat' dir='ltr'><strong>fecit,</strong></span> <span class='ocrx_word' id='word_1_851' title='bbox 3364 5396 3458 5453; x_wconf 90' lang='lat' dir='ltr'><strong>sed</strong></span> <span class='ocrx_word' id='word_1_852' title='bbox 3479 5382 3594 5452; x_wconf 74' lang='lat' dir='ltr'><strong>non</strong></span> <span class='ocrx_word' id='word_1_853' title='bbox 3624 5397 3765 5453; x_wconf 87' lang='lat' dir='ltr'><strong>sicut</strong></span> <span class='ocrx_word' id='word_1_854' title='bbox 3781 5400 3876 5450; x_wconf 75' lang='lat' dir='ltr'><strong>tela</strong></span> 
     </span>
    </p>
   </div>
   <div class='ocr_carea' id='block_1_112' title="bbox 2305 5486 3877 5563">
    <p class='ocr_par' dir='ltr' id='par_1_112' title="bbox 2305 5486 3877 5563">
     <span class='ocr_line' id='line_1_112' title="bbox 2305 5486 3877 5563; baseline -0.003 -19"><span class='ocrx_word' id='word_1_855' title='bbox 2305 5486 2540 5547; x_wconf 86' lang='lat' dir='ltr'><strong>Trinitas</strong></span> <span class='ocrx_word' id='word_1_856' title='bbox 2587 5490 2733 5557; x_wconf 83' lang='lat' dir='ltr'><strong>fecit,</strong></span> <span class='ocrx_word' id='word_1_857' title='bbox 2765 5491 2843 5548; x_wconf 91' lang='lat' dir='ltr'><strong>sic</strong></span> <span class='ocrx_word' id='word_1_858' title='bbox 2864 5488 3101 5547; x_wconf 86' lang='lat' dir='ltr'><strong>Trinitas</strong></span> <span class='ocrx_word' id='word_1_859' title='bbox 3146 5497 3260 5546; x_wconf 91' lang='lat' dir='ltr'><strong>tota</strong></span> <span class='ocrx_word' id='word_1_860' title='bbox 3287 5490 3567 5560; x_wconf 87' lang='lat' dir='ltr'><strong>suscepit,</strong></span> <span class='ocrx_word' id='word_1_861' title='bbox 3619 5489 3746 5563; x_wconf 82' lang='lat' dir='ltr'><strong>quia</strong></span> <span class='ocrx_word' id='word_1_862' title='bbox 3770 5500 3877 5557; x_wconf 83' lang='lat' dir='ltr'><strong>pcr-</strong></span> 
     </span>
    </p>
   </div>
   <div class='ocr_carea' id='block_1_113' title="bbox 2305 5580 3876 5652">
    <p class='ocr_par' dir='ltr' id='par_1_113' title="bbox 2305 5580 3876 5652">
     <span class='ocr_line' id='line_1_113' title="bbox 2305 5580 3876 5652; baseline -0.003 -16"><span class='ocrx_word' id='word_1_863' title='bbox 2305 5595 2460 5649; x_wconf 89' lang='lat' dir='ltr'><strong>sona,</strong></span> <span class='ocrx_word' id='word_1_864' title='bbox 2492 5596 2613 5652; x_wconf 64' lang='lat' dir='ltr'><strong>qua&quot;:</strong></span> <span class='ocrx_word' id='word_1_865' title='bbox 2641 5596 2753 5638; x_wconf 91' lang='lat' dir='ltr'><strong>non</strong></span> <span class='ocrx_word' id='word_1_866' title='bbox 2785 5589 2867 5637; x_wconf 90' lang='lat' dir='ltr'><strong>est</strong></span> <span class='ocrx_word' id='word_1_867' title='bbox 2889 5580 3026 5636; x_wconf 91' lang='lat' dir='ltr'><strong>Filio</strong></span> <span class='ocrx_word' id='word_1_868' title='bbox 3054 5597 3177 5637; x_wconf 92' lang='lat' dir='ltr'><strong>cum</strong></span> <span class='ocrx_word' id='word_1_869' title='bbox 3216 5580 3377 5637; x_wconf 89' lang='lat' dir='ltr'><strong>Patre</strong></span> <span class='ocrx_word' id='word_1_870' title='bbox 3396 5590 3452 5637; x_wconf 89' lang='lat' dir='ltr'><strong>et</strong></span> <span class='ocrx_word' id='word_1_871' title='bbox 3476 5580 3685 5652; x_wconf 82' lang='lat' dir='ltr'><strong>Spiritu</strong></span> <span class='ocrx_word' id='word_1_872' title='bbox 3709 5583 3876 5636; x_wconf 86' lang='lat' dir='ltr'><strong>sancto</strong></span> 
     </span>
    </p>
   </div>
   <div class='ocr_carea' id='block_1_114' title="bbox 2307 5670 3878 5744">
    <p class='ocr_par' dir='ltr' id='par_1_114' title="bbox 2307 5670 3878 5744">
     <span class='ocr_line' id='line_1_114' title="bbox 2307 5670 3878 5744; baseline -0.001 -15"><span class='ocrx_word' id='word_1_873' title='bbox 2307 5673 2629 5739; x_wconf 89' lang='lat' dir='ltr'><strong>communis,</strong></span> <span class='ocrx_word' id='word_1_874' title='bbox 2660 5673 2777 5744; x_wconf 90' lang='lat' dir='ltr'><strong>ipsa</strong></span> <span class='ocrx_word' id='word_1_875' title='bbox 2798 5673 2851 5729; x_wconf 93' lang='lat' dir='ltr'><strong>in</strong></span> <span class='ocrx_word' id='word_1_876' title='bbox 2880 5670 3099 5727; x_wconf 87' lang='lat' dir='ltr'><strong>Christo</strong></span> <span class='ocrx_word' id='word_1_877' title='bbox 3127 5683 3233 5727; x_wconf 85' lang='lat' dir='ltr'><strong>una</strong></span> <span class='ocrx_word' id='word_1_878' title='bbox 3270 5681 3354 5728; x_wconf 90' lang='lat' dir='ltr'><strong>est</strong></span> <span class='ocrx_word' id='word_1_879' title='bbox 3373 5672 3673 5729; x_wconf 89' lang='lat' dir='ltr'><strong>divinitatis</strong></span> <span class='ocrx_word' id='word_1_880' title='bbox 3697 5678 3753 5728; x_wconf 91' lang='lat' dir='ltr'><strong>et</strong></span> <span class='ocrx_word' id='word_1_881' title='bbox 3770 5682 3878 5727; x_wconf 47' lang='lat' dir='ltr'><strong>cars</strong></span> 
     </span>
    </p>
   </div>
   <div class='ocr_carea' id='block_1_115' title="bbox 2312 5760 3877 5837">
    <p class='ocr_par' dir='ltr' id='par_1_115' title="bbox 2312 5760 3877 5837">
     <span class='ocr_line' id='line_1_115' title="bbox 2312 5760 3877 5837; baseline -0.004 -16"><span class='ocrx_word' id='word_1_882' title='bbox 2312 5764 2414 5821; x_wconf 88' lang='lat' dir='ltr'><strong>nis.</strong></span> <span class='ocrx_word' id='word_1_883' title='bbox 2448 5760 2551 5821; x_wconf 87' lang='lat' dir='ltr'><strong>Ubi</strong></span> <span class='ocrx_word' id='word_1_884' title='bbox 2571 5772 2755 5820; x_wconf 84' lang='lat' dir='ltr'><strong>autem</strong></span> <span class='ocrx_word' id='word_1_885' title='bbox 2785 5764 2898 5821; x_wconf 90' lang='lat' dir='ltr'><strong>sive</strong></span> <span class='ocrx_word' id='word_1_886' title='bbox 2936 5779 3314 5837; x_wconf 83' lang='lat' dir='ltr'><strong>personarum,</strong></span> <span class='ocrx_word' id='word_1_887' title='bbox 3343 5765 3453 5821; x_wconf 86' lang='lat' dir='ltr'><strong>sive</strong></span> <span class='ocrx_word' id='word_1_888' title='bbox 3475 5766 3877 5823; x_wconf 84' lang='lat' dir='ltr'><strong>substantiarum</strong></span> 
     </span>
    </p>
   </div>
   <div class='ocr_carea' id='block_1_116' title="bbox 2779 6003 2805 6010">
    <p class='ocr_par' dir='ltr' id='par_1_116' title="bbox 2779 6003 2805 6010">
     <span class='ocr_line' id='line_1_116' title="bbox 2779 6003 2805 6010; baseline 0 0"><span class='ocrx_word' id='word_1_889' title='bbox 2779 6003 2805 6010; x_wconf 60' lang='lat'><strong>.—</strong></span> 
     </span>
    </p>
   </div>
  </div>
