4130 6476
284 414 407 470 521-
1128 372 1409 468 CONTRA
1445 410 1823 469 SERMONEM
1863 410 2243 469 FASTIDIOSI
2283 411 2484 469 LIBER
2523 411 2725 470 UNES.
3472 417 3587 476 522'

285 527 557 585 invenitur
576 526 682 583 ulla
696 525 973 594 discretio,
996 542 1102 585 non
1120 543 1334 599 semper
1356 528 1425 583 ad
1441 529 1877 585 communionem
1907 531 1960 592 Α
1984 534 2154 581 centes
2187 546 2203 580 :
2236 527 2361 595 Quis
2388 535 2463 582 est
2493 527 2594 596 hic,
2636 530 2724 601 qui
2751 529 2977 601 toquitur
3014 530 3429 603 blasphemiam?
3450 534 3580 600 Quis

284 619 619 692 acceptionis
647 618 878 676 refertur
904 619 1167 691 quidquid
1205 621 1260 675 in
1288 621 1674 677 communione
1700 621 1884 692 operis
1988 629 2153 690 potest
2195 621 2451 676 dimittere
2475 632 2705 693 peccata,
2737 623 2841 678 nisi
2868 625 3010 679 solus
3038 623 3220 680 Deus?
3244 627 3317 681 Ut
3345 634 3581 700 cognorit

285 714 581 771 invenitur.
607 713 764 781 Quod
799 714 927 786 quia
978 714 1270 771 obscurum
1318 714 1550 781 videtur,
1604 716 1732 772 dum
1762 714 1884 770 solo
1987 724 2163 768 autem
2188 713 2342 768 Jesus
2389 716 2727 785 cogitationes
2774 734 2971 783 eorum,
3014 720 3329 791 respondens
3356 718 3490 777 dixit
3516 726 3584 778 ad

288 808 564 880 profertur
591 808 827 879 eloquio,
871 809 1063 865 melius
1086 817 1170 865 est
1199 817 1259 865 ut
1287 809 1623 879 intelligendi
1652 808 1884 865 facilitas
1986 802 2137 859 illos:
2164 801 2304 868 Quid
2326 805 2565 876 cogitatis
2581 807 2718 861 mala
2742 809 2794 862 in
2817 809 3058 865 cordibus
3072 813 3252 866 vestris
3276 812 3463 883 (Ibid,
3490 814 3585 883 2i,

288 909 439 974 apto,
468 910 728 972 quantum
757 918 844 959 res
872 902 1158 974 permittit,
1185 904 1494 975 praebeatur
1515 903 1787 975 exemplo.

1993 894 2120 967 22)?
2164 895 2319 963 Quod
2368 906 2566 953 autem‘
2598 898 2774 956 Lucas
2824 901 2978 968 dixit,
3025 901 3302 974 (imperant
3356 909 3584 978 cogitare

1988 989 2170 1044 scribae
2201 997 2251 1044 et
2299 989 2561 1046 Pharisazi
2589 992 2849 1059 dicentes;
2893 995 2998 1051 hoc
3047 995 3334 1054 Matthzeus
3372 999 3470 1067 ait,
3515 1000 3584 1056 Et

889 1059 1116 1116 CAPUT
1156 1059 1268 1116 XV-
1421 1070 1424 1073 λ
1988 1096 2103 1134 ecce
2127 1082 2338 1151 quidam
2365 1082 2432 1136 de
2450 1084 2635 1139 scribis
2665 1085 2903 1141 dicebam
2931 1087 3070 1144 intra
3096 1106 3151 1143 se
3176 1105 3197 1144 :
3227 1059 3583 1163 Blaspltemat.

360 1172 458 1229 Est
485 1172 706 1243 quidem
757 1171 1053 1229 similitudo
1102 1173 1173 1228 ad
1223 1173 1588 1243 cognitionem
1638 1171 1883 1227 ﬁdelibus
1989 1169 2061 1224 Et
2098 1188 2214 1226 cum
2257 1172 2466 1228 vidisset
2509 1174 2663 1231 Jesus
2692 1179 3029 1248 cogitationes
3052 1197 3256 1248 eorum,
3285 1182 3461 1238 dixit:
3517 1182 3583 1239 Ut

286 1270 560 1336 prompta,
587 1278 750 1335 quam
779 1264 833 1319 in
877 1278 972 1319 sua
999 1263 1141 1320 Deus
1185 1263 1533 1319 similitudine
1571 1263 1880 1319 collocavit.
1989 1264 2113 1335 quid
2151 1265 2388 1337 cogitatis
2426 1270 2570 1322 mala
2608 1270 2663 1323 in
2685 1270 2925 1325 cordibus
2964 1274 3143 1328 vestris
3175 1274 3389 1344 (Matth.
3422 1293 3498 1343 Ix,
3529 1278 3582 1344 '5,

286 1356 471 1426 Imago
494 1363 676 1411 autem
716 1357 817 1411 ista
864 1371 1017 1412 mens
1057 1356 1295 1411 humana
1343 1366 1445 1411 est.
1478 1354 1699 1426 Legitur
1737 1356 1886 1412 enim
1992 1355 2101 1428 4)?
2157 1355 2217 1411 In
2275 1358 2414 1413 libro
2471 1374 2690 1431 quoque
2745 1361 3035 1433 Sapientia:
3100 1364 3292 1420 dicitur
3353 1366 3422 1423 de
3472 1369 3583 1439 qui-

284 1448 489 1504 dixisse
517 1446 802 1508 Dominum
836 1468 848 1502 :
883 1448 1167 1505 Faciamus
1197 1450 1459 1506 hominem
1487 1450 1557 1504 ad
1602 1451 1886 1522 imaginem
1990 1447 2217 1505 busdam
2243 1467 2256 1503 :
2290 1450 2549 1506 Dixerunt
2570 1454 2710 1508 intra
2733 1471 2788 1509 se
2817 1457 3105 1527 cogitantes
3131 1475 3236 1513 non
3259 1470 3395 1515 recte
3425 1461 3583 1534 (Sap.

285 1548 336 1595 et
367 1538 758 1595 similitudinem
786 1549 1018 1596 nostram
1049 1539 1281 1612 (Cenes.
1313 1557 1350 1607 ι,
1376 1539 1445 1593 26
1464 1541 1504 1611 ).
1540 1539 1599 1595 In
1625 1556 1734 1611 quo
1763 1556 1883 1597 δεικ-
1992 1555 2050 1606 ιι,
2076 1538 2153 1612 1).
2184 1539 2526 1625 planifestum
2558 1553 2641 1601 est
2680 1561 2812 1616 ergo
2847 1547 2952 1603 hoc
2976 1562 3096 1603 esse
3136 1550 3405 1618 cogitare,
3440 1553 3584 1623 quod

287 1646 453 1687 mone
491 1632 722 1688 multum
778 1631 998 1689 dolendi
1047 1640 1176 1689 sunt
1217 1632 1457 1689 haeretici
1510 1631 1694 1687 Ariani
1720 1671 1735 1695 ,
1790 1631 1888 1702 qui
1991 1638 2076 1686 est
2123 1631 2262 1686 intra
2292 1648 2352 1688 se
2393 1633 2593 1691 dicere.
2634 1637 2709 1692 lbi
2759 1651 2889 1707 ergo
2938 1638 3274 1696 invisibiliter
3293 1642 3584 1711 cogitatur.

286 1725 600 1798 Scripturas
623 1735 840 1783 sanctas
879 1727 1095 1797 legunt,
1127 1742 1230 1783 nec
1255 1727 1590 1796 intelligunt;
1623 1735 1679 1783 et
1704 1727 1886 1783 cordis
1991 1721 2121 1779 Sine
2140 1725 2368 1794 strepitu
2415 1742 2546 1797 ergo
2569 1730 2716 1785 vocis
2739 1746 3018 1801 corporeis
3048 1732 3414 1803 unusquisque
3438 1735 3585 1805 quod

287 1818 533 1876 caecitate
560 1819 791 1887 confusi,
809 1821 1072 1875 unitatem
1104 1819 1404 1875 naturalem
1426 1820 1478 1874 in
1499 1829 1687 1876 sancta
1716 1820 1889 1875 Trini-
1992 1813 2390 1883 cogitat‘dicit,
2436 1819 2582 1888 quod
2611 1827 2793 1877 tamen
2822 1822 2892 1878 ad
2930 1823 3154 1879 alterius
3182 1823 3424 1881 auditum
3475 1841 3585 1883 non

288 1907 404 1964 tate
432 1893 539 1965 non
566 1917 886 1980 agnoscunt,
918 1910 971 1965 in
997 1924 1103 1980 qua
1133 1924 1394 1980 personas
1420 1907 1617 1977 Patris,
1650 1918 1707 1965 et
1733 1908 1878 1972 Filii.
1916 1919 1964 1981 Β
1990 1908 2093 1965 nisi
2122 1924 2385 1980 corporea
2413 1913 2689 1972 locutione
2717 1917 2981 1988 perducit.
3134 1908 3167 1939 ’

287 2008 348 2057 et
375 2001 610 2074 Spiritus
630 2005 823 2072 sancti,
857 2004 1243 2076 praedicatione
1271 2004 1606 2061 discernunt.
1623 2002 1760 2060 Cum
1789 2003 1892 2059 uti-
2576 2027 2810 2085 CApUT
2849 2030 2990 2087 xv],

288 2111 398 2168 que
446 2096 499 2151 in
540 2111 608 2153 eo
657 2096 991 2165 testimonio,
1025 2097 1170 2168 quod
1224 2113 1387 2170 supra
1435 2098 1734 2169 posuimus,
1769 2097 1890 2169 ipsa
1956 2133 1971 2147 ο

288 2189 545 2256 Trinitas,
572 2203 693 2260 quae
717 2199 800 2246 est
828 2189 968 2246 Deus
996 2206 1155 2258 unus,
1186 2206 1366 2258 verus,
1391 2197 1447 2247 et
1472 2190 1666 2254 bonus,
1691 2197 1748 2246 et
1768 2189 1889 2246 uni-

287 2289 462 2342 tatem
484 2296 594 2338 sua:
620 2278 915 2338 divinitatis
944 2281 1216 2350 ostendat,
1248 2290 1304 2338 et
1330 2283 1492 2338 trium
1524 2279 1888 2353 personarum

285 2374 570 2431 evidenter
592 2374 929 2431 demonstret
949 2375 1225 2432 indicium.
1245 2375 1391 2431 Dixit
1411 2375 1579 2442 enim,
1602 2359 1887 2430 Faciamus

287 2466 551 2523 hominem
579 2466 650 2521 ad
676 2466 955 2539 imaginem
1002 2476 1053 2522 et
1092 2467 1486 2522 similitudinem
1516 2476 1771 2535 nostram,
1815 2480 1889 2522 ne

288 2559 346 2615 in
378 2559 550 2616 tribus
577 2559 828 2630 personis
856 2560 1035 2614 unitas
1065 2558 1384 2615 substantite
1419 2567 1742 2629 negaretur;
1783 2573 1888 2614 nec

273 2650 429 2707 dixit
446 2668 459 2703 :
480 2648 697 2705 Faciam
718 2649 993 2706 hominem
1009 2647 1081 2705 ad
1098 2649 1391 2719 imaginem
1405 2656 1461 2705 et
1476 2647 1888 2703 similitudinem

288 2757 491 2810 meam,
527 2755 596 2798 ne
623 2740 678 2796 in
708 2741 802 2796 illa
829 2740 1009 2796 divina
1036 2747 1230 2796 natura
1259 2756 1367 2796 una
1396 2748 1605 2796 tantum
1633 2739 1889 2796 credere-

289 2843 382 2890 tur
409 2847 530 2889 esse
558 2846 824 2904 persona;
870 2832 967 2888 sed
994 2831 1251 2902 singulari
1275 2831 1433 2903 353
1462 2844 1688 2886 numero
1701 2829 1890 2900 plura-

290 2929 399 2984 lem
429 2925 718 2982 salubriter
745 2925 982 2992 miscuit,
1014 2934 1069 2981 et
1097 2941 1221 2982 cum
1257 2925 1429 2980 Demn
1458 2923 1747 2987 dicentem,
1774 2921 1887 2977 Fa-

292 3037 492 3076 ciamus
531 3021 792 3074 hominem
817 3019 886 3073 ad
933 3021 1214 3091 imaginem
1241 3028 1292 3073 et
1333 3017 1729 3072 similitudinem
1764 3032 1891 3071 nos-

294 3120 433 3165 tram
454 3110 702 3179 legimus,
732 3109 837 3166 hoc
864 3110 1009 3180 quod
1031 3109 1374 3179 singulariter
1395 3108 1624 3165 dicimus
1642 3122 1763 3165 esse
1789 3124 1890 3163 na-

294 3210 447 3265 turae.
481 3201 764 3272 pluraliter
794 3188 853 3256 in
874 3200 1124 3272 personis
1152 3198 1603 3256 esse-deﬁnimus.
1639 3196 1764 3254 Hace
1787 3199 1891 3254 ita-

295 3310 402 3366 que
430 3295 625 3365 imago,
652 3295 703 3350 id
732 3303 816 3351 est
836 3294 1062 3351 interior
1089 3295 1272 3361 homo,
1303 3294 1404 3349 tria
1433 3292 1679 3364 qutedam
1702 3308 1889 3349 secum
1918 3300 1966 3366 C

295 3387 501 3443 habere
527 3385 847 3441 naturaliter
888 3385 1180 3453 invenitur,
1210 3383 1550 3449 memoriam,
1584 3383 1893 3453 intelligen-

295 3477 450 3543 tiam,
482 3485 538 3533 et
582 3476 937 3532 voluntatem.
963 3470 1226 3532 Memoria
1271 3475 1434 3545 igitur
1453 3483 1538 3531 est
1574 3475 1655 3530 vis
1695 3474 1893 3531 animte

296 3582 404 3638 qua
458 3568 874 3625 reminiscimur.
905 3567 1268 3637 intelligentia
1307 3576 1409 3633 est,
1470 3582 1577 3639 qua
1626 3567 1716 3623 illa
1771 3580 1894 3638 qua:

296 3660 560 3717 memoria
587 3660 936 3731 concepimus
956 3659 1288 3730 cogitatione
1307 3674 1606 3715 versamus.
1629 3657 1894 3715 Voluntas

296 3762 418 3823 est,
475 3768 584 3825 qua
637 3754 725 3810 vel
788 3753 1095 3825 appetimus
1150 3752 1379 3822 aliquid,
1442 3751 1526 3808 vel
1578 3751 1812 3807 vitamus
1875 3769 1889 3804 :

297 3846 403 3902 hoc
430 3854 532 3915 est,
546 3861 651 3917 qua
677 3846 981 3903 invenimur
996 3845 1082 3902 vel
1100 3844 1323 3916 diligere
1346 3845 1670 3915 aliquid,vel
1690 3844 1890 3901 odisse.

298 3934 428 3993 Haec
456 3937 640 4008 itaque
683 3937 805 4002 tria,
837 3938 966 3994 licet
991 3937 1244 4008 proprias
1270 3951 1534 4008 personas
1574 3936 1630 3991 in
1674 3936 1898 3993 homine

298 4044 411 4086 non
432 4028 689 4097 habeant,
721 4030 1050 4087 discretione
1078 4036 1261 4085 tamen
1304 4029 1373 4085 ab
1402 4029 1631 4084 invicem
1662 4028 1894 4096 distant;

298 4128 357 4177 et
375 4119 458 4178 sic
483 4119 538 4176 in
561 4120 733 4178 tribus
752 4121 868 4177 istis
895 4130 979 4177 est
1006 4120 1165 4177 unius
1184 4118 1422 4176 hominis
1450 4135 1557 4175 una
1585 4134 1818 4190 persona
1841 4126 1900 4175 et

298 4212 550 4269 humanm
577 4213 775 4270 mentis
802 4229 909 4270 una
936 4212 1255 4280 substantia,
1281 4219 1341 4267 ut
1369 4219 1552 4267 tamen
1582 4212 1635 4266 in
1659 4211 1776 4282 ipsa
1800 4226 1898 4267 na-

299 4314 423 4362 tura
455 4307 736 4364 rationalis
758 4307 970 4375 animae,
998 4307 1054 4363 in
1081 4320 1189 4378 qua
1228 4304 1327 4363 Dei
1355 4314 1572 4363 constat
1599 4320 1719 4362 esse
1758 4305 1899 4361 ima-

300 4398 504 4469 ginem,
535 4398 694 4454 aliam
726 4399 1062 4469 inveniamus
1102 4397 1454 4465 memoriam,
1485 4397 1649 4455 aliam
1697 4396 1899 4453 intelli-

300 4488 567 4559 gentiam,
590 4498 647 4546 et
673 4488 834 4545 aliam
857 4489 1207 4546 nihilominus
1225 4489 1582 4546 voluntatem.
1612 4489 1747 4545 Nam
1770 4489 1901 4547 licet

302 4578 437 4654 nihil
464 4582 723 4650 cogitare,
750 4583 836 4638 vel
858 4581 1100 4650 diligere,
1123 4580 1209 4638 vel
1237 4581 1417 4638 odisse
1444 4583 1734 4653 possimus,
1754 4580 1899 4652 quod

308 4674 362 4730 in
391 4674 653 4730 memoria
675 4691 783 4731 non
813 4674 1136 4741 habeamus,
1167 4674 1294 4743 quia
1321 4674 1467 4746 quod
1496 4674 1696 4732 oblivio
1717 4674 1899 4731 abstu-

302 4763 433 4824 lerit
457 4766 525 4823 de
555 4767 739 4835 corde,
771 4781 881 4823 non
925 4767 999 4822 ibi
1028 4774 1210 4838 potest
1250 4766 1508 4836 cogitatio
1529 4774 1625 4822 aut
1652 4768 1904 4825 voluntas

300 4858 649 4930 aliquatenus
676 4859 950 4926 invenire;
976 4866 1156 4914 tamen
1186 4856 1253 4912 ad
1282 4856 1681 4926 agnoscendam
1706 4858 1906 4915 discre-

302 4951 514 5008 tionem
543 4951 837 5017 memoriae,
861 4949 1229 5021 cogitationis,
1256 4957 1314 5005 et
1332 4949 1646 5015 voluntatis,
1672 4950 1906 5021 plerum-

304 5058 416 5116 que
463 5044 858 5102 reminiscimur
909 5019 1056 5115 qiuod
1103 5058 1205 5100 nec
1230 5057 1511 5100 versamus
1549 5019 1902 5112 cogitatione,
2165 5088 2171 5096 .
2585 5020 2815 5077 CAPUT
2845 5019 3004 5078 XV“-

306 5152 412 5192 nec
435 5137 740 5208 appetimus
766 5137 1071 5204 voluntate;
1092 5136 1221 5192 item
1244 5135 1546 5207 cogitamus
1583 5135 1763 5206 aliqua
1784 5151 1903 5207 qua:
2087 5135 2157 5190 Ut
2202 5133 2342 5205 ergo'
2370 5133 2441 5189 ad
2481 5133 2610 5190 illud
2639 5133 2785 5203 quod
2838 5134 3065 5203 agebam
3091 5134 3333 5201 redeam,
3393 5133 3446 5188 in
3488 5134 3602 5205 ipsa

305 5243 420 5285 non
443 5227 728 5298 diligimus.
753 5228 1023 5299 Cogitatio
1039 5230 1222 5300 itaque
1245 5236 1451 5296 nostra,
1473 5241 1593 5298 qua:
1612 5227 1669 5282 in
1696 5243 1905 5285 memo—
1955 5304 1963 5310 Α
2009 5229 2243 5300 imagine
2266 5227 2383 5294 Dei,
2408 5226 2515 5283 hoc
2540 5235 2623 5282 est
2647 5227 2704 5282 in
2726 5227 2842 5298 ipsa
2863 5235 3045 5283 mente
3064 5226 3317 5293 hominis,
3343 5226 3605 5296 cogitatio

304 5322 391 5377 ria
416 5323 656 5379 nascitur
684 5332 740 5379 et
768 5324 1054 5391 formatur,
1081 5323 1241 5392 digne
1267 5321 1495 5378 verbum
1520 5321 1747 5378 interius
1772 5322 1907 5379 dici—
2011 5334 2132 5393 quae
2160 5334 2229 5375 ex
2258 5319 2519 5375 memoria
2566 5318 2806 5375 nascitur
2836 5326 3002 5389 atque
3048 5318 3341 5384 formatur,
3374 5327 3429 5376 et
3454 5330 3606 5379 recte

308 5423 418 5470 tur.
463 5412 601 5482 Quid
627 5416 772 5471 enim
818 5424 902 5473 est
946 5415 1225 5485 cogitatio,
1277 5414 1382 5470 nisi
1411 5414 1625 5471 interna
1662 5415 1907 5472 locutio?
2012 5412 2239 5469 verbum
2265 5410 2481 5477 dicitur,
2511 5409 2682 5467 solam
2715 5424 3036 5481 corpoream
3064 5423 3252 5465 vocem
3294 5411 3511 5482 accipit,
3546 5422 3609 5469 ut

308 5506 543 5578 Propter
581 5508 728 5579 quod
755 5510 1015 5579 scriptum
1057 5516 1139 5564 est
1168 5527 1181 5562 :
1217 5505 1346 5573 Quae
1372 5508 1545 5563 dicitis
1574 5508 1629 5563 in
1666 5506 1907 5563 cordibus
2014 5505 2186 5564 audiri
2207 5506 2486 5578 corporeis
2507 5505 2727 5560 auribus
2752 5504 2941 5575 possit.
2974 5502 3067 5560 Sic
3096 5517 3229 5574 ergo
3258 5506 3315 5561 in
3355 5506 3443 5562 illa
3474 5522 3604 5564 sau-

308 5599 514 5663 restris,
543 5608 592 5653 et
613 5601 666 5653 in
696 5598 946 5653 cubilibus
976 5599 1160 5652 vestris
1189 5601 1595 5671 compungimini
1628 5599 1796 5671 (Psal.
1831 5615 1905 5668 ιν,
2012 5608 2098 5655 cta
2121 5615 2186 5656 ac
2214 5599 2394 5655 divina
2417 5598 2717 5661 Trinitate,
2749 5597 2923 5653 solum
2953 5597 3131 5655 Patris
3169 5598 3426 5668 Verbum,
3458 5601 3607 5670 quod

236 5728 253 5737 -
310 5692 393 5762 5).
425 5690 556 5747 Nam
582 5699 637 5747 et
664 5692 715 5745 in
739 5690 1052 5758 Evangelio,
1083 5705 1206 5744 cum
1234 5690 1493 5745 Dominus
1524 5690 1679 5747 Jesus
1704 5690 1780 5745 illi
1811 5705 1907 5760 pa-
2012 5699 2097 5746 est
2142 5690 2432 5762 Speculum
2469 5691 2588 5746 sine
2617 5689 2853 5757 macula,
2896 5698 2952 5747 et
2987 5690 3170 5761 imago
3208 5693 3466 5749 bonitatis
3509 5692 3604 5749 Dei

308 5784 543 5856 ralytico
569 5798 730 5853 quem
761 5781 992 5848 sanavit,
1019 5780 1265 5848 dixisset,
1292 5779 1645 5835 Remittuntur
1674 5779 1763 5835 tibi
1791 5796 1910 5851 pec-
2015 5783 2170 5853 (Sap.
2202 5800 2294 5849 vn,
2327 5782 2441 5855 26),
2487 5782 2744 5854 splendor
2789 5782 2997 5840 scilicet
3017 5792 3074 5840 et
3102 5783 3267 5853 ﬁgura
3293 5785 3603 5840 substantiae

2064 2146 2199 2202 Illud
2228 2147 2413 2215 itaque
2442 2144 2669 2199 verbum
2717 2144 2865 2214 quod
2899 2160 2966 2201 ex
2989 2149 3250 2204 memoria
3273 2159 3456 2215 natum
3482 2124 3604 2216 est:

1993 2237 2292 2293 secundum
2315 2236 2487 2292 solam
2518 2242 2787 2300 naturam,
2808 2251 2913 2305 qua
2939 2235 3010 2292 de
3032 2229 3291 2296 memoria
3317 2240 3589 2299 invenitur

1991 2332 2163 2401 nasci,
2210 2346 2319 2388 non
2365 2337 2553 2401 potest
2597 2329 2666 2384 ad
2694 2344 2854 2385 aures
2879 2330 3168 2400 cujuslibet
3203 2333 3437 2390 hominis
3468 2336 3591 2393 sine

1992 2439 2257 2495 corporea
2287 2417 2422 2487 voce
2468 2421 2715 2494 perduci.
2745 2421 2980 2478 Proinde
3007 2431 3064 2478 ut
3092 2425 3324 2495 proferri
3359 2427 3425 2481 ad
3456 2428 3590 2485 alios

1991 2517 2185 2587 possit,
2208 2517 2398 2572 habitu
2427 2530 2705 2587 corporeae
2726 2515 2881 2571 vocis
2910 2514 3167 2572 induitur.
3202 2516 3300 2573 Cui
3329 2518 3495 2575 verbo
3524 2535 3593 2577 ex

1994 2627 2092 2666 ore
2120 2627 2225 2667 vox
2273 2624 2537 2681 corporea
2568 2608 2872 2680 copulatur.
2908 2607 3083 2681 Atque
3131 2610 3205 2665 ita
3256 2610 3315 2665 lit
3365 2620 3423 2667 ut
3458 2611 3591 2669 illud

1992 2705 2240 2771 verbum,
2284 2703 2429 2776 quod
2462 2709 2637 2758 totum
2668 2703 2723 2757 in
2749 2711 2931 2758 mente
2960 2702 3275 2773 spiritaliter
3301 2704 3417 2771 fuit,
3442 2714 3497 2761 et
3525 2705 3593 2761 ad

1995 2795 2135 2850 alios
2182 2810 2281 2865 per
2329 2793 2671 2864 corporalem
2720 2809 2914 2849 vocem
2960 2794 3165 2861 veniat,
3218 2802 3275 2850 et
3317 2797 3385 2850 ab
3430 2795 3592 2870 355

1995 2887 2199 2951 animo,
2231 2884 2299 2940 de
2320 2899 2428 2953 quo
2459 2890 2515 2938 et
2554 2884 2617 2939 in
2638 2898 2747 2953 quo
2794 2884 3113 2953 spiritaliter
3145 2895 3457 2956 permanet,
3486 2903 3591 2942 non

1992 2975 2236 3033 recedat.
2275 2974 2471 3031 Totum
2500 2974 2645 3030 enim
2696 2990 2922 3031 necesse
2970 2983 3053 3031 est
3101 2984 3161 3030 ut
3196 2988 3511 3047 permaneat
3538 2979 3592 3034 in

1994 3074 2201 3134 mente,
2231 3067 2395 3121 etiam
2434 3065 2650 3135 quando
2680 3073 2856 3120 totum
2900 3064 3175 3136 profertur
3203 3066 3258 3122 in
3295 3083 3451 3123 voce.
3487 3068 3594 3126 Nec

1995 3167 2175 3215 tamen
2198 3174 2488 3231 possumus
2499 3159 2682 3223 dicere
2704 3159 2850 3214 illam
2874 3160 3232 3231 prolationem
3254 3160 3422 3218 solius
3444 3162 3592 3218 verbi

1996 3270 2029 3308 a
2059 3252 2322 3309 memoria
2351 3252 2491 3307 vela
2512 3248 2793 3308 voluntate
2813 3267 2923 3307 non
2957 3252 3089 3308 ﬁeri.
3119 3250 3306 3308 Omnis
3334 3253 3477 3308 enim
3504 3254 3592 3325 qui

1999 3348 2259 3418 loquitur,
2290 3354 2347 3402 et
2375 3346 2623 3401 meminit
2643 3345 2852 3416 utique,
2877 3354 2932 3402 et
2955 3346 3159 3415 cogitat
3172 3345 3301 3418 quid
3323 3346 3594 3416 loquatur;

2000 3451 2055 3496 et
2092 3446 2384 3510 propterea
2431 3437 2690 3506 loquitur,
2729 3437 2856 3507 quia
2898 3437 3047 3493 illam
3102 3437 3432 3494 locutionem
3475 3452 3594 3495 eum

2001 3532 2263 3589 memoria
2289 3540 2349 3588 et
2384 3530 2720 3601 cogitatione
2762 3530 3018 3587 voluntas
3066 3531 3275 3602 pariter
3320 3542 3605 3603 operatur;

2000 3623 2133 3678 Nam
2168 3625 2224 3678 in
2251 3630 2460 3678 tantum
2491 3620 2750 3691 quidquid
2776 3621 2942 3676 homo
2972 3621 3221 3691 loquitur,
3259 3622 3455 3688 sciens,
3487 3637 3597 3677 non

2002 3714 2187 3783 utique
2216 3712 2457 3782 loquitur
2476 3711 2579 3766 nisi
2601 3711 2811 3777 volens,
2842 3720 2903 3765 ut
2922 3711 3183 3782 quidquid
3209 3712 3373 3768 homo
3395 3712 3601 3767 invitus

2000 3804 2184 3860 dicere
2218 3802 2589 3874 compellitur,
2635 3816 2744 3857 non
2774 3801 2939 3868 dicat,
2984 3802 3225 3872 quandiu
3251 3803 3503 3860 voluntas
3530 3802 3599 3860 ad

2002 3894 2331 3966 loquendum
2362 3893 2670 3949 nullatenus
2691 3890 2996 3949 inclinatur.
3025 3892 3154 3948 lude
3182 3900 3268 3949 est
3310 3893 3456 3963 quod
3486 3909 3597 3950 non

2001 3985 2178 4042 solum
2189 3984 2285 4050 illi,
2300 3984 2390 4055 qui
2402 3999 2548 4040 nunc
2564 3998 2746 4039 rerum
2758 3983 3155 4053 temporalium,
3168 3968 3596 4055 tribulationum,

2003 4077 2089 4132 vel
2115 4083 2509 4132 tormentorum
2540 4075 2737 4130 timore
2757 4073 2873 4129 sive
2894 4073 3084 4131 dolore
3111 4075 3431 4146 compressi,
3456 4076 3595 4133 veri-

2003 4177 2174 4225 tatem
2204 4166 2488 4224 catholicze
2511 4165 2633 4222 ﬁdei
2657 4165 3045 4237 relinquentes,
3078 4166 3146 4223 ad
3174 4166 3506 4238 impietatem
3535 4184 3598 4226 ac

2002 4261 2284 4334 perfidiam
2313 4261 2661 4328 transierunt,
2685 4260 2887 4316 nullam
2917 4261 3327 4335 excpsationem
3355 4261 3597 4319 invenire

2004 4362 2280 4428 poterunt,
2314 4362 2374 4411 ut
2400 4354 2582 4411 dicant
2608 4352 2757 4424 quod
2785 4352 2935 4409 inviti
2969 4354 3287 4425 negaverint
3322 4370 3508 4410 veram
3537 4354 3598 4411 ii-

2005 4447 2127 4504 dem
2146 4489 2161 4514 ,
2186 4464 2307 4504 cum
2328 4448 2435 4505 hoc
2454 4462 2550 4504 eos
2572 4445 2790 4518 propria
2807 4444 2998 4503 fecisse
3019 4453 3280 4518 appareat
3298 4432 3613 4506 voluntate.

2004 4538 2120 4597 Etsi
2146 4541 2289 4596 enim
2310 4540 2398 4596 vel
2416 4539 2789 4606 tribulatione,
2805 4539 2892 4594 vel
2917 4545 3187 4594 tormento
3205 4536 3273 4593 ad
3300 4537 3601 4607 negandam

1950 4666 1977 4703 ._
2007 4630 2169 4687 fidem
2193 4616 2488 4703 perductus
2516 4637 2601 4685 est
2628 4630 2858 4695 animus,
2886 4645 2993 4685 non
3022 4643 3143 4684 eam
3171 4635 3353 4684 tamen
3382 4628 3599 4698 negavit

1927 4692 1984 4756 D
2008 4692 2227 4781 invitus.
2260 4723 2333 4780 Ut
2361 4724 2505 4779 enim
2549 4722 2706 4777 fidem
2749 4692 3001 4791 negaret,
3042 4722 3193 4793 prius
3235 4692 3495 4791 cogitavit
3546 4727 3599 4778 et

2007 4816 2201 4884 voluit,
2223 4823 2281 4872 et
2306 4816 2387 4871 sic
2414 4815 2559 4869 illam
2590 4814 2938 4885 negationem
2963 4815 3228 4885 protulit:
3260 4815 3388 4885 quia
3410 4815 3516 4873 hoc
3541 4824 3600 4871 ut
3650 4834 3653 4839 ·

2009 4909 2186 4977 ﬁeret,
2209 4908 2468 4978 cogitatio
2490 4907 2649 4963 simul
2672 4923 2794 4963 cum
2817 4907 3098 4964 voluntate
3124 4907 3384 4965 decrevit.

309 5886 550 5938 ratatua
583 5875 735 5949 (an.
762 5892 817 5943 v,
847 5873 976 5944 20);
1011 5872 1186 5929 Lucas
1236 5874 1564 5943 evangelista
1608 5873 1905 5943 subiunxit,
2014 5877 2131 5947 ejus
2161 5876 2349 5947 (Hebr.
2384 5894 2422 5942 ι,
2453 5875 2540 5951 '5),
2568 5894 2684 5931 cum
2729 5878 2783 5932 in
2815 5880 2985 5950 forma
3013 5876 3112 5933 Dei
3141 5886 3294 5946 esset,
3327 5894 3430 5932 non
3460 5878 3602 5947 rapi-

308 5971 501 6034 dicens
532 5987 547 6023 :
574 5966 643 6021 Et
666 5975 924 6034 creuerunt
955 5965 1181 6039 cogitare
1221 5967 1404 6022 scriba:
1443 5980 1492 6022 et
1537 5966 1795 6024 P/un'isa’i
1823 5968 1938 6053 di-_
2015 5988 2135 6035 nam
2166 5969 2449 6029 arbitratus
2473 5980 2547 6025 est
2588 5989 2698 6029 esse
2726 5990 2781 6028 se
2809 5974 3057 6029 (canalem
3080 5972 3221 6031 Deo:
3250 5968 3340 6025 sed
3360 5969 3599 6053 semetip-

1911 6047 1938 6061 γ.

758 6063 1031 6125 Ρλτιοι..
1068 6062 1257 6127 LXV.
3044 6071 3103 6125 17
