4130 6470
320 452 427 511 525

1167 443 1443 505 comma
1482 445 1856 504 SERMONEM
1896 443 2274 504 mamma
2313 443 2516 502 uera
2554 441 2756 503 unus.
2797 396 2799 403 ἲ

3499 449 3604 507 5‘26

319 584 428 639 qua
483 539 754 637 loquimur
827 563 1137 636 magnitudo
1217 536 1513 636 permittit,
1569 567 1907 636 requirentes
1935 562 2299 631 AQuomodo
2347 561 2490 619 enim
2520 561 2771 641 divinitas
2800 561 2915 631 ejus
2955 568 3169 632 poterat
3215 565 3461 621 concludi
3511 541 3616 624 se-z

319 660 648 730 exemplum,
680 660 732 714 in
757 659 961 714 naturis
983 658 1090 713 tale
1112 659 1310 728 aliquid
1329 659 1554 716 forsitan
1582 660 1906 724 invenimus,

319 752 468 824 quod
500 753 551 807 in
579 752 822 823 personis
879 752 1120 806 invenire
1176 767 1283 806 non
1331 754 1618 821 possimus.
1669 752 1912 807 Diximus

319 847 466 900 enim
489 845 629 914 quod
651 843 1044 908 humanitatem
1067 841 1187 898 Filii
1220 843 1320 899 Dei
1347 851 1459 898 tota
1490 843 1724 898 Trinitas
1761 844 1908 906 iecit,

317 953 484 1007 quam
515 943 694 990 tamen
741 951 852 998 non
891 943 1006 989 tota
1059 933 1320 998 Trinitas,
1347 934 1442 988 sed
1489 935 1637 989 solus
1665 934 1832 990 Filius
1857 935 1912 990 in

316 1044 473 1084 suam
502 1040 788 1096 personam
820 1027 1046 1096 accepit.
1078 1026 1120 1079 A
1153 1034 1265 1081 tota
1296 1026 1496 1096 quippe
1533 1024 1826 1091 Trinitate,
1859 1028 1913 1082 id

319 1127 405 1171 est
435 1133 463 1171 a
498 1116 666 1172 Patre
703 1117 904 1186 Verbo,
935 1126 989 1172 et
1025 1116 1230 1190 Spiritu
1260 1127 1466 1183 sancto,
1497 1117 1637 1173 facta
1692 1128 1776 1173 est
1822 1119 1912 1176 illa

319 1225 479 1273 caro;
515 1209 612 1263 Sed
641 1209 816 1264 solum
851 1207 1083 1264 Verbum
1106 1207 1303 1263 factum
1334 1216 1416 1262 est
1462 1223 1610 1262 caro.
1643 1207 1928 1274 Quoniam-

322 1301 504 1370 igitur,
537 1300 677 1356 sicut
705 1300 954 1371 superius
1009 1299 1262 1368 diximus,
1295 1308 1554 1369 quantum
1611 1300 1805 1354 attinet
1843 1301 1926 1356 ad-

321 1402 644 1458 creaturam,
671 1400 780 1448 tres
803 1407 1061 1465 personas
1088 1393 1140 1447 in
1170 1408 1275 1447 una
1300 1399 1500 1456 mente,
1530 1391 1588 1446 id
1612 1399 1697 1448 est
1722 1392 1775 1446 in
1806 1408 1914 1448 una

320 1501 487 1540 carne
514 1486 755 1542 invenire
801 1502 910 1542 non
940 1502 1256 1556 possumus,
1285 1485 1421 1541 duas
1450 1486 1640 1542 saltem
1689 1495 1916 1543 naturas

285 1648 290 1652 ι
321 1578 376 1632 in
406 1594 511 1633 una
540 1593 773 1648 persona
799 1595 904 1634 non
936 1579 1246 1634 laboramus
1264 1588 1325 1634 ut
1352 1578 1596 1633 invenire
1617 1578 1910 1648 possimus.

323 1667 772 1740 Uniuscujusque'
801 1670 945 1726 enim
989 1684 1223 1740 persona
1280 1669 1512 1724 viventis
1559 1668 1791 1725 hominis
1843 1681 1922 1724 ex-

318 1761 515 1816 anima
549 1762 822 1817 ratiunal'r
849 1770 1065 1818 constat
1111 1770 1168 1816 et
1194 1776 1429 1832 corpore
1457 1779 1470 1814 :
1506 1777 1535 1816 a
1565 1776 1674 1831 quo
1729 1769 1920 1818 tamen

319 1853 488 1909 multa
515 1853 587 1908 ita
614 1852 769 1922 tlunt,
799 1861 858 1908 ut
886 1854 1131 1924 quamvis
1160 1854 1230 1908 ab
1256 1853 1437 1908 anima
1485 1860 1540 1908 et
1579 1867 1810 1924 corpore
1833 1853 1912 1908 si-

2019 656 2209 724 pulcro
2235 694 2250 717 ,
2303 669 2422 724 quae
2461 669 2560 708 nec
2591 661 2730 707 terra
2772 659 2956 722 potest
2982 653 3251 717 concludi,
3295 669 3394 709 nec
3419 658 3600 711 ωειοῖ

2018 746 2165 801 Illam
2218 762 2346 816 ergo
2395 747 2700 817 passionem
2750 745 3003 816 illamque
3049 727 3617 817 sepulturam-unitas

2021 837 2319 909 personalis
2349 853 2508 891 unam
2557 838 2610 892 in
2649 837 2863 891 Christo
2910 836 3036 891 fecit
3063 853 3183 892 esse
3233 838 3520 894 divinitatis
3549 847 3608 904 et

2017 931 2230 996 carnis;
2269 929 2364 984 sed
2391 931 2692 1000 proprietas
2723 930 3003 998 utriusque
3035 929 3086 983 in
3116 929 3334 1010 Christo
3351 931 3610 986 substan-

2021 1023 2109 1074 tia:
2153 1021 2280 1076 fecit
2308 1021 2478 1076 solam
2509 1036 2724 1075 carnem
2755 1019 2952 1075 Christi
2984 1021 3222 1090 passion-i
3247 1031 3302 1076 et
3323 1022 3482 1078 morti
3514 1039 3610 1077 na-

2020 1114 2269 1168 turaliter
2289 1113 2588 1182 subjacere,
2615 1122 2968 1184 permanente
2991 1114 3419 1184 impassibilitate
3446 1124 3617 1186 atque

2021 1205 2426 1261 immortalitate
2452 1206 2649 1261 divinzc
2683 1207 3247 1277 incommutabiliqu
3272 1200 3620 1274 substarttize.’

2019 1295 2268 1351 Christus
2300 1297 2482 1368 itaque
2505 1338 2517 1362 ,
2565 1299 2655 1368 qui
2687 1314 2794 1352 non
2820 1310 2903 1353 est
2944 1298 3179 1354 Trinitas
3203 1339 3218 1364 ,
3271 1302 3364 1357 sed
3395 1317 3502 1356 una»
3539 1319 3616 1357 cx-

2021 1386 2285 1443 Trinitatc
2334 1404 2566 1458 persona
2591 1431 2604 1456 ,
2657 1390 2734 1445 sic
2783 1391 3077 1445 secundum
3108 1393 3392 1447 veritatem
3429 1394 3616 1449 carnis

2018 1495 2147 1534 vere
2177 1481 2230 1534 in
2260 1496 2421 1536 cruce
2451 1481 2708 1552 pependit
2735 1525 2748 1550 ,
2789 1490 2842 1537 et
2874 1483 2925 1536 in
2969 1484 3217 1553 sepulcro
3257 1494 3503 1540 mortuus
3525 1485 3612 1554 ja-

2018 1571 2149 1635 cuit,
2181 1571 2444 1641 Apostolo
2477 1571 2692 1628 dicente
2719 1573 2844 1642 quia
2875 1573 3108 1630 Christus
3150 1587 3383 1631 mortuus
3410 1588 3486 1631 est
3514 1595 3608 1647 pro

1998 1663 2244 1731 peccatis
2273 1663 2486 1730 nostris,
2514 1663 2794 1718 secundum
2837 1663 3162 1735 S‘cripturas,
3203 1676 3252 1721 et
3277 1669 3400 1735 quia
3430 1669 3608 1739 sepul-

2021 1761 2104 1806 tus
2131 1762 2228 1820 est,
2256 1761 2304 1806 et
2345 1754 2470 1824 quia
2495 1754 2780 1809 resurrexit
2807 1771 2841 1808 a
2871 1757 3082 1814 mortuis
3115 1759 3266 1811 tertia
3295 1758 3397 1822 die,
3435 1775 3615 1813 secun-.

2020 1844 2144 1899 dum
2165 1845 2472 1915 Scripturas
2498 1843 2552 1918 (I
2578 1844 2695 1900 Cor.
2725 1863 2811 1912 xv,
2843 1846 2925 1911 5).
2947 1845 3078 1913 Quae.
3105 1848 3288 1910 omnia
3315 1850 3615 1912 secundum

319 1943 438 2003 mut
453 1942 617 2012 (iam,
659 1943 731 1999 ad
755 1944 928 2000 solum
976 1952 1170 1999 tam
1206 1945 1440 1999 animam
1478 1951 1571 1999 aut
1617 1945 1684 1998 ad
1734 1944 1915 2002 solum
1943 1945 1996 2007 Β
2021 1948 2268 2004 personae
2294 1933 2558 1996 unitatem
2581 1943 2728 1998 totus
2763 1935 3010 1992 Christus
3039 1938 3281 2007 pertulit,
3316 1941 3616 2002 secundum

315 2053 526 2109 corpus
546 2037 840 2108 aliquando
866 2039 1191 2109 pertineant.
1217 2037 1352 2106 Quis
1373 2039 1517 2093 enim
1573 2038 1779 2093 nesciat
1831 2053 1917 2093 so-

316 2111 662 2201 luta-corpus
687 2131 811 2186 cibo
833 2131 1038 2185 carnali
1063 2129 1216 2186 refici
1246 2139 1410 2198 atque
1436 2129 1651 2197 nutriri,
1679 2129 1733 2183 in
1757 2129 1920 2200 cujus

313 2221 654 2277 comes-tione
689 2221 998 2277 communis
1021 2221 1272 2292 operatio
1291 2229 1375 2276 est
1403 2222 1580 2276 carnis
1608 2229 1663 2275 et
1693 2221 1924 2277 animat?

314 2319 512 2374 Anima
556 2320 704 2375 enim
750 2335 852 2392 per
894 2336 1118 2390 corpus,
1155 2321 1264 2374 imo
1318 2335 1440 2375 cum
1485 2333 1714 2390 corpore
1761 2319 1911 2389 facit,

311 2410 533 2480 quando
560 2425 757 2482 corpus
785 2411 1018 2467 comedit
1042 2429 1055 2477 ;
1087 2419 1142 2467 et
1171 2419 1354 2466 tamen
1383 2410 1561 2465 solum
1601 2425 1798 2480 corpus
1822 2425 1916 2466 ac-

311 2501 466 2571 cipit,
498 2501 645 2572 quod
674 2511 732 2557 ut
761 2503 1078 2573 accipiatur,
1112 2503 1291 2557 anima
1320 2503 1478 2557 simul
1525 2518 1648 2558 cum
1680 2516 1919 2572 corpore

311 2593 462 2649 facit.
488 2593 546 2648 In
577 2595 668 2650 illa
696 2595 880 2663 itaque
907 2596 1242 2650 comestione
1261 2637 1276 2662 ,
1309 2609 1416 2649 una
1443 2603 1525 2648 est
1572 2595 1766 2648 animae
1793 2609 1914 2650 car-

310 2687 510 2755 nisque
538 2687 806 2756 operatio,
832 2687 926 2742 sed
979 2687 1152 2742 solius
1179 2694 1265 2743 est
1310 2687 1488 2742 carnis
1532 2687 1800 2757 acceptio.
1852 2685 1914 2744 lu

311 2785 527 2832 tantum
556 2779 756 2856 quippe
784 2777 900 2834 sola
929 2794 1059 2834 caro
1095 2777 1216 2835 cibo
1261 2778 1532 2848 corporali
1558 2778 1827 2847 pascitur,
1852 2784 1914 2834 ut

310 2870 450 2934 sola,
477 2868 521 2926 si
545 2855 670 2924 cum
701 2871 994 2941 acceperit,
1024 2870 1358 2942 pinguescat.
1383 2870 1588 2924 Anima:
1608 2855 1789 2926 autem
1819 2885 1911 2925 re-

315 2962 481 3016 fectio
512 2969 678 3031 atque
704 2961 997 3032 pinguedo,
1023 2979 1129 3019 non
1151 2963 1205 3018 in
1230 2977 1372 3033 pane
1417 2963 1708 3033 corporali,
1735 2963 1830 3020 sed
1856 2964 1912 3019 in

313 3068 458 3123 pane
471 3052 701 3122 spiritali
724 3053 885 3126 357
912 3054 1180 3110 consistit.
1217 3052 1342 3108 Non
1373 3055 1521 3109 enim
1549 3055 1603 3107 in
1636 3071 1774 3126 pane
1798 3057 1910 3110 solo

312 3145 436 3198 uiuit
464 3146 648 3211 homo,
693 3145 786 3200 sed
812 3131 876 3200 in
905 3147 1048 3202 omni
1092 3145 1243 3200 verbo
1290 3146 1425 3218 quod
1453 3145 1683 3216 procedit
1729 3149 1792 3200 de
1820 3165 1913 3202 ore

313 3235 414 3288 Dei
441 3234 655 3306 (Matth.
686 3253 757 3302 ιν,
789 3236 867 3306 4).
894 3235 951 3291 In
973 3235 1127 3306 cuius
1157 3243 1337 3292 tamen
1359 3236 1514 3291 verbi
1533 3237 1906 3307 perceptione,

2021 2023 2324 2080 naturalem
2353 2025 2774 2094 proprietatem,
2822 2027 2888 2083 ad
2919 2028 3093 2086 solam
3134 2032 3313 2088 carnis
3340 2033 3615 2102 pertinent

2018 2117 2325 2173 veritatem.
2355 2116 2436 2172 Ita
2455 2118 2754 2174 secundum
2782 2120 2954 2178 solam
2983 2122 3216 2176 animam
3245 2124 3312 2179 ad
3343 2125 3614 2183 infernum

1985 2207 1987 2209 ’
2018 2208 2318 2268 descendit.
2353 2207 2475 2266 Uno
2508 2211 2714 2282 quippe
2750 2212 3052 2283 eodemque
3081 2223 3327 2285 tempore
3349 2218 3493 2286 quod
3529 2219 3614 2274 in...

2018 2301 2232 2356 venitur
2295 2301 2438 2358 inter
2490 2310 2724 2358 mortem
2778 2301 2976 2358 Christi
3043 2307 3612 2380 resurrectionemquq

2019 2393 2242 2458 distare,
2266 2408 2408 2448 unus
2435 2393 2690 2464 idemque
2715 2394 2980 2460 Christus,
3010 2405 3065 2451 et
3089 2401 3386 2452 secundum
3413 2401 3615 2457 verita-

2019 2495 2130 2542 tem
2153 2485 2333 2544 carnis
2361 2500 2490 2541 vere
2521 2485 2574 2540 in
2604 2487 2856 2556 sepulcro
2877 2487 3070 2556 jacuit,
3101 2497 3158 2545 et
3201 2491 3498 2546 secundum
3524 2506 3616 2548 ve-

2018 2576 2233 2633 ritatem
2258 2577 2453 2633 atumat
2479 2578 2762 2635 rationalis
2777 2619 2796 2644 ,
2838 2595 2968 2638 vere
3003 2581 3058 2636 in
3087 2580 3355 2638 infernum
3382 2583 3614 2641 descen-

2016 2670 2116 2726 dit.
2143 2671 2222 2726 Ac
2241 2685 2341 2740 per
2363 2671 2474 2728 hoc
2495 2671 2792 2729 secundum
2819 2673 3103 2729 veritatem
3117 2675 3368 2736 humanm
3382 2684 3614 2748 naturai,

2015 2777 2086 2820 ex
2127 2777 2238 2831 quo
2265 2761 2506 2819 Christus
2544 2763 2600 2818 in
2629 2779 2790 2821 cruce
2816 2780 3110 2836 suspensus
3137 2768 3398 2846 inclinato
3426 2772 3611 2841 capite

2016 2853 2199 2910 emisit
2236 2853 2490 2924 spiritum
2510 2893 2526 2919 ,
2568 2855 2920 2924 quoadusque
2946 2865 3171 2926 recepto
3197 2858 3392 2930 spiritu
3425 2874 3614 2918 resur-

2017 2944 2163 3000 rexit
2190 2959 2221 2998 a
2250 2944 2510 3013 mortuis,
2539 2961 2651 3002 non
2676 2945 2768 3002 ubi
2797 2946 2899 3004 fuit
2925 2948 3224 3006 secundum
3254 2965 3495 3019 carem,
3537 2955 3616 3012 ibi

2016 3034 2118 3092 fuit
2143 3035 2443 3094 secundum
2470 3037 2727 3093 animam.
2759 3037 3066 3095 Secundum
3085 3055 3304 3097 carnem
3332 3043 3535 3115 quippe
3554 3045 3614 3101 in

2016 3133 2268 3204 sepulcro
2291 3141 2540 3189 mortuus
2561 3133 2759 3203 jacuit;
2793 3136 3094 3192 secundum
3107 3138 3347 3194 nimam
3374 3155 3504 3197 vero
3523 3155 3613 3197 ra-

2016 3224 2276 3282 tionalem
2301 3224 2374 3281 ad
2397 3225 2563 3296 358
2589 3225 2858 3282 infernum
2882 3227 3191 3296 descendit;
3215 3231 3509 3288 secundum
3536 3233 3614 3289 di-

313 3335 378 3381 ut
395 3327 516 3382 cibo
562 3344 663 3383 suo
693 3329 868 3382 anima
899 3336 1172 3398 pascatur,
1197 3343 1324 3384 caro
1349 3327 1425 3382 illi
1455 3329 1511 3382 in
1538 3343 1706 3398 opere
1731 3330 1910 3386 socia-

2014 3317 2300 3374 vinitatem
2317 3333 2470 3385 vero,
2491 3333 2597 3388 qua
2623 3333 2746 3374 cum
2771 3317 2934 3376 Patre
2951 3329 3007 3376 et
3035 3320 3242 3392 Spiritu
3259 3332 3450 3381 sancto
3471 3339 3614 3382 unus

314 3427 422 3473 tur.
449 3417 566 3475 lioe
592 3420 737 3475 enim
786 3420 980 3491 agitur,
1007 3420 1226 3491 quando
1254 3429 1347 3475 aut
1393 3436 1552 3476 aures
1594 3423 1910 3493 corporales

312 3511 568 3568 admovet
593 3513 776 3569 anima
798 3513 998 3578 verbis,
1024 3521 1084 3568 ut
1111 3514 1323 3578 audiat,
1357 3522 1450 3569 aut
1479 3505 1666 3570 oculos
1720 3531 1912 3586 corpo-

311 3603 458 3658 rales
483 3603 741 3659 admovet
768 3603 1069 3674 scripturis,
1102 3612 1162 3658 ut
1182 3605 1346 3673 legat.
1372 3603 1517 3661 Ecce
1542 3613 1594 3661 et
1618 3607 1671 3661 in
1701 3607 1810 3662 hoe
1833 3609 1908 3662 si-

312 3692 423 3746 mul
446 3701 531 3747 est
558 3693 742 3749 carnis-
765 3701 822 3748 et
842 3694 1036 3748 anima:
1061 3693 1330 3764 operatio,
1357 3694 1446 3749 ubi
1467 3703 1553 3749 est
1598 3698 1790 3751 animae
1817 3711 1908 3752 soo

313 3781 418 3838 lius
435 3783 702 3853 acceptio.
730 3782 834 3839 ista
864 3783 919 3838 in
949 3781 1214 3838 creaturis
1239 3781 1458 3836 videant
1483 3782 1688 3849 Ariani,
1713 3792 1768 3838 et
1797 3799 1908 3839 non

311 3874 558 3932 dubitent
585 3884 789 3932 sanctte
820 3874 1104 3931 Trinitatis
1122 3889 1287 3929 unam
1317 3887 1436 3928 esse
1467 3871 1705 3928 divinam
1757 3881 1908 3929 natu-

311 3984 448 4034 ram,
482 3978 538 4025 et
559 3967 674 4026 ﬁeri
697 3970 962 4040 potuisse,
994 3969 1105 4024 imo
1132 3967 1331 4024 tactum
1362 3983 1500 4031 esse,
1535 3977 1595 4023 ut
1641 3969 1729 4022 illa
1777 3985 1907 4026 caro

311 4058 478 4114 totius
506 4059 784 4116 Trinitatis
804 4075 914 4115 uno
942 4066 1107 4129 atque
1133 4048 1480 4129 inséparabili
1531 4074 1699 4130 opere
1726 4057 1902 4123 ﬁeret;

313 4151 365 4206 in
387 4163 727 4209 sacramento
754 4169 886 4210 vero
907 4153 1292 4210 incarnationis
1323 4153 1388 4209 ad
1409 4154 1584 4211 solam
1615 4169 1902 4224 personam

311 4242 406 4299 Dei
437 4242 706 4314 Unigeniti
730 4245 1046 4316 pertineret.

909 4406 1138 4465 CAPUT
1168 4407 1286 4464 XX.

383 4523 500 4578 Non
517 4537 646 4593 ergo
670 4529 783 4579 tota
813 4521 1050 4578 Trinitas
1078 4538 1296 4579 carnem
1319 4525 1626 4594 assumpsit,
1658 4539 1760 4580 nec
1788 4533 1906 4581 tota

311 4614 548 4670 Trinitas
575 4615 887 4686 passionum
914 4613 1137 4683 injurias
1167 4615 1356 4679 sensit,
1386 4628 1561 4684 neque
1590 4623 1700 4670 tota
1733 4607 1902 4670 Trini-

2014 3418 2096 3465 est
2127 3411 2288 3475 Deus,
2333 3418 2838 3466 totam‘creaturam
2887 3412 3117 3482 replevit
3148 3415 3461 3472 immensus.
3507 3414 3609 3472 Se-

2012 3503 2248 3558 cundum
2277 3517 2500 3558 carnem
2535 3516 2670 3571 ergo.
2709 3504 2788 3559 sic
2818 3502 3004 3559 fuitin
3049 3506 3168 3562 solo
3215 3509 3466 3579 sepulcro
3490 3552 3504 3577 ,
3549 3517 3611 3565 ut

2012 3591 2314 3648 secundum
2335 3593 2570 3650 animm
2600 3593 2660 3646 in
2684 3594 2808 3649 solo.
2833 3593 3020 3650 fuisset
3049 3595 3260 3652 inferno
3275 3614 3294 3663 ;-
3312 3598 3610 3656 secundum

2011 3684 2354 3739 divinitatem
2396 3698 2555 3748 vero,
2608 3699 2713 3753 qua
2760 3686 2908 3741 nullo
2938 3687 3060 3742 loco
3088 3689 3466 3756 concluditur,
3509 3692 3621 3749 sed-

2011 3775 2210 3842 ubique
2253 3775 2344 3846 (at.
2401 3775 2710 3844 utrobique)
2746 3784 2890 3832 totus
2940 3777 3286 3835 ineliabiliter
3313 3781 3604 3850 invenitur,

2013 3865 2085 3918 ita
2114 3879 2338 3920 carnem
2364 3880 2534 3929 suam.
2573 3881 2681 3920 non
2723 3865 3011 3936 dereliquit
3039 3869 3092 3923 in
3120 3871 3388 3939 sepulcro,
3424 3889 3604 3943 neque

2010 3955 2252 4008 animam
2287 3969 2444 4010 suam
2479 3956 2720 4011 deseruit
2758 3957 2812 4010 in
2861 3957 3092 4024 inferno,
3141 3962 3282 4016 sicut
3311 3979 3411 4018 nec
3442 3973 3603 4021 terrae

2010 4054 2188 4116 potest
2218 4046 2510 4114 aliquando
2529 4045 2741 4113 deesse,
2776 4040 2877 4104 nec
2898 4049 3058 4104 caelo.
3089 4049 3234 4106 idem
3259 4067 3476 4123 quoque
3506 4055 3604 4112 Dei

2009 4137 2178 4192 Filius
2201 4138 2294 4209 qui
2336 4138 2634 4194 secundum
2675 4155 2896 4195 carnem
2944 4141 3000 4196 in
3029 4144 3278 4214 sepulcro
3298 4144 3498 4215 jacuit,
3545 4157 3603 4205 et

2007 4228 2304 4284 secundum
2357 4230 2528 4284 solam
2573 4232 2810 4286 animam
2860 4233 2914 4286 in
2966 4232 3234 4290 infernum
3281 4237 3559 4295 descendit
3581 4282 3597 4308 ,

2008 4321 2262 4390 quoniam
2294 4321 2409 4390 ipse
2433 4321 2646 4377 dixerat
2668 4322 2736 4378 de
2775 4323 2958 4380 anima
2983 4340 3084 4380 sua
3113 4344 3126 4380 :
3154 4326 3472 4384 Potestatem
3499 4331 3599 4385 Ita-

2009 4415 2098 4468 beo
2123 4415 2351 4484 ponendi
2385 4431 2520 4478 eam,
2555 4426 2604 4469 et
2625 4425 2929 4487 potestatem
2960 4418 3123 4474 habeo
3151 4419 3336 4476 iterant
3360 4425 3600 4480 sumendi

2007 4521 2122 4558 eam
2149 4503 2330 4574 (Jama.
2364 4521 2416 4566 κ,
2449 4504 2539 4574 18)
2562 4545 2576 4570 ,
2606 4514 2960 4578 posteaquam
2986 4510 3166 4579 posuit
3188 4512 3419 4567 animam
3443 4522 3497 4569 et
3519 4530 3602 4571 re-

2006 4597 2252 4666 sumpsit,
2286 4597 2581 4652 secund-um
2612 4607 2779 4653 totam
2804 4601 3192 4660 humanitatem
3218 4621 3372 4661 suam
3404 4608 3454 4661 in
3486 4624 3599 4664 ςως

311 4714 394 4760 ωε
423 4703 582 4759 ιρι-ιίο
609 4703 697 4759 die
723 4717 753 4758 θ
782 4703 1009 4760 monui;
1028 4703 1343 4769 ream-rem,
1371 4719 1546 4773 neque
1576 4713 1688 4760 ιοια
1719 4704 1900 4761 Τι-ίηί-
1929 4703 1984 4768 ι)
2008 4688 2116 4743 lum
2161 4688 2423 4753 ascendit,
2477 4697 2532 4743 et
2573 4689 2624 4743 in
2655 4690 2876 4748 dextera
2928 4693 3072 4750 sedis
3111 4695 3207 4751 Dei
3236 4697 3416 4764 sedet,
3455 4699 3598 4756 sicut

309 4805 395 4853 tas
432 4794 843 4865 quadragesimo
871 4795 958 4851 die
987 4795 1042 4850 in
1072 4796 1266 4851 cmlum
1295 4797 1569 4858 ascendit;
1605 4799 1716 4860 sed,
1761 4801 1902 4856 sicut

309 4887 561 4957 snperius
615 4887 867 4956 ostendi,
931 4903 1071 4943 unus
1117 4887 1265 4942 solus
1317 4886 1484 4942 Filius
1539 4905 1757 4944 carnem
1814 4907 1902 4947 as-

309 4978 538 5048 sumpsit
571 4995 584 5031 :
619 4977 673 5033 in
712 4994 821 5049 quo
863 4977 989 5047 quia
1020 4993 1125 5032 una
1149 4978 1430 5047 utriusque
1474 4987 1677 5032 naturzc
1718 4989 1904 5036 manet

309 5070 592 5128 mconl‘usa
621 5072 945 5142 proprietas,
976 5070 1098 5127 ideo
1134 5078 1270 5126 unus
1311 5071 1558 5139 idemque
1590 5081 1690 5135 est,
1725 5074 1816 5142 qui
1845 5082 1910 5136 et,

309 5163 607 5228 secundum
655 5179 838 5219 veram
879 5163 1215 5219 divinitatem
1273 5163 1616 5233 impassibilis
1674 5166 1899 5220 omnino

311 5256 628 5326 permansit.
663 5255 989 5312 Naturaliter
1030 5257 1175 5312 enim
1203 5257 1458 5311 divinitas
1491 5256 1578 5310 illa
1609 5256 1737 5310 nihil
1761 5258 1900 5328 pati-

311 5354 419 5408 tur,
450 5345 938 5401 sicut-naturaliter
980 5361 1088 5401 non
1118 5352 1378 5400 mutatur.
1416 5344 1684 5400 Mutabi-lis
1717 5356 1898 5403 autem

311 5444 520 5492 naturas
545 5446 630 5493 est
658 5438 940 5508 subiacere
969 5438 1326 5508 passionibus.
1361 5437 1516 5493 Nulla
1549 5452 1677 5507 ergo
1706 5439 1780 5492 illi
1803 5456 1899 5495 na-

311 5534 450 5582 tum
497 5528 682 5598 passio
721 5527 968 5584 accidere
993 5527 1204 5600 potuit,
1258 5528 1343 5582 cui
1372 5528 1599 5583 mutatio
1641 5528 1900 5583 naturalis

313 5619 508 5675 inesse
535 5619 811 5690 nequivit.
829 5619 992 5676 Solus
1019 5619 1182 5674 etiam
1232 5617 1594 5687 Filius-jacuit
1624 5619 1676 5672 in
1719 5620 1903 5689 sepul-

310 5729 430 5778 cro,
479 5713 574 5769 sed
608 5713 696 5768 illa
750 5710 1139 5781 ﬁnigeniti‘bei
1185 5719 1376 5765 natura
1425 5710 1602 5780 potuit
1642 5711 1896 5780 sepeliri,

313 5819 434 5874 quas
488 5805 661 5876 potuit
709 5803 868 5862 mori.
917 5801 1218 5858 Secundum
1261 5809 1507 5855 naturam
1553 5801 1733 5869 itaque
1775 5817 1900 5856 car-

312 5898 404 5953 nis
457 5897 598 5952 Deus
651 5895 969 5965 Unigenittts
1038 5894 1210 5963 jaeuit
1263 5893 1504 5962 sepultus
1578 5894 1628 5946 iu
1684 5893 1898 5962 lapide,

313 5990 609 6048 modum
654 6005 814 6060 quam
863 5989 1029 6045 clavis
1072 5987 1262 6045 afﬁxus
1311 5986 1561 6057 pependit
1615 5986 1670 6040 in
1711 6001 1894 6042 cruce.

2007 4782 2215 4837 Marcus
2244 4783 2573 4850 evangelista
2596 4791 2825 4838 testatur
2845 4785 3030 4842 dicens
3063 4807 3074 4840 :
3108 4787 3363 4844 Dominus
3391 4792 3597 4862 quidem

2004 4873 2174 4939 Iesus,
2209 4883 2479 4944 postquam
2513 4872 2711 4930 locutus
2741 4885 2816 4930 est
2846 4878 2938 4941 eis,
2972 4889 3264 4951 assumptus
3295 4891 3370 4935 est
3397 4884 3450 4936 in
3491 4900 3595 4938 cat-

2005 4967 2130 5030 lum,
2163 4975 2212 5020 et
2239 4966 2380 5020 sedet
2410 4983 2441 5019 a
2467 4966 2663 5020 dextris
2689 4966 2786 5020 Dei
2828 4967 3020 5035 (Marc.
3051 4986 3160 5034 xw,
3196 4971 3306 5043 19).
3341 4971 3466 5029 "tce
3495 4990 3593 5029 au-

2009 5066 2114 5111 tem
2145 5056 2324 5117 omnia
2350 5096 2364 5121 ,
2408 5070 2528 5124 qua:
2555 5057 2747 5126 partim
2797 5059 3090 5114 secundum
3134 5061 3304 5116 solam
3337 5062 3592 5131 animam,

2005 5153 2202 5221 partim
2229 5152 2523 5207 secundum
2545 5153 2714 5208 solam
2755 5169 2994 5219 carnem,
3025 5155 3218 5224 partim
3250 5171 3380 5210 vero
3401 5169 3593 5210 secun-

2005 5242 2130 5297 dum
2160 5244 2391 5299 animam
2413 5243 2571 5298 simul
2599 5251 2910 5309 etcarnem,
2931 5243 2980 5297 in
3008 5243 3292 5311 Unigcnito
3322 5243 3434 5299 Deo
3459 5255 3596 5310 tem:

2004 5334 2264 5405 poraliter
2295 5333 2441 5390 facta
2463 5343 2606 5400 sunt,
2629 5335 2770 5391 sicut
2797 5335 2956 5403 digne
2986 5333 3291 5390 referuntur
3315 5335 3384 5390 ad
3406 5351 3588 5403 unam,

2004 5441 2126 5496 quae
2175 5426 2226 5480 in
2262 5426 2355 5481 Dei
2383 5426 2520 5482 Filio
2548 5436 2632 5483 est
2666 5424 3440 5496 divinitatis’humanitatisque
3469 5441 3594 5496 per-

2005 5534 2212 5584 sonam,
2257 5519 2336 5575 sic
2362 5518 2431 5575 ad
2459 5519 2600 5574 illius
2625 5517 2870 5576 divinam
2894 5516 3200 5572 nullatenus
3247 5526 3473 5588 possunt
3499 5533 3591 5574 τοι·

2005 5611 2132 5668 ferri
2152 5612 2526 5667 substantiam.
2552 5611 2632 5666 Ae
2650 5625 2752 5680 per
2773 5611 2884 5665 hoc
2903 5610 3034 5665 nihil
3054 5611 3246 5666 horum
3266 5619 3442 5683 potest
3467 5627 3591 5682 per-

2004 5721 2152 5762 sonte
2183 5705 2383 5772 Patris,
2417 5706 2500 5760 vel
2541 5704 2710 5761 sancti
2739 5704 2972 5775 Spiritus
3009 5705 3284 5776 deputari,
3317 5709 3452 5777 quia
3480 5723 3592 5764 non

2005 5811 2086 5853 est
2118 5815 2224 5852 una
2247 5813 2476 5868 persona
2497 5797 2688 5862 Patris,
2720 5805 2774 5852 et
2812 5796 2952 5866 Filii,
2983 5805 3039 5852 et
3062 5797 3298 5868 Spiritus
3323 5799 3513 5854 sancti.

2077 5889 2184 5943 Nec
2213 5890 2490 5958 quisquam
2541 5897 2716 5957 potest
2755 5889 3060 5958 passionem
3101 5891 3588 5960 assumptionemve

2006 5985 2182 6040 carnis
2216 5982 2362 6038 Patri
2389 5982 2502 6038 sive
2529 5991 2721 6041 sancto
2754 5983 2978 6058 Spiritui
3005 5984 3303 6051 ascribere,
3337 5983 3461 6056 quia
3491 5997 3588 6039 ne-
