4130 6452
611 419 712 476 527
1640 403 1696 459 s.
1738 385 2108 457 FULGENTII
2146 390 2456 452 EPISCOPI
2483 388 2857 448 RUSPENSIS
3754 389 3843 449 δη

605 537 688 594 fas
713 541 798 592 est
843 501 1079 589 divinam
1120 536 1364 584 naturam
1407 522 1718 580 mutabilem
1766 519 1820 573 in
1860 517 2040 586 aliquo
2098 520 2191 567 aut
2219 514 2270 572 Α
2297 507 2594 572 consortio,
2627 512 2684 561 ut
2715 517 2987 574 nunquam
3007 499 3180 572 possit
3206 512 3393 556 carere
3414 498 3698 572 supplicio;
3719 508 3844 562 clad

616 591 916 703 passibilem
944 626 1238 698 praedicare
1277 641 1289 675 :
1334 609 1628 676 secundum
1665 629 1826 684 quam
1871 610 2113 666 Christus
2140 613 2197 662 et
2295 602 2403 658 hoc
2431 615 2490 655 se
2509 598 2684 677 voluit
2710 598 2829 654 sine
2856 595 3037 666 aliquo
3065 593 3260 649 timore
3280 606 3526 663 peccare,
3558 599 3615 647 ut
3633 591 3736 648 sine
3758 592 3847 651 line

613 702 723 782 sine
749 722 905 777 initio
931 735 1146 789 semper
1165 725 1323 772 natus
1348 715 1416 769 de
1444 712 1604 766 Patre
1632 706 1946 780 permansit,
1979 702 2195 773 quando

611 817 675 874 de
698 823 872 870 matre
898 813 1108 867 initium
1139 806 1510 878 conceptionis
1539 812 1595 858 et
1626 799 1923 856 nativitatis
1950 793 2191 864 accepit;

613 918 664 966 et
691 905 1270 979 incomprehensibilis,
1300 900 1514 971 quando
1544 913 1603 953 se
1643 890 2026 964 comprehendi
2067 903 2194 960 per-

615 1001 784 1068 misit;
811 1010 868 1056 et
897 996 1260 1069 impassibilis,
1291 991 1506 1063 quando
1534 987 1800 1060 passionis
1828 983 2054 1053 injurias
2081 994 2198 1034 sen-

611 1095 710 1160 sit;
741 1101 798 1148 et
835 1089 1174 1153 immortalis,
1206 1084 1420 1155 quando
1449 1081 1611 1137 morti
1641 1076 1940 1146 subjacuit;
1974 1081 2028 1129 et
2060 1070 2198 1126 indi-

616 1186 777 1251 visus,
825 1181 1038 1252 quando
1066 1177 1360 1234 secundum
1391 1187 1608 1229 carnem
1639 1171 1693 1225 in
1731 1167 1980 1238 sepulcro
2004 1162 2194 1234 jacuit,

616 1286 670 1334 et
695 1275 987 1332 secundum
1027 1272 1260 1325 animam
1292 1270 1346 1323 in
1370 1267 1653 1322 inferiores
1695 1269 1876 1332 partes
1901 1268 2057 1313 terra:
2098 1255 2195 1309 de-

618 1368 852 1431 scendit;
877 1373 933 1420 et
962 1366 1272 1426 immensus,
1303 1358 1517 1430 quando
1540 1358 1607 1412 ad
1629 1354 1966 1411 altitudinem
1985 1351 2108 1407 coeli
2131 1349 2199 1404 de

618 1460 771 1531 hujus
793 1468 948 1513 terra:
978 1455 1277 1510 humilitate
1303 1449 1636 1507 conscendit.

1212 1563 1441 1620 CAPUT
1478 1561 1612 1616 XXI.

683 1664 846 1719 Istam
877 1660 1036 1716 fidem
1057 1661 1102 1715 si
1131 1658 1295 1714 miser
1321 1655 1651 1712 Fastidiosus
1679 1668 1782 1706 non
1814 1657 2053 1718 negaret,
2086 1646 2204 1701 sine

618 1754 778 1809 dubio
819 1768 923 1807 non
957 1751 1177 1822 periret.
1209 1747 1316 1804 Sed
1346 1747 1603 1816 quoniam
1633 1752 1689 1798 et
1718 1741 1871 1796 factis
1897 1754 2018 1794 eam
2048 1750 2205 1805 nega-

619 1848 776 1902 vitet
814 1845 970 1902 dictis
993 1887 1007 1911 ,
1052 1845 1246 1898 mirum
1287 1858 1394 1897 non
1421 1849 1523 1906 est,
1554 1839 1679 1910 quia
1724 1852 1890 1908 opere
1937 1834 2202 1904 pessimus

2297 704 2600 754 mereretur
2628 692 2841 750 ardere.

2813 843 3042 902 CAPUT
3079 843 3245 898 XXII.

2373 984 2476 1041 Ubi
2504 988 2630 1040 sunt
2659 994 2801 1036 nunc
2827 978 2935 1033 duo
2961 977 3086 1032 anni
3109 976 3184 1031 illi
3213 989 3349 1045 quos
3380 973 3697 1030 Fastidiosus
3720 980 3843 1042 quasi

2300 1079 2488 1135 felices
2538 1074 2747 1142 habuit,
2778 1073 2902 1142 quia
2931 1086 3048 1136 eos,
3078 1071 3220 1126 sicut
3249 1068 3438 1135 voluit,
3491 1067 3778 1122 libidinosus
3800 1067 3846 1124 in

2301 1171 2661 1229 fornicatione
2712 1165 3094 1236 consumpsit?
3142 1161 3311 1230 Quam
3360 1161 3606 1216 celeriter
3652 1161 3838 1216 transie-

2303 1266 2460 1324 runt!
2494 1265 2597 1332 Qui
2639 1262 2804 1318 etiam
2851 1275 2960 1315 non
2990 1259 3165 1313 solum
3189 1255 3427 1319 ducenti,
3459 1254 3552 1310 sed
3577 1254 3725 1309 etiam
3761 1255 3841 1310 duo

2304 1359 2471 1417 millia
2494 1359 2539 1414 si
2565 1363 2766 1421 essent,
2798 1369 2919 1410 cum
2947 1352 3224 1408 celeritate
3252 1349 3606 1404 transiissent.
3636 1347 3756 1414 Quid
3778 1363 3839 1402 au-

2307 1463 2417 1510 tem
2471 1451 2636 1506 miser
2682 1448 2858 1512 faciet,
2890 1461 3013 1502 cum
3065 1445 3134 1500 ad
3176 1443 3434 1514 judicium
3491 1441 3626 1497 illius
3652 1441 3841 1504 venerit,

2306 1561 2467 1617 quem
2497 1542 2754 1612 negavit?
2781 1539 2909 1610 quid
2937 1539 3166 1609 recipiet
3201 1552 3301 1607 pro
3327 1535 3522 1591 talibus
3548 1533 3692 1590 factis
3714 1543 3759 1589 et
3783 1533 3841 1588 di-

2307 1639 2408 1695 ctis
2427 1641 2450 1691 ’ἐ
2470 1635 2598 1706 quid
2618 1634 2708 1690 ille
2737 1631 2980 1703 recipiet,
3010 1630 3100 1686 ille
3128 1644 3356 1700 corpore
3383 1627 3696 1693 luxuriosus,
3715 1625 3844 1681 corde

2309 1749 2502 1799 aecus,
2533 1745 2717 1786 errore
2747 1728 3138 1799 blasphemus?
3167 1726 3262 1796 qui
3289 1725 3441 1797 prius
3469 1724 3522 1780 in
3549 1739 3606 1780 se
3632 1722 3844 1794 templum

2309 1827 2407 1882 Dei
2436 1823 2794 1880 fornicatione
2823 1822 3062 1885 violavit,
3105 1819 3303 1876 deinde
3328 1834 3558 1889 corpore
3583 1832 3774 1888 quoque
3796 1815 3846 1871 ali

619 1943 786 1997 factus
816 1949 921 2009 est,
951 1909 1006 1996 et
1023 1940 1133 2009 jam
1162 1954 1414 1995 sermone
1436 1950 1744 2007 perversos,
1768 1942 1822 1987 et
1847 1931 2127 1986 ambulans
2151 1929 2204 1982 in
2236 1916 2284 1975 B
2311 1917 2558 1974 Ecclesia
2586 1923 2866 1987 separatus
2891 1913 3078 1971 exivit.
3093 1911 3230 1980 Quid
3252 1911 3479 1983 recipiet
3501 1910 3568 1966 ab
3589 1909 3674 1964 illa
3697 1915 3846 1964 sancta

619 2033 854 2089 tenebris
877 2033 1122 2087 inimicus
1142 2031 1347 2087 exstitit
1370 2025 1837 2083 lucis.Fornicatio
1858 2023 2056 2092 quippe
2084 2036 2206 2075 cor-

621 2128 838 2198 poralis,
870 2141 990 2197 qua:
1018 2125 1159 2179 illius
1185 2124 1360 2193 primo
1398 2129 1635 2176 mentem
1660 2132 1987 2186 carnemque
2014 2128 2205 2184 posse-

622 2207 715 2285 dit,
747 2219 862 2290 ipsa
892 2233 1014 2273 eum
1045 2222 1439 2285 consequenter
1468 2213 1534 2268 ad
1562 2210 1916 2283 praecipitium
1953 2206 2208 2278 spiritalis

622 2310 988 2365 fornicationis
1015 2308 1256 2363 attraxit.
1284 2307 1430 2363 Tulit
1457 2306 1600 2361 enim
1626 2304 1865 2359 membra
1895 2301 2118 2367 Christi,
2153 2307 2209 2354 et

621 2403 745 2458 fecit
766 2403 1008 2457 membra
1037 2400 1354 2456 meretricis.
1381 2398 1448 2452 Et
1473 2398 1596 2452 ideo
1626 2411 1734 2451 non
1765 2393 2028 2448 dubitavit
2054 2392 2212 2446 casti-

623 2499 790 2547 tatem
838 2491 960 2545 lidei
991 2491 1246 2560 perdere,
1289 2488 1414 2557 quia
1447 2502 1552 2541 non
1602 2500 1661 2538 se
1690 2483 1859 2537 doluit
1906 2480 2209 2536 castitatem

623 2583 864 2653 corporis
890 2582 1152 2636 amisisse.
1181 2579 1319 2636 Ecce
1342 2585 1602 2648 quantum
1631 2576 1831 2630 malum
1862 2573 2071 2628 luxuria
2087 2587 2211 2627 car-

625 2673 725 2740 nis,
758 2688 877 2743 quae
907 2672 1055 2726 illum
1085 2671 1342 2724 miserum
1367 2683 1539 2738 usque
1567 2667 1633 2721 ad
1664 2665 2007 2733 negationem
2036 2661 2214 2732 potuit

625 2758 922 2834 perducere
954 2762 1222 2817 veritatis!
1264 2761 1390 2816 Hmc
1442 2759 1558 2821 fuit,
1611 2759 1726 2812 haec
1756 2755 1854 2812 fuit
1883 2762 2210 2826 tempestas,

625 2866 738 2920 quae
769 2850 979 2922 paleam
1017 2849 1084 2904 de
1130 2864 1255 2904 area
1284 2848 1555 2904 dominica
1604 2846 1822 2916 rapuit,
1873 2855 1928 2899 et
1959 2843 2216 2914 vepribus

625 2943 887 2998 hmreticze
934 2941 1226 3012 impietatis
1256 2939 1446 2994 infixit.
1494 2937 1625 2993 Rrec
1657 2937 1806 2991 illum
1853 2935 1981 2990 fecit
2025 2942 2215 2990 contra

626 3047 772 3087 suam
811 3031 1197 3086 conscientiam
1242 3027 1409 3099 loqui,
1443 3034 1499 3082 et
1527 3027 1581 3080 in
1621 3024 2008 3081 contumeliam
2048 3023 2216 3092 ipsius

627 3117 902 3176 Trinitatis
931 3135 1187 3190 perverso
1207 3131 1462 3174 sermone
1482 3115 1707 3171 versari.
1739 3113 1926 3182 Neque
1950 3113 2096 3168 enim
2122 3126 2218 3168 ve-

627 3227 742 3266 rum
771 3211 1028 3267 credebat
1057 3227 1177 3266 esse
1205 3210 1348 3278 quod
1378 3209 1533 3274 dixit,
1559 3207 1652 3262 sed
1677 3208 1791 3276 jam
1821 3205 2022 3275 duplici
2051 3205 2216 3262 corde

2310 2010 2594 2072 Trinitale,
2625 2007 2716 2078 qui
2745 2006 2936 2061 maluit
2962 2019 3151 2062 servus
3175 2017 3298 2060 esse
3325 2001 3551 2058 luxuriae
3586 2008 3732 2072 atque
3755 2015 3845 2070 per-

2310 2102 2488 2158 ﬁdiae?
2508 2101 2644 2168 Quid
2671 2101 2855 2170 utique
2883 2100 2984 2156 nisi
3014 2101 3195 2170 ignem
3215 2108 3499 2165 aeternum,
3523 2111 3672 2168 quem
3693 2095 3849 2152 talibus

2310 2203 2526 2250 constat
2581 2193 2837 2262 operibus
2887 2191 3293 2262 praeparatum?
3340 2189 3411 2246 Et
3459 2192 3514 2247 in
3555 2191 3653 2245 hoc
3678 2186 3848 2257 quidem

2311 2295 2557 2358 tempore
2585 2287 2695 2342 cito
2726 2286 2874 2340 finita
2900 2293 2983 2341 est
3000 2285 3287 2341 Fastidiosi
3313 2283 3618 2347 fornicatio,
3645 2280 3777 2351 cujus
3797 2290 3849 2332 ta-

2312 2394 2437 2434 men
2469 2379 2521 2433 in
2551 2378 2642 2433 illo
2672 2379 2794 2447 igne
2826 2393 2935 2432 non
2970 2375 3188 2432 finietur
3214 2385 3421 2432 :eterna
3448 2374 3748 2432 combustio.
3769 2371 3848 2426 Fu-

2313 2471 2462 2540 giant
2490 2484 2620 2538 ergo
2649 2469 2937 2525 Christiani
2967 2478 3252 2541 utramque
3277 2469 3701 2531 fornicationem,
3729 2477 3850 2535 quam

2315 2564 2480 2620 miser
2525 2563 2859 2618 Fastidiosus
2901 2563 3128 2618 incurrit
3155 2579 3169 2628 ;
3201 2571 3256 2616 ut
3286 2561 3650 2618 custodientes
3689 2558 3851 2612 anima:

2316 2670 2459 2720 suas,
2475 2655 2778 2709 castitatem
2796 2662 3014 2709 servent
3033 2665 3088 2709 et
3108 2654 3287 2709 cordis
3313 2661 3374 2708 et
3392 2650 3646 2723 corporis.
3661 2649 3850 2704 Teneant

2321 2746 2462 2801 intra
2487 2744 2788 2800 Ecclesiam
2813 2745 3135 2800 catholicam
3165 2743 3345 2800 fidem.
3392 2742 3624 2798 Credant
3648 2749 3698 2796 et
3721 2737 3851 2794 conflo

2320 2845 2538 2892 teantur
2564 2837 2979 2906 inseparabilem
3009 2844 3175 2905 atque
3204 2836 3536 2892 individuam
3564 2832 3853 2894 Trinitatem;

2319 2943 2438 2999 qua:
2459 2929 2513 2982 in
2540 2943 2636 2983 sua
2657 2926 2837 2982 divina
2859 2927 3048 2981 natura
3074 2926 3206 2981 nihil
3227 2926 3398 2981 habet
3425 2921 3762 2988 factum,nihil
3785 2919 3852 2973 ali.

2319 3034 2588 3094 quatenus
2614 3022 2966 3088 inchoatum;
3017 3019 3170 3091 cujus
3219 3037 3328 3076 uno
3359 3029 3522 3090 atque
3573 3011 3853 3086 inseparabil'

2321 3131 2487 3187 opere
2513 3117 2652 3170 facta
2682 3123 2808 3170 sunt
2833 3114 3014 3168 omnia
3062 3114 3114 3168 in
3137 3114 3289 3168 cmlis
3329 3121 3390 3168 et
3418 3113 3470 3167 in
3497 3120 3648 3175 terra,
3673 3104 3854 3162 visibilis

2321 3217 2376 3263 et
2424 3206 2729 3262 invisibilia.
2780 3203 3018 3260 Credant
3064 3204 3418 3259 nihilominus
3455 3211 3509 3258 et
3557 3196 3853 3256 confiteantur

629 3303 812 3357 maluit
837 3304 999 3374 359
1018 3301 1163 3356 aliud
1192 3301 1372 3356 dicere
1391 3315 1556 3369 quam
1585 3298 1858 3354 credebat.
1884 3296 1999 3364 Qua
2021 3296 2214 3366 despe-
2243 3299 2290 3365 C
2322 3297 2669 3367 Unigenitum
2699 3296 2896 3360 Deum,
2948 3297 3124 3352 solum
3153 3294 3455 3351 secundum
3494 3307 3665 3349 veram
3705 3283 3853 3342 divini-

629 3393 838 3448 ratione
867 3408 1165 3462 possessus,
1211 3399 1272 3446 ut
1298 3391 1415 3461 ipse
1443 3391 1544 3447 sibi
1576 3389 1814 3446 auferret
1841 3404 1992 3460 spem
2021 3389 2213 3445 remis-

631 3485 812 3550 sionis,
850 3485 1023 3540 voluit
1050 3500 1146 3554 per
1174 3484 1445 3539 licentiam
1477 3483 1702 3553 implere
1730 3481 2127 3537 delectamenta
2155 3481 2218 3535 li-

630 3577 842 3633 bidinis.
884 3576 961 3631 Ex
1005 3593 1101 3632 ore
1150 3578 1332 3646 itaque
1382 3591 1480 3630 suo
1523 3591 1631 3644 quo
1677 3572 1960 3645 justiﬁcari
2010 3573 2216 3638 debuit,

633 3675 985 3736 augmentum
1026 3667 1490 3723 condenmationis
1531 3667 1770 3736 accepit,
1800 3666 2013 3736 quando
2043 3666 2223 3734 lingua

633 3757 766 3826 ejus,
799 3774 918 3828 qua:
939 3759 1170 3814 debebat
1196 3759 1526 3829 poenitentiae
1546 3759 1713 3813 verba
1744 3757 2004 3828 proferre,
2033 3765 2225 3826 protu-

633 3850 694 3904 lit
722 3850 884 3904 verba
915 3851 1282 3920 blasphemim.
1323 3850 1454 3906 Illuc
1487 3851 1669 3919 itaque
1695 3850 1858 3904 miser
1886 3848 2220 3904 Fastidiosus

633 3942 821 3996 maluit
851 3943 1099 4006 transire,
1133 3943 1220 3997 ubi
1246 3952 1300 3997 et
1327 3951 1516 3998 contra
1543 3942 1711 3997 Deum
1735 3941 1995 4011 sacrilega
2024 3955 2220 4010 proca-

633 4033 796 4088 citate
834 4034 1076 4099 latraret,
1109 4043 1164 4089 et
1194 4035 1244 4088 in
1277 4029 1388 4090 suis
1418 4021 1884 4101 fornicationibus,
1917 4034 2042 4102 quia
2066 4034 2222 4088 timo-

635 4141 745 4180 tem
772 4126 865 4180 Dei
893 4142 998 4180 non
1037 4127 1242 4189 habuit,
1276 4128 1440 4181 etiam
1463 4128 1735 4181 hominem
1761 4142 1867 4181 non
1895 4124 2225 4181 timeret.Vm

636 4207 712 4270 illi
755 4216 953 4272 misero
978 4258 991 4282 ,
1044 4218 1136 4285 qui
1187 4217 1252 4272 ad
1284 4218 1387 4272 hoc
1417 4218 1790 4272 ecclesiastico
1821 4218 1992 4272 voluit
2028 4218 2230 4288 privari

2321 3399 2490 3446 tatem
2519 3397 2702 3444 natum
2730 3389 2800 3444 de
2829 3387 3013 3453 Patre,
3064 3388 3240 3443 solum
3269 3386 3564 3443 secundum
3591 3397 3753 3438 veram
3784 3380 3854 3432 hu-

2324 3480 2642 3535 manitatem
2683 3487 2925 3534 creatum
2955 3494 3024 3534 ex
3066 3479 3309 3548 Virgine;
3365 3495 3431 3535 ac
3456 3493 3553 3549 per
3577 3477 3690 3544 hoc,
3733 3484 3854 3544 open

2326 3579 2606 3633 Trinitatis
2642 3593 2860 3632 carnem
2911 3585 3073 3648 atque
3101 3578 3334 3631 animam
3367 3574 3672 3631 rationalem
3697 3571 3743 3625 in
3769 3565 3840 3622 uni

2331 3679 2443 3726 tate
2475 3684 2720 3740 persona:
2764 3683 2867 3739 pro
2891 3669 3076 3723 mundi
3127 3667 3300 3723 salute
3329 3673 3648 3737 susceptam.
3677 3660 3774 3716 Hoc
3797 3656 3845 3711 ﬁt

2333 3762 2572 3818 missimc
2599 3761 2898 3816 retinentes
2948 3760 3227 3830 proferant
3253 3769 3308 3815 et
3337 3759 3675 3830 perseverent
3700 3754 3744 3808 in
3764 3763 3856 3819 ope-

2322 3853 2472 3908 ribus
2523 3852 2701 3907 bonis.
2733 3850 2789 3906 In
2823 3850 3040 3906 Christo
3073 3850 3215 3905 enim
3245 3849 3376 3905 Jesu
3423 3849 3536 3907 sola
3583 3845 3713 3901 valet
3745 3839 3850 3894 ﬁdes

2326 3959 2446 4012 qua:
2471 3959 2568 4014 per
2597 3943 2880 3998 caritatem
2903 3949 3159 4012 operatur
3188 3939 3332 4010 (Gal.
3360 3958 3412 4006 v,
3440 3939 3514 4010 6),
3542 3955 3570 3992 a
3599 3951 3693 4008 qua
3713 3932 3750 3987 si
3773 3927 3857 3998 quis

2329 4035 2656 4100 discesserit,
2690 4035 2806 4105 ipse
2835 4049 2944 4089 sua:
2991 4033 3192 4088 ‘animac
3220 4047 3346 4088 reus
3379 4032 3500 4087 erit.
3530 4027 3700 4083 Omnis
3722 4029 3857 4076 auten

2331 4127 2423 4194 qui
2451 4126 2503 4180 in
2550 4141 2614 4181 ea
2647 4124 3081 4196 perseveraverit
3109 4139 3280 4195 usque
3308 4123 3362 4180 in
3401 4123 3577 4188 finem,
3627 4118 3704 4173 hic
3725 4113 3858 4171 salvul

2333 4219 2436 4274 erit
2467 4217 2679 4292 (Matth.
2715 4236 2772 4287 κ,
2802 4217 2916 4290 22).

2505 4341 3849 4370 __________——_____—__‘——-—.——-

1658 4458 1805 4571 s.
1893 4459 2903 4601 FULGENTII

1151 4655 1326 4766 DE
1416 4619 2265 4768 REMISSIONE
2355 4654 3350 4798 PECCATORUM,

1435 4845 1592 4925 AD
1669 4836 2417 4926 EUTHY‘MIUM
2473 4845 2779 4926 LIBRI
2836 4845 3123 4927 DUO.

1900 5099 2190 5176 LIBER
2247 5097 2660 5179 PRIMUS.

1050 5318 1212 5389 360
1248 5314 1477 5371 CAPUT
1516 5313 1806 5369 PRIMUM.

704 5409 992 5482 Explicare
1020 5423 1231 5478 nequeo
1256 5407 1457 5471 verbis,
1476 5405 1727 5477 Euthymi
1749 5406 2046 5473 carissime,
2065 5421 2228 5475 quan-

638 5511 749 5557 tum
777 5501 958 5558 studio
991 5510 1085 5556 tuo
1113 5499 1512 5568 congaudeam:
1543 5496 1689 5566 quod
1709 5512 1819 5551 non
1848 5496 2023 5552 solum
2048 5498 2100 5552 in
2130 5497 2227 5553 do-

639 5609 723 5649 mo
752 5599 846 5648 tua
874 5593 1083 5664 positus
1110 5590 1418 5647 coelestibus
1441 5591 1681 5646 animum
1725 5588 2020 5660 Scripturis
2046 5589 2224 5645 indul-

639 5699 747 5756 ges,
772 5685 869 5740 sed
897 5686 1058 5740 etiam
1113 5691 1356 5739 sanctam
1408 5682 1554 5752 vigili
1593 5682 1758 5738 corde
1796 5682 2104 5751 frequentas
2131 5699 2222 5739 ec-

641 5777 876 5843 clesiam,
891 5785 951 5829 ut
970 5791 1091 5830 cum
1114 5775 1307 5830 divinis
1328 5774 1559 5844 eloquiis
1587 5776 1831 5844 corporis
1851 5775 2088 5829 exterior
2114 5775 2226 5846 pul-

642 5878 783 5924 satur
823 5868 1054 5932 auditus,
1086 5867 1308 5921 interior
1355 5868 1543 5922 animae
1573 5877 1673 5922 tum
1701 5876 1954 5938 pascatur
1979 5867 2220 5924 all‘ectus.

643 5961 836 6023 Gratia:
864 5961 1061 6032 quippe
1089 5960 1279 6019 divinae
1310 5975 1444 6029 Opus
1473 5961 1958 6033 agnoscitur,quod
1987 5962 2042 6021 in
2063 5962 2224 6021 domo

2252 5319 2308 5380 D
2333 5315 2429 5371 Dei
2451 5315 2660 5370 illorum
2677 5315 2950 5385 colloquio
2964 5313 3280 5386 spiritaliter
3296 5313 3487 5371 frueris
3500 5326 3630 5383 quos
3648 5308 3697 5364 in
3717 5311 3863 5360 amore

2330 5407 2524 5464 divinae
2564 5407 2698 5475 legis
2728 5406 2938 5462 fervere
2966 5406 3281 5476 cognoscis;
3316 5421 3414 5463 nec
3438 5419 3557 5462 cum
3593 5392 3863 5472 quibusdam

2329 5499 2616 5556 delectaris
2644 5499 2888 5555 inutilem
2918 5499 3146 5555 miscere
3181 5513 3506 5565 sermonem,
3535 5493 3622 5566 qui
3647 5489 3708 5546 ad
3731 5479 3864 5541 vitale

2329 5597 2568 5652 caelestis
2619 5595 2768 5650 verbi
2817 5595 3124 5651 convivium
3171 5594 3291 5650 sine
3334 5608 3428 5650 sua
3456 5589 3675 5648 utilitate
3700 5587 3862 5637 convc'

2329 5687 2483 5742 niunt
2509 5680 2634 5756 ,et,
2665 5685 2959 5742 secundum
3009 5702 3260 5742 veracem
3310 5681 3638 5753 coarguentis
3671 5662 3863 5745 aposloli

2328 5777 2477 5834 Pauli
2494 5795 2824 5846 sermonem,
2847 5794 2876 5832 a
2900 5779 3126 5834 veritate
3147 5779 3362 5848 quidem
3384 5775 3613 5830 auditum
3632 5763 3861 5823 avertunt.

2330 5869 2396 5923 ad
2423 5868 2628 5924 fabulas
2660 5878 2845 5925 autem
2874 5877 3260 5926 convertuntur
3284 5867 3370 5939 (11
3402 5865 3529 5920 Tim.
3561 5879 3627 5928 Iv,
3652 5859 3720 5926 4).
3741 5854 3862 5918 Ουοθ

2330 5976 2438 6020 non
2482 5961 2750 6021 immerito
2797 5963 3026 6022 dixerim
3074 5963 3278 6025 similes
3307 5960 3409 6020 illis
3447 5967 3664 6026 quorum
3689 5953 3860 6004 stoma'
