4130 6464
333 422 427 482 $29
1339 425 1423 481 DE
1456 425 1856 483 REMISSIONE
1898 426 2359 486 PECCATORUM
2399 430 2522 486 LIB.
2567 432 2605 488 l.

3500 412 3608 497 530

331 537 474 602 thus,
519 535 798 592 mortifero
837 543 1120 608 superatus
1154 536 1386 604 fastidio,
1417 540 1591 594 inedia
1613 541 1792 622 magis
1821 540 1902 594 in-
1931 544 1983 602 Α
2006 551 2054 595 et
2076 543 2330 610 lwtitiam,
2349 553 2397 598 et
2419 545 2748 599 exsultabant
2769 562 2887 601 ossa
2932 535 3204 602 humiliata
3227 547 3397 621 (Psal.
3417 567 3466 616 L,
3493 552 3604 622 10).

330 628 536 683 venitur
573 627 830 683 delectari
858 644 1019 699 quam
1046 629 1206 697 cibo;
1241 639 1295 686 et
1324 631 1394 685 ob
1434 632 1537 688 hoc
1566 618 1760 688 frustra
1811 633 1913 689 sibi

329 717 668 772 medicinales
689 718 899 773 divitias
919 720 1194 790 appositas
1224 731 1484 789 cernunt;
1517 738 1650 793 quas
1675 724 1802 778 dum
1823 741 1914 779 re-

327 819 512 864 eusant
542 810 841 881 percipere,
874 826 978 867 nec
1003 811 1218 868 virtutis
1243 813 1444 883 aliquid
1471 814 1614 881 inde,
1640 830 1741 871 nec
1762 817 1911 872 sani-

325 910 450 960 tatis
495 903 812 974 acquirunt;
861 913 1023 976 atque
1077 906 1130 960 in
1160 906 1323 962 domo
1371 908 1567 964 medici
1596 917 1914 979 spernentes

326 995 565 1050 oblatum
587 995 808 1051 medela:
835 997 1091 1068 Spiritalis
1113 998 1216 1054 sibi
1244 999 1563 1066 antidotum,
1579 1000 1646 1054 ad
1674 1001 1778 1056 hoc
1793 1016 1915 1056 cum

325 1086 721 1142 inﬁrmitatibus
750 1087 861 1144 suis
884 1088 1132 1159 .intrant,
1171 1097 1231 1144 ut
1277 1091 1514 1146 deterius
1543 1092 1737 1147 intirmi
1760 1107 1916 1148 rece-

324 1179 470 1235 dant.
504 1179 706 1248 Quibus
737 1189 916 1238 tamen
946 1191 1142 1252 potens
1182 1192 1266 1240 est
1302 1184 1561 1241 Dominus
1587 1187 1733 1242 verbi
1773 1187 1855 1242 sui
1887 1195 1915 1225 ι

323 1271 740 1328 delectationem
787 1274 1260 1345 cognitionemque
1311 1276 1513 1347 largiri,
1543 1287 1602 1333 ut
1647 1279 1912 1334 bonorum

323 1365 729 1425 inﬂammentur
773 1371 1055 1441 exemplis.
1102 1371 1306 1438 Quibus
1351 1372 1608 1429 admoniti
1640 1375 1915 1445 negligen-

323 1459 452 1513 tiam
481 1474 590 1514 sute
619 1461 980 1517 cunctationis
996 1460 1274 1531 abjiciant,
1301 1469 1356 1517 et
1376 1462 1626 1519 effectum
1648 1464 1836 1519 salutis
1858 1464 1912 1520 in

323 1551 490 1621 ipsius
515 1551 710 1609 medici
737 1552 1039 1610 salubribus
1067 1557 1350 1626 praeceptis
1378 1566 1623 1626 quaerant
1649 1577 1661 1610 :
1702 1567 1762 1612 ut
1789 1574 1912 1614 cum

321 1643 405 1698 his
451 1644 563 1714 qui,
594 1653 995 1715 perscrutantes
1029 1647 1339 1702 testimonia
1361 1648 1594 1714 Domini,
1623 1650 1914 1719 exquirunt

321 1750 463 1802 eum,
511 1735 612 1806 ipsi
642 1752 859 1808 quoque
904 1755 1004 1810 pro
1034 1740 1207 1796 salute
1226 1756 1322 1796 sua
1351 1757 1457 1797 non
1485 1741 1746 1798 desistant
1766 1758 1914 1814 quie-

322 1843 444 1885 rere
473 1829 615 1898 quod
643 1830 814 1900 possit
841 1846 871 1886 a
902 1833 1270 1901 quaerentibus
1302 1833 1550 1890 inveniri.
1816 1853 1817 1856 η

2018 634 2138 690 Alio
2163 635 2290 691 loco
2319 636 2574 706 majestas
2597 639 2709 707 ipsa
2739 638 2816 693 sic
2845 639 3085 707 loquitur
3114 657 3127 691 :
3163 638 3332 709 Super
3351 658 3496 714 quem
3527 661 3607 697 re-

2016 725 2237 795 quiescet
2267 727 2494 796 Spiritus
2524 745 2688 796 meus,
2718 729 2819 783 nisi
2847 746 3000 799 super
3029 729 3271 784 humilem
3292 742 3340 786 et
3362 734 3604 803 quietum,

2015 823 2064 869 et
2091 825 2389 872 trementem
2418 819 2569 873 verba
2591 837 2704 874 mea
2745 819 2901 890 (Isai.
2925 837 3069 886 LXVI,
3099 822 3198 893 2)?
3229 821 3336 877 Nec
3358 835 3486 878 vero
3508 823 3610 879 iste

2015 905 2272 978 Spiritus
2301 908 2395 966 Dei
2450 911 2529 966 sic
2557 927 2720 982 super
2749 913 3004 968 humilem
3035 922 3090 969 et
3123 915 3363 984 quietum
3393 916 3608 987 requie-

2016 1001 2138 1065 scit,
2171 1009 2230 1055 ut
2267 1017 2374 1057 non
2416 1003 2530 1073 ipse
2571 1004 2812 1074 quietum
2859 1005 3224 1077 humilemque
3271 1006 3454 1076 faciat,
3511 1007 3609 1063 sed

2015 1098 2274 1160 tanquam
2302 1092 2556 1149 humilem
2587 1096 2938 1166 quietumque
2977 1096 3318 1167 requieturus
3347 1098 3606 1153 inveniat.

2015 1181 2076 1238 In
2107 1199 2188 1264 eo.
2213 1186 2412 1256 quippe
2459 1203 2621 1258 super
2658 1188 2917 1244 humilem
2966 1197 3021 1244 et
3068 1190 3311 1258 quietum
3357 1188 3609 1260 dignatu’r

2015 1276 2375 1345 requiescere,
2404 1278 2529 1347 quia
2559 1295 2724 1349 super
2742 1295 2902 1350 quem
2933 1281 3245 1350 requiescit,
3274 1283 3515 1354 quietum
3553 1294 3611 1340 et

2018 1366 2273 1422 humilem
2313 1368 2457 1424 facit.
2496 1370 2612 1428 Hoc
2640 1387 2770 1442 ergo
2798 1372 3030 1443 Spiritus
3065 1383 3284 1430 sanctus
3331 1384 3607 1446 operatur,
3663 1419 3710 1474 ἴς

2017 1468 2078 1515 ut
2104 1461 2290 1516 vitium
2319 1463 2581 1532 superbia:
2604 1472 2767 1536 atque
2797 1465 3180 1534 inquietudinis
3216 1467 3283 1522 ab
3307 1467 3527 1524 homine
3553 1469 3609 1524 in
3665 1461 3680 1474 ³
3704 1465 3709 1473 ’

2017 1566 2126 1621 quo
2159 1555 2469 1624 requiescit,
2516 1557 2786 1626 expellat;
2813 1572 2875 1612 ac
2903 1559 2983 1613 sic
3027 1559 3393 1628 praeveniente
3436 1562 3608 1617 sancti

2018 1643 2179 1714 362
2210 1643 2440 1713 Spiritus
2467 1646 2805 1715 operatione,
2829 1648 3063 1704 hominis
3092 1649 3425 1706 voluntatem
3446 1651 3607 1706 mise-

2017 1734 2305 1790 ricorditer
2330 1737 2668 1803 immutante,
2700 1754 2860 1795 omne
2887 1741 3170 1810 praeterita:
3212 1742 3460 1799 humana:
3506 1745 3607 1800 ini-

2017 1825 2244 1895 quitatis
2274 1828 2543 1884 vinculum
2568 1832 2736 1900 gratis
2759 1832 2883 1888 data
2919 1834 3096 1890 solvat
3135 1835 3378 1894 remissio
3413 1851 3605 1908 pecca-

1903 1906 1908 1912 ’
1944 1921 1992 1980 Β
2019 1923 2218 1974 torum.

846 1966 1005 2039 εει
1056 1965 1286 2023 CAPUT
1323 1967 1387 2022 ιι.

395 2075 637 2150 Epistola
669 2081 852 2152 itaque
892 2097 1055 2151 quam
1095 2084 1228 2139 mihi
1257 2083 1470 2154 misisti,
1505 2085 1629 2142 licet
1651 2085 1719 2143 dc
1747 2088 1915 2146 corde

323 2177 419 2224 tuo
456 2186 566 2226 non
609 2171 810 2243 aliquid
844 2175 999 2230 nobis
1051 2175 1314 2231 intimarit
1364 2176 1716 2247 incognitum,
1762 2179 1914 2236 cordi

321 2270 501 2318 tamen
542 2272 729 2321 nostro
776 2281 1029 2336 magnum
1078 2270 1470 2327 incrementum
1498 2272 1694 2329 laetitiae
1722 2275 1774 2330 in
1801 2273 1914 2332 Do-

320 2357 468 2414 mino
489 2358 815 2429 subrogavit.
837 2360 1122 2432 Cognitum
1143 2364 1342 2437 quippe
1369 2365 1526 2422 nobis
1547 2375 1648 2432 est,
1675 2366 1913 2424 divinam

317 2447 375 2502 in
407 2455 461 2504 te
485 2451 714 2519 gratiam
735 2451 1157 2510 misericorditer
1181 2457 1416 2526 operari,
1451 2465 1502 2513 te
1523 2473 1665 2530 saepe
1686 2473 1749 2514 ac
1772 2459 1913 2514 mul-

318 2546 434 2593 tum
457 2541 525 2597 de
545 2543 864 2599 remissione
883 2554 1228 2616 peccatorum
1245 2549 1503 2619 cogitare.
1528 2550 1912 2609 Verumtamen

317 2632 444 2688 ideo
471 2643 710 2691 nostram
738 2637 849 2692 dixi
871 2638 1111 2695 crevisse
1138 2640 1404 2711 laetitiam,
1427 2643 1553 2712 quia
1580 2645 1660 2700 sic
1687 2644 1913 2716 adipisci

315 2725 692 2782 remissionem
724 2736 1072 2799 peccatorum
1112 2730 1404 2799 desideras,
1449 2741 1508 2789 ut
1548 2734 1788 2804 ejusdem
1825 2752 1914 2793 re-

316 2816 594 2873 missionis
623 2818 872 2875 etl‘ectum
904 2819 1219 2892 frequenter
1247 2837 1311 2879 ac
1337 2823 1624 2894 vigilanter
1649 2827 1909 2898 inquiras.

316 2905 459 2962 Dicis
479 2909 640 2977 igitur
660 2910 803 2966 inter
827 2927 926 2968 vos
952 2920 1134 2968 natam
1164 2929 1285 2970 esse
1327 2917 1703 2986 quaestionem,
1748 2935 1911 2990 quam

316 3000 443 3056 licet
484 3001 600 3072 ipse
652 3005 882 3071 recolas,
934 3006 1101 3062 malui
1131 3014 1312 3063 tamen
1359 3008 1526 3066 verba
1559 3026 1678 3082 qua:
1727 3011 1780 3067 in
1821 3020 1913 3069 tua

315 3094 657 3150 continentur
678 3097 926 3168 epistola,
951 3099 1070 3170 ipso
1099 3115 1208 3172 quo
1236 3109 1344 3158 ate
1369 3112 1495 3158 sunt
1521 3110 1712 3161 tenore
1733 3106 1913 3177 posita

317 3185 444 3241 huic
472 3189 734 3257 opusculo
763 3190 1035 3247 inserere:
1067 3199 1124 3248 ut
1152 3209 1261 3249 non
1296 3194 1474 3250 solum
1518 3203 1575 3250 tu
1598 3211 1664 3251 ex
1691 3197 1910 3268 prapria

315 3275 610 3334 dictatione
636 3295 1013 3352 recognoscas,
1041 3284 1137 3340 sed
1166 3285 1328 3340 etiam
1358 3286 1601 3357 quisquis
1643 3289 1780 3345 alius
1828 3291 1909 3346 le-

315 3369 474 3436 gerit,
506 3369 633 3424 dum
674 3373 999 3441 cognitionis
1044 3378 1490 3446 percunctatione
1537 3379 1808 3446 imbuitur,
1841 3381 1909 3438 ad

316 3459 724 3529 intelligentiam
773 3465 1142 3535 responsionis
1213 3469 1546 3525 commodius
1590 3470 1906 3526 instruatur.

314 3548 524 3616 Qumris
550 3553 730 3622 itaque
755 3564 927 3610 utrum
956 3573 1130 3611 rerum
1179 3560 1416 3614 conditor
1438 3559 1691 3616 Dominus
1727 3563 1782 3616 in
1812 3563 1908 3618 hoc

315 3643 506 3698 swculo
523 3647 884 3721 tantummodo
912 3647 1090 3720 quibus
1122 3649 1335 3704 voluerit
1365 3662 1574 3722 peccata
1602 3653 1831 3719 dimittit,
1859 3664 1911 3709 et

314 3735 390 3788 sic
419 3732 447 3771 δ
473 3735 592 3789 hinc
612 3738 880 3809 quisquam
906 3739 1105 3794 solutus
1145 3751 1322 3806 exeat;
1369 3759 1437 3795 an
1465 3759 1556 3813 per
1583 3744 1907 3814 omnipoten-

315 3825 440 3878 tiam
457 3842 605 3880 suam
653 3827 832 3899 quibus
884 3830 940 3882 in
989 3832 1178 3884 saeculo
1233 3834 1477 3901 praesenti
1533 3850 1636 3887 non
1690 3833 1907 3901 dimisit,

314 3921 616 3975 exeuntibus
640 3922 704 3976 tle
729 3940 942 3995 corpore
966 3932 1087 3979 ante
1112 3925 1246 3978 diem
1266 3924 1453 3995 judicii
1493 3934 1702 3996 peccata
1727 3927 1908 3981 (limit-

313 4020 413 4075 tat,
438 4014 516 4066 vel
543 4016 596 4067 iu
625 4016 802 4070 eodem
832 4017 915 4071 die
943 4018 1107 4089 futuri
1130 4018 1328 4072 saeculi.
1362 4015 1489 4073 Hmc
1525 4033 1715 4088 nempe
1743 4019 1908 4076 verba

316 4118 438 4173 qua:
468 4107 622 4174 posui
676 4108 980 4164 recordaris
1032 4109 1280 4180 profecto
1331 4110 1455 4176 tuis,
1509 4120 1567 4164 ut
1611 4110 1724 4180 jam
1773 4111 1904 4178 dixi,

314 4197 581 4254 contineri

937 4313 1171 4370 CAPUT
1209 4314 1296 4370 lll.

384 4423 444 4479 In
489 4423 650 4494 hujus
713 4426 1051 4483 absolutione
1105 4428 1419 4498 quaestionis
1487 4425 1731 4498 ﬂagitare
1809 4446 1909 4487 vos

315 4517 472 4574 video
513 4521 792 4588 parvitatis
836 4531 1033 4577 nostrae
1081 4523 1424 4578 sententiam.
1468 4521 1700 4579 Proinde
1747 4539 1908 4594 spero

314 4612 366 4668 in
399 4613 725 4668 abundantia
750 4615 1011 4670 bonitatis
1043 4614 1159 4682 Dei,
1191 4631 1296 4685 qua
1343 4617 1420 4671 sic
1450 4623 1533 4671 est
1575 4616 1664 4671 ille
1693 4632 1906 4688 semper

313 4708 484 4770 dives,
536 4715 594 4761 ut
613 4708 807 4762 exinde
854 4716 1038 4762 nostra
1070 4722 1284 4776 quoque
1313 4708 1485 4776 possit
1513 4707 1670 4762 ditari
1702 4724 1904 4779 paupe-

313 4802 440 4864 ries,
467 4809 521 4854 et
549 4815 616 4854 ex
649 4816 751 4870 qua
775 4799 984 4855 etctcris
1012 4807 1269 4867 quantum
1293 4799 1408 4852 vult
1437 4799 1515 4854 sic
1544 4800 1730 4869 donat,
1759 4809 1818 4854 ut
1847 4801 1899 4854 in

314 4909 375 4948 ea
426 4894 637 4963 plenius
677 4893 791 4962 ipse
839 4901 1187 4962 permaneat;
1212 4891 1337 4960 quia
1368 4891 1496 4945 talia
1528 4899 1714 4945 nostro
1750 4889 1932 4947 cordi,

314 4985 624 5055 spiritaliter
662 4984 971 5052 dignabitur
1021 4980 1323 5047 infundere,
1367 4997 1486 5051 qua:
1539 4990 1593 5036 et
1629 4980 1785 5037 nobis
1821 4980 1904 5035 di-

313 5093 437 5132 cere
463 5078 651 5146 prosit,
686 5083 738 5131 et
760 5076 912 5130 vobis
937 5075 1140 5129 audire.
1173 5072 1365 5128 Sermo
1396 5073 1539 5128 enim
1566 5087 1725 5142 quem
1751 5071 1905 5128 vobis

314 5169 364 5222 in
399 5167 490 5221 Dei
521 5170 689 5236 gratia
723 5168 1107 5231 ministramus,
1135 5175 1261 5220 tunc
1288 5164 1451 5218 etiam
1483 5164 1638 5218 nobis
1658 5162 1898 5232 prodest,

312 5259 356 5314 si
388 5260 529 5327 quod
561 5260 712 5314 vobis
734 5275 831 5330 pro
859 5260 1030 5313 salute
1052 5258 1216 5313 verbo
1238 5257 1484 5329 styloque
1499 5255 1628 5312 foris
1648 5256 1894 5324 dicimus,
1916 5252 1921 5256 ’

314 5367 416 5407 nos
460 5352 604 5406 intus
660 5353 819 5406 mites
866 5359 921 5406 et
969 5351 1199 5405 humiles
1227 5349 1526 5403 audiamus.
1586 5347 1704 5402 Non
1754 5348 1900 5402 enim

311 5443 508 5500 frustra
539 5445 700 5499 David
731 5445 1103 5500 sanctissimus
1128 5443 1293 5498 dicit:
1327 5443 1550 5496 Audiam
1570 5441 1692 5512 quid
1719 5441 1900 5512 loqua-

311 5547 397 5594 tur
424 5540 476 5592 iu
505 5557 586 5592 me
615 5537 866 5593 Dominus
898 5537 1037 5591 Deus
1065 5535 1237 5607 (Psal.
1263 5552 1479 5602 Lxxxw,
1513 5535 1589 5604 9).
1621 5534 1722 5600 Qui
1752 5533 1902 5589 audi-

312 5639 400 5685 tus
430 5631 646 5700 proprie
672 5630 738 5683 ad
777 5629 1003 5684 humiles
1034 5627 1287 5698 pertinet.
1340 5626 1569 5697 Propter
1606 5623 1753 5695 quod
1795 5623 1902 5679 alio

309 5739 435 5785 vaco
464 5724 604 5780 idem
630 5725 891 5795 propheta
919 5722 1046 5777 dicit
1071 5740 1082 5774 :
1115 5721 1330 5774 Auditui
1355 5737 1466 5774 meo
1487 5717 1634 5774 dabis
1659 5717 1904 5788 gaudium

386 5901 620 6029 get
649 5903 796 5988 editi,
829 5902 971 5958 uerbi
1001 5904 1094 5972 tui,
1122 5896 1221 5960 sed
1246 5899 1534 5958 manitesto
1565 5913 1771 5958 errore.

570 6015 605 6029 ..
634 5983 680 6029 et
705 5993 748 6029 si

570 6015 605 6041 .,
634 5983 680 6029 et
705 5983 748 6030 si

2640 2037 2868 2094 CAPUT
2903 2039 2990 2094 IV.

2089 2124 2208 2179 Non
2225 2125 2406 2196 itaque
2425 2125 2493 2182 de
2513 2143 2573 2184 re
2592 2142 2758 2198 parva
2787 2127 3120 2196 disserimus,
3145 2145 3246 2186 nec
3271 2131 3379 2188 vile
3407 2133 3608 2203 aliquid

2015 2216 2324 2287 quaerimus,
2353 2233 2477 2274 cum
2505 2217 2572 2274 de
2599 2220 2919 2276 remissione
2947 2229 3312 2292 peccatorum,
3345 2230 3607 2293 quantum

2016 2307 2197 2364 divina
2222 2309 2442 2380 largitas
2467 2309 2718 2380 adjuvat,
2763 2311 3118 2388 disputamus.
3151 2312 3255 2369 Per
3297 2314 3438 2370 hanc
3463 2321 3607 2371 enim

2017 2402 2085 2458 de
2113 2410 2384 2473 potestate
2411 2403 2757 2460 tenebrarum
2788 2405 3090 2476 eripiuntur
3109 2422 3246 2477 quos
3273 2406 3415 2463 Deus
3444 2411 3606 2466 trans-

2018 2493 2156 2549 feret
2192 2495 2244 2550 in
2274 2509 2502 2565 regnum
2552 2496 2644 2551 ﬁlii
2690 2496 2995 2554 dilectionis
3042 2512 3152 2553 sua:
3191 2497 3383 2571 (Calas.
3424 2517 3458 2565 ι,
3495 2499 3605 2572 1'5).

2018 2584 2123 2642 Per
2143 2586 2314 2657 ipsam
2343 2588 2437 2657 (al.
2471 2589 2631 2662 hanc)
2675 2589 2989 2658 liberantur.
3010 2591 3079 2647 ab
3106 2599 3304 2647 alterna
3343 2609 3521 2663 pmna,
3552 2602 3606 2648 ut

2017 2679 2296 2748 potiantur
2320 2688 2524 2736 aeterna
2572 2681 2776 2738 laetitia.
2821 2681 2927 2740 Per
2954 2683 3100 2738 illam
3131 2684 3422 2756 deponitur
3449 2702 3605 2757 onus,

2017 2786 2114 2826 seu
2149 2771 2294 2840 quod
2315 2772 2570 2829 nativitas
2595 2772 2791 2829 vitiosa
2823 2775 3006 2840 traxit,
3037 2775 3151 2831 sive
3177 2776 3321 2845 quod
3357 2776 3605 2847 iniquitas

2017 2861 2226 2916 vitiosae
2246 2860 2543 2930 juventutis
2586 2873 2608 2902 ο
2639 2863 2858 2934 adjecit.
2904 2864 3009 2921 Per
3055 2875 3176 2921 eam
3219 2865 3464 2922 Christus
3515 2882 3607 2924 eos

2018 2953 2111 3023 qui
2140 2952 2390 3008 laborant
2418 2963 2473 3009 et
2501 2956 2714 3011 onerati
2735 2965 2860 3013 sunt
2892 2959 3170 3015 venientes
3213 2960 3278 3014 ad
3315 2976 3374 3016 se
3412 2959 3604 3031 reficit,

2016 3045 2211 3114 quibus
2239 3045 2361 3102 lene
2388 3045 2480 3119 (al.
2513 3046 2656 3119 leve)
2674 3047 2862 3116 jugum
2906 3051 3188 3120 levemque
3213 3052 3482 3107 sarcinam
3499 3068 3604 3108 sua:

2018 3135 2258 3191 caritatis
2296 3136 2526 3208 imponit
2553 3136 2767 3207 (Matth.
2812 3156 2889 3208 xx,
2919 3129 3034 3212 28).
3078 3139 3182 3196 Per
3225 3141 3396 3212 ipsam
3443 3144 3607 3212 gratis

2009 3223 2340 3294 justilicatur
2379 3227 2474 3298 (al.
2499 3227 2913 3299 justilicabitur)
2966 3230 3176 3300 impius,
3233 3239 3293 3285 ut
3332 3240 3604 3303 reputetar

1939 3300 1985 3364 (ἶ
2017 3319 2149 3378 fides
2177 3321 2293 3392 ejus
2313 3321 2380 3376 ad
2391 3321 2677 3392 justitiam.
2712 3323 2816 3380 Per
2836 3325 2982 3379 illam
3010 3335 3160 3381 caret
3187 3326 3326 3380 mala
3352 3300 3480 3393 vita,
3503 3341 3604 3396 qua

2015 3414 2192 3470 fuerat
2221 3415 2553 3487 implicatus;
2587 3424 2642 3472 et
2687 3417 2885 3487 accipit
2923 3419 3093 3487 gratis
3119 3418 3338 3485 bonam,
3379 3433 3483 3488 qua
3511 3418 3604 3476 fuit

2016 3507 2284 3575 indignus.
2319 3507 2423 3562 Per
2452 3509 2622 3578 ipsam
2672 3507 2731 3562 tit
2755 3515 2812 3562 ut
2854 3509 2906 3563 in
2931 3509 3074 3564 bona
3121 3509 3230 3564 vita
3274 3508 3301 3546 ιι
3330 3508 3603 3582 deinceps,

2013 3601 2158 3657 dono
2181 3602 2565 3659 misericordia:
2587 3602 2966 3673 prtevenientis
2990 3603 3320 3658 illuminatus
3348 3604 3602 3668 ambulet,

2015 3702 2070 3748 et
2098 3695 2151 3749 in
2181 3710 2243 3750 ea
2273 3695 2536 3751 deductus
2561 3694 2946 3750 misericordia:
2981 3694 3358 3764 subsequentis
3387 3710 3603 3752 munere

2013 3795 2363 3855 perseveret:
2397 3794 2454 3840 ut
2481 3785 2718 3840 indebita
2749 3786 2920 3853 gratia
2962 3786 3101 3840 bene
3147 3785 3359 3840 vivendi
3406 3786 3603 3840 donum

2013 3875 2234 3930 inchoet
2258 3876 2311 3929 in
2342 3875 2579 3939 homine,
2623 3883 2970 3944 peccatorum
3015 3875 3334 3930 remissione
3371 3875 3602 3943 donata;

2013 3965 2159 4035 quod
2186 3964 2429 4034 perficiat
2449 3964 2827 4036 perseverandi
2858 3965 3055 4019 virtute
3080 3978 3358 4020 concessa.
3389 3963 3490 4019 Per
3518 3980 3600 4020 re-

2013 4058 2324 4112 missionem
2354 4065 2699 4127 peccatorum
2742 4057 2909 4126 gratis
2940 4056 3188 4110 homines
3229 4055 3601 4113 discernuntur

2013 4149 2082 4204 ab
2110 4148 2215 4202 illis
2243 4149 2334 4218 qui
2374 4147 2759 4203 cruciabuntur
2801 4149 2856 4202 in
2897 4155 3159 4225 aeternpm
3201 4163 3326 4204 cum
3366 4148 3602 4220 diabolo,

2013 4251 2068 4298 et
2090 4241 2452 4311 adjunguntur
2472 4241 2556 4296 his
2579 4241 2673 4311 qui
2699 4242 2815 4296 sine
2845 4241 2949 4296 line
2971 4241 3270 4310 regnabunt
3306 4258 3428 4298 cum
3453 4243 3603 4298 Chri-

2011 4340 2118 4387 sto.
2144 4329 2428 4385 Postremo
2459 4329 2580 4385 talis
2608 4338 2695 4385 est
2719 4330 2966 4386 remissio
3009 4339 3380 4401 peccatorum,
3423 4340 3479 4386 ut
3508 4349 3604 4403 pro

2011 4421 2128 4493 ipsa
2157 4420 2307 4475 lieret
2336 4421 2500 4475 homo
2530 4417 2847 4489 Unigenitus
2879 4419 2993 4483 Dei,
3018 4435 3116 4490 pro
3146 4419 3259 4490 ipsa
3290 4421 3450 4475 etiam
3482 4437 3602 4476 san-

2011 4512 2130 4583 guis
2149 4511 2266 4580 ejus
2296 4511 2486 4566 fuisset
2531 4510 2749 4566 ell‘usus.
2783 4508 2959 4564 Unum
2990 4510 3182 4564 horum
3218 4527 3320 4565 vox
3353 4512 3602 4581 angelica

2010 4603 2235 4659 visionis
2261 4603 2500 4673 aperuit;
2529 4601 2755 4655 alterum
2790 4615 2920 4655 vero
2955 4601 3070 4670 ipse
3100 4600 3356 4660 Dominus
3406 4601 3600 4655 indica-

1933 4685 1988 4746 D
2009 4696 2106 4752 vit.
2139 4695 2273 4750 Nam
2294 4710 2414 4749 cum
2445 4693 2770 4763 desponsata
2801 4701 2944 4752 esset
2970 4692 3136 4747 Maria
3168 4702 3340 4748 mater
3362 4694 3479 4763 ejus
3509 4693 3600 4748 Jo-

2009 4791 2164 4861 scph,
2192 4800 2264 4854 et,
2295 4789 2432 4844 sicut
2462 4786 2793 4870 evangelista
2827 4793 3073 4852 testatur,
3115 4785 3425 4856 priusquam
3475 4803 3603 4841 con»

2008 4883 2275 4946 venirent,
2322 4880 2540 4934 inventa
2587 4890 2730 4934 esset
2786 4879 2838 4933 in
2882 4887 3037 4933 utero
3059 4879 3266 4934 habens
3305 4878 3373 4933 de
3401 4878 3602 4949 Spiritu

2008 4982 2217 5039 sancto,
2273 4971 2645 5042 conceptionis
2694 4971 2835 5026 illius
2883 4987 3043 5025 causa
3092 4971 3350 5026 nescienti
3404 4969 3600 5040 Joseph

2009 5066 2128 5120 istis
2151 5054 2433 5120 est'verbis
2464 5063 2530 5118 ab
2555 5062 2746 5132 angelo
2771 5064 3016 5117 nuntiata
3045 5079 3057 5116 :
3081 5061 3272 5131 Joseph
3301 5060 3380 5131 fili
3411 5057 3601 5128 David,

2010 5158 2116 5212 noli
2159 5159 2336 5210 tintere
2382 5157 2613 5226 accipere
2659 5153 2888 5209 Mariam
2940 5154 3210 5225 conjugem
3238 5162 3376 5216 tuam
3405 5169 3422 5204 :
3465 5163 3600 5219 quod

2007 5257 2144 5308 enim
2182 5255 2236 5307 in
2274 5271 2336 5308 ea
2383 5263 2561 5306 natum
2589 5261 2683 5320 est,
2715 5253 2778 5307 de
2825 5251 3027 5321 Spiritu
3069 5257 3247 5303 sancto
3276 5256 3371 5300 est.
3423 5245 3600 5300 I’ariet

2005 5355 2175 5400 autem
2203 5346 2390 5415 ﬁlium,
2414 5356 2462 5399 et
2491 5344 2695 5399 vocabis
2731 5359 2916 5397 nomen
2946 5342 3055 5412 ejus
3089 5341 3286 5395 Je-m.
3315 5337 3435 5410 Ipse
3464 5339 3598 5392 enim

2005 5438 2203 5493 salvum
2227 5439 2379 5510 faciet
2408 5437 2651 5508 populum
2681 5451 2829 5488 suum
2852 5451 2883 5486 ιι
2909 5434 3131 5504 peccatis
3175 5447 3350 5485 eorum
3381 5429 3595 5501 (Matth.

2008 5547 2047 5598 ι,
2082 5530 2166 5595 i8,
2197 5535 2244 5584 et
2265 5526 2418 5600 seq.).
2446 5525 2587 5594 Quid
2608 5541 2738 5581 vero
2767 5523 2909 5578 aliud
2937 5531 3020 5577 est
3049 5538 3077 5575 a
3107 5521 3340 5592 peccatis
3367 5521 3596 5587 salvarc,

2011 5627 2110 5681 nisi
2141 5633 2362 5697 peccata
2391 5622 2697 5678 dimittere?
2724 5617 2857 5674 Nam
2884 5625 2940 5673 et
2971 5618 3084 5687 ipse
3116 5615 3366 5671 Salvator
3393 5623 3594 5678 noster,

2009 5717 2102 5787 qui
2134 5717 2277 5772 venit
2300 5715 2506 5775 salvum
2538 5713 2716 5767 facere
2745 5710 2889 5781 quod
2918 5710 3158 5781 perierat
3184 5709 3397 5782 (Matth.
3452 5721 3596 5773 xvtu,

2089 5909 2110 5935 ο
2144 5896 2264 5964 Με..
2295 5898 2477 5952 vitiose
2497 5895 2726 5949 viventis.

2085 5968 2108 6007 τ¹
2137 5967 2258 6040 Ms.,
2292 5970 2345 6025 in
2373 5967 2506 6025 bona
2534 5967 2636 6023 via.
