4130 6444
569 380 673 445 BS!

1606 377 1671 434 s.
1702 329 2417 434 summam.th
2456 365 2835 427 ausaausa.

3750 359 3855 418 53!

571 498 597 552 i
618 498 684 574 l),
716 496 786 551 ob
815 496 919 551 hoe
937 510 998 550 se
1016 495 1238 551 venisse
1270 501 1515 558 testatur,
1542 502 1603 547 ut
1632 502 1849 548 vocaret
1899 499 2149 563 peccato-
2175 491 2231 552 Α
2253 486 2631 543 haereticorum
2670 480 2946 542 consortio
2995 476 3266 574 usquead
3305 482 3536 574 mortem
3566 482 3853 574 teneantur

572 605 658 646 res
680 590 733 645 in
763 589 1159 661 paenitentiam.

1196 700 1427 756 CAPUT
1468 700 1532 754 V.

638 816 953 873 Vocationis
980 824 1159 872 autem
1182 815 1426 886 hujusa'd
1451 816 1824 887 pmnitentiam
1862 814 2159 885 principale

561 919 641 963 est
682 910 1024 976 beneﬁcium,
1073 909 1302 980 gratuita
1340 909 1588 965 remissio
1641 917 2007 979 peccatorum.
2054 909 2158 965 Pr'o

561 1016 664 1071 qua
693 1002 833 1057 idem
850 999 1185 1071 Redemptor
1205 998 1409 1065 noster,
1442 1009 1665 1071 peracto
1686 1000 1961 1071 paschalis
1988 1008 2157 1057 omna}

561 1092 836 1161 convivio,
882 1092 1199 1162 sanguinem
1248 1100 1403 1147 suum
1450 1092 1704 1146 mundat
1750 1091 2154 1147 etlbndcmlum.

548 1182 752 1261 ‘Ribite,
782 1183 975 1251 inquit,
1018 1196 1083 1236 ea:
1124 1181 1219 1237 hoc
1260 1190 1456 1237 annos.
1504 1170 1606 1236 Hic
1640 1190 1721 1235 est
1763 1184 1898 1236 enim
1942 1184 2158 1253 stingui?

566 1284 705 1327 utens
725 1274 842 1329 novi
865 1272 1198 1335 Testamenti,
1224 1273 1311 1345 qui
1332 1288 1425 1345 pro
1454 1276 1627 1328 inultis
1656 1273 1952 1343 cﬁ‘umletar
1976 1276 2029 1327 in
2067 1288 2154 1327 re-

566 1367 860 1421 missionem
887 1374 1211 1435 peccatorum
1239 1364 1453 1436 (Matth.
1480 1372 1625 1430 x‘xw,
1656 1362 1768 1436 28).
1812 1362 1970 1437 πθ
2002 1364 2156 1421 lianc

567 1457 746 1524 igitur,
777 1457 917 1511 sicut
946 1456 1199 1522 arbitror,
1233 1464 1325 1511 aut
1350 1470 1557 1524 omnes,
1584 1465 1677 1512 aut
1702 1471 1837 1528 pene
1867 1459 2040 1513 omnis
2054 1458 2155 1527 'qui

566 1549 806 1617 quolibet
831 1548 999 1605 Modo
1041 1550 1345 1621 appellatur
1380 1549 1687 1606 Christiano
1725 1552 1962 1618 nomine,
2008 1552 2157 1606 inve-

565 1640 678 1693 nire
700 1639 1007 1707 desiderat;
1032 1641 1134 1695 scd
1161 1641 1387 1696 interest
1413 1640 1506 1695 ubi
1524 1642 1778 1711 quisque,
1800 1641 1885 1696 vel
1913 1640 2152 1712 quando,

565 1731 648 1786 vel
688 1732 921 1801 qualiter
968 1741 1194 1801 quaerat.
1242 1731 1427 1802 Neque
1466 1734 1609 1787 enim
1656 1733 1724 1788 ad
1778 1734 2152 1789 remissionem

564 1832 908 1894 peccatorum
938 1826 1139 1896 poterit
1167 1828 1467 1897 pervenire,
1492 1827 1539 1882 si
1562 1828 1689 1898 quis
1716 1836 1808 1883 aut
1836 1843 2019 1884 veram
2041 1836 2152 1884 non

565 1922 750 1970 teneat
780 1915 961 1984 iidem,
987 1924 1079 1972 aut
1110 1918 1344 1988 negligat
1364 1918 1519 1973 bona:
1541 1920 1871 1989 operationis
1892 1919 2149 1987 ollicium,

565 2016 658 2062 aut
684 2015 853 2063 rectae
906 2009 1237 2065 credulitatis
1276 2010 1433 2064 b‘ensc
1477 2012 1783 2079 operationi
1833 2027 2153 2068 concessum

564 2097 817 2154 divinitus
860 2108 1078 2170 tempus
1108 2100 1402 2155 mortifera
1456 2111 1865 2172 praeoccupatus
1911 2106 2156 2161 vanitate

565 2196 897 2267 contemnat.
924 2188 1057 2247 Haec
1084 2206 1317 2262 namque
1342 2192 1470 2258 tria,
1502 2191 1556 2246 id
1589 2196 1691 2259 est,
1740 2192 1892 2259 ﬁdes,
1920 2203 2158 2265 mansa

565 2288 799 2353 tempus,
831 2281 906 2337 ita
932 2289 1062 2338 sunt
1081 2282 1241 2339 simul
1262 2282 1568 2340 hominibus
1604 2284 1662 2339 in
1697 2284 1803 2339 hac
1823 2284 1930 2339 vita
1960 2298 2156 2341 necess-

563 2374 728 2444 saria,
760 2383 820 2431 ut
838 2375 890 2431 si
917 2375 1003 2433 cui
1022 2388 1284 2431 unum-ex
1302 2376 1387 2431 his
1409 2375 1652 2432 tribusin
1674 2377 1928 2448 praesenti
1952 2378 2157 2433 stellio

562 2465 813 2533 defuerit,
840 2474 1062 2523 meum
1081 2468 1206 2521 vitae
1238 2468 1513 2539 particeps
1548 2480 1666 2523 esse
1710 2483 1822 2523 non
1844 2469 2056 2539 possit;
2086 2472 2158 2524 se

563 2570 664 2626 per
690 2556 796 2613 hoc
824 2572 927 2614 nec
1374 2566 1722 2631 peccatorum
1758 2568 2154 2633 enumquam,

528 2680 537 2687 ο
563 2661 662 2718 per
686 2643 850 2719 qu'atn
876 2648 950 2705 ad
964 2656 1183 2705 internas
1201 2650 1325 2706 vitae
1339 2652 1620 2720 [imminut
1641 2654 1970 2723 pet-venitur.
1993 2654 2159 2721 Quod

562 2759 787 2802 necesse
804 2754 909 2812 est,
940 2744 1171 2802 Domo
1202 2746 1517 2816 adiuvante,
1554 2748 1863 2807 divinorum
1908 2750 2159 2806 testimo-

561 2838 772 2894 niorum
801 2839 1151 2895 attestatiene
1170 2842 1561 2895 monstremus.
1805 2866 1814 2876 -

1162 2951 1399 3009 CAPUT
1434 2948 1524 3009 Vl.

633 3052 752 3114 Prze
780 3048 1029 3115 omnibus
1057 3059 1241 3128 itaque
1259 3101 1275 3128 ,
1317 3056 1474 3113 nobis
1520 3060 1604 3114 est
1628 3052 1783 3114 urina
1828 3057 2157 3114 credulitate

559 3152 921 3217 retinendum,
944 3151 1353 3207 misericordem
1383 3158 1437 3205 et
1454 3150 1656 3220 justum
1696 3160 1819 3208 esse
1860 3142 2153 3207 Dominum

2263 578 2479 645 innexi;
2510 578 2695 641 minus
2728 574 3135 632 considerantes
3164 564 3311 627 illam
3343 562 3642 626 Salvatoris
3686 569 3854 624 nostri

2261 673 2587 730 sententiam
2622 668 2885 726 dicentis:
2919 662 3020 731 Qui
3054 680 3136 719 me
3178 664 3447 735 confessus
3483 652 3638 734 fuerit
3682 675 3857 715 coram

2262 764 2573 829 hominibus,
2597 761 2884 834 conﬁtebor
2910 768 2961 815 et
3002 775 3097 831 ego
3144 773 3261 813 eum
3298 772 3476 813 coram
3515 753 3677 810 Patre
3721 771 3855 820 meo,

2260 860 2422 931 quiin
2445 856 2585 912 catis
2605 864 2710 921 est;
2736 863 2786 909 et
2805 855 2890 925 qui
2916 868 2999 906 me
3026 840 3287 921 negaverit
3325 863 3504 903 coram
3541 844 3856 933 hominibus,

2261 948 2460 1020 negabo
2489 957 2539 1003 et
2560 963 2651 1020 ego
2670 961 2788 1001 eum
2815 959 2992 999 coram
3012 938 3183 996 Patre
3208 948 3344 1009 tneo,
3385 939 3472 1011 qui
3508 936 3563 993 in
3594 937 3732 992 cretis
3780 946 3861 991 est

2263 1040 2482 1111 (Matth.
2515 1057 2568 1106 κ,
2599 1037 2710 1107 59.).
2742 1036 2812 1091 Et
2832 1037 2939 1092 alio
2959 1036 3083 1091 loco
3110 1053 3120 1087 ε
3148 1020 3247 1098 Qui
3268 1050 3350 1088 me
3371 1030 3650 1100 erubuerit,
3670 1040 3723 1086 et
3746 1048 3859 1086 ser-

2260 1148 2441 1188 mones
2462 1148 2625 1199 meos,
2648 1130 2783 1185 hunc
2810 1127 2859 1182 F
2858 1129 2985 1183 ilius
3008 1127 3229 1182 hominis
3250 1125 3533 1193 erubescet,
3559 1139 3677 1179 cunt
3700 1139 3856 1178 uene-

2262 1224 2331 1279 rit
2359 1212 2413 1277 in
2442 1222 2714 1293 majestate
2738 1237 2857 1284 sua,
2890 1227 2940 1273 et
2968 1207 3169 1285 Patris,
3203 1225 3256 1272 et
3297 1226 3594 1272 sancton
3639 1206 3856 1287 angelo?

2264 1330 2379 1368 rum
2435 1310 2585 1384 (Luc.
2620 1328 2694 1378 ix,
2725 1300 2840 1381 26).
2891 1308 3167 1379 Plerisque
3213 1322 3343 1363 vero
3378 1296 3604 1363 'human’i
3640 1306 3859 1377 generis

2262 1406 2512 1461 inimicus
2541 1403 2606 1459 ad
2635 1404 2740 1460 hoc
2771 1408 3117 1474 peccatorum
3138 1392 3309 1472 36h.
3345 1414 3565 1456 suorum
3600 1386 3858 1453 recorda-

2262 1498 2467 1553 tionem
2497 1496 2717 1553 molitur
2746 1495 3012 1567 ingerere,
3031 1506 3090 1549 ut
3112 1482 3197 1549 vel
3220 1490 3498 1549 obduratis
3520 1490 3858 1563 desperatio-

2262 1604 2387 1644 nem
2417 1587 2746 1643 remissionis
2773 1586 2998 1656 injiciat,
3025 1594 3081 1641 et
3103 1600 3197 1641 eos
3224 1576 3463 1641 remedio
3483 1574 3857 1641 conversionis

2261 1681 2531 1738 excludat.
2566 1672 2690 1737 Haec
2728 1688 2909 1737 autem
2950 1680 3131 1735 omnia
3179 1694 3285 1734 non
3324 1676 3394 1733 ob
3436 1672 3582 1732 aliud
3634 1670 3859 1730 fraudu-

2261 1772 2409 1827 lenta
2436 1787 2653 1842 semper
2683 1772 2793 1843 agit
2820 1772 3069 1828 obtectus
3094 1768 3323 1835 fallacia,
3361 1767 3463 1822 nisi
3503 1776 3560 1823 ut
3590 1776 3855 1838 opportu-

2178 1873 2237 1938 ι
2263 1863 2490 1919 nitatem
2519 1862 2780 1932 temporis
2804 1858 3025 1926 adimat,
3072 1875 3176 1930 qua
3215 1858 3493 1915 conversis
3524 1865 3710 1928 potest
3757 1854 3858 1912 do-

2265 1955 2383 2010 nari
2412 1954 2698 2019 remissio;
2732 1968 2795 2009 ac
2816 1954 2920 2019 sic,
2955 1954 3215 2023 quantum
3252 1948 3321 2006 ad
3349 1950 3465 2019 ejus
3503 1949 3695 2003 attinet
3736 1964 3857 2002 ma-

2261 2046 2584 2116 lignitatem,
2608 2047 2654 2101 si
2678 2045 2791 2102 ﬁeri
2806 2047 3001 2118 possit,
3025 2060 3187 2100 nemo
3206 2044 3486 2115 perveniat
3513 2042 3582 2098 ad
3596 2042 3854 2098 salutem.

2261 2134 2433 2193 Deum
2467 2152 2700 2209 namque
2723 2136 3128 2193 misericordem
3162 2135 3472 2206 iustumque
3500 2149 3624 2190 esse
3651 2146 3860 2201 cogno-

2261 2231 2394 2297 scit,
2463 2245 2563 2286 nec
2618 2232 2834 2301 ignorat
2879 2229 3025 2299 quod
3080 2236 3428 2299 peccatorum
3476 2224 3857 2282 remissionem

2260 2322 2380 2379 sola
2429 2322 2497 2379 de
2527 2322 2640 2381 Deo
2670 2323 2851 2394 possit
2886 2322 3091 2378 elicere
3143 2320 3321 2377 cordis
3374 2330 3501 2375 vera
3544 2317 3857 2375 conversio.

2260 2412 2379 2471 Scit
2405 2415 2570 2471 etiam
2601 2414 2747 2486 quod
2771 2429 2881 2470 non
2914 2413 3043 2469 alibi
3064 2426 3230 2483 quam
3260 2412 3319 2467 in
3341 2411 3459 2468 solo
3498 2410 3709 2480 gremio
3744 2408 3860 2463 Ca-

2262 2508 2481 2564 tholica:
2504 2508 2692 2563 Manis
2708 2507 2907 2564 dimitti
2934 2507 3144 2578 possint
3164 2513 3388 2577 peccata
3417 2502 3725 2569 conversis;
3748 2516 3860 2556 nec

2262 2613 2389 2655 eum
2426 2599 2568 2657 latet
2617 2600 2672 2655 in
2706 2600 2964 2670 pensanti
3011 2605 3219 2653 tantum
3248 2595 3448 2653 sacratio
3480 2594 3858 2652 remissionem

2263 2691 2505 2747 omnium
2528 2699 2881 2762 peccatorum
2920 2690 3206 2748 conversis
3246 2703 3409 2760 posse
3442 2685 3668 2744 concedi
3702 2704 3717 2741 :
3762 2685 3859 2741 ubi

2260 2782 2558 2841 humanum
2580 2799 2778 2857 genus,
2816 2799 2925 2855 per
2949 2783 3299 2840 constitutum
3324 2779 3581 2837 divinitus
3607 2777 3857 2835 ordinent

2266 2876 2581 2933 decessione
2608 2878 2978 2943 morientium,
3010 2876 3465 2944 successioneque
3484 2872 3856 2935 nascentium.

2262 2968 2496 3024 carnalis
2530 2968 2831 3024 nativitatis
2874 2984 3017 3026 nexu
3060 2983 3167 3024 non
3208 2967 3406 3038 injuste
3442 2965 3858 3034 constringitur,

2264 3073 2430 3134 atque
2449 3065 2675 3136 spiritali
2706 3065 2988 3121 nativitate
3016 3064 3191 3135 gratis
3228 3063 3493 3119 enodatur
3520 3080 3532 3115 :
3565 3061 3657 3117 ubi
3685 3060 3858 3115 etiam

2264 3171 2482 3213 omnem
2512 3165 2724 3213 reatum
2742 3165 2840 3213 aut
2858 3157 3030 3213 solvit
3054 3156 3365 3224 conversio,
3391 3162 3485 3210 aut
3512 3152 3857 3210 insolubilem

558 3242 726 3301 Deum
757 3250 1019 3301 nostrum.
1045 3238 1182 3300 Hinc
1206 3244 1349 3299 enim
1370 3241 1529 3300 facile
1548 3246 1730 3316 potest
1756 3245 2153 3317 inquirentibus
2176 3256 2229 3322 ε
2260 3249 2409 3317 facit,
2430 3265 2530 3306 seu
2559 3265 2712 3306 nam
2730 3250 2854 3322 spei
2880 3250 3150 3320 neglectio
3182 3249 3412 3315 nutrita,
3456 3248 3570 3304 sive
3597 3246 3857 3317 despera-

559 3342 844 3406 apparere,
874 3334 1121 3406 qualibus
1145 3341 1367 3406 peccata
1389 3334 1533 3390 Deus
1558 3335 1811 3402 dimittat,
1842 3336 1933 3393 ubi
1958 3334 2152 3394 dimit-

562 3428 660 3495 tat,
706 3425 934 3493 quando
965 3425 1220 3480 dimittat.
1273 3420 1477 3493 Quibus
1512 3426 1760 3497 cognitis,
1783 3436 1886 3485 nec
1926 3440 2151 3499 pravam

558 3522 844 3593 quisquam
870 3508 1102 3574 retineat
1124 3519 1194 3574 ‘d‘e
1236 3518 1349 3574 Deo
1397 3519 1741 3585 sententiam,
1775 3534 1875 3576 nec
1916 3528 2151 3577 conver-

558 3613 766 3667 sionem
796 3620 944 3666 suam
975 3608 1225 3680 negligat,
1251 3624 1350 3666 nec
1373 3624 1402 3664 a
1423 3610 1689 3667 catholica
1708 3602 1947 3668 Ecclesia
1970 3611 2151 3668 disce-

560 3700 686 3771 dat;
718 3713 809 3759 aut
846 3705 891 3761 si
910 3704 1033 3773 quis
1072 3702 1337 3768 disceSsit,
1382 3692 1634 3758 celeriter
1674 3708 1999 3771 revertatur;
2044 3712 2153 3760 nec

559 3796 628 3851 de
658 3805 900 3866 tempore
929 3794 1028 3849 sibi
1059 3793 1188 3850 velit
1218 3793 1416 3849 insulsa
1451 3794 1781 3862 cogitatione
1805 3791 2031 3851 blandiri
2051 3834 2066 3861 ,
2097 3792 2149 3849 si

557 3884 626 3942 ad
657 3887 825 3943 Deum
867 3888 920 3942 in
960 3888 1061 3942 hac
1083 3888 1191 3942 vita
1220 3888 1505 3956 quisquam
1552 3886 1796 3943 converti
1842 3887 2053 3954 nolens,
2089 3888 2152 3943 et

559 3996 729 4052 usque
759 3981 826 4037 ad
857 3984 1087 4037 mortem
1122 3980 1491 4051 iniqttitatibus
1530 3983 1793 4049 serviens,
1839 3991 1964 4054 post
2005 3983 2150 4040 hanc

555 4076 721 4129 vitam
747 4090 806 4133 se
828 4066 1012 4131 credat
1039 4068 1358 4146 adepturum
1384 4076 1755 4133 remissionem
1776 4066 2148 4148 peccatorum,

554 4164 772 4233 quando
833 4165 944 4235 jam
999 4166 1377 4237 prmjudicatus
1411 4204 1422 4225 ς
1461 4174 1709 4239 tempere
1780 4168 2149 4226 tribulationis

554 4254 715 4328 (forte
748 4248 1135 4327 retributionis)
1166 4257 1358 4314 divina:
1396 4273 1505 4313 non
1538 4266 1817 4329 peccatum
1847 4262 2016 4332 possit
2061 4262 2149 4316 vi-

554 4356 671 4402 tare
734 4360 1047 4411 conversus,
1104 4348 1202 4404 sed
1264 4347 1514 4419 supplicii
1568 4356 1785 4404 maneat
1837 4351 2148 4408 aeternitate

552 4438 907 4495 damnandus.
932 4436 1114 4495 Multis
1149 4439 1291 4495 enim
1336 4432 1825 4512 multiplicibusque
1865 4439 2145 4498 fraudibus

553 4531 694 4587 viam
718 4530 952 4588 etclestis
973 4532 1181 4587 itineris
1209 4530 1451 4588 diabolus
1470 4532 1722 4590 claudere
1750 4533 1938 4589 nititur
1964 4542 2020 4590 et
2047 4549 2142 4590 ce-

2262 3344 2413 3400 tione
2465 3343 2723 3400 roborata
2741 3352 2801 3399 et
2820 3358 2999 3413 usque
3042 3343 3096 3398 in
3127 3339 3289 3398 ﬁnem
3314 3348 3525 3398 retenta
3548 3338 3730 3399 cordis
3746 3336 3855 3399 ob:

2260 3435 2439 3491 durati
2466 3435 2727 3505 nequitia.

2863 3573 3093 3643 CAPUT
3132 3572 3240 3642 vii.

2331 3705 2440 3762 Sed
2462 3704 2577 3777 jam
2597 3708 2836 3777 suscepti
2860 3704 3041 3775 operis
3059 3699 3337 3773 compellit
3381 3696 3636 3755 instantia
3650 3702 3720 3751 ut
3736 3709 3850 3750 etn-

2261 3800 2352 3855 nia
2370 3814 2494 3871 qua:
2513 3799 2763 3871 superius
2782 3796 3053 3863 intimavi,
3080 3792 3650 3863 debita-disputatione
3685 3796 3853 3857 atque

2258 3890 2661 3962 Scriptum-tun
2708 3898 3016 3947 sanctarum
3080 3886 3430 3943 attestatione
3495 3881 3848 3955 pet-doceam.

2261 3984 2554 4042 Enimvero
2568 3985 2847 4055 utriusque
2868 3981 3106 4038 veridica
3117 3980 3285 4035 series
3301 3973 3632 4033 Testamenti
3651 3978 3851 4029 cuncta

2254 4091 2377 4146 quae
2415 4076 2482 4133 ad
2521 4082 2844 4147 proventum
2891 4073 3167 4145 pertinent
3213 4071 3459 4126 humana}
3503 4065 3694 4124 salutis
3735 4077 3849 4117 non

2256 4175 2436 4236 tacet;
2482 4176 2541 4223 ut
2590 4166 2720 4223 nihil
2770 4166 2838 4222 sit
2883 4165 3025 4237 quod
3084 4165 3137 4219 in
3179 4170 3457 4234 posterum
3503 4162 3847 4226 contemptor

2252 4258 2592 4316 damnandus
2621 4264 2863 4315 excuset.
2898 4254 3271 4329 Principaliter
3300 4253 3464 4322 igitur
3491 4248 3667 4306 omnis
3697 4244 3847 4302 Scri-

2251 4359 2413 4422 ptura
2434 4350 2688 4405 divinitus
2707 4348 2964 4418 inspirata
2984 4356 3148 4402 unum
3167 4360 3351 4401 verum
3377 4358 3441 4399 ac
3454 4342 3626 4398 solum
3651 4336 3844 4404 Deum,

2252 4440 2402 4496 illam
2424 4437 2631 4496 scilicet
2656 4436 3000 4505 Trinitatem,
3031 4435 3087 4491 id
3115 4441 3217 4501 eet,
3249 4428 3487 4499 Patrem,
3533 4438 3588 4486 et
3624 4424 3842 4492 ﬁlium,

2248 4541 2309 4590 et
2359 4532 2618 4604 Spiritum
2659 4538 2925 4596 sanctum,
2974 4537 3087 4583 tam
3134 4524 3537 4583 misericordem
3582 4520 3844 4594 praedicat

551 4623 664 4680 lare
695 4664 714 4695 ,
736 4621 889 4693 cujus
903 4622 1011 4679 hoc
1032 4634 1116 4678 est
1136 4622 1451 4679 incessabile
1473 4618 1727 4690 studium,
1757 4632 1817 4679 ut
1838 4623 1905 4680 ad
1925 4626 2140 4681 crucia-
2164 4638 2223 4702 Β
2241 4640 2369 4682 esse
2398 4639 2557 4696 quam
2592 4625 2813 4695 justum.
2857 4623 2962 4695 ipsi
3009 4623 3153 4677 enim
3205 4634 3275 4677 ex
3318 4630 3551 4693 persona
3588 4616 3842 4673 Ecclesiae

550 4726 636 4775 tus
662 4718 746 4772 sui
774 4717 1089 4773 societatem
1113 4715 1432 4773 miserorum
1466 4714 1700 4784 turbam,
1741 4725 2140 4787 quantumcun-
2238 4717 2485 4773 dicitur:
2520 4714 2940 4771 Misericorde
2987 4724 3037 4769 et
3049 4713 3305 4785 judicium
3340 4710 3561 4767 cantabo
3584 4708 3696 4772 tibi,
3726 4705 3840 4779 Do-

550 4824 658 4882 que
677 4809 937 4881 potuerit,
968 4807 1055 4863 vel
1083 4806 1261 4863 trahat
1298 4807 1551 4873 illectam,
1593 4808 1680 4863 vel
1707 4814 1866 4879 cogat
1893 4808 2138 4865 invitam.

550 4898 847 4957 Nonnullos
870 4899 1068 4971 quippe
1086 4897 1237 4968 facit,
1260 4897 1470 4969 abiecta
1491 4896 1922 4956 consideratione
1944 4892 2139 4954 divina:

549 4990 786 5060 iustitiae,
817 4984 988 5045 solam
1018 4987 1114 5044 Dei
1141 4988 1567 5045 misericordiam
1593 4989 1861 5060 cogitare;
1901 4997 1963 5043 ut
1999 5002 2135 5044 con-

548 5089 850 5147 vet‘sionem
880 5102 1031 5145 suam
1062 5089 1352 5159 negligant,
1392 5089 1766 5147 existimantes
1810 5103 1889 5158 se,
1920 5088 2135 5147 etiamsi

548 5182 716 5255 usque
741 5183 795 5239 in
822 5178 984 5237 ﬁnem
1005 5181 1347 5237 criminosam
1370 5180 1620 5236 duxerint
1648 5181 1832 5249 vitam,
1859 5179 2136 5237 remissio-

548 5275 630 5329 nis
656 5270 923 5329 benelicio
962 5273 1231 5343 petituros
1282 5287 1419 5327 esse.
1466 5270 1616 5328 Alios
1662 5280 1847 5328 autem
1887 5273 1983 5345 (al.
2016 5273 2132 5344 aut)

547 5366 693 5436 cogit
736 5373 831 5421 aut
885 5362 1055 5424 illicit,
1088 5362 1337 5419 Ecclesia:
1391 5361 1671 5420 catholica:
1723 5364 1929 5432 gremio
1976 5363 2136 5419 dere-

548 5456 699 5523 licto,
729 5448 798 5510 ad
826 5454 1059 5511 bzcreses
1084 5444 1170 5510 vel
1198 5455 1492 5511 schismata
1521 5454 1798 5525 depravati
1822 5456 2001 5511 cordis
2023 5468 2131 5511 cte-

548 5540 714 5602 citate
765 5547 1014 5602 transire.
1060 5545 1299 5613 Quorum
1355 5547 1565 5602 animos
1620 5545 1939 5618 deceptione
1986 5546 2132 5603 falsa:

547 5637 918 5709 promissionis
946 5638 1223 5710 illaqueat,
1254 5647 1312 5693 ut
1341 5636 1428 5695 vel
1456 5632 1646 5709 putent
1679 5653 1739 5695 se
1764 5644 1917 5695 recte
1956 5637 2131 5695 fulciri

546 5724 815 5797 dogmate,
841 5729 926 5783 vel
954 5737 1174 5799 sperent
1195 5729 1296 5785 sibi
1324 5745 1424 5800 pro
1466 5728 1582 5786 sola
1610 5728 1785 5786 cordis
1811 5730 2131 5787 credulitate

547 5818 781 5876 futurum
805 5820 1137 5876 remissionis
1156 5819 1496 5887 beneﬁcium,
1528 5822 1740 5877 etiamsi
1767 5821 1893 5878 ﬁcto
1923 5822 2127 5888 animo,

2247 4808 2391 4862 mine
2418 4804 2595 4877 (Psat.
2640 4822 2692 4872 c,
2739 4804 2813 4877 l).
2842 4800 2920 4860 De
2952 4802 3045 4859 illo
3074 4803 3237 4858 etiam
3259 4801 3505 4857 cam'tur:
3534 4799 3840 4855 Hisericors

2236 4898 2505 4955 Dominus
2527 4907 2582 4954 ‘et
2602 4897 2794 4969 justas,
2826 4907 2874 4953 et
2916 4894 3052 4952 Deus
3092 4905 3267 4951 noster
3303 4892 3630 4950 miserebitur
3659 4889 3833 4962 (Ptol.

2243 5000 2390 5055 cxtv,
2424 4989 2500 5062 5).
2535 4990 2653 5045 Alio
2682 5002 2899 5061 quoque
2924 4990 3083 5046 loco:
3137 4986 3397 5055 Quoniam
3431 4988 3606 5059 justus
3654 4984 3838 5046 Domi-

2246 5096 2346 5136 nus
2392 5091 2441 5136 "et
2483 5081 2718 5153 justiﬁes
2774 5081 2976 5148 dilexit,
3021 5081 3312 5150 (equitatem
3348 5078 3476 5134 cidit
3514 5078 3681 5134 vultus
3724 5078 3837 5148 ejus

2246 5174 2423 5249 (Psa‘t.
2455 5186 2509 5241 x,
2538 5173 2616 5247 8).
2662 5173 2852 5231 Denuo
2891 5172 3128 5230 dicitur:
3178 5172 3443 5227 Universa:
3484 5172 3584 5225 via:
3623 5167 3836 5224 Domini

2248 5266 2610 5321 misericordia
2650 5278 2697 5321 et
2730 5267 2919 5322 veritas
2964 5262 3142 5337 (Psal.
3185 5278 3335 5332 xxrv,
3360 5262 3478 5333 ¹10).
3505 5260 3574 5316 Ει
3608 5274 3829 5316 rursus:

2245 5359 2509 5427 Quoniam
2547 5363 2957 5418 misericordiam
2993 5372 3043 5416 et
3069 5363 3334 5416 veritatem
3374 5360 3542 5433 diligit
3580 5353 3831 5413 Dominus

2245 5453 2424 5525 (Psat.
2458 5472 2680 5520 txxxtn,
2718 5454 2826 5527 1‘2).
2858 5455 2914 5511 in
2940 5456 3120 5529 primo
3156 5462 3372 5526 quoque
3422 5454 3665 5524 decalogi
3705 5458 3830 5524 prte-

2240 5556 2404 5618 cepto
2422 5547 2628 5618 justum
2657 5562 2715 5602 se
2741 5546 2882 5603 idem
2907 5547 3165 5603 Dominus
3194 5547 3290 5619 (al.
3322 5545 3487 5617 Deus)
3514 5545 3825 5601 misericor-

2238 5635 2473 5707 demque
2515 5637 2593 5692 sic
2618 5638 2865 5692 intimat:
2898 5637 3010 5709 Ego
3050 5654 3163 5692 sum
3201 5635 3458 5693 Dominus
3503 5633 3644 5691 Deus
3693 5642 3824 5702 tuus,

2240 5729 2382 5785 Deus
2412 5730 2605 5795 zelans,
2641 5733 2727 5801 qui
2768 5731 2927 5785 reddo
2953 5741 3166 5802 peccata
3221 5739 3428 5798 patrum
3469 5731 3525 5785 in
3577 5729 3736 5801 ﬁlios,
3770 5729 3823 5781 in

2243 5825 2453 5878 tertiam
2482 5833 2529 5877 et
2550 5834 2785 5895 quartam
2812 5827 3125 5896 progeniem,
3159 5825 3213 5877 in
3243 5825 3323 5879 his
3353 5824 3442 5896 qui
3468 5823 3689 5879 oderunt
3716 5836 3819 5883 me;

548 5928 646 5978 pro
682 5913 939 5977 temporis
975 5913 1061 5967 vel
1101 5912 1484 5971 commoditate
1518 5916 1599 5973 vel
1631 5924 1795 5985 metu,
1845 5914 2126 5972 mortifero
2234 5925 2287 5970 et
2340 5916 2536 5989 [abiens
2574 5916 2979 5970 misericordiam
3020 5915 3080 5970 in
3124 5915 3297 5971 mittit:
3353 5917 3568 5993 millium
3605 5916 3685 5971 Itis
3736 5914 3818 5988 qui

1188 6040 1301 6061 ..δ’
