4108 6464
252 439 368 495 535

1244 424 1346 481 DE
1382 417 1787 480 REMISSIONE
1828 413 2292 473 PECCATORUM
2331 415 2457 469 LIB.
2498 416 2539 467 ι.

3431 409 3535 466 534

243 560 437 611 nutant
460 520 508 606 et
528 547 820 605 custodiunt
841 550 1097 618 praecepta
1125 556 1237 596 mea
1267 538 1466 612 (Exod.
1495 555 1587 602 xx,
1606 527 1689 607 ὅ).
1712 534 1839 588 l'ro-
1863 533 1917 595 Α
1940 528 2164 615 gligant,
2191 535 2247 581 et
2271 525 2510 581 habenas
2532 520 2907 592 iniquitatibus
2929 518 3265 618 relasantes,‘
3295 517 3420 618 dum
3443 520 3533 576 de-

244 654 443 717 pterea
476 640 689 714 Moyses
716 638 882 694 dicit:
914 634 1167 690 Dominus
1201 629 1339 686 Deus
1359 629 1633 701 indulgens
1653 635 1703 681 et
1734 625 1837 679 mi-

240 737 495 804 sericors,
527 732 725 806 patiens
752 740 802 786 et
822 730 997 784 multa:
1015 724 1384 781 misericordia:
1410 729 1457 776 et
1483 736 1659 803 verax,
1680 718 1840 791 justi-

242 828 381 881 tiam
415 825 710 881 custodiens
737 830 787 878 et
817 818 1230 876 misericordiam
1267 817 1322 897 in
1363 813 1549 879 millia,
1593 812 1837 882 auferens

243 921 552 989 iniquitates
572 926 621 972 et
643 915 932 988 injustitias
954 921 1003 991 et
1030 917 1260 983 peccata.
1304 906 1376 961 Et
1403 922 1509 961 non
1544 901 1841 975 puriﬁcabit

244 1030 418 1076 reum,
442 1010 702 1065 adducens
725 1014 932 1080 peccata
953 1014 1161 1078 patrum
1177 1003 1232 1058 in
1254 1001 1392 1074 ﬁlios
1412 999 1639 1072 ﬁliorum
1665 997 1719 1051 in
1745 1004 1842 1050 ter-

247 1108 383 1159 tiam
426 1114 476 1158 et
513 1113 752 1172 quartam
782 1100 1085 1173 progeniem
1153 1094 1351 1168 (Exod.
1407 1109 1553 1159 xxrv,
1606 1090 1682 1161 6).
1736 1087 1840 1145 Per

246 1193 469 1250 Esaiam
496 1206 712 1263 quoque
737 1206 889 1247 suam
925 1187 1188 1244 Dominus
1227 1182 1653 1242 misericordiam
1676 1180 1841 1250 justi-

249 1285 491 1353 tiamqne
531 1285 941 1346 commemorat,
984 1276 1171 1332 dicens
1212 1293 1225 1329 :
1280 1270 1392 1345 Ego
1439 1270 1600 1338 Deus,
1645 1279 1695 1325 et
1733 1285 1839 1324 non

247 1379 387 1433 alius
410 1386 599 1449 prtBler
626 1391 726 1441 me,
748 1373 941 1445 justus,
954 1380 1012 1426 et
1037 1369 1244 1426 salvans
1271 1385 1283 1423 :
1310 1383 1415 1423 non
1441 1375 1518 1422 est
1545 1364 1680 1420 alius
1703 1378 1840 1436 prce-

249 1481 332 1527 ter
391 1488 489 1525 me.
534 1458 908 1524 'Convertimini
956 1466 1027 1519 ad
1067 1479 1166 1530 me,
1216 1471 1269 1526 et
1307 1460 1437 1516 salvi
1485 1457 1630 1514 eritis
1682 1455 1835 1527 (Isai.

250 1579 378 1626 ιιν,
408 1561 519 1634 2|).

754 1669 915 1745 ωε
941 1666 1171 1726 caper
1200 1664 1334 1723 Vili.

329 1787 426 1846 His
452 1788 615 1858 igitur
634 1795 799 1858 atque
818 1784 1120 1840 innumeris
1142 1777 1452 1851 huiusmodi
1478 1776 1807 1833 testimoniis
1822 1817 1839 1845 ,

1944 609 2167 693 sperant
2202 618 2619 688 indulgentiam,
2652 622 2871 672 currant
2917 606 3223 685 praecipites
3251 613 3307 668 in
3333 613 3534 682 gehen-

1942 728 2089 770 nam.
2120 711 2199 767 Ac
2227 711 2306 767 sic
2336 710 2426 767 ille
2471 700 2696 766 callidus
2718 704 2947 764 humani
2991 707 3208 777 generis
3247 705 3497 764 inimicus
3518 751 3536 778 ,

1943 796 2080 861 alios
2102 802 2499 875 desperationis
2523 800 2831 859 temeritate
2848 800 3170 872 prtecipitat,
3195 799 3333 857 alios
3352 806 3539 871 autem

1942 897 2150 955 fallacis
2173 897 2291 969 spei
2317 897 2641 968 deceptione
2659 895 2990 969 supplantat.
3003 896 3233 968 Propter
3247 893 3392 967 quod
3401 892 3504 950 bea
3520 924 3536 935 -

1946 999 2033 1049 tus
2054 984 2260 1046 Paulus
2284 986 2373 1062 (ιι
2402 985 2525 1045 Cor.
2547 1003 2664 1056 xm,
2695 985 2775 1061 5),
2804 987 2989 1059 inquo
3018 988 3233 1045 locutus
3263 994 3349 1044 est
3388 985 3539 1042 Chri—
3619 1008 3631 1064 ἓ

1942 1090 2079 1151 stus,
2104 1080 2245 1137 bene
2257 1074 2563 1137 viventibus
2591 1080 2834 1137 scribens
2850 1121 2865 1147 ,
2880 1080 2960 1137 sic
2981 1095 3172 1137 eorum
3192 1075 3540 1137 commendat

1944 1171 2331 1239 obedientiam,
2363 1180 2423 1227 ut
2450 1187 2573 1228 cum
2603 1180 2751 1228 metu
2777 1180 2833 1228 et
2861 1180 3097 1228 tremore
3125 1170 3359 1229 salubris
3399 1185 3540 1241 ope-

1942 1264 2171 1319 rationis
2189 1263 2378 1333 jubeat
2426 1263 2623 1319 talibus
2673 1263 2852 1319 inesse
2895 1264 3182 1320 cautelam.
3214 1261 3354 1318 Dicit
3388 1261 3540 1317 enim

1948 1350 2384 1426 Philippensibus
2417 1371 2429 1407 :
2464 1351 2680 1428 Itaque,
2723 1354 2982 1410 carissimi
3011 1354 3133 1420 mei,
3162 1355 3295 1409 sicut
3333 1338 3540 1425 semper.

1944 1447 2215 1517 obedistis,
2242 1464 2349 1505 non
2381 1447 2523 1502 utin
2561 1448 2838 1519 praesentia
2877 1465 2992 1503 mea
3022 1438 3119 1522 (al.
3153 1445 3280 1519 mei)
3313 1455 3537 1513 tantum,

1945 1540 2038 1597 sed
2065 1541 2226 1596 multo
2264 1541 2435 1612 magis
2462 1556 2599 1595 nunc
2635 1541 2688 1593 in
2739 1538 2974 1594 absentia
3021 1556 3154 1606 mea,
3184 1555 3300 1592 cum
3327 1548 3463 1592 metu
3489 1546 3539 1592 et

1948 1642 2167 1689 tremore
2194 1641 2416 1689 uestram
2442 1633 2660 1689 salutem
2682 1633 2988 1704 operamini.
3022 1624 3161 1686 Deus
3190 1639 3266 1687 est
3290 1624 3427 1685 enim
3453 1645 3541 1702 qut

1947 1734 2192 1796 operatur
2217 1725 2381 1797 366
2407 1726 2464 1780 in
2501 1724 2642 1780 vobis
2671 1734 2722 1780 et
2762 1724 2890 1779 uelle
2915 1733 2965 1778 et
2990 1724 3256 1795 perﬁcere,
3278 1739 3372 1795 pro
3403 1722 3539 1777 bona

1946 1817 2212 1871 uoluntate
2255 1810 2478 1890 (Philip.
2511 1832 2569 1884 tt,
2602 1808 2713 1889 η).
2745 1806 2841 1872 His
2880 1798 3061 1872 verbis
3104 1816 3297 1872 beatus
3340 1813 3540 1870 Paulus

252 1884 453 1989 (ιξλξδθῗ
1505 1868 1844 1989 Am
1871 1924 1924 1989 Β
1942 1906 2148 1978 justum
2171 1868 2356 1978 utique
2374 1868 2822 1974 Deum'iusinuat,
2847 1922 2972 1963 cum
2999 1868 3539 1963 metum

253 1984 313 2035 et
337 1977 533 2049 justus,
565 1972 871 2030 ostenditur
904 1974 1170 2040 quantum
1204 1963 1478 2036 dﬂigenda
1505 1962 1575 2019 sit
1600 1962 1718 2031 eius
1738 1963 1845 2015 mi-

251 2070 571 2136 sericordia,
588 2070 962 2138 quantumque
998 2061 1208 2133 iustitia
1230 2057 1524 2115 metuenda
1568 2062 1844 2111 monstra-

252 2169 367 2217 tur.
418 2158 719 2214 Misericors
760 2156 909 2211 enim
934 2162 986 2209 et
1006 2153 1287 2209 miserator
1323 2146 1616 2210 Dominus,
1641 2147 1846 2217 patiens

252 2261 309 2309 et
330 2253 548 2309 inuitum
574 2250 867 2305 misericors
894 2255 946 2302 et
968 2259 1159 2309 mox,
1176 2242 1323 2298 sicut
1349 2238 1499 2296 novit
1520 2246 1552 2293 a
1580 2246 1847 2294 converso

254 2349 581 2407 submovere
599 2343 953 2415 supplicium,
983 2342 1062 2396 sic
1084 2339 1142 2395 in
1166 2353 1234 2395 eo
1263 2337 1356 2410 qui
1383 2334 1629 2393 converti
1656 2332 1849 2388 nolue-

253 2442 348 2508 rit,
371 2440 679 2495 nutlatenus
700 2436 833 2493 sinit
858 2434 1087 2490 inultum
1114 2444 1399 2488 remanere
1426 2436 1727 2499 peccatum.
1759 2424 1848 2481 ld-

256 2535 407 2591 circo
430 2533 479 2589 Si
506 2540 645 2603 quos
668 2531 728 2585 in
768 2527 1026 2600 praesenti
1077 2525 1276 2583 saeculo
1319 2523 1410 2595 pia
1446 2521 1545 2577 Dei
1571 2520 1785 2577 bonitas
1812 2535 1847 2575 a

255 2624 627 2681 dominatione
642 2621 857 2694 peccati
887 2634 995 2674 non
1038 2617 1263 2683 liberat,
1294 2614 1444 2686 ipsos
1468 2613 1522 2668 in
1547 2610 1727 2668 futuro
1753 2626 1846 2667 se-

256 2716 461 2773 veritas
483 2715 627 2786 iusta
646 2702 993 2770 condemnat.
1022 2709 1165 2765 Hinc
1193 2714 1277 2764 est
1296 2705 1443 2777 quod
1469 2704 1663 2761 divinis
1686 2702 1845 2759 inde-

255 2809 500 2866 sinenter
552 2806 782 2876 eloquiis
830 2804 957 2858 mali
1002 2801 1294 2858 salubriter
1345 2798 1725 2862 admonentur,
1776 2809 1847 2852 ne

255 2909 577 2959 remaneant
613 2901 671 2956 iu
718 2898 976 2955 servitute
1014 2895 1265 2966 peccati,
1292 2893 1391 2949 sed
1417 2889 1846 2954 misericordiam

253 2994 385 3065 justi
401 2994 515 3059 Dei,
534 2992 662 3048 dum
680 2990 875 3046 suntin
898 2990 1006 3044 hac
1035 2987 1164 3054 vita,
1193 2986 1495 3056 requirant.
1527 2983 1693 3039 Bonis
1715 2996 1853 3052 quo-

258 3100 366 3158 que
409 3084 714 3157 praecipitur
758 3080 934 3154 (Paul.
964 3095 1025 3144 ιι,
1057 3078 1146 3148 li,
1178 3076 1265 3143 12,
1299 3074 1389 3147 i5)
1412 3119 1427 3144 ,
1454 3083 1519 3130 ut
1538 3074 1846 3130 servientes

258 3177 490 3234 Domino
514 3177 567 3232 in
594 3177 815 3239 timum,
852 3180 912 3228 et
954 3170 1296 3227 exsultantes
1337 3169 1389 3223 ci
1435 3176 1555 3223 cum
1585 3175 1843 3233 tremore,

1949 2013 2055 2069 que
2078 1997 2400 2054 servandum
2429 1995 2674 2055 ﬁdelibus
2700 1999 2961 2070 praecepit
2988 1998 3042 2054 in
3064 1998 3322 2070 operibus
3359 1997 3540 2054 bonis.

1949 2091 2356 2148 Misericordem
2383 2107 2602 2165 quoque
2641 2093 2919 2165 praedicat,
2948 2109 3109 2166 quem
3139 2094 3194 2150 in
3219 2094 3299 2152 eis
3326 2095 3541 2165 operari

1926 2181 2083 2237 dicit
2111 2189 2166 2237 et
2189 2180 2329 2238 velle
2348 2190 2405 2239 et
2432 2180 2716 2255 perﬁcere,
2737 2198 2838 2256 pro
2857 2183 3001 2240 bona
3029 2182 3327 2240 voluntate.
3355 2183 3543 2254 Neque

1948 2272 2093 2327 enim
2124 2288 2156 2329 a
2184 2271 2324 2329 bene
2370 2273 2724 2346 operantibus
2759 2273 2907 2346 justo
2953 2274 3253 2343 timeretur,
3280 2274 3325 2330 si
3367 2274 3542 2345 justus

1950 2378 2060 2419 non
2090 2372 2265 2432 esset;
2296 2379 2398 2421 nec
2451 2380 2614 2422 omne
2660 2364 3210 2423 bonumvoluntatis
3259 2377 3315 2424 et
3363 2367 3541 2438 operis

1950 2455 2066 2526 ipse
2108 2456 2163 2512 in
2212 2457 2293 2513 eis
2346 2467 2682 2528 operaretur,
2714 2458 2762 2518 si
2801 2450 3112 2517 misericors
3166 2476 3277 2516 non
3331 2458 3541 2516 fuisset.

1951 2547 2109 2606 Hunc
2132 2552 2355 2620 justitim
2395 2551 2589 2609 divina:
2615 2554 2866 2610 timorem
2890 2554 3116 2610 terribili
3142 2554 3320 2610 denuo
3349 2554 3541 2626 prmdi-

1950 2642 2168 2713 catione
2188 2642 2349 2713 justis
2370 2645 2723 2701 vehementer
2750 2646 3028 2716 apostolus
3058 2644 3259 2703 Paulus
3286 2648 3543 2719 inculcat,

1948 2731 2134 2788 dicens
2166 2751 2178 2786 ε
2213 2729 2314 2799 Qui
2341 2752 2398 2789 se
2416 2736 2679 2791 existimat
2699 2746 2857 2804 stare,
2880 2738 3053 2793 videat
3074 2755 3141 2794 ne
3168 2738 3325 2795 cadat
3345 2739 3402 2812 (Ι
3421 2740 3542 2797 Cor.

1951 2839 2006 2889 ι,
2053 2822 2175 2895 ιε).
2208 2823 2277 2880 Ει
2321 2841 2508 2882 rursus
2542 2845 2555 2880 :
2589 2826 2807 2884 Fratres
2830 2870 2846 2897 ,
2874 2828 2923 2884 si
2966 2839 3361 2900 prteoccupatus
3387 2832 3542 2903 fuerit

1951 2911 2103 2969 homo
2132 2915 2187 2968 in
2211 2914 2385 2986 aliquo
2404 2915 2614 2983 delicto,
2636 2934 2725 2973 vos
2745 2919 2833 2992 qui
2854 2919 3118 2990 spiritales
3146 2921 3290 2987 estis,
3305 2922 3541 2976 instruitc

1949 3008 2246 3081 hujusmodi
2289 3011 2346 3065 in
2386 3011 2574 3081 spiritu
2622 3011 2885 3081 lenitatis,
2933 3013 3271 3070 considerans
3302 3015 3545 3088 teipsum,

1951 3120 2016 3158 ne
2035 3113 2086 3159 et
2115 3112 2169 3159 tu
2199 3106 2412 3160 tenteris
2443 3103 2644 3177 (Galat.
2678 3122 2752 3171 vi,
2780 3104 2857 3179 i).
2886 3105 3024 3178 Ipsis
3042 3121 3260 3179 quoque
3285 3107 3551 3179 apostolis

1951 3202 2074 3249 cum
2102 3195 2415 3265 magisterio
2459 3196 2670 3254 caelesti
2718 3197 3065 3255 denuntiatur
3102 3196 3384 3256 inﬁrmitas
3412 3217 3544 3272 pro-

256 3267 665 3341 apprehendat“
686 3256 1059 3336 disciplinam;
1093 3277 1165 3318 ne
1190 3259 1407 3331 quando
1432 3259 1702 3314 irascatur
1737 3255 1845 3312 Do-

1950 3286 2088 3356 pria,
2117 3302 2239 3343 cum
2269 3297 2295 3324 ι
2319 3289 2544 3359 congrui
2573 3290 2784 3345 timoris
2811 3289 3217 3349 demonstratur
3242 3292 3298 3348 in
3327 3255 3546 3346 humili-

255 3362 436 3418 minus
463 3369 519 3418 ei
545 3366 770 3432 Peream
794 3357 864 3413 de
890 3357 977 3411 ’ἥδ
1004 3355 1166 3425 Ῑωθ·
1208 3353 1329 3423 ipse
1374 3352 1556 3421 ίίθῖῐυθ
1578 3349 1726 3405 Deus
1748 3349 1843 3418 qui
1876 3349 1920 3366 v
1949 3349 2273 3433 tate’cordis
2300 3349 2511 3435 cautela
2541 3374 2840 3447 retinenda,
2867 3381 3081 3439 dicente
3129 3380 3359 3440 Domino
3392 3401 3404 3437 :
3446 3382 3540 3439 Vi-

256 3464 339 3514 εει
382 3456 692 3513 misericors
714 3460 775 3509 et
798 3452 993 3522 justus.
1022 3452 1166 3507 sicut
1212 3448 1484 3511 admonet,
1515 3451 1578 3500 ut
1621 3450 1844 3515 propter

256 3549 512 3622 iustitiam
538 3556 599 3603 et
648 3543 1079 3602 misericordiam
1127 3543 1385 3596 timeatur
1426 3548 1487 3594 et
1524 3538 1783 3607 diligatur
1808 3550 1843 3592 a

257 3640 431 3706 malis,
458 3645 518 3693 ut
544 3636 792 3693 conversi
814 3642 1039 3691 careant
1057 3644 1220 3703 poena
1247 3642 1409 3701 quam
1436 3629 1643 3699 justitia
1668 3629 1842 3682 mina-

257 3739 362 3796 tur,
388 3737 447 3785 et
492 3729 758 3799 accipiant
796 3725 1201 3794 indulgentiam
1255 3736 1418 3794 quam
1470 3719 1843 3777 misericordia

258 3822 537 3895 pollicetur
556 3860 573 3886 ,
601 3821 682 3875 sic
703 3818 957 3874 admonet
972 3825 1038 3872 ‘ut
1056 3822 1289 3887 propter
1312 3813 1580 3884 justitiam
1606 3821 1663 3868 et
1680 3813 1843 3868 mise-

259 3913 541 3970 ricordiam
568 3911 824 3981 diligatur
844 3917 904 3965 et
946 3908 1202 3963 timeatur
1227 3922 1258 3961 a
1286 3905 1468 3973 bonis,
1498 3912 1608 3974 quo
1635 3903 1845 3973 possint

260 4005 343 4077 qui
371 4004 488 4075 ejus
529 4003 788 4075 praeventi
838 3998 1207 4057 misericordia
1251 3997 1383 4054 boni
1430 4002 1578 4061 sunt,
1622 3993 1843 4050 etdile-

262 4097 441 4153 ctione
461 4094 846 4155 misericordiae
874 4094 927 4150 in
950 4092 1113 4149 bonis
1139 4090 1398 4162 operibus
1420 4096 1767 4160 permanere,
1786 4090 1847 4143 et

262 4188 449 4244 timore
465 4188 688 4258 iustitiae
713 4202 745 4242 a
763 4185 1002 4258 peccatis
1027 4183 1349 4253 semetipsos
1394 4180 1624 4238 sollicite
1663 4187 1845 4236 custo-

262 4280 402 4348 iire;
433 4290 489 4338 et
507 4281 945 4339 consideratione
971 4278 1202 4349 propriae
1230 4276 1557 4333 inﬁrmitatis
1596 4273 1844 4331 instructi

262 4388 524 4445 nunquam
553 4374 622 4431 de
648 4375 760 4431 suis
798 4372 1001 4429 viribus
1040 4368 1342 4436 conﬁdant,
1372 4366 1472 4425 sed
1507 4366 1702 4424 divinae
1731 4367 1834 4423 vir-

263 4466 387 4523 tutis
414 4466 672 4523 auxilium
698 4465 899 4537 iugiter
920 4472 980 4519 et
1003 4462 1283 4518 humiliter
1308 4467 1557 4532 poscant.

868 4572 1099 4632 CAPUT
1134 4572 1228 4630 IX.

1949 3467 2108 3539 gilate
2154 3475 2205 3523 et
2232 3478 2404 3536 orate,
2431 3486 2496 3525 ne
2543 3472 2762 3526 veniatis
2814 3474 2868 3527 in
2928 3475 3283 3530 tentationcm.
3313 3472 3541 3545 Spiritus

1946 3557 2155 3629 quidem
2183 3564 2470 3632 promptus,
2503 3570 2626 3618 Caro
2655 3570 2829 3618 autem
2876 3564 3092 3635 infirma
3136 3562 3270 3643 est?
3324 3558 3540 3638 (Matth.

1949 3654 2096 3714 xxvi,
2128 3647 2241 3722 41).

2584 3763 2814 3821 CAPUT
2850 3765 2919 3821 Χ.

2020 3866 2405 3925 Verumtamen
2429 3872 2553 3941 quia
2585 3881 2780 3929 cuncta
2804 3891 2926 3946 qua:
2969 3876 3165 3933 divinis
3194 3881 3539 3937 continentur

1954 3958 2206 4030 eloquiis,
2237 3961 2306 4016 ad
2332 3963 2631 4019 custodiam
2648 3962 2740 4020 'vel
2762 3968 3159 4037 reparationem
3180 3970 3431 4027 dicuntur
3450 3975 3538 4029 hu-

1950 4063 2122 4105 manae
2145 4051 2366 4120 salutis;
2396 4054 2636 4125 providit
2652 4070 2836 4113 sermo
2862 4057 3111 4130 divinus,
3130 4074 3206 4116 ne
3225 4060 3355 4117 dum
3379 4062 3541 4132 justis

1949 4143 2146 4201 divina
2174 4153 2351 4202 metus
2396 4146 2653 4205 indicitur
2677 4150 2966 4221 aquitatis,
2996 4156 3308 4211 econtrario
3349 4159 3551 4213 morti-’

1950 4233 2066 4291 fera
2088 4237 2473 4306 peccatoribus
2495 4237 2805 4311 desperatio
2832 4251 3170 4313 nasceretur,
3201 4246 3246 4302 si
3290 4254 3417 4318 spes
3454 4248 3541 4303 in-

1949 4325 2236 4396 dulgentiae
2275 4329 2496 4386 minime
2522 4339 2943 4391 monstraretur.
2972 4333 3092 4407 ipsa
3118 4337 3266 4393 enim
3295 4348 3542 4396 errantes

1949 4418 2015 4473 ad
2041 4418 2184 4476 viam
2212 4422 2456 4477 veritatis
2484 4433 2725 4492 revocat,
2752 4425 2884 4482 dum
2929 4429 3316 4499 propitiatione
3362 4430 3541 4487 divina

1949 4522 2212 4566 converso
2233 4510 2586 4568 relaxandum
2614 4515 2904 4585 promittit,
2927 4517 3185 4588 quidquid
3198 4517 3352 4583 muli,
3375 4520 3541 4589 prius-

1946 4613 2110 4667 quam
2155 4609 2568 4659 converteretur
2612 4602 2854 4661 admisit.
2884 4605 3013 4663 ldeo
3042 4608 3320 4679 apostolus
3346 4606 3542 4663 Paulus

328 4692 500 4749 Debet
532 4706 665 4762 ergo
687 4700 794 4747 eta
814 4689 980 4745 bonis
1018 4697 1075 4743 et
1100 4702 1132 4742 a
1158 4687 1318 4742 malis
1340 4668 1448 4741 tam
1469 4674 1846 4741 misericordia
1870 4682 1928 4747 1)
1952 4690 2005 4744 in
2035 4688 2274 4761 Epistola
2313 4707 2477 4763 quam
2506 4692 2576 4748 ad
2606 4692 2885 4752 Romanos
2910 4668 3149 4769 scripsit,
3178 4698 3319 4753 sicut
3358 4695 3541 4752 ﬁdeles

266 4782 405 4855 diligi
432 4798 595 4853 quam
625 4781 835 4852 justitia
854 4778 1133 4837 formidari
1159 4797 1173 4833 :
1202 4794 1273 4834 ne
1300 4778 1385 4833 vel
1415 4777 1543 4833 boni
1564 4777 1847 4847 diligentes

268 4873 693 4932 misericordiam
722 4873 839 4941 Dei,
858 4870 1128 4943 justitiam
1147 4885 1256 4927 non
1278 4869 1524 4934 timeant,
1550 4878 1606 4923 et
1626 4869 1848 4938 laqueos

269 4958 458 5022 diaboli
489 4965 801 5021 seducentis
829 4965 1137 5028 incurrant;
1162 4960 1249 5017 vel
1272 4959 1404 5015 mali
1431 4959 1602 5016 solum
1626 4958 1846 5028 justitire

270 5057 605 5114 severitatem
627 5056 1063 5121 considerantes,
1095 5069 1205 5110 non
1234 5059 1507 5123 quaerant,
1537 5066 1661 5107 cum
1690 5050 1845 5106 inve-

271 5152 378 5208 nire
399 5160 627 5223 possunt
651 5167 749 5223 per
775 5151 1209 5217 conversionem,
1242 5145 1624 5204 misericordiae
1651 5144 1850 5201 beneﬁ-

272 5243 424 5310 cium,
454 5258 518 5301 ac
541 5244 621 5300 sic
646 5242 894 5299 obdurati
923 5257 1033 5298 non
1052 5236 1230 5299 solum
1256 5238 1626 5296 remissionem
1654 5250 1848 5307 pecca-

272 5340 439 5389 torum
468 5333 757 5403 denegent,
779 5333 906 5403 quin
933 5333 1095 5388 etiam
1112 5338 1333 5403 peccata
1362 5327 1719 5399 multiplicare
1738 5342 1848 5382 non

274 5431 494 5480 cessent.
526 5421 642 5479 Hoc
669 5423 811 5478 enim
834 5412 1042 5492 ‘bicipiti
1073 5422 1270 5491 laqueo
1312 5419 1623 5492 frequenter
1650 5417 1847 5474 diabo-

272 5517 351 5573 lus
377 5517 615 5588 captivat
635 5516 915 5582 incautos;
947 5521 1007 5571 ut
1035 5522 1128 5570 aut
1161 5528 1258 5585 spe
1284 5529 1424 5571 vana
1453 5513 1649 5570 futura:
1672 5511 1856 5567 remis-

276 5607 434 5666 sionis
457 5607 657 5676 obtusi,
684 5602 859 5662 nolint
874 5604 1097 5677 iustitiae
1117 5606 1311 5662 timore
1336 5603 1614 5670 converti;
1646 5610 1739 5658 aut
1765 5617 1856 5658 re-

276 5698 586 5754 missionem
609 5694 933 5752 omnimodis
954 5694 1325 5767 desperantes,
1350 5694 1759 5779 conversionem
1774 5706 1864 5747 ne-

345 5893 371 5922 ἰ
398 5883 562 5940 Forte
590 5882 782 5937 melius
825 5886 1224 5951 expungeretur
1262 5876 1526 5951 particula
1560 5868 1674 5933 cum
1694 5916 1710 5945 ,
1742 5891 1864 5947 quae

280 5955 502 6016 habetur
529 5954 582 6011 in
611 5952 768 6012 editis
795 5960 855 6013 et
877 5966 978 6011 ms.

1955 4794 2010 4842 et
2038 4787 2215 4844 bonos
2242 4785 2314 4842 ad
2348 4788 2773 4847 insinuationem
2791 4792 3100 4848 severitatis
3123 4792 3320 4847 dian
3341 4791 3541 4847 territi-

1955 4882 2063 4939 cat,
2095 4876 2174 4932 sic
2196 4875 2446 4934 inﬁdeles
2469 4886 2527 4935 et
2553 4879 2730 4936 malos
2770 4881 2838 4937 ad
2858 4883 3272 4940 οσανθηὶοΜ
3300 4892 3397 4955 spe
3422 4898 3539 4939 cer-

1957 4965 2163 5020 tissima
2188 4980 2437 5036 supernae
2455 4966 2715 5025 bonitatis
2742 4970 2952 5039 invitat,
2974 4981 3036 5028 ut
3050 4973 3259 5029 scilicet
3278 4981 3389 5028 tam
3414 4974 3541 5029 boni

1956 5056 2227 5112 discerent
2269 5071 2379 5112 non
2409 5058 2576 5114 altum
2625 5075 2840 5132 sapere,
2862 5062 2960 5117 sed
2988 5062 3200 5130 timere,
3222 5076 3383 5131 quam
3408 5062 3541 5117 mali

1955 5147 2164 5218 possint
2184 5148 2484 5205 remedium
2511 5150 2702 5209 salutis
2725 5160 2942 5209 internas
2968 5153 3086 5209 sine
3110 5153 3353 5222 quolibet
3378 5151 3540 5223 impe-

1955 5239 2197 5296 dimento
2215 5239 2569 5298 dubitationis
2609 5243 2913 5313 acquirere.
2941 5243 3080 5299 Dicit
3108 5243 3268 5311 igitur
3293 5242 3540 5298 bentissi~

1952 5349 2075 5391 mus
2103 5332 2299 5392 Paulus
2338 5353 2352 5390 :
2397 5335 2523 5393 Vide
2549 5354 2673 5411 ergo
2699 5336 2979 5394 bonitatem
2996 5346 3048 5392 et
3064 5338 3385 5392 severitatem
3406 5335 3541 5393 Dei:

1953 5425 2011 5480 in
2038 5442 2129 5482 eos
2153 5427 2360 5499 quidem
2388 5431 2474 5502 qui
2496 5430 2809 5497 ceciderunt,
2826 5430 3180 5495 seueritatem;
3208 5429 3267 5485 in
3289 5437 3344 5485 te
3367 5439 3541 5485 autem

1959 5519 2267 5588 bonitatem,
2292 5523 2337 5576 si
2374 5522 2725 5593 pertimueris
2757 5523 2813 5576 in
2860 5522 3094 5578 bonitate
3114 5538 3133 5577 :
3158 5520 3387 5595 alioquin
3413 5532 3462 5576 et
3492 5530 3541 5575 tu
3636 5514 3639 5521 ’

1963 5609 2242 5676 excideris;
2266 5619 2317 5666 et
2343 5612 2443 5675 illi,
2481 5614 2528 5667 si
2549 5628 2654 5668 non
2682 5613 3062 5682 pemanserint
3082 5614 3140 5669 in
3156 5612 3541 5681 incredulitate,

1967 5699 2279 5756 inserentur.
2312 5699 2505 5757 Potens
2530 5712 2606 5756 est
2632 5703 2767 5758 enim
2796 5702 2940 5759 Deus
2964 5705 3150 5761 “etiam
3176 5707 3402 5762 inserere
3426 5702 3541 5757 illos

1968 5950 1989 5996 ι
2036 5866 2062 5904 ι)
2090 5864 2210 5991 Ms.ll
2215 5879 2340 5991 2311‘
2369 5863 2529 5922 habet
2565 5877 2662 5934 est,
2693 5882 2793 5925 nec
2822 5876 3001 5926 textus
3039 5833 3399 5938 evangelicus.
3433 5867 3537 5922 An-

1994 5953 2143 5996 uero.
2284 5951 2314 5992 c
2345 5974 2357 5988 .
2632 5992 2637 5996 _

1994 5953 2143 6011 uerp.
2176 5951 2357 5992 navet.
