4130 6456
562 332 672 396 555

1614 330 1669 389 s.
1707 330 2068 390 FULGENTII
2108 329 2407 387 EPISCGPI
2448 309 2818 386 suspensus

3752 336 3861 411 ssc

566 459 744 530 (Rom.
771 472 844 523 ιι,
876 454 965 522 22,
996 448 1112 527 23).
1145 450 1334 524 Itaque
1361 468 1482 507 cum
1510 452 1653 506 dicat
1682 450 1973 521 Apostolus
2005 449 2151 503 illum
2183 455 2226 509 Α
2259 448 2429 520 (I’sal.
2456 466 2544 513 vn,
2577 447 2690 519 l5).
2715 446 2819 502 Per
2847 445 3060 504 Esaiam
3088 461 3305 518 quoque
3329 463 3437 505 non
3458 448 3738 509 dissimilis
3762 458 3859 512 ad-

563 548 921 605 excidendum
942 548 1036 617 qui
1057 548 1112 602 in
1132 547 1375 601 bonitate
1406 560 1510 600 nor.
1529 543 1906 615 permanserit,
1929 550 1983 597 et
2007 542 2155 595 illum

566 643 658 713 qui
708 643 762 697 in
794 640 1176 697 incredulitate
1221 654 1330 694 non
1376 635 1731 709 permanserit
1777 634 2157 700 inserendum;

563 735 685 805 quis
715 734 881 788 homo
906 732 1086 803 justus
1113 746 1223 787 non
1248 728 1600 785 tremefactus
1620 726 1883 797 justitiam
1916 733 2156 788 metuat,

563 827 651 882 vel
699 828 822 899 quis
851 827 1068 897 iniquus
1117 839 1227 880 non
1268 822 1335 878 ad
1381 822 1477 878 Dei
1506 818 1934 876 misericordiam
1964 817 2162 874 confir-

562 928 745 976 matus
774 918 1057 974 accurrat?
1088 925 1115 954 ι
1146 914 1280 982 Quis
1323 928 1431 969 non
1461 911 1817 983 compellatur
1834 910 1978 965 bono
2006 909 2160 966 cuili-

564 1012 659 1067 bet
680 1010 848 1081 impii,
879 1009 927 1065 si
953 1017 1068 1064 toto
1097 1006 1264 1063 corde
1319 1018 1613 1061 conversus
1638 1002 1822 1071 fuerit,
1851 1000 2044 1056 audeat
2065 999 2162 1055 de-

563 1116 805 1172 sperare,
833 1114 955 1156 cum
984 1098 1219 1155 cmlestis
1245 1095 1513 1152 medicina
1542 1094 1827 1165 pneceptis
1855 1092 2161 1148 salubribus

564 1190 854 1261 :cqualiter
899 1189 1046 1244 sanis
1093 1187 1343 1243 consulat
1381 1195 1438 1242 et
1484 1186 1745 1253 infirmis;
1777 1186 1881 1242 illis
1908 1186 2158 1242 timorem

563 1284 785 1354 iustitia:
814 1284 1073 1347 indicens,
1095 1289 1348 1352 tanquam
1371 1282 1560 1336 salutis
1580 1289 1817 1350 accepta:
1842 1279 2157 1346 custodem;

566 1378 686 1433 istis
714 1375 1101 1432 misericordia:
1131 1372 1452 1429 beneﬁcium
1480 1373 1763 1443 pollicens,
1797 1381 1879 1439 ut,
1906 1370 2022 1441 spei
2070 1385 2157 1426 re-

566 1470 747 1525 medio
776 1468 1065 1537 sublevati,
1094 1467 1358 1537 recipiant
1387 1481 1548 1537 quam
1593 1463 1940 1536 perdiderant
1988 1463 2161 1534 sospi-

566 1571 756 1618 tatem.
800 1560 988 1617 Timor
1016 1561 1159 1616 enim
1203 1558 1426 1630 iustitiae
1472 1557 1784 1629 praecipitur
1828 1563 2039 1622 sanato,
2071 1555 2158 1610 cui

565 1652 725 1723 367
755 1651 953 1707 dicitur
978 1669 991 1705 :
1023 1649 1160 1705 Ecce
1188 1666 1348 1704 sanus
1383 1651 1553 1721 factus
1576 1664 1653 1713 es,
1660 1648 1775 1719 jam
1796 1645 1902 1702 noli
1921 1662 2155 1715 peccare,

566 1759 632 1797 ne
656 1742 882 1797 deterius
926 1740 1017 1796 tibi
1046 1741 1247 1814 aliquid
1274 1742 1544 1811 contingat
1576 1738 1758 1812 (Joan.
1792 1754 1844 1805 v,
1876 1738 1988 1809 M).
2021 1737 2158 1808 Spes

2262 554 2449 593 versus
2500 546 2849 594 contumaces
2879 545 2937 593 et
2959 538 3152 593 divina:
3180 539 3483 596 clementia:
3512 552 3860 617 contempto.

2262 645 2348 685 res
2367 630 2476 685 lata
2506 630 2777 701 reperitur
2803 645 2900 686 ore
2928 630 3110 686 divino
3155 634 3445 700 sententia,
3495 635 3548 689 in
3587 651 3693 706 qua
3726 653 3859 707 cog-

2261 723 2523 788 noscitur,
2574 737 2676 778 nec
2716 723 2949 778 inaniter
2997 738 3323 794 quemquam
3370 725 3569 783 divinis
3618 729 3862 799 imperiis

2262 813 2501 879 obedire,
2533 829 2635 870 nec
2665 815 2882 886 impune
2909 815 2963 870 in
2993 816 3370 886 iniquitatibus
3397 836 3742 891 permanere.
3776 824 3863 880 Sic

2262 918 2391 974 ergo
2414 905 2581 961 dicit:
2612 904 2905 975 Lavamini,
2944 909 3124 962 mundi
3152 915 3564 983 estote,.auferte
3603 916 3863 987 nequitias

2259 1004 2456 1049 vestras
2486 994 2551 1048 ab
2593 997 2784 1051 animis
2830 999 3013 1053 vestris
3039 1016 3069 1053 e
3097 1011 3371 1071 conspectu
3410 1005 3682 1060 oculorum
3718 1024 3862 1062 meo-

2260 1103 2410 1153 rum;
2436 1087 2656 1142 desinite
2684 1105 2716 1142 a
2744 1089 2961 1145 maliliis
2997 1093 3201 1160 restris,
3232 1093 3416 1149 discite
3439 1095 3628 1152 bonum
3658 1101 3859 1169 facere,

2260 1183 2506 1255 inquirite
2523 1182 2801 1254 judicium,
2832 1184 3013 1255 eripite
3033 1186 3287 1256 injuriam
3314 1190 3673 1259 accipientem,
3706 1193 3859 1263 judi-

2260 1283 2374 1327 cate
2401 1272 2618 1343 pupillo,
2642 1282 2692 1325 et
2713 1273 2999 1344 justiﬁcate
3022 1276 3242 1341 riduam,
3261 1286 3312 1331 et
3332 1281 3496 1334 venite
3516 1280 3861 1351 disputemus,

2262 1364 2386 1418 dicit
2417 1362 2689 1418 Dominus.
2719 1363 2788 1417 Et
2833 1366 2879 1419 si
2903 1368 3096 1438 fuerint
3123 1368 3314 1423 delicta
3363 1382 3531 1427 vestra
3558 1383 3617 1427 ut
3650 1375 3862 1445 phoeni-

2261 1460 2416 1523 cium,
2439 1459 2678 1541 utnivem
2709 1458 2979 1513 dealbabo.
3010 1459 3071 1516 Si
3093 1472 3335 1517 autemut
3357 1477 3657 1534 coccum,ut
3682 1468 3863 1522 lanam

2262 1550 2539 1605 candidam
2568 1552 2805 1622 efﬁciam.
2838 1550 2909 1606 Et
2937 1554 2982 1607 si
3011 1554 3275 1610 volueritis
3310 1565 3361 1609 et
3389 1556 3733 1614 obaudieritis
3761 1576 3863 1625 me,

2261 1656 2375 1713 qua:
2396 1640 2530 1694 bona
2559 1651 2678 1694 sunt
2701 1650 2873 1709 teme,
2900 1642 3081 1697 edetis.
3098 1643 3161 1700 Si
3186 1654 3357 1700 autem
3386 1646 3681 1714 nolueritis,
3699 1667 3863 1722 neque

2262 1736 2598 1792 obaudieritis
2625 1754 2726 1803 me,
2750 1738 2956 1810 gladius
2982 1756 3070 1795 vos
3091 1741 3342 1797 comedet.
3376 1740 3452 1797 0s
3478 1746 3617 1798 enim
3643 1743 3863 1802 Domini

566 1848 786 1905 quoque
812 1834 1203 1890 misericordia:
1223 1833 1625 1891 demonstratur
1646 1832 1892 1898 infirmis,
1917 1847 2039 1888 cum
2069 1830 2151 1885 di-
2184 1832 2233 1893 B
2260 1827 2485 1883 locutum
2511 1838 2588 1883 est
2617 1828 2712 1883 hoc
2743 1827 2883 1899 (Isa.
2908 1846 2948 1895 ι,
2978 1829 3047 1884 16
3066 1839 3116 1886 et
3142 1831 3299 1904 seq.).
3325 1832 3457 1900 Quis
3478 1847 3615 1904 rogo
3641 1842 3732 1891 est
3754 1844 3862 1892 tam

567 1927 705 1983 citur
737 1946 749 1980 :
782 1925 906 1982 Non
936 1936 1012 1983 est
1042 1944 1167 1998 opus
1192 1929 1338 1983 sanis
1366 1927 1615 1993 medicus,
1648 1926 1740 1981 sed
1771 1926 1905 1980 male
1925 1924 2158 1979 habenti-

566 2018 657 2074 bus
687 2036 704 2074 :
734 2037 841 2075 non
870 2020 982 2074 veni
1028 2036 1210 2074 vocare
1227 2019 1397 2090 justas
1417 2057 1431 2082 ,
1463 2020 1555 2073 sed
1583 2027 1876 2089 peccatores
1905 2019 1961 2071 in
1984 2016 2153 2088 paeni-

567 2112 783 2164 tentiam
812 2108 963 2180 (Luc.
989 2125 1041 2174 v,
1072 2107 1185 2180 '52).
1215 2107 1409 2163 Sermo
1439 2122 1655 2179 quoque
1675 2107 2026 2177 propheticus
2054 2107 2157 2161 mi-

569 2201 917 2257 scricordiam
948 2200 1042 2256 Dei
1077 2200 1447 2271 iustitiamque
1473 2198 1853 2255 commendare
1882 2213 1990 2253 non
2019 2196 2160 2252 desi-

568 2294 671 2362 nit,
696 2293 775 2350 sic
802 2291 914 2348 Deo
934 2308 1035 2364 per
1057 2291 1397 2348 Ezechielem
1418 2292 1739 2363 prophetam
1763 2292 1975 2347 dicente
1999 2310 2011 2345 :
2046 2290 2161 2346 Ini—

567 2404 698 2460 quus
727 2388 773 2442 si
800 2403 856 2442 se
871 2394 1130 2441 convertat
1160 2384 1225 2439 ab
1249 2384 1487 2441 omnibus
1514 2385 1869 2457 iniquitatibus
1898 2384 2006 2439 suis
2034 2400 2162 2455 quas

564 2478 712 2551 fecit,
738 2485 787 2531 et
814 2476 1115 2532 custodierit
1140 2477 1316 2531 omnia
1344 2476 1593 2530 mandata
1633 2492 1766 2541 mea,
1795 2484 1843 2528 et
1872 2475 2049 2547 fecerit
2080 2474 2165 2545 ju-

566 2570 763 2623 stitiam
790 2578 841 2623 et
868 2568 1303 2633 misericordiam,
1332 2568 1434 2622 vita
1464 2569 1619 2633 vivet,
1650 2576 1699 2620 et
1747 2584 1852 2620 non
1881 2569 2160 2621 morietur.

572 2658 767 2714 Omnia
789 2660 977 2714 delicta
1001 2660 1115 2731 ejus
1148 2675 1462 2732 quwcunque
1483 2660 1605 2730 fecit
1624 2701 1639 2727 ,
1668 2675 1771 2712 non
1799 2667 1948 2712 erunt
1973 2659 2028 2712 in
2056 2674 2165 2712 me-

568 2752 757 2805 moria.
806 2748 872 2803 Iu
903 2767 999 2804 sua
1023 2750 1233 2822 justitia
1261 2766 1417 2823 quam
1447 2751 1586 2821 fecit,
1614 2749 1763 2804 vivet.
1791 2747 2044 2821 Nunquid
2070 2766 2162 2805 vo-

570 2843 768 2900 luntate
809 2844 923 2899 volo
948 2853 1167 2899 mortem
1194 2844 1502 2916 peccatoris,
1526 2843 1655 2897 dicit
1683 2841 1969 2910 Dominus,
2010 2859 2163 2916 quam

568 2948 625 2993 ut
667 2948 931 2996 avertatur
975 2947 1035 2993 de
1065 2939 1149 2993 via
1192 2954 1288 2994 sua
1316 2938 1478 3004 mala,
1519 2945 1569 2991 et
1614 2936 1778 2992 vivere
1803 2953 1918 2991 eum
1948 2934 2160 3007 (Ezeclt.

569 3051 720 3101 xvm,
749 3034 879 3105 2i)?
908 3032 1140 3089 Ostcnso
1188 3034 1369 3102 itaque
1411 3031 1479 3087 ad
1527 3031 1724 3102 impios
1771 3030 2165 3088 convertendos

570 3125 1197 3196 divinzelonganimitatis
1210 3140 1275 3180 ac
1291 3123 1941 3194 bcnignitatisbeneﬁcio,
1969 3123 2036 3179 ad
2072 3123 2162 3194 ju-

2261 1919 2428 1975 durus
2456 1928 2549 1974 aut
2577 1921 2799 1976 omnino
2845 1921 3095 1991 stolidus,
3122 1923 3216 1992 qui
3245 1924 3299 1979 in
3328 1924 3433 1981 hoc
3457 1940 3719 1983 sermone
3747 1942 3862 1982 mo-

2263 2013 2483 2070 nitionis
2529 2029 2795 2084 supernae,
2844 2016 2890 2070 si
2919 2015 2986 2071 ad
3028 2017 3436 2075 conversionem
3465 2036 3575 2076 non
3599 2020 3863 2079 invitatur

2262 2105 2427 2177 3%
2445 2103 2807 2160 delectatione
2836 2105 3119 2179 promissi,
3153 2122 3261 2163 non
3283 2109 3473 2164 saltem
3501 2111 3864 2182 compellatur

2264 2205 2475 2253 terrore
2511 2197 2793 2268 supplicii?
2823 2196 3268 2275 Contemptorem
3294 2202 3498 2274 quippe
3539 2203 3713 2259 divini
3741 2220 3861 2261 ser-

2262 2288 2440 2343 monis
2490 2303 2598 2343 non
2643 2289 2878 2360 excipiet
2926 2290 3094 2361 salus,
3124 2291 3222 2347 sed
3262 2302 3604 2351 eomesturus
3631 2304 3720 2352 est
3745 2296 3862 2366 gla-

2263 2379 2403 2437 dius.
2437 2378 2576 2435 Iiinc
2604 2386 2689 2437 est
2733 2380 2878 2450 quod
2904 2381 3012 2437 alio
3041 2381 3163 2438 loco
3203 2382 3257 2438 in
3288 2384 3530 2454 ejusdem
3578 2388 3862 2457 prophetat

2266 2473 2541 2530 volumine
2582 2473 3006 2543 demonstratur,
3036 2475 3163 2545 quia
3193 2476 3297 2532 nisi
3324 2492 3423 2549 per
3441 2479 3862 2535 conversionem

2266 2581 2426 2621 nemo
2450 2566 2729 2636 perveniet
2756 2565 2825 2621 ad
2849 2566 3101 2622 salutem.
3120 2567 3211 2624 Sic
3239 2568 3382 2623 enim
3403 2569 3632 2625 dicitur:
3657 2570 3725 2626 Si
3746 2586 3865 2627 con-

2266 2675 2440 2715 versus
2470 2660 2631 2731 fueris
2651 2668 2701 2713 et
2722 2659 3056 2732 ingemueris,
3087 2660 3259 2716 salvus
3279 2661 3382 2716 eris
3413 2660 3571 2733 (Isai.
3605 2679 3740 2729 xxx,
3773 2660 3858 2729 l5,

2266 2770 2370 2809 sec.
2403 2751 2599 2825 LXX).
2651 2752 2709 2807 In
2752 2753 2857 2809 hoc
2888 2754 3199 2809 testimonio
3238 2754 3592 2811 conditionali
3622 2754 3771 2811 Deus
3809 2766 3864 2812 et

2268 2853 2540 2916 praecepto
2569 2844 2755 2911 utitur,
2785 2852 2842 2899 ct
2870 2845 3159 2914 promisso.
3180 2845 3376 2902 Dicens
3403 2847 3625 2917 quippe,
3650 2846 3717 2902 Si
3747 2863 3866 2903 con-

2268 2952 2442 2992 versus
2474 2936 2636 3008 fueris
2674 2943 2722 2991 et
2773 2935 3105 3007 ingemueris,
3151 2939 3326 2992 salvus
3351 2940 3478 3007 eris,
3526 2940 3769 2995 ostendit
3796 2956 3863 2996 ex

2270 3026 2638 3084 conversionis
2661 3025 2973 3082 conditione
2994 3027 3407 3097 promissionem
3427 3029 3619 3086 salutis
3637 3034 3862 3088 omnino

2271 3119 2530 3192 pendere.
2548 3118 2676 3175 Haec
2694 3127 2779 3175 est
2793 3119 2955 3189 igitur
2978 3120 3120 3176 inter
3139 3121 3309 3178 Deum
3332 3123 3719 3195 hominemque
3739 3141 3864 3181 con-

570 3226 685 3273 stos
722 3233 938 3288 quoque
966 3217 1324 3273 deterrendos
1354 3217 1428 3271 ita
1457 3216 1809 3288 propheticus
1830 3232 2009 3271 sermo
2037 3217 2168 3277 diri-
2195 3221 2243 3286 ο
2273 3213 2428 3279 ditio,
2461 3213 2517 3267 id
2545 3221 2647 3280 est,
2679 3212 2821 3270 inter
2848 3216 3250 3287 praecipientem
3296 3218 3581 3275 Dominum
3608 3236 3860 3277 servum-

571 3309 715 3377 gitur
748 3326 760 3363 :
793 3308 919 3363 Cum
949 3325 1004 3364 se
1023 3319 1194 3363 autem
1223 3309 1461 3362 averterit
1478 3307 1653 3378 justus
1679 3324 1711 3361 a
1732 3324 1827 3361 sua
1840 3308 2084 3377 justitia,
2114 3317 2166 3362 et

574 3401 752 3472 fecerit
779 3400 1123 3472 iniquitatem,
1154 3398 1437 3453 secundum
1485 3414 1660 3453 omnes
1702 3399 2005 3471 iniquitates
2034 3415 2163 3471 quas

574 3493 697 3563 fecit
725 3492 814 3547 ille
838 3494 1074 3564 iniquus,
1104 3509 1281 3548 omnes
1322 3492 1543 3564 justitia:
1568 3492 1681 3563 ejus
1725 3508 1853 3565 quas
1884 3492 2023 3563 fecit,
2057 3509 2162 3547 non

572 3592 722 3638 erunt
776 3584 830 3639 in
882 3585 1153 3639 memoria.
1206 3582 1273 3638 In
1321 3584 1508 3639 delicto
1552 3600 1644 3638 suo
1693 3600 1790 3656 quo
1839 3582 2081 3654 deliquit,
2113 3591 2164 3637 et

570 3674 629 3727 in
666 3674 890 3743 peccatis
945 3674 1053 3728 suis
1099 3672 1282 3743 quibus
1329 3674 1588 3744 peccavit,
1630 3674 1684 3727 in
1732 3674 1859 3744 ipsis
1915 3673 2164 3727 morietur

530 3762 535 3766 ‘
573 3762 743 3830 (Ibid.
775 3763 899 3836 et).

1193 3900 1424 3957 CAPUT
1462 3901 1551 3956 Xl.

644 4034 1055 4093 innumerabilia
1085 4044 1211 4092 sunt
1236 4037 1540 4092 divinarum
1580 4036 1885 4093 testimonia
1913 4036 2162 4109 Scriptu-

571 4142 755 4182 rarum
783 4128 978 4199 quibus
1005 4128 1148 4185 Deus
1173 4128 1480 4185 misericors
1522 4130 1843 4200 praedicatur
1882 4138 1937 4187 et
1964 4130 2162 4201 justus,

572 4232 676 4273 nec
704 4226 785 4273 est
804 4218 949 4274 aliud
966 4218 1111 4289 quod
1138 4219 1316 4275 omnis
1337 4227 1514 4275 textus
1536 4228 1660 4289 agat
1684 4221 1920 4277 caelestis
1941 4220 2160 4291 eloquii,

572 4306 677 4364 nisi
706 4316 764 4362 ut
802 4309 976 4365 malos
1003 4309 1292 4367 admoneat
1339 4312 1531 4367 timore
1550 4311 1771 4381 justitia!
1800 4312 1895 4368 Dei
1916 4313 2165 4370 celeriter

573 4398 732 4454 malis
760 4400 1015 4469 operibus
1044 4402 1204 4457 ﬁnem
1224 4417 1449 4473 ponere,
1481 4411 1536 4457 et
1573 4402 1746 4458 bonos
1768 4403 1819 4457 in
1849 4404 2005 4459 bonis
2034 4419 2163 4476 ope-

574 4491 725 4547 ribus
751 4492 982 4549 sollicite
1010 4502 1172 4564 atque
1201 4494 1477 4549 humiliter
1504 4510 1841 4566 permanere.
1867 4494 1938 4551 Ut
1959 4496 2165 4554 scilicet

2265 3320 2372 3377 que
2401 3314 2733 3377 poscentem,
2764 3308 2905 3365 inter
2924 3310 3161 3381 judicem
3187 3312 3282 3383 qui
3309 3313 3428 3370 sine
3449 3313 3657 3384 justitia
3686 3316 3876 3374 uiise-.

2264 3397 2556 3454 ricordiam
2577 3408 2865 3470 pnerogat,
2884 3410 2941 3457 et
2960 3412 3302 3473 peccatorem
3322 3406 3414 3476 qui
3434 3407 3859 3464 misericordiam

2258 3491 2404 3562 juste
2425 3492 2718 3563 judicantis
2743 3503 3043 3566 exspectat.
3074 3495 3218 3554 Dicit
3240 3499 3403 3569 igitur
3441 3500 3544 3556 iste
3573 3500 3859 3568 Dominus,

2264 3584 2574 3640 misericors
2601 3592 2659 3641 et
2680 3586 2877 3655 justus,
2909 3602 3131 3644 severus
3151 3598 3207 3644 et
3233 3589 3392 3661 pius:
3425 3590 3485 3646 Si
3505 3591 3614 3647 hoc
3639 3591 3857 3659 feceris,

2267 3675 2372 3731 hoc
2402 3676 2656 3746 habebis;
2682 3679 2728 3734 si
2751 3679 2898 3749 quod
2925 3680 3047 3737 dico
3074 3682 3413 3751 custodieris,
3430 3683 3573 3739 dabo
3596 3686 3749 3755 quod
3765 3702 3860 3758 po-

2265 3768 2403 3834 scis;
2445 3783 2546 3839 ego
2568 3770 2665 3827 tibi
2691 3772 2949 3844 praecipio
2969 3776 3400 3844 conversionem,
3427 3784 3484 3832 tu
3513 3779 3694 3848 poscis
3713 3795 3743 3832 a
3769 3795 3857 3835 me

2265 3858 2493 3916 salutem
2519 3878 2535 3929 ;
2576 3863 2621 3920 si
2649 3864 2893 3932 parueris
2922 3873 3211 3936 praecepto,
3235 3868 3461 3938 potieris
3481 3869 3774 3936 benefizio;
3810 3871 3856 3927 si

2260 3947 2409 4019 jussa
2430 3951 2804 4023 ﬁerijvideam,
2828 3955 3098 4026 postulata
3127 3957 3421 4015 concedam
3446 3978 3460 4013 :
3494 3960 3555 4017 Si
3582 3977 3858 4017 conversus

2269 4044 2427 4115 fueris
2455 4052 2504 4099 et
2525 4047 2857 4117 ingemueris,
2888 4047 3061 4103 salvus
3088 4051 3212 4108 eris.

2868 4200 3095 4262 CAPUT
3132 4204 3245 4262 XII.

2302 4376 2309 4379 _
2339 4314 2472 4371 Cum
2495 4315 2691 4373 dicitur
2716 4332 2846 4388 ergo
2868 4323 3117 4391 peccanti
3154 4323 3474 4383 beneﬁcium
3499 4329 3689 4385 salutis
3718 4333 3860 4388 acci-

2268 4422 2398 4478 pere
2419 4410 2673 4478 cupienti,
2704 4411 2831 4481 quia
2860 4412 2904 4466 si
2933 4428 3228 4471 conversus
3255 4415 3416 4473 fuerit
3434 4428 3490 4474 et
3518 4419 3860 4491 ingemuerit,

2267 4498 2444 4554 salvus
2464 4499 2599 4566 erit;
2623 4511 3018 4573 consequenter
3041 4505 3356 4576 intelligitur
3373 4511 3520 4580 quia,
3540 4528 3752 4569 unus:
3782 4531 3859 4569 nt-

575 4591 632 4640 et
658 4585 834 4642 omnis
862 4585 1076 4656 iniquus
1123 4587 1436 4658 {equitatem
1465 4588 1562 4644 Dei
1590 4597 1855 4656 metuens,
1888 4589 1957 4645 ad
1994 4592 2160 4649 mise-
2187 4600 2241 4661 ι)
2267 4606 2559 4658 ciuusnn,
2596 4600 2777 4649 tamen
2824 4610 3119 4653 conversus
3148 4614 3255 4654 non
3306 4598 3502 4668 fuerit,
3534 4603 3715 4660 salvus
3753 4621 3859 4662 non

574 4674 863 4731 ricordiam
887 4687 1072 4733 currat
1093 4676 1254 4747 justte
1282 4678 1559 4745 bonitatis,
1590 4690 1644 4736 et
1673 4682 1846 4737 omnis
1865 4682 2063 4752 justus,
2093 4685 2161 4740 de

574 4766 671 4823 Dei
698 4768 1066 4825 misericordia
1089 4770 1347 4840 gaudens,
1367 4770 1626 4840 judicium
1640 4773 2031 4844 benignissima:
2052 4791 2160 4831 non

574 4859 813 4929 negligat
826 4862 1113 4931 aequitatis.
1147 4862 1283 4930 Quia
1309 4864 1400 4919 ubi
1427 4873 1510 4921 est
1534 4867 1901 4933 misericordia
1925 4869 2160 4938 justitia-

572 4968 681 5023 que
710 4952 969 5024 perfecta,
994 4970 1096 5012 nec
1132 4956 1373 5013 favorem
1400 4966 1579 5029 potest
1594 4958 1769 5028 justus
1796 4959 2031 5030 peccatis
2060 4960 2160 5015 im-

571 5048 834 5120 pendere,
877 5064 978 5106 nec
1006 5050 1391 5122 indulgentiam
1421 5054 1696 5108 conversis
1725 5053 2033 5109 misericors
2061 5053 2159 5108 ab-

574 5154 792 5211 negare.
819 5138 900 5196 Ex
927 5142 1032 5199 hoc
1053 5142 1214 5212 igitur
1234 5143 1379 5212 quod
1401 5143 1579 5213 justus
1607 5151 1661 5198 et
1688 5143 1994 5199 misericors
2021 5158 2161 5215 prae-

573 5232 803 5303 dicatur,
834 5235 1083 5292 facillime
1109 5236 1456 5307 cognoscitur
1500 5237 1595 5307 (at.
1628 5238 2024 5308 cognoscimus)
2054 5252 2162 5292 non

575 5323 678 5381 nisi
722 5327 1000 5384 conversis
1051 5328 1423 5384 remissionem
1464 5329 1626 5384 tribui
1666 5338 2032 5400 peccatorum,
2066 5344 2165 5385 nec

576 5413 679 5469 nisi
700 5402 1139 5485 permanentibus
1161 5419 1213 5472 in
1236 5427 1464 5489 peccato
1481 5419 1801 5490 supplicium
1824 5422 2164 5493 sempiternae

576 5503 937 5563 damnationis
958 5507 1159 5565 inferri.
1180 5509 1408 5581 Propter
1423 5510 1567 5581 quod
1582 5508 1866 5567 Psalmista
1888 5512 1968 5568 sic
1987 5512 2160 5568 canit:

575 5595 700 5653 Nisi
727 5600 1119 5667 convertamini,
1139 5602 1373 5673 gladium
1392 5619 1540 5658 suum
1561 5601 1797 5671 vibravit,
1811 5621 1987 5659 arcum
2017 5621 2168 5661 suum

576 5692 810 5758 tetendit,
836 5702 885 5749 et
906 5695 1108 5765 paravit
1134 5694 1302 5759 illum,
1344 5704 1394 5749 et
1421 5696 1473 5750 in
1503 5711 1563 5750 eo
1603 5697 1804 5767 paravit
1832 5714 1955 5752 vasa
1984 5700 2166 5754 mortis

2269 4679 2391 4733 erit.
2423 4678 2540 4735 Non
2569 4682 2712 4737 enim
2743 4683 2937 4740 frustra
2966 4694 3256 4759 utrumque
3271 4690 3484 4748 divinus
3508 4710 3689 4750 sermo
3714 4713 3859 4753 cont-

2269 4769 2458 4840 plcxus
2477 4780 2578 4839 est,
2613 4773 2715 4829 nisi
2748 4783 2806 4830 ut
2851 4777 2966 4833 haec
2993 4777 3121 4847 duo,
3164 4780 3217 4836 id
3258 4789 3341 4837 est
3369 4786 3780 4842 conversionem
3808 4794 3859 4843 et

2268 4866 2546 4933 gemitum,
2562 4870 2863 4924 necessaria
2880 4884 3328 4941 cognosceremus
3342 4874 3411 4930 ad
3423 4879 3859 4949 consequendum

2269 4960 2456 5015 salutis
2510 4959 2781 5018 effectum.
2839 4963 3092 5021 Nonnulli
3129 4968 3273 5024 enim
3325 4970 3593 5026 scelerum
3642 4988 3858 5028 suorum

2272 5056 2705 5113 consideratione
2758 5060 3051 5129 perterriti,
3083 5077 3184 5133 pro
3233 5063 3610 5134 iniquitatibus
3649 5068 3859 5138 quidem

2272 5147 2383 5201 suis
2414 5147 2467 5201 in
2496 5149 2744 5204 oratione
2783 5160 3025 5220 gemunt,
3069 5168 3171 5209 nee
3211 5162 3394 5211 tamen
3419 5157 3487 5212 ab
3517 5158 3701 5229 iniqua
3733 5175 3849 5231 ope-

2271 5239 2481 5295 ratione
2500 5240 2803 5297 discedunt.
2822 5241 3081 5300 Fatentnr
3100 5260 3161 5302 se
3184 5247 3326 5303 male
3352 5246 3566 5316 fecisse,
3581 5267 3685 5306 nec
3700 5251 3857 5306 ullum

2272 5330 2432 5387 finem
2464 5334 2650 5389 volunt
2700 5335 2856 5391 malis
2906 5336 3060 5394 factis
3096 5339 3208 5394 suis
3252 5338 3556 5410 imponere.
3601 5342 3858 5399 Accusant

2272 5421 2547 5479 humiliter
2575 5425 2630 5479 in
2658 5436 2952 5498 conspectu
2985 5428 3077 5486 Dei
3104 5438 3326 5501 peccata
3365 5431 3565 5500 quibus
3614 5441 3858 5489 tenentur

2272 5520 2534 5589 oppressi,
2566 5528 2621 5576 et
2658 5521 2847 5576 eadem
2876 5533 3101 5594 peccata
3129 5539 3250 5594 qua:
3275 5518 3581 5582 humilitate
3603 5527 3857 5583 sermonis

2272 5618 2544 5677 accusant,
2569 5612 2733 5668 corde
2762 5628 3020 5684 perverso
3048 5618 3442 5673 contumaciter
3469 5619 3767 5674 cumulant.
3787 5618 3841 5674 ln

2271 5697 2607 5777 dulgcnliam.
2636 5717 2798 5772 quam
2824 5704 3140 5778 lacrymosis
3167 5710 3460 5778 gemitibus
3486 5719 3742 5787 poscunt,
3766 5710 3855 5790 ipsi

648 5888 671 5920 α
703 5875 853 5936 liunc
874 5876 1050 5936 locum
1073 5890 1181 5933 non
1204 5879 1388 5952 paucis
1409 5878 1586 5937 verbis
1607 5894 1854 5959 mancum
1878 5880 2160 5940 restituere
2185 5897 2290 5940 non
2313 5881 2462 5943 licuit
2491 5897 2594 5958 ope
2619 5886 2743 5946 cdd.
2775 5896 2865 5947 aut
2894 5904 3019 5951 mss.
3048 5890 3209 5972 codd.

2373 6069 2433 6083 α.
