4108 6484
256 401 364 459 5'57

1250 352 1338 445 ac
1372 387 1779 464 BEMISSIONE
1819 381 2276 447 PECCATORUM
2315 389 2441 446 uc.
2481 389 2524 445 ι.

3420 391 3524 447 558

243 513 353 570 sibi
395 510 576 583 pravis
600 507 854 580 operibus
882 505 1145 561 adimunt.
1191 504 1451 560 Medelam
1498 503 1773 573 postulant
1802 518 1832 556 a
1864 507 1912 566 Α
1939 503 2235 573 peccabant
2282 498 2497 557 tristitia
2547 516 2737 574 magna
2779 505 3191 561 concutiebatur
3237 511 3292 561 et
3334 506 3525 562 dolore

245 604 481 669 medico,
505 610 561 658 et
588 602 641 657 in
670 599 963 672 perniciem
992 613 1143 653 suam
1172 598 1468 665 subrogant
1509 594 1834 665 adjutorium

245 695 459 751 morbo.
476 693 553 750 Ac
578 692 657 748 sic
685 691 919 748 inaniter
937 689 1112 746 verbis
1133 696 1382 760 quaerunt
1399 686 1611 757 placare
1631 685 1837 756 justum

244 786 498 856 iudicem,
529 800 689 856 quem
717 782 873 841 factis
916 782 1113 852 iniquis
1142 781 1314 849 magis
1344 779 1560 834 irritant
1587 778 1656 833 ad
1685 778 1854 833 furoa

246 866 385 933 rem.
410 876 572 932 Tales
600 872 744 931 enim
786 888 1060 943 nunquam
1102 871 1316 927 diluunt
1341 869 1607 939 gemendo
1648 884 1841 940 pecca-

247 979 384 1035 tum,
415 969 540 1039 quia
569 982 679 1023 non
725 965 981 1022 desinunt
1021 978 1250 1034 peccare
1277 969 1401 1033 post
1430 960 1709 1031 gemitum.
1735 957 1840 1014 Pro

249 1061 561 1118 criminibus
588 1072 820 1128 namque
848 1063 1105 1126 gemunt;
1137 1063 1192 1111 et
1218 1061 1344 1126 post
1364 1052 1621 1123 gemitum
1643 1049 1714 1104 ad
1735 1051 1841 1106 cri-

248 1156 395 1210 mina
423 1153 670 1210 redeunt.
701 1151 778 1208 De
819 1151 1015 1206 talibus
1043 1150 1097 1205 in
1123 1149 1261 1205 libro
1290 1146 1667 1204 Ecclesiastico
1694 1144 1842 1200 Scri-

249 1255 406 1317 plura
434 1244 613 1299 divina
643 1243 721 1299 sic
749 1241 1018 1312 loquitur:
1054 1236 1155 1304 Qui
1182 1237 1475 1309 baptizatur
1494 1253 1526 1289 a
1552 1242 1776 1301 mortuo,
1793 1241 1843 1287 et

249 1347 434 1391 uterum
469 1335 633 1406 tangit
677 1333 857 1397 illum,
896 1331 1019 1404 quid
1067 1329 1275 1401 proﬁcit
1306 1327 1498 1381 lavatio
1556 1325 1668 1396 ejus
1697 1324 1720 1378 ?
1750 1323 1841 1379 Sic

250 1427 401 1481 homo
431 1428 516 1496 qui
550 1425 761 1497 jejunat
787 1441 881 1494 pro
922 1423 1147 1493 peccatis
1187 1421 1324 1486 suis,
1356 1428 1406 1474 et
1448 1420 1634 1473 iterum
1662 1416 1843 1473 eadem

250 1518 470 1588 faciens,
500 1516 624 1588 quid
656 1516 863 1587 proﬁcit
899 1512 1224 1568 Itumiliando
1269 1527 1324 1568 se
1347 1508 1703 1567 ?-0rationem
1731 1508 1842 1578 ejus

252 1613 364 1683 quis
382 1610 625 1665 exaudiet
647 1607 839 1683 (Eccli.
862 1622 1052 1676 xxxrv,
1073 1604 1161 1672 30,
1188 1604 1317 1676 3|)?
1338 1602 1659 1659 Rectissime
1685 1601 1846 1671 igitur

253 1705 381 1761 dicit
407 1704 549 1760 Deus
577 1702 784 1758 homini
809 1719 822 1755 :
858 1699 922 1757 Si
952 1715 1228 1755 conversus
1260 1697 1421 1770 fueris
1445 1704 1494 1750 et
1515 1694 1842 1767 ingemueris,

252 1800 423 1854 salvus
452 1797 578 1851 eris.
609 1787 764 1866 A'pud
793 1793 963 1848 Deum
1001 1791 1205 1863 quippe
1242 1802 1495 1845 severum
1540 1794 1598 1843 et
1642 1788 1843 1841 bonum

252 1898 383 1946 tunc
398 1890 585 1945 .oratio
613 1886 878 1957 gementis
906 1885 1150 1953 auditur,
1193 1892 1321 1940 tunc
1366 1881 1641 1953 poscentis
1688 1879 1849 1936 fletus

253 1981 567 2045 attenditur,
607 1987 736 2034 tunc
781 1976 930 2032 flenti
965 1974 1281 2032 conceditur
1308 1972 1474 2038 salus,
1505 1971 1552 2028 si
1577 1969 1740 2026 fuerit
1777 1967 1848 2023 ad

253 2073 423 2129 Deum
467 2071 687 2127 contriti
715 2067 897 2124 cordis
935 2065 1240 2122 humilitate
1268 2078 1583 2120 conversus.
1616 2060 1848 2117 Necesse

253 2173 337 2221 est
363 2164 505 2219 enim
538 2172 599 2217 ut
626 2161 771 2217 Deus
798 2159 1074 2231 peceatori
1113 2157 1368 2215 misertus
1406 2155 1669 2225 ignoscat,
1699 2151 1744 2208 si
1767 2158 1848 2207 tae

254 2274 381 2315 men
410 2265 666 2329 peccator
693 2254 1032 2325 iniquitatem
1056 2266 1209 2308 suam
1252 2263 1549 2329 conversus
1569 2252 1845 2317 agnoscat.

253 2324 494 2421 Denique
525 2346 762 2403 divinam
786 2324 1221 2401 misericordiam
1246 2341 1412 2415 369
1433 2324 1723 2412 propterea
1744 2337 1850 2393 Da-

255 2440 346 2496 vid
374 2447 595 2495 sanctus
641 2434 936 2493 efficaciter
982 2434 1208 2501 invenit,
1239 2433 1367 2504 quia
1418 2446 1711 2489 conversus
1750 2443 1851 2500 per

256 2534 620 2592 humilitatem
649 2530 869 2587 contriti
897 2528 1099 2597 cordis,
1129 2526 1277 2598 quod
1296 2525 1437 2581 male
1466 2523 1668 2598 fecerat
1687 2536 1850 2592 agno-

256 2626 457 2685 scendo
480 2622 775 2690 damnavit,
801 2637 903 2678 nec
925 2596 1353 2690 distulit‘punire
1381 2596 1694 2688 paenitendo
1721 2612 1850 2669 mali

256 2719 434 2792 operis
442 2717 794 2790 cupiditatem
811 2716 864 2771 in
879 2729 985 2785 qua
1000 2712 1177 2768 fuerat
1191 2712 1397 2782 lapsus;
1413 2709 1540 2780 quia
1555 2708 1602 2763 si
1624 2723 1733 2763 non
1753 2721 1847 2777 pu-

258 2813 400 2870 niret
423 2810 568 2868 unde
595 2814 724 2866 reus
750 2807 1061 2875 tenebatur,
1081 2803 1275 2876 procul
1303 2801 1467 2858 dubio
1492 2802 1609 2872 ipse
1629 2798 1851 2871 punire-

259 2916 364 2965 tur.
395 2907 563 2965 Suum
613 2916 743 2976 ergo
772 2902 983 2959 facinus
1011 2899 1233 2970 agnovit
1270 2909 1567 2953 conversus
1596 2894 1652 2949 iu
1678 2891 1854 2964 pmni-

261 3003 504 3067 tentiam,
526 2998 720 3055 metuit
744 3010 814 3052 ne
834 2995 1119 3051 damnatus
1138 2988 1449 3060 agnovisset
1475 2999 1710 3058 prunam.
1734 2982 1856 3053 Ipse

263 3112 313 3152 ιιι
345 3110 405 3151 se
437 3093 708 3166 pmnitens
731 3086 1043 3143 vindicabat
1077 3079 1444 3152 agnoscendo,
1464 3075 1621 3149 quod
1649 3072 1855 3143 ignosci

264 3187 362 3245 sibi
388 3163 650 3243 volebata
683 3180 932 3236 Domine.
965 3175 1207 3245 Denique
1236 3186 1359 3228 cum
1390 3168 1652 3224 dixisset:
1687 3163 1852 3219 Mise-

1941 595 2122 652 cordis
2144 637 2158 662 ,
2190 596 2267 651 sic
2306 596 2426 652 illos
2469 597 2581 668 qui,
2613 597 2751 651 intra
2793 596 3088 654 Ecclesium
3118 599 3427 666 constituti,
3473 609 3526 655 et

1943 689 2211 759 impudice
2264 690 2644 760 luxurioseque
2703 690 2943 746 viventes
2989 690 3362 761 paenitentiam
3416 708 3525 746 non

1941 781 2193 849 agebant,
2226 781 2408 851 lugere
2436 797 2494 838 se
2510 778 2748 839 testatus
2769 791 2870 840 est.
2897 783 2974 840 De
3000 782 3200 839 Judreis
3228 784 3371 839 enim
3394 799 3529 854 quos

1942 871 2201 927 increduli
2231 873 2409 929 cordis
2438 874 2688 946 impietas
2713 873 3028 946 possidebat
3068 875 3143 928 ita
3170 874 3302 930 dicit
3333 892 3346 927 :
3381 872 3529 927 Veri-

1946 970 2101 1017 tatem
2128 964 2244 1019 dico
2272 965 2329 1019 in
2342 965 2584 1047 .Cltristo,
2614 984 2719 1021 non
2751 968 3001 1033 mentior,
3033 966 3380 1022 testimonium
3405 966 3531 1021 mihi

1943 1057 2240 1128 per/libente
2255 1059 2572 1114 conscientia
2596 1075 2734 1128 mea,
2755 1061 2807 1114 in
2835 1059 3036 1129 Spiritu
3059 1069 3240 1114 sancto
3256 1099 3269 1123 ,
3289 1059 3530 1130 quoniam

1946 1150 2159 1203 tristitia
2182 1149 2310 1203 mihi
2338 1158 2414 1204 est
2436 1167 2651 1223 magna,
2681 1161 2728 1204 et
2753 1151 3027 1205 continuus
3056 1151 3208 1206 dolor
3231 1150 3375 1205 cordi
3396 1165 3529 1203 meo.

1948 1238 2207 1312 Optabam
2235 1243 2373 1297 enim
2408 1259 2500 1313 ego
2528 1244 2638 1313 ipse
2675 1244 2957 1298 anathema
2986 1260 3101 1299 esse
3123 1260 3156 1297 a
3194 1242 3399 1297 Christo
3438 1258 3532 1313 pro

1947 1333 2196 1406 fratribus
2224 1335 2371 1399 meis,
2395 1336 2481 1407 qui
2502 1343 2622 1389 sunt
2642 1337 2850 1408 cognati
2871 1336 2971 1390 mei
2995 1336 3273 1390 secundum
3301 1350 3531 1398 carnem,

1894 1478 1896 1481 ,
1946 1427 2033 1499 qui
2060 1435 2180 1482 sunt
2211 1425 2471 1482 Israelita:
2502 1426 2677 1501 (Rom.
2710 1444 2784 1495 ιχ,
2819 1427 2869 1495 l,
2900 1427 2955 1495 2,
2978 1428 3032 1493 5,
3062 1427 3139 1498 4).
3170 1427 3247 1482 De
3274 1427 3380 1482 illis
3401 1441 3533 1482 vero

1947 1518 2040 1588 qui
2069 1519 2209 1574 intra
2228 1517 2525 1599 Ecclesiam
2547 1520 2706 1590 positi
2734 1520 2890 1574 malis
2917 1519 3171 1590 operibus
3192 1518 3535 1583 insistebant,

1948 1610 2027 1667 sic
2067 1611 2134 1666 ad
2163 1609 2478 1668 Corinthios
2507 1613 2747 1682 loquitur
2773 1612 3081 1669 medicinali
3120 1625 3373 1675 sermone
3403 1629 3417 1665 :
3450 1607 3533 1665 Ne

1947 1701 2137 1757 iterum
2163 1719 2279 1757 cum
2306 1719 2489 1760 venero
2522 1705 2752 1760 humiliet
2791 1721 2873 1759 me
2899 1703 3043 1759 Deus
3069 1703 3209 1775 apud
3230 1720 3338 1770 eos,
3368 1710 3415 1758 et
3452 1701 3534 1756 lu-

1949 1809 2099 1865 geam
2123 1793 2313 1848 multos
2352 1810 2419 1848 ea:
2447 1794 2527 1848 his
2554 1797 2640 1866 qui
2676 1804 2798 1849 ante
2823 1804 3178 1865 peccaverunt,
3208 1802 3259 1848 et
3284 1809 3389 1848 non
3415 1808 3534 1865 ege-

1879 1911 1926 1971 Β
1951 1893 2072 1941 runt
2101 1886 2479 1957 paenitentiam,
2509 1903 2662 1958 super
2683 1887 3012 1942 immunditia
3039 1896 3089 1942 et
3118 1886 3462 1959 fornicatione
3489 1896 3536 1938 et

1950 1977 2275 2048 impudicitia
2322 1995 2477 2050 quam
2523 1988 2791 2051 gesserunt
2821 1977 2908 2052 (Il
2938 1977 3059 2034 Cor.
3104 1994 3216 2044 xu,
3265 1975 3381 2047 21).
3430 1973 3536 2031 Nec

1951 2068 2088 2124 istos
2114 2068 2303 2138 utique
2329 2068 2501 2125 tristis
2524 2069 2757 2138 doleret,
2787 2084 2891 2126 nec
2915 2069 3037 2126 illos
3057 2067 3367 2124 humiliatus
3384 2064 3535 2120 dole-

1949 2167 2037 2215 ret
2064 2158 2378 2231 Apostolus,
2404 2160 2451 2216 si
2480 2160 2658 2231 impiis
2684 2169 2740 2216 et
2764 2160 2959 2231 iniquis
2987 2155 3433 2216 exacerbantibus
3459 2155 3537 2211 di-

1952 2251 2135 2307 vinam
2158 2251 2424 2322 justitiam
2444 2252 2563 2309 sine
2590 2252 2948 2309 conversione
2967 2250 3146 2308 cordis
3169 2248 3541 2306 remissionem

1950 2332 2305 2417 peccatorum
2332 2344 2579 2402 crederet
2606 2342 3025 2412 conferendam;
3050 2358 3173 2400 cum
3204 2342 3318 2413 ipsa
3348 2340 3536 2397 remis-

1953 2438 2037 2494 sio
2062 2448 2412 2509 peccatorum
2450 2453 2561 2494 non
2602 2438 2708 2494 nisi
2746 2437 2801 2494 in
2830 2437 3186 2494 conversione
3213 2435 3394 2492 cordis
3420 2449 3539 2490 sor-

1954 2529 2120 2585 tiatur
2158 2529 2445 2597 efl‘ectum;
2498 2530 2554 2585 in
2595 2529 2701 2586 illis
2742 2528 3005 2586 duntaxat
3030 2529 3123 2600 qui
3155 2527 3389 2600 propriae
3431 2526 3541 2597 jam

1954 2620 2247 2678 voluntatis
2294 2629 2508 2678 utentes
2536 2621 2759 2679 arbitrio
2781 2663 2800 2694 ,
2845 2620 3014 2678 divini
3048 2621 3286 2677 muneris
3313 2619 3538 2693 opitula-

1955 2714 2105 2770 tione
2129 2716 2378 2771 conversi
2402 2722 2609 2770 mutata
2638 2715 2692 2770 in
2734 2715 2929 2772 melius
2957 2714 3088 2783 vita,
3132 2730 3244 2770 non
3282 2714 3541 2771 desistunt

1957 2805 2026 2860 ad
2054 2803 2385 2876 poscendam
2416 2806 2791 2863 remissionem
2818 2815 3171 2878 peccatorum
3196 2820 3435 2873 currere,
3478 2805 3541 2861 ad

1956 2912 2189 2968 quorum
2218 2900 2381 2971 37o
2420 2899 2885 2970 perpetrationem
2916 2899 3032 2955 sive
3059 2898 3365 2955 nescientes
3390 2899 3538 2967 igno-

1957 2990 2130 3045 rantia
2161 2989 2392 3062 impulit,
2423 3006 2544 3060 seu,
2566 2991 2710 3061 quod
2744 2996 2830 3047 est
2868 2991 3125 3059 deterius,
3156 2991 3390 3046 scientes
3417 3005 3541 3045 con-
3635 3014 3639 3019 ο

1960 3084 2192 3139 tumacia
2239 3084 2534 3139 voluntatis
2578 3084 2766 3140 illexit.
2818 3083 3048 3156 Propter
3092 3083 3241 3157 quod
3276 3082 3542 3155 Propheta

1959 3186 2080 3230 orat
2108 3175 2277 3231 Deum
2311 3193 2324 3229 :
2355 3175 2558 3231 Delicta
2579 3175 2866 3247 juventutis
2885 3186 2935 3231 et
2963 3177 3276 3247 ignorantia:
3293 3190 3423 3231 metu
3451 3172 3526 3246 (al

264 3278 501 3341 τετεηιεῑτ
523 3274 675 3337 Deus,
693 3270 970 3327 secundum
992 3259 1666 3339 magnam'misericordiam
1689 3266 1849 3323 luam.
1883 3297 1928 3361 Ο
1958 3267 2287 3339 ignorantias
2334 3268 2500 3340 meas)
2535 3285 2600 3323 ne
2638 3269 2934 3323 memineris
2981 3267 3157 3337 (Psal.
3186 3283 3330 3335 xxiv,
3368 3255 3445 3339 7}.
3479 3265 3542 3320 EI

266 3380 307 3427 et
345 3370 624 3426 secundum
658 3363 1038 3421 multitudinem
1067 3357 1453 3414 miserationum
1502 3361 1707 3407 tuarum
1742 3350 1855 3404 dele

266 3466 579 3538 .niquitatem
603 3475 773 3514 meam
797 3474 814 3521 ;
850 3454 1025 3525 Magis
1070 3450 1336 3522 magisque
1364 3445 1480 3500 lava
1508 3460 1590 3498 me
1617 3432 1681 3497 ab
1711 3441 1853 3512 inju-

266 3532 401 3612 stitia
431 3569 563 3618 mea,
583 3559 631 3604 et
656 3566 689 3603 a
717 3548 902 3602 delicto
938 3560 1052 3599 meo
1077 3540 1270 3596 munda
1290 3556 1371 3594 me
1395 3536 1568 3609 (Psal.
1603 3552 1653 3601 L,
1688 3533 1740 3599 1,
1762 3532 1851 3605 Ξ);

200 3664 201 3667 ‘
266 3646 441 3703 statim
465 3649 686 3698 secutus
730 3636 1011 3707 adiunxit:
1040 3632 1298 3698 Quoniam
1335 3630 1660 3702 iniquitatem
1687 3641 1856 3680 meam

266 3755 354 3794 ’σο
396 3748 653 3807 agnosco,
701 3730 947 3785 delictum
992 3741 1163 3780 meum
1208 3738 1385 3777 coram
1414 3738 1495 3775 me
1534 3728 1610 3774 est
1654 3732 1856 3788 semper

266 3823 544 3901 (Ibid.,)l).
578 3818 917 3892 Agnoscebat
946 3816 1284 3886 iniquitatem
1306 3826 1483 3896 suam,
1506 3824 1617 3864 non
1644 3816 1706 3863 ut
1728 3823 1855 3878 pec-

268 3900 434 3976 cando
465 3914 633 3985 magis
664 3917 905 3980 augeret,
931 3906 1027 3964 sed
1052 3913 1110 3961 ut
1138 3901 1451 3976 pmnitendo
1480 3900 1736 3965 dilueret;
1769 3906 1855 3952 at-

269 4027 367 4082 que
394 4012 467 4066 ita
492 4005 915 4064 dominationem
960 3998 1194 4072 peccati,
1222 4009 1388 4066 quam
1420 3992 1711 4048 delectatio
1741 3988 1857 4044 cul-

268 4081 451 4174 pabilis
488 4097 709 4163 invexit,
743 4094 1028 4150 conversio
1054 4104 1179 4146 vera
1209 4085 1503 4144 submovit.
1538 4082 1604 4137 Et
1631 4082 1756 4159 quia
1775 4081 1858 4135 in-

271 4171 462 4262 gemuit
480 4187 649 4244 David
678 4200 746 4242 ex
784 4191 899 4239 toto
926 4181 1091 4239 corde
1120 4193 1435 4242 conversus,
1469 4174 1726 4231 continuo
1747 4171 1856 4227 sal-

272 4300 359 4342 vus
390 4290 474 4338 est
525 4280 715 4347 factus,
751 4284 915 4346 atque
943 4276 1016 4330 ita
1042 4274 1095 4329 in
1127 4289 1194 4329 eo
1215 4270 1548 4342 completum
1580 4275 1664 4324 est
1707 4263 1855 4336 quod

273 4394 361 4450 per
390 4376 711 4449 prophetam
737 4371 1079 4444 praecipitur:
1106 4368 1168 4424 Si
1196 4381 1473 4424 conversus
1497 4362 1665 4443 fueris
1687 4370 1738 4416 et
1765 4361 1853 4414 in-
1886 4360 1889 4365 ⁴

274 4471 532 4546 gemueris,
564 4467 736 4524 salvus
765 4466 887 4520 eris.

863 4588 1090 4672 CAPUT
1121 4612 1257 4668 xm.

298 4770 305 4775 '
338 4757 504 4814 Porro
532 4753 816 4811 conversio
864 4760 920 4806 et
959 4750 1027 4804 ab
1065 4749 1342 4820 impietate
1381 4754 1437 4802 et
1466 4744 1533 4799 ab
1563 4743 1858 4813 iniquitate

278 4859 590 4933 prmcipitur.
625 4853 863 4925 Utraque
888 4852 1031 4908 enim
1056 4850 1339 4905 adversum
1361 4863 1421 4903 se
1449 4847 1589 4901 iram
1609 4845 1705 4901 Dei
1734 4860 1862 4914 pro-

276 4969 463 5019 vocant
498 4978 510 5012 :
543 4957 671 5030 quia
698 4964 984 5024 utrumque
1015 4933 1160 5007 Deus.
1184 4956 1501 5007 exsecratur
1528 4955 1583 5003 et
1621 4947 1861 5011 damnat,

279 5052 481 5108 licente
508 5049 677 5104 Paulo
711 5066 723 5101 :
762 5045 1038 5103 Revelatur
1066 5043 1202 5098 enim
1232 5043 1311 5094 ira
1337 5038 1431 5093 Dei
1462 5039 1524 5092 de
1552 5040 1679 5092 caelo
1710 5052 1864 5110 super

277 5161 466 5202 )mnem
504 5143 815 5215 impietatem
844 5149 893 5193 et
937 5136 1252 5210 injustitiam
1294 5133 1560 5186 hominum
1612 5129 1789 5203 (Rom.
1823 5145 1860 5195 ι,

280 5235 379 5308 18).
412 5233 477 5289 Et
504 5232 761 5289 Salomon
802 5231 897 5295 ait,
944 5227 1088 5300 quod
1121 5227 1293 5281 εῑίιιιιι-
1314 5224 1503 5280 beatus
1536 5221 1724 5275 Petrus
1752 5220 1864 5275 suis

281 5326 427 5383 lictis
456 5321 682 5380 inseruit
725 5341 737 5375 :
781 5322 841 5377 Si
879 5322 1053 5392 justus
1084 5321 1166 5373 vix
1195 5314 1509 5379 salvabitur,
1542 5320 1782 5385 peccator
1816 5318 1865 5365 et

292 5421 457 5492 mpius
477 5419 563 5473 ubi
588 5412 1035 5490 parebunt(Prov.
1062 5427 1138 5478 Kl,
1158 5409 1248 5477 5|,
1272 5409 1428 5481 juxta
1443 5403 1626 5468 LXX;
1657 5402 1685 5456 1
1723 5402 1862 5459 l’etr.

290 5529 345 5578 v,
387 5510 493 5583 18).
528 5507 681 5564 Unde
710 5522 818 5562 non
849 5504 1118 5559 immerito
1151 5501 1253 5556 Vas
1280 5498 1583 5565 electionis,
1612 5495 1756 5566 quod
1783 5495 1867 5549 di-

285 5602 408 5658 cina:
436 5601 654 5672 plenum
699 5605 817 5655 erat
844 5595 1106 5659 caritatis,
1138 5594 1277 5649 sicut
1316 5607 1415 5663 pro
1446 5590 1530 5646 bis
1554 5589 1645 5659 qui
1677 5590 1731 5642 in
1761 5586 1868 5643 fide

344 5787 368 5815 ι
400 5774 491 5830 Sic
518 5788 619 5829 ms.
669 5772 835 5829 Abest
868 5785 971 5824 vox
1015 5767 1184 5840 plagis
1214 5765 1283 5821 ab
1323 5765 1496 5821 editis.
1533 5763 1600 5840 At
1629 5764 1681 5840 in
1715 5771 1863 5840 textu

289 5847 582 5916 evangelico
613 5844 773 5916 paulo
802 5842 958 5916 aliter
985 5833 1233 5916 habetur,
1265 5852 1457 5909 nempe
1484 5879 1499 5906 ,
1543 5836 1741 5908 faciens
1769 5833 1856 5889 di-

288 5935 374 5990 pta
403 5910 590 5993 plagis,
615 5910 881 5991 vapulabit
907 5910 1102 5968 multis.

1960 3360 2213 3417 Salvator
2242 3368 2427 3416 noster
2456 3360 2530 3415 ait
2562 3378 2574 3414 :
2604 3359 2798 3416 Servus
2827 3362 3060 3415 nesciens
3091 3359 3404 3415 voluntatem
3452 3359 3542 3413 do-

1962 3456 2088 3509 mini
2102 3455 2202 3521 sui,
2216 3465 2265 3509 et
2278 3455 2474 3527 faciens
2486 3454 2704 3526 indigna
2721 3453 2812 3524 (al.
2833 3452 3037 3526 digna),
3054 3450 3315 3524 vapulabit
3335 3451 3515 3523 paucis
3528 3493 3543 3517 ,

1958 3555 2007 3600 ct
2036 3563 2211 3601 servus
2234 3548 2402 3600 sciens
2430 3546 2744 3600 voluntatem
2774 3545 2972 3601 domini
3012 3547 3092 3600 sui
3120 3554 3169 3600 et
3193 3546 3392 3618 faciens
3414 3545 3542 3599 indi-

1962 3656 2087 3710 gna,
2110 3638 2279 3710 plagis
2305 3649 2326 3673 υ
2360 3636 2623 3716 υαρυαὸἱι
2654 3637 2829 3692 multis
2861 3635 3012 3709 (Luc.
3048 3653 3143 3705 xu,
3173 3635 3289 3708 47).
3322 3634 3472 3691 Unde
3499 3644 3546 3691 et

1963 3728 2255 3800 Apostolus
2301 3729 2354 3783 in
2399 3729 2699 3797 ignorantia
2750 3743 2810 3783 se
2855 3743 3111 3800 peccasse
3142 3725 3432 3782 conﬁtetur
3471 3726 3546 3782 bis

1961 3824 2142 3879 verbis
2175 3842 2187 3876 :
2221 3821 2433 3877 Gratias
2476 3839 2573 3894 ago
2612 3823 2660 3877 ei
2705 3824 2791 3894 qui
2838 3838 2920 3877 me
2947 3823 3260 3894 confortavit
3289 3820 3494 3877 Christo
3526 3823 3546 3860 ³

1960 3915 2086 3971 Jesu
2121 3915 2341 3970 Domino
2366 3924 2576 3980 nostra;
2606 3915 2727 3985 quia
2755 3913 2960 3984 ﬁdelem
2994 3929 3074 3967 me
3097 3912 3433 3977 existimavit,
3462 3928 3546 3982 po-

1963 4024 2091 4075 nens
2117 4008 2171 4061 in
2204 4007 2513 4072 ministerio,
2539 4008 2624 4076 qui
2654 4007 2797 4076 prius
2820 4005 2897 4078 fui
2926 4003 3278 4076 blasphemus,
3305 4010 3352 4058 et
3373 4018 3546 4074 perse-

1962 4109 2127 4165 cutor,
2159 4108 2208 4154 et
2230 4098 2655 4162 contumeliosus;
2686 4097 2779 4151 sed
2803 4096 3217 4153 misericordiam
3246 4104 3548 4150 consecutus

1962 4209 2094 4258 sum,
2127 4193 2248 4264 quia
2278 4192 2527 4263 ignorans
2563 4190 2663 4263 feci
2683 4191 2739 4245 in
2767 4189 3127 4244 incredulitate
3154 4187 3206 4261 (I
3239 4187 3372 4243 Tim.
3399 4204 3435 4254 ι,
3461 4186 3549 4257 12,

1966 4281 2078 4355 15).
2112 4282 2189 4339 Ne
2216 4282 2338 4353 quis
2384 4295 2513 4352 ergo
2543 4282 2644 4337 sibi
2673 4281 2740 4337 de
2778 4281 3080 4353 ignorantia
3109 4280 3436 4346 blandiatur,
3466 4288 3548 4334 at-

1965 4376 2266 4432 tendendus
2290 4380 2373 4430 est
2399 4373 2643 4446 Apostoli
2671 4389 2873 4443 sermo,
2894 4373 2987 4445 qui
3015 4388 3073 4430 se
3102 4372 3405 4444 ignorantia
3433 4373 3549 4442 qui-

1964 4466 2086 4523 dem
2121 4466 2308 4523 fecisse
2337 4465 2670 4538 pronuntiat,
2719 4464 2814 4521 sed
2856 4472 3037 4520 tamen
3077 4480 3138 4521 se
3162 4479 3417 4536 peccasse
3444 4479 3551 4519 non

1967 4570 2159 4632 negat;
2187 4561 2294 4616 imo
2319 4561 2550 4632 primum
2578 4574 2638 4615 se
2666 4557 2797 4615 dicit
2823 4556 3011 4633 (Ibid.,
3040 4555 3131 4627 ‘15)
3162 4558 3402 4614 omnium
3430 4571 3549 4627 pec-

1968 4668 2215 4713 catorum
2252 4674 2264 4708 :
2293 4657 2525 4726 primum
2554 4654 2777 4719 scilicet,
2809 4668 2920 4708 non
2951 4650 3208 4722 temporis
3245 4665 3425 4715 cursu,
3456 4649 3551 4704 sed

1967 4747 2265 4818 iniquitatis
2286 4761 2530 4803 excessu.
2560 4743 2981 4799 Misericordiam
3004 4743 3191 4813 itaque
3211 4742 3264 4796 in
3290 4741 3396 4796 hoc
3417 4755 3547 4795 con-

1964 4852 2183 4898 secutus
2225 4848 2308 4897 est
2331 4880 2347 4907 ,
2392 4848 2450 4895 ut
2477 4845 2696 4910 peccata
2724 4847 2845 4907 qua:
2875 4838 2928 4892 in
2976 4835 3279 4906 ignorantia
3316 4834 3551 4899 fecerat,

1967 4937 2294 4991 illuminatus
2325 4940 2673 5003 agnosceret,
2714 4939 2772 4987 et
2800 4942 3094 4988 conversus
3123 4930 3368 5001 protinus
3399 4928 3551 4982 abdi-

1966 5039 2133 5087 caret.
2166 5029 2280 5084 lloc
2318 5035 2496 5083 autem
2543 5025 2618 5092 fit,
2667 5033 2752 5090 ut,
2784 5025 2922 5082 sicut
2964 5040 3063 5081 nos
3090 5023 3251 5079 docet
3280 5020 3553 5093 apostolus

1966 5122 2199 5179 lacubus
2221 5163 2235 5188 ,
2286 5137 2446 5177 omne
2475 5120 2660 5176 datum
2690 5121 2951 5191 optimum
2973 5160 2990 5183 ,
3045 5126 3102 5173 et
3144 5131 3305 5173 omne
3350 5115 3552 5169 denunt

1963 5214 2290 5289 perfectum,
2338 5215 2620 5271 desursum
2665 5210 2994 5269 descendere
3023 5225 3055 5265 a
3083 5207 3245 5263 Patre
3288 5205 3557 5269 luminum

1965 5306 2105 5378 (Jac.
2134 5323 2170 5372 ι,
2204 5306 2294 5376 l7)
2325 5320 2733 5375 cognoscamus.
2766 5302 2867 5370 Qui
2895 5317 3016 5357 cum
3052 5301 3104 5354 in
3134 5306 3419 5369 peccatore
3450 5297 3553 5352 hoc

1966 5400 2204 5455 inveniat
2254 5414 2351 5470 pro
2379 5414 2487 5469 quo
2516 5398 2709 5453 debeat
2732 5395 2875 5466 juste
2909 5392 3152 5448 damnari
3178 5432 3193 5460 ,
3238 5389 3551 5463 conversip-

1968 5507 2090 5547 nem
2124 5491 2239 5562 ipse
2283 5492 2450 5560 gratis
2482 5489 2665 5544 tribuit
2704 5484 2975 5558 peceatori
2999 5524 3015 5549 ,
3063 5498 3161 5554 per
3201 5498 3361 5553 quam
3397 5480 3553 5551 juste

1965 5587 2325 5644 damnationis
2355 5584 2561 5657 possint
2594 5588 2859 5637 tormenta
2886 5576 3214 5635 submoveri.

1968 5834 2007 5887 Α
2045 5760 2071 5801 ι»
2104 5762 2253 5888 Auli...
2300 5763 2354 5816 in
2382 5760 2617 5827 Christo;
2648 5776 2750 5817 ms.
2798 5757 2997 5814 omittit
3025 5759 3102 5826 in,
3126 5765 3180 5814 et
3221 5771 3337 5831 Ipse
3371 5760 3555 5819 test

2016 5844 2170 5888 00510
2196 5851 2229 5888 Ι.

2016 5844 2229 5907 postult.
