4130 6472
1139 502 1369 563 GAPUT
1397 503 1533 560 XIV.

616 602 677 659 In
704 602 853 660 omni
892 614 1024 671 ergo
1048 610 1342 673 peccatore
1364 600 1461 670 qui
1500 598 1723 661 arbitrio
1763 597 1875 668 jam
1904 596 2137 668 propriae

552 695 844 752 voluntatis
872 694 1079 762 utitur,
1128 708 1229 763 per
1253 691 1665 748 conversionem
1707 688 1888 745 cordis
1933 688 2137 745 beneii-

552 792 693 847 cium
739 789 906 845 divini
953 788 1191 845 muneris
1236 787 1540 843 inchoatur.
1582 776 1851 841 Caeterum
1881 783 2139 856 parvulos

552 883 800 938 novimus
831 896 939 936 non
966 881 1186 951 propria
1215 878 1510 944 voluntate,
1538 876 1637 932 sed
1667 875 1901 932 ﬁdelium
1931 889 2030 947 pro
2059 875 2139 931 eis

552 975 919 1032 conﬁtentium
945 982 1092 1030 recta
1113 971 1431 1029 credulitate
1455 971 1673 1027 salvari.
1694 968 1966 1044 Cpnvenit
1993 969 2138 1026 enim

554 1069 751 1140 iudicio
776 1067 1020 1125 veritatis
1059 1065 1313 1137 parvulos
1359 1065 1660 1120 ministerio
1708 1064 1896 1118 aliente
1920 1061 2137 1119 confes~

555 1161 719 1216 sionis
749 1158 974 1225 absolvi,
1014 1172 1153 1227 quos
1178 1155 1394 1211 vinculo
1423 1162 1639 1211 constat
1658 1154 1855 1209 alienm
1883 1152 2140 1223 iniquita-

555 1254 622 1310 tis
650 1251 910 1321 obstringi
943 1268 956 1304 :
985 1258 1074 1319 ut,
1110 1249 1234 1305 aliis
1252 1248 1576 1320 spiritaliter
1606 1244 2013 1313 conﬁtentibus,
2056 1261 2145 1302 ac-

556 1346 754 1417 cipiant
775 1341 1175 1416 justiﬁeationis
1194 1340 1543 1409 beneﬁcium,
1574 1342 1690 1412 qui,
1711 1342 1831 1397 aliis
1850 1341 2143 1397 carnaliter

557 1436 936 1508 generantibus
955 1474 974 1504 ,
1014 1442 1243 1508 portant
1267 1435 1530 1505 originale
1575 1441 1890 1505 peceatum;
1920 1440 1979 1489 et
2004 1432 2144 1487 sicut

557 1529 623 1585 ad
660 1528 888 1599 primam
940 1526 1285 1583 nativitatem
1335 1526 1510 1582 obfuit
1557 1524 1795 1580 nondum
1838 1524 1978 1579 natis
2043 1535 2146 1580 nec

556 1620 756 1691 aliquid
784 1618 1069 1689 agenth
1094 1625 1381 1690 parentum
1428 1614 1661 1674 carnalis
1686 1614 2027 1681 concubitus,
2066 1615 2146 1669 sic

556 1712 635 1767 eis
659 1711 1024 1781 nescientibus
1050 1710 1221 1782 prosit
1240 1709 1309 1765 ad
1336 1709 1629 1765 secundam
1656 1707 1989 1764 nativitatem
2022 1705 2147 1762 iide-

557 1803 686 1859 lium
705 1818 806 1874 pro
822 1803 908 1859 eis
928 1802 1299 1869 cpntiteutium
1313 1801 1578 1873 spiritalis
1600 1796 1843 1856 affectus.
1866 1800 2141 1868 Granium

1583 393 1638 453 8.
1668 385 2033 451 ιτωιαΕΝΤΙΙ
2065 378 2374 447 ΕΡΕΟΟΡΙ
2410 386 2784 447 RUSPENSIS

2158 512 2214 570 Α
2238 519 2339 570 θα,
2363 520 2582 576 regnum
2612 503 2706 558 Dei
2725 502 3058 575 possidebunt
3081 503 3135 576 (1
3148 503 3278 562 Cor.
3301 520 3373 575 Vt,
3392 505 3452 577 ‘9,
3466 504 3588 582 ‘10).
3606 504 3834 570 Celata?

2239 611 2455 669 quoque
2482 598 2560 654 sic
2614 597 2755 652 idem
2804 597 2998 653 doctor
3021 598 3249 654 eximius
3280 608 3514 657 monet:
3544 596 3837 677 Manifesta

2239 698 2409 744 autem
2437 699 2556 745 sunt
2585 687 2876 761 (inquiens)
2897 706 3054 763 opera
3075 692 3267 748 carnis.
3288 690 3424 758 Quae
3449 703 3572 751 sunt
3601 699 3836 769 fornica-

2240 785 2334 848 tio,
2360 783 2715 855 immunditia,
2738 782 2969 847 luxuria,
2994 784 3252 841 idolorum
3294 788 3534 858 servittis,
3557 793 3837 863 veneﬁcia,

2239 875 2950 942 inimicitia,‘lem1tlationes,
2984 878 3103 947 ira,
3148 878 3302 944 rixa,
3335 876 3701 945 (lissensimw's,
3720 885 3841 938 Ἰιω-

2239 980 2399 1031 reses,
2429 965 2663 1031 incidite,
2715 966 3012 1031 homicidia,
3055 966 3352 1035 ebrietates,
3400 975 3834 1040 comessationes,

2242 1068 2292 1113 et
2313 1059 2394 1113 his
2423 1060 2633 1126 similia,
2658 1075 2771 1131 qua:
2789 1060 3015 1131 pradico
3058 1060 3199 1116 vobis
3218 1101 3235 1127 ,
3280 1063 3412 1117 sicut
3432 1065 3681 1133 praedixi,
3711 1084 3843 1137 quo;

2244 1152 2388 1205 niam
2415 1153 2500 1221 qui
2524 1152 2654 1206 talia
2697 1163 2880 1224 agunt,
2912 1164 3127 1225 regnum
3170 1146 3269 1208 Dei
3307 1168 3411 1209 non
3457 1169 3842 1229 consequuntur

2212 1241 2391 1314 (Gal.
2442 1259 2494 1311 v,
2526 1241 2594 1298 i9
2643 1252 2693 1297 et
2745 1242 2902 1317 seq.).
2956 1241 3098 1311 Quia
3145 1244 3308 1314 igitur
3355 1245 3533 1315 justus
3561 1254 3644 1303 est
3672 1247 3841 1315 Deus,

2238 1334 2483 1403 'qnandiu
2506 1334 2593 1390 isti
2621 1332 2749 1388 talia
2776 1342 2959 1403 agunt,
2984 1344 3208 1404 regnum
3238 1334 3334 1391 Dei
3362 1338 3475 1392 non
3500 1348 3841 1409 consequun-

2249 1434 2362 1490 tur;
2392 1425 2647 1495 quoniam
2693 1436 2826 1481 veno
2848 1423 2992 1480 idem
3042 1420 3187 1480 Deus
3215 1427 3523 1485 misericors
3544 1439 3661 1496 est,
3714 1447 3838 1502 pro-

2247 1524 2437 1586 pterea
2464 1516 2615 1585 mali,
2644 1517 2696 1571 si
2723 1516 2851 1572 talia
2881 1528 3043 1588 agere
3070 1514 3321 1575 desinant
3342 1518 3399 1577 in
3429 1523 3625 1593 quibus
3664 1522 3840 1581 Deum

2249 1608 2644 1663 contumaciter
2691 1607 3044 1678 exacerbant,
3075 1612 3441 1669 et‘bumiliati
3497 1624 3661 1686 atque
3720 1635 3840 1673 cor-

2248 1701 2384 1756 recti
2412 1700 2480 1755 ad
2496 1699 2668 1757 Deum
2698 1709 3104 1771 convertantur,
3134 1714 3361 1774 regnum
3388 1702 3485 1763 Dei
3531 1708 3650 1765 sine
3676 1708 3842 1766 dubio

2249 1800 2670 1864 consequentur.
2692 1791 2846 1849 Sient
2865 1794 3008 1850 enim
3035 1810 3172 1867 opus
3191 1796 3410 1867 justitize
3433 1808 3548 1856 non
3586 1801 3842 1871 Vincitur,

557 1908 684 1965 ergo
718 1893 792 1949 ad
818 1894 942 1949 illos
967 1894 1162 1949 attinet
1184 1892 1281 1963 qui
1306 1892 1649 1964 propriorum
1673 1890 1785 1961 iam
1804 1898 2031 1961 possunt
2057 1906 2150 1948 ach
2177 1896 2228 1958 ι
2254 1887 2335 1944 sic
2355 1901 2458 1943 nec
2480 1900 2618 1958 opus
2634 1887 3021 1946 misericordiae
3057 1884 3423 1949 submovetur.
3474 1888 3549 1949 Et
3595 1895 3720 1952 ideo
3767 1898 3843 1952 sic

558 1993 706 2043 tuum
757 1986 988 2044 reddere
1033 1986 1299 2042 rationem
1323 2026 1341 2054 ,
1386 1984 1567 2041 nullus
1609 1984 1874 2040 eiiicietur
1918 1984 2146 2051 beatus,

558 2077 660 2133 nisi
687 2078 784 2149 qui
812 2075 981 2133 titulis
1024 2078 1234 2135 actibus
1264 2076 1593 2133 renuntiatis
1616 2116 1633 2145 ,
1682 2074 1752 2130 ad
1786 2074 1956 2132 Deum
1984 2074 2149 2131 fuerit

559 2178 672 2227 tota
692 2170 880 2227 cordis
900 2170 1207 2226 humilitate
1228 2182 1547 2227 conversus.
1582 2168 1733 2225 emt
1758 2169 1903 2225 enim
1924 2182 2148 2243 quorum

559 2264 789 2320 nm
808 2266 946 2319 "sunt
970 2264 1295 2336 itaqu/itam,
1312 2271 1370 2318 et
1394 2274 1613 2335 quorum
1642 2271 1771 2318 tecta
1790 2271 1911 2318 sunt
1934 2272 2149 2334 peccata

559 2352 731 2427 (Ptol.
759 2370 911 2423 xm,
945 2354 1022 2424 ι).
1044 2354 1301 2426 Quisquis
1324 2354 1492 2425 igitur
1513 2353 1748 2424 propria:
1772 2353 2066 2410 voluntatis
2086 2358 2149 2409 et

559 2445 893 2516 operationis
921 2445 1259 2516 iniquitatem
1304 2453 1524 2516 portat,
1564 2456 1676 2501 non
1704 2453 1885 2516 potest
1912 2444 2151 2516 aliquam

562 2537 810 2608 accipere
846 2536 1261 2604 beatitudinem,
1290 2538 1398 2593 nisi
1422 2537 1585 2592 fuerit
1614 2536 1688 2592 ad
1714 2537 1892 2609 ipsum
1916 2549 2148 2592 convers

561 2642 653 2684 sus
678 2627 1026 2688 beatitudinis
1046 2628 1384 2698 largitorem.
1702 2659 1713 2665 -

1058 2756 1225 2840 ειη-ι
1264 2752 1495 2820 CAPUT
1527 2758 1636 2819 xv.

633 2856 875 2918 Peecatis
901 2859 1047 2917 enim
1074 2866 1381 2915 excaecatur
1398 2873 1513 2924 cor,
1542 2856 1862 2914 remissione
1880 2870 2013 2913 vero
2034 2855 2155 2912 illu-

565 2952 817 3007 minatur.
845 2950 982 3020 Quia
1003 2950 1141 3007 sicut
1169 2942 1301 3006 nihil
1322 2958 1407 3005 est
1427 2946 1571 3004 aliud
1590 2949 1859 3006 ‘exc'zec‘ari
1886 2964 2049 3021 quam
2073 2949 2158 3005 lu-

566 3042 712 3098 mine
735 3043 954 3113 privari,
987 3042 1061 3097 ita
1107 3050 1326 3098 curatus
1374 3041 1564 3097 oculus
1590 3036 1648 3097 in
1697 3048 1956 3112 quantum
1994 3042 2160 3113 potiri

567 3135 714 3190 valet
738 3134 950 3190 visione
976 3130 1215 3198 luminis,
1240 3133 1297 3188 in
1313 3141 1522 3187 tantum
1544 3140 1697 3189 caret
1719 3133 1851 3189 vitio
1879 3134 2157 3191 caecitatis.

567 3224 671 3293 Qui
694 3235 878 3282 tamen
923 3224 1112 3282 oculus
1160 3223 1344 3281 videre
1368 3224 1551 3281 lumen
1580 3224 1886 3281 nullatenus
1937 3225 2155 3293 valebit,

569 3290 673 3373 nisi
692 3332 752 3372 se
781 3317 855 3372 illi
878 3317 1065 3372 lumen
1093 3314 1370 3372 infuderit.
1401 3313 1599 3371 Oculus
1631 3316 1794 3387 igitur
1820 3331 1920 3387 per
1939 3290 2158 3375 luminis
2181 3290 2231 3356 θ

570 3409 891 3464 inlusionem
917 3416 1098 3480 potest
1120 3408 1401 3480 percipere
1428 3408 1645 3465 luminis
1670 3409 1955 3466 visionem.
1985 3409 2076 3468 Sic
2104 3419 2162 3468 et

569 3499 818 3555 remissio
844 3508 1193 3570 peccatorum
1234 3514 1360 3555 cum
1408 3500 1715 3558 hominibus
1755 3500 1948 3571 datur,
1971 3504 2161 3573 procul

571 3588 738 3644 dubio
764 3590 977 3647 cmcitas
1022 3590 1201 3646 cordis
1249 3589 1563 3662 expellitur,
1597 3601 1659 3649 ut
1707 3592 1889 3650 lumen
1931 3594 2159 3665 iustitiae

570 3682 730 3739 oculo
778 3683 1033 3739 interiore
1071 3692 1342 3741 cernatur.
1382 3671 1674 3741 Cmterun?
1698 3685 1976 3757 quomodo
2042 3685 2161 3742 lieri

570 3783 754 3849 potest
798 3784 857 3831 ut
884 3776 1188 3834 obscuritas
1214 3777 1559 3834 tenebrarum
1590 3787 1955 3846 removeatur,
2002 3779 2053 3855 si
2075 3779 2159 3834 lu—

569 3867 730 3924 minis
758 3867 954 3925 inlusio
980 3876 1090 3924 non
1117 3866 1388 3925 donetur?
1412 3867 1562 3926 'Debs
1610 3884 1740 3942 ergo
1782 3871 1979 3942 quibus
2027 3886 2158 3942 pro-

568 3958 685 4029 pria
713 3964 932 4030 peccata
960 3959 1203 4032 dimittit,
1224 3961 1410 4018 lumen
1439 3972 1577 4020 vero:
1601 3965 1971 4021 conversionis
2019 3975 2043 4001 ⁸
2071 3966 2159 4020 in-

568 4048 765 4108 fundit.
791 4049 1056 4120 Quocirca
1082 4052 1224 4110 sicut
1245 4068 1421 4111 caecus
1449 4054 1693 4126 quilibet,
1722 4054 1961 4126 quandiu
1984 4068 2161 4112 aecus

567 4151 671 4209 est,
706 4152 810 4198 non
842 4151 1021 4214 potest
1072 4145 1254 4201 lumen
1295 4142 1506 4212 videre;
1548 4147 1628 4203 sic
1676 4146 1889 4217 iniquus
1933 4147 2162 4217 quilibet

569 4240 663 4287 aut
689 4233 883 4302 impius
902 4235 1276 4290 remissiOnem
1306 4251 1415 4292 non
1444 4236 1641 4307 accipit
1663 4245 2032 4307 peccatorum,
2055 4237 2160 4294 nisi

568 4331 874 4393 prmventns
901 4324 1150 4393 gratuita:
1166 4324 1567 4394 justili'cationis
1590 4341 1817 4384 munere
1845 4335 1963 4383 toto
1991 4327 2159 4384 corde

568 4422 916 4471 convertatur
944 4414 1013 4472 a’d
1066 4414 1235 4473 Deum
1269 4436 1283 4471 :
1314 4417 1484 4488 ipsius
1531 4419 1676 4475 enim
1704 4421 2042 4477 remissionis
2073 4420 2157 4478 ef-

567 4505 740 4564 fectus
766 4506 820 4562 in
842 4498 1027 4564 ‘cordis
1052 4510 1409 4566 conversione
1451 4512 1718 4569 consistit.
1772 4504 2042 4570 Caeterum
2069 4516 2158 4571 cui

567 4600 940 4657 conversionis
958 4601 1136 4672 ‘gratia
1162 4608 1274 4658 non
1306 4603 1645 4672 conceditur,
1675 4614 2023 4677 peccatorum
2068 4621 2159 4663 re-

2254 1976 2397 2033 Deus
2415 1978 2816 2050 possessionem
2844 1979 2999 2051 regni
3025 1981 3109 2036 sui
3138 1982 3422 2054 disposuit,
3446 1992 3507 2040 ut
3550 1996 3693 2053 eam,
3718 1989 3844 2057 quia

2248 2067 2428 2140 justus
2457 2078 2558 2146 est,
2582 2071 2751 2142 impio
2802 2072 2862 2127 et
2906 2072 3092 2144 iniquo
3140 2088 3249 2130 non
3303 2074 3498 2144 donet;
3552 2078 3683 2148 quia
3713 2090 3844 2135 vero

2253 2161 2564 2218 misericors
2606 2166 2721 2230 est,
2766 2164 2916 2220 omni
2967 2165 3236 2222 veraciter
3281 2180 3546 2225 converso
3590 2184 3702 2228 non
3748 2171 3845 2226 de-

2252 2261 2432 2324 neget.

2742 2364 2914 2446 372
2949 2364 3178 2431 CAPUT
3204 2372 3341 2431 xvi.

2326 2480 2627 2542 Conversis
2646 2494 2836 2542 autem
2862 2496 2996 2545 tunc
3042 2503 3174 2545 vera
3198 2491 3467 2561 probatur
3514 2492 3569 2548 in
3598 2493 3846 2566 homine,

2255 2575 2301 2630 si
2324 2576 2584 2647 impietas,
2600 2585 2658 2633 et
2676 2577 2935 2647 iniquitas
2960 2577 3194 2650 pellatur
3228 2596 3302 2638 ex
3343 2582 3528 2640 corde.
3569 2583 3845 2642 Verumta-

2255 2682 2382 2723 men
2407 2667 2551 2724 inter
2568 2668 2903 2739 impietatem
2930 2679 2988 2726 et
3012 2671 3352 2742 iniquitatem
3370 2673 3662 2733 huc'uolet
3708 2691 3847 2749 pro-

2257 2758 2495 2814 nuntiari
2539 2757 2838 2817 dilferentia
2860 2798 2879 2828 ,
2901 2761 3047 2832 quod
3098 2762 3370 2834 impietas,
3394 2773 3492 2821 aut
3542 2782 3763 2837 pravam
3784 2769 3846 2823 in

2259 2849 2429 2906 Deum
2456 2850 2616 2907 iidem
2641 2853 2803 2924 gerit,
2831 2862 2927 2909 aut
2948 2855 3178 2924 nullam;
3208 2857 3462 2930 iniquitas
3481 2868 3663 2917 autem
3680 2861 3848 2919 malis

2259 2942 2503 2999 moribus
2529 2944 2725 3014 polluit
2747 2946 2938 3002 vitam.
2970 2948 3321 3021 Blasphemat
3349 2952 3601 3025 impietas
3650 2955 3847 3027 Deum,

2263 3033 2413 3091 ltedit
2431 3035 2687 3108 iniquitas
2708 3041 3041 3110 proximum.
3073 3042 3328 3115 Impietas
3344 3054 3529 3104 autem
3568 3062 3645 3105 ex
3671 3049 3846 3108 hani-

2263 3127 2417 3185 litate
2445 3130 2627 3187 carnis
2651 3134 2915 3190 mentitur
2942 3133 3363 3212 (fortenetitur)
3392 3140 3736 3213 altissimum,
3765 3145 3848 3201 ni-

2264 3225 2385 3274 tens
2411 3232 2807 3279 sacramentum
2830 3224 3047 3293 pietatis
3068 3226 3283 3283 invicta:
3306 3228 3380 3285 ad
3424 3230 3621 3288 divinat
3646 3243 3849 3291 nam

2264 3310 2657 3373 centimeliam.
2676 3312 3004 3383 pmdicare,
3035 3322 3130 3371 aut
3154 3316 3210 3371 in
3232 3315 3466 3374 humana
3493 3335 3657 3378 carne
3684 3322 3851 3381 Deum

2263 3397 2360 3454 Dei
2385 3398 2579 3455 Filium
2629 3411 2954 3473 conceptum
2983 3413 3283 3476 natumque
3335 3409 3589 3481 denegat,
3636 3422 3693 3469 et
3743 3414 3855 3471 Dee

2262 3505 2394 3545 vero
2421 3505 2530 3546 non
2560 3494 2740 3548 carnis
2759 3494 3064 3562 veritatem,
3094 3490 3196 3552 sed
3237 3502 3656 3559 ostentationem
3683 3505 3850 3561 solam

2263 3578 2411 3637 falsae
2440 3582 2666 3639 visionis
2693 3584 2968 3654 assignat:
2997 3595 3094 3642 aut
3123 3588 3197 3643 ita
3225 3604 3447 3647 carnem
3473 3592 3675 3651 Christi
3722 3595 3840 3653 late

2264 3681 2352 3729 tur
2380 3675 2450 3729 de
2479 3690 2646 3732 carne
2670 3674 2931 3750 Virginis,
2952 3688 3013 3734 ut
3030 3695 3153 3736 eam
3182 3692 3346 3753 neget
3374 3685 3440 3741 in
3468 3688 3651 3744 carnis
3670 3704 3838 3745 susce

2264 3766 2454 3835 ptione
2466 3774 2934 3837 conceptam;aut
2954 3772 3205 3828 eumdem
3223 3771 3439 3831 Patrem
3466 3791 3632 3847 quem
3661 3778 3851 3835 Filium

2263 3856 2632 3928 Spiritumque
2679 3868 2924 3916 sanctum
2980 3862 3113 3918 dicit
3139 3863 3458 3923 confusione
3511 3869 3713 3940 impia;
3763 3881 3852 3928 aut

2264 3947 2461 4015 Patris,
2492 3956 2549 4006 et
2576 3949 2719 4015 Filii,
2751 3959 2809 4006 et
2834 3950 3069 4023 Spiritus
3120 3957 3293 4012 sancti
3340 3958 3583 4016 diversas
3636 3969 3853 4021 naturas

2264 4040 2469 4097 inducit
2496 4042 2843 4112 separatione
2872 4059 3154 4114 perversa,
3183 4057 3278 4103 aut
3307 4065 3413 4106 non
3441 4052 3615 4108 credit
3634 4069 3852 4111 carnem

2264 4132 2387 4187 Filii
2416 4132 2510 4211 Dei
2533 4131 2605 4188 de
2645 4148 2812 4190 carne
2855 4134 3037 4192 Maria:
3068 4137 3299 4208 Virginis
3344 4151 3643 4214 sumptam,
3664 4145 3759 4201 sed
3786 4146 3852 4202 de

2263 4225 2404 4282 caelo
2431 4242 2542 4284 non
2570 4227 2781 4284 dubitat
2808 4244 3123 4288 asseverare
3146 4233 3483 4303 depositam;
3513 4246 3609 4293 aut
3657 4239 3852 4311 aliquid

2265 4318 2516 4375 humana:
2545 4329 2752 4376 natura
2770 4322 2887 4377 vult
2910 4321 3126 4380 Christo
3153 4327 3494 4396 subtrahere,
3526 4340 3584 4385 ut
3631 4342 3853 4404 accepta

2263 4410 2499 4466 humana
2527 4426 2693 4467 carne
2741 4414 2975 4469 animam
3002 4417 3435 4491 rationalem,id
3485 4431 3570 4477 est
3620 4424 3854 4479 animum

2264 4502 2477 4573 plenam
2495 4505 2731 4562 hominis
2750 4505 3093 4577 Unigenitum
3119 4510 3287 4567 Deum
3302 4513 3537 4585 deneget
3558 4518 3852 4587 accepisse.

2263 4595 2564 4667 lmpietatis
2592 4609 2674 4654 est
2696 4600 2992 4671 crimen,si
3014 4604 3139 4672 quis
3163 4604 3331 4676 dicat,
3360 4621 3468 4662 non
3499 4623 3719 4664 omnem
3748 4610 3853 4680 Spi-

567 4693 752 4751 missio
780 4709 889 4752 non
917 4696 1168 4753 donatur.
1199 4696 1340 4766 Quid
1368 4705 1452 4753 est
1475 4699 1618 4754 enim
1641 4699 1787 4756 aliud
1807 4709 2153 4772 peccatorum

2264 4688 2475 4744 ritalem
2504 4690 2957 4762 eorporalemque
2982 4708 3012 4746 a
3034 4691 3148 4749 Deo
3169 4692 3364 4751 bonam
3391 4697 3669 4754 conditam
3699 4708 3853 4755 natu-

567 4784 941 4842 remissionem
995 4789 1274 4858 consequi,
1304 4788 1408 4865 nisi
1450 4804 1480 4844 a
1526 4790 1734 4859 peccati
1788 4789 2158 4847 dominatione

566 4873 827 4931 liberari?
847 4873 1032 4932 Omnis
1084 4879 1223 4932 enim
1254 4878 1415 4954 (sicut
1450 4877 1663 4935 Veritas
1691 4878 1842 4950 dicit)
1890 4881 1976 4951 qui
2028 4881 2158 4952 facit

567 4974 854 5043 peccatum,
872 4976 1050 5023 “servus
1070 4977 1146 5023 est
1172 4970 1367 5039 peccati
1389 4968 1578 5040 ’(Jlo‘an.
1609 4985 1721 5035 vm,
1747 4966 1861 5041 54).
1916 4970 2156 5039 Quomo-

568 5057 639 5114 do
667 5068 850 5115 autem
877 5060 1042 5131 potiri
1066 5059 1304 5116 creditur
1330 5050 1649 5131 spletidiﬁco
1674 5061 2010 5117 liberationis
2034 5077 2154 5118 mu-

564 5163 728 5217 nere,
777 5151 870 5223 qui
915 5153 1125 5224 peccati
1167 5164 1284 5209 non
1320 5160 1479 5208 caret
1524 5154 1807 5210 teterrima
1858 5154 2155 5211 servitute?

565 5237 795 5312 Propter
816 5243 970 5314 quod
1025 5254 1215 5300 eorum
1270 5244 1363 5314 qui
1411 5241 1642 5299 dicunt:
1677 5240 1959 5299 Faciamus
1987 5247 2148 5311 mala,

563 5338 620 5385 ut
636 5333 849 5388 ueniant
862 5332 1003 5391 uaria
1026 5333 1206 5408 (Rom.
1231 5344 1309 5402 ιιι,
1345 5332 1421 5406 8),
1445 5335 1644 5405 justam
1673 5348 1793 5391 esse
1849 5337 2154 5392 damnatio-

566 5434 710 5489 nem,
735 5419 996 5494 Magistro
1044 5427 1288 5496 gentium
1335 5425 1596 5493 docente,
1642 5426 2012 5494 cognovimus,
2044 5440 2154 5496 quo

564 5513 889 5584 praedicante
914 5517 1166 5573 similiter
1190 5518 1492 5574 audivimus
1526 5536 1538 5572 :
1570 5514 1707 5583 Quia
1727 5534 1888 5589 neque
1917 5520 2155 5591 fornica-

563 5607 646 5672 rii,
672 5624 834 5682 neque
851 5610 1008 5667 idolis
1030 5611 1327 5679 sentientes,
1356 5624 1521 5684 neque
1550 5612 1797 5680 adulteri,
1829 5622 1991 5685 neque
2019 5614 2151 5669 mol-

562 5697 655 5765 les,
687 5716 850 5774 neque
868 5702 1214 5758 masculorum
1257 5702 1631 5770 concubitores,
1674 5718 1838 5774 neque
1867 5705 2026 5775 fures,
2055 5721 2151 5760 ne-

561 5800 655 5859 que
671 5794 845 5862 trimi,
866 5807 1034 5867 neque
1051 5790 1260 5861 ebriosi,
1293 5806 1454 5866 neque
1497 5794 1756 5860 maledici,
1793 5796 1959 5868 neque
1986 5811 2149 5869 rapa-

2264 4795 2413 4847 ram;
2444 4781 2539 4836 sed
2558 4797 2637 4858 .ex
2668 4782 2898 4841 adverso
2937 4786 3214 4856 propriam
3265 4788 3390 4843 mali
3420 4789 3553 4845 velit
3578 4792 3854 4862 assignare

2264 4872 2620 4929 substantiam
2656 4893 2669 4929 :
2702 4891 2826 4931 cum
2854 4892 3016 4934 omne
3044 4878 3263 4946 malum,
3299 4896 3404 4936 non
3427 4898 3494 4937 ex
3523 4892 3649 4939 ortu
3678 4898 3853 4954 neque

2262 4972 2405 5019 statu
2438 4967 2700 5022 naturalis
2737 4970 3087 5039 proprietatis
3130 4974 3347 5042 cxistat,
3380 4977 3475 5032 sed
3529 4993 3600 5033 ex
3644 4979 3856 5036 defectu

2261 5056 2581 5113 voluntariae
2608 5060 2956 5128 cogitationis
2978 5065 3193 5120 eveniat
3219 5084 3230 5120 :
3264 5082 3371 5123 non
3412 5069 3539 5139 quia
3568 5070 3713 5126 bona
3773 5088 3856 5128 na-

2266 5158 2387 5206 tura
2409 5151 2606 5206 malam
2636 5162 2884 5210 naturam
2914 5157 3123 5228 recipit,
3148 5168 3268 5215 eum
3296 5161 3434 5216 mala
3465 5172 3659 5220 natura
3716 5165 3856 5221 nulla

2265 5244 2356 5309 sit,
2392 5245 2487 5300 sed
2516 5246 2643 5316 quia
2698 5246 3006 5305 dilectionis
3054 5251 3246 5308 ordine
3292 5250 3577 5325 derelicto,
3610 5268 3855 5314 creatura
3910 5249 3914 5253 ⁴

2264 5336 2567 5404 rationalis,
2594 5352 2715 5409 quae
2742 5339 2809 5394 ad
2852 5340 3193 5399 dilectionem
3236 5343 3513 5403 Creatoris
3557 5348 3698 5404 facta
3751 5360 3850 5417 est,

2263 5428 2390 5484 dum
2419 5439 2735 5502 contempto
2764 5431 3047 5497 Creatore,
3080 5444 3174 5490 aut
3199 5435 3358 5493 rebus
3387 5438 3619 5495 inhaeret
3639 5441 3851 5505 creatis,

2262 5529 2356 5577 aut
2375 5523 2797 5592 cogitationibus
2845 5523 3013 5593 falsis,
3047 5525 3286 5585 deterior
3339 5528 3510 5598 facta,
3539 5535 3852 5604 temporalia

2260 5613 2628 5684 sempiternis,
2658 5613 2765 5669 ima
2817 5617 3061 5682 summis,
3092 5618 3374 5675 mutabilia
3429 5621 3852 5679 immutabilibus

2261 5704 2562 5775 anteponit.
2589 5703 2855 5761 Similiter
2883 5707 2958 5761 illi
2987 5708 3078 5777 qui
3103 5708 3279 5778 justos
3302 5718 3358 5765 et
3385 5711 3618 5783 iniquos,
3648 5730 3755 5770 non
3783 5729 3849 5769 ex

2259 5810 2488 5866 operum
2517 5796 2849 5866 diversitate,
2876 5799 2972 5855 sed
3023 5814 3094 5856 ex
3144 5812 3612 5861 sacramentorum
3668 5809 3848 5864 dictum

633 5955 660 5985 ι
689 5949 841 6019 Ant,
874 5946 1260 6021 Gonfessionis;
1288 5949 1385 6006 sed
1409 5950 1601 6007 melius
1652 5959 1708 6009 et
1759 5950 2147 6024 congruentius
2170 5949 2277 6028 ipsi
2300 5940 2581 6011 contextui
2613 5951 2760 6024 quod
2788 5953 3164 6015 substituimus
3191 5972 3260 6015 ex
3277 5975 3380 6016 ms.
