4108 6472
215 438 328 493 5M

1212 433 1299 490 DE
1336 431 1744 489 REMISSIONE
1782 432 2243 491 PECCATORBM
2283 432 2410 491 ΗΒ.
2440 433 2495 496 ἶ.

3405 432 3508 489 5i»!

210 541 604 600 Communium:
651 541 978 607 censendos,
1037 541 1173 597 nihil
1218 543 1464 599 volentes
1517 543 1805 622 unicuique
1833 553 1885 608 Α
1907 543 2128 599 formari
2149 557 2403 601 sermone
2429 545 2659 600 dicentis
2686 563 2699 599 :
2732 534 3037 610 Qua:th
3055 554 3113 600 ut
3141 546 3339 619 faciant
3367 548 3508 603 nobis

215 633 502 699 prodesse,
530 632 575 687 si
621 632 762 688 inter
814 633 1047 703 injustas
1089 632 1239 704 juste
1294 634 1441 689 vivat
1492 634 1546 687 in
1577 619 1815 689 Ecclesia

214 724 495 783 catholica
542 732 799 795 tanquam
820 739 1266 795 unumquemque
1293 740 1403 781 non
1432 740 1531 796 pro
1558 724 1819 793 qualitate

216 814 373 881 facti,
397 814 494 872 sed
521 831 620 886 pro
639 816 903 872 societate
925 817 1253 872 sacramenti
1274 825 1479 872 mterna
1508 816 1814 881 retributio,

216 906 341 963 sive
363 906 609 978 supplicii
633 905 704 962 sit
730 916 1045 978 exceptura,
1073 923 1171 964 seu
1199 908 1371 978 regni.
1398 907 1523 965 Haec
1542 924 1673 980 ergo
1692 924 1821 979 qua:

219 1010 356 1056 sunt
382 1016 414 1055 a
442 997 598 1057 nobis
635 1002 885 1072 superius
937 1002 1202 1070 intimate,
1253 1010 1305 1057 et
1360 1002 1467 1057 alia
1507 1003 1675 1058 multa
1702 1018 1821 1073 quae

222 1092 513 1148 adversum
538 1092 862 1149 catholicam
890 1102 947 1148 et
966 1094 1321 1165 apostolicam
1343 1093 1505 1149 fidem
1551 1093 1619 1149 ab
1647 1094 1823 1149 Interea-

222 1182 353 1238 ticis
380 1191 544 1253 atque
571 1183 930 1240 schismaticis
955 1184 1336 1255 proferuntur,
1367 1185 1664 1255 impietatis
1692 1186 1823 1241 vitio

225 1272 580 1344 deputantur.
629 1272 751 1344 Ipsa
798 1275 942 1331 enim
997 1277 1270 1348 separatio
1324 1276 1521 1348 impios
1566 1276 1824 1343 ostendit,

228 1370 355 1434 quae
394 1365 526 1419 tales
555 1365 924 1423 ecclesiastico
953 1367 1207 1437 corpori,
1225 1383 1334 1423 non
1365 1367 1568 1436 socios,
1596 1365 1695 1423 sed
1725 1366 1824 1421 ade.

228 1456 506 1511 versarios
533 1451 679 1513 facit.
712 1454 897 1529 Neque
923 1458 1067 1513 enim
1090 1473 1120 1513 a
1144 1465 1417 1513 conventu
1445 1459 1828 1514 ecclesiasticae

232 1548 459 1604 unitatis
484 1560 718 1619 corpore
743 1558 1146 1621 separarentur,
1178 1565 1241 1605 ac
1270 1548 1411 1614 loco,
1436 1550 1540 1605 nisi
1582 1550 1736 1621 prius
1758 1549 1827 1606 ab

233 1640 607 1696 ecclesiastica
658 1632 762 1697 fide
810 1640 1207 1698 descenderent
1266 1641 1422 1714 (forte
1468 1641 1828 1714 discederent)

235 1733 407 1790 corde
431 1741 724 1804 corrupto;
755 1747 931 1803 neque
953 1748 986 1787 a
1014 1732 1257 1803 legitimo
1279 1733 1427 1789 verbi
1450 1732 1548 1789 Dei
1576 1733 1831 1803 conjugio

238 1831 430 1894 aperta
451 1823 730 1894 impietate
757 1822 1192 1895 sejuigerentw,
1223 1824 1325 1878 nisi
1353 1821 1584 1895 perbdas
1622 1838 1687 1880 ac
1709 1839 1833 1895 per-

1918 635 2169 700 bomines,
2209 638 2389 691 eadem
2419 648 2466 691 et
2502 654 2592 692 eos
2612 638 2774 708 facile
2799 642 2893 693 eis.
2926 636 3056 692 Han:
3081 649 3157 692 est
3190 640 3510 694 enim-temet

1912 729 2185 799 propheta:
2239 728 2457 798 (Matth.
2497 745 2587 795 vn,
2621 727 2733 800 12).
2785 728 2902 785 Non
2938 729 3076 784 dixit
3100 729 3367 796 Christus,
3389 741 3512 800 qua:

1920 820 2077 875 vobis
2102 818 2329 876 fecerint
2376 822 2643 887 homines,
2679 823 2870 878 eadem
2894 830 2956 877 et
2981 822 3272 878 ves—facite
3303 826 3419 890 eis;
3442 834 3514 879 rte

1916 909 2122 964 malum
2144 911 2488 968 crederemus
2510 929 2617 984 pro
2640 914 2789 969 male
2808 913 3137 969 reddendum
3160 915 3218 969 ei
3239 917 3338 986 qui
3356 916 3539 971 nobis

1920 1000 2052 1054 ntali
2072 1000 2273 1069 aliquid
2294 1000 2440 1069 fecit,
2472 1012 2565 1057 aut
2584 1005 2841 1073 cuiquam
2870 1004 3181 1074 negandum
3205 1014 3518 1076 pearcnrls

1923 1091 2266 1159 beneﬁcium,
2306 1108 2338 1146 a
2376 1109 2488 1164 quo
2519 1094 2675 1149 nobis
2702 1095 2833 1150 nihil
2862 1096 3108 1152 beneﬁcii
3131 1097 3393 1153 sciremus
3418 1098 3519 1152 int-

1920 1196 2157 1252 pensum
2191 1200 2203 1236 :
2236 1197 2358 1238 cum
2413 1184 2609 1239 debeat
2635 1183 2975 1241 Cirristianus
3004 1187 3159 1241 omni
3186 1187 3394 1242 homini
3424 1188 3521 1243 be-

1928 1273 2253 1329 nevolentia:
2288 1275 2637 1344 adjuterium,
2667 1277 2754 1331 vel
2798 1290 3126 1347 mare,
3149 1279 3233 1334 vel
3261 1276 3518 1346 reddere;

1931 1374 1990 1419 ut
2016 1375 2074 1420 et
2096 1365 2241 1421 bono
2263 1365 2466 1422 bonum
2494 1367 2706 1434 reddat,
2738 1378 2794 1423 et
2818 1368 3019 1423 malum
3052 1369 3295 1426 bonitate
3312 1375 3525 1440 mw

1927 1457 2065 1510 niat.
2086 1455 2301 1512 Dicitur
2316 1457 2462 1512 enim
2504 1458 2661 1513 nobis
2681 1474 2711 1512 a
2733 1457 2964 1515 Domine
3000 1477 3014 1513 :
3280 1462 3523 1516 Mum
3578 1505 3583 1510 .

1930 1558 2145 1610 uestros,
2174 1547 2463 1619 benefaoite
2492 1548 2570 1602 his
2609 1551 2696 1620 qui
2728 1565 2820 1603 eos
2867 1550 3116 1619 oderim,
3158 1561 3214 1605 et
3259 1561 3405 1605 orate
3430 1556 3525 1621 pro

1934 1637 2355 1711 persequentibus
2381 1649 2432 1694 et
2458 1626 2893 1695 calumniantibus
2920 1656 3042 1708 vos,
3072 1652 3128 1694 ut
3164 1644 3285 1696 siris
3305 1642 3404 1711 ﬁlii
3431 1658 3527 1713 pa-

1939 1731 2031 1785 tris
2061 1733 2214 1786 vestri
2233 1732 2320 1802 qui
2340 1733 2392 1785 in
2442 1732 2579 1788 oculis
2616 1742 2715 1799 est,
2760 1733 2852 1802 qui
2883 1733 3044 1787 eodem
3070 1744 3219 1787 suum
3242 1735 3368 1803 facit
3400 1734 3530 1788 oriri

1938 1839 2092 1892 super
2112 1824 2273 1877 bonos
2296 1832 2349 1876 et
2377 1824 2567 1890 malos,
2597 1832 2647 1876 et
2683 1824 2815 1891 pluit
2842 1840 2998 1895 super
3014 1826 3188 1894 justas
3215 1834 3264 1878 et
3308 1824 3529 1894 injustas

238 1928 431 1971 versas
454 1914 814 2010 cogitationes
842 1914 1145 1970 adulterina
1185 1907 1466 1970 diabolica:
1510 1922 1828 1985 constupra—
1858 1949 1915 2010 ⁸
1944 1914 2159 1985 (Matth.
2194 1931 2248 1983 v,
2279 1913 2368 1979 44,
2400 1912 2511 1982 45).
2538 1914 2680 1971 Boni
2717 1924 2899 1971 autem
2931 1915 3147 1982 fideles,
3197 1931 3307 1971 non
3346 1918 3531 1971 solum

235 2005 410 2062 uenis
420 2004 776 2067 seminatione
790 2006 1138 2076 conciperent
1154 2022 1170 2071 ;
1192 2020 1327 2077 quas
1342 2006 1596 2076 nequiter
1620 2005 1835 2061 interno

239 2084 496 2155 foventes
519 2106 762 2165 assensu,
788 2094 859 2151 ad
884 2088 992 2153 hoc
1029 2097 1373 2167 postmodum
1420 2096 1626 2153 nefaria
1674 2096 1837 2152 losu-

242 2189 399 2247 tione
450 2197 738 2261 parerent,
790 2188 849 2243 u't
901 2188 1121 2259 viperea
1177 2188 1529 2244 similitudine
1596 2188 1837 2260 propriis

243 2273 481 2354 disrupti
516 2274 716 2336 fetibus
766 2279 1074 2337 interirent.
1124 2266 1342 2350 Viperis
1390 2279 1592 2350 quippe
1621 2278 1727 2335 hoc
1753 2285 1839 2335 est

244 2384 467 2447 parere,
496 2373 642 2444 quod
669 2364 867 2444 perire.
900 2369 1138 2440 Quarum
1162 2371 1275 2437 lilii,
1303 2371 1444 2429 sicut
1492 2369 1681 2434 fertur,
1724 2369 1840 2425 dis-

249 2466 426 2537 ruptis
438 2464 641 2536 quibus
665 2464 789 2519 sunt
814 2456 1064 2533 concepti
1089 2462 1409 2531 visceribus,
1435 2461 1516 2517 sic
1548 2460 1839 2531 egrediun-

250 2567 342 2615 tur
358 2548 520 2631 373
542 2558 596 2612 in
618 2556 818 2623 lucem,
850 2563 907 2611 ut
935 2554 1247 2626 parentibus
1300 2552 1534 2609 inferant
1584 2559 1839 2608 mortem.

251 2651 390 2711 Cum
416 2652 578 2723 igitur
602 2650 766 2721 impia
792 2642 1044 2720 quaslibet
1060 2646 1326 2720 pravitas,
1350 2642 1435 2702 vel
1455 2661 1681 2731 assensu
1705 2661 1843 2702 con-

253 2748 486 2820 cipitur,
532 2731 637 2801 vel-
672 2744 837 2800 etiam
889 2741 1225 2814 professione
1272 2748 1593 2812 generatur,
1639 2748 1843 2795 aeterna

256 2846 434 2894 morte
461 2836 696 2892 annnam
727 2834 1007 2890 interimit.
1044 2830 1176 2900 Qua:
1223 2832 1560 2904 corruptioni
1614 2845 1852 2893 carissu-~

258 2933 420 3001 tiens,
448 2932 519 2989 ob
540 2928 650 2988 hoc
674 2924 899 2986 internae
926 2936 1192 3000 conceptu
1239 2924 1570 2983 inﬁdelitatis
1602 2922 1846 2993 inﬂatur,

259 3033 319 3081 ut
346 3041 444 3081 suo
464 3016 808 3097 postmodum
830 3030 988 3093 rupta
1024 3028 1186 3093 partu
1213 3019 1495 3075 moriatur.
1525 3015 1685 3073 Tales
1704 3031 1848 3087 apo-

262 3117 454 3173 stolica
477 3116 566 3172 bis
611 3115 789 3172 verbis
843 3113 1088 3183 designat
1135 3111 1465 3169 auctorim:
1501 3109 1651 3167 Sicut
1676 3118 1853 3164 autem

264 3207 477 3265 Jamnes
499 3217 548 3265 et
570 3198 831 3264 Mambres
871 3207 1170 3263 restiterunt
1207 3203 1418 3278 Moysi;
1444 3206 1592 3260 itaet
1631 3204 1686 3259 lii
1721 3203 1857 3258 rest“-

265 3310 407 3358 stunt
453 3302 676 3366 veritati,
710 3291 943 3357 homines
963 3301 1193 3371 corrupti
1233 3308 1428 3370 menta,
1457 3294 1665 3369 mprobi
1711 3296 1855 3351 circa

268 3394 423 3466 [idem
453 3390 541 3466 (II
572 3382 705 3449 Tim.
739 3410 817 3456 ιιι,
844 3391 919 3463 6).
946 3394 1003 3448 Si
1030 3392 1150 3463 quis
1173 3392 1334 3463 igitur
1355 3389 1631 3447 contraria
1666 3387 1854 3458 dispu-

272 3494 413 3552 tans,
455 3494 563 3541 eta
586 3480 834 3542 bonitate
860 3486 1213 3554 semetipsum
1254 3494 1570 3553 segregans,
1613 3478 1865 3537 ecclesia-

272 3580 421 3635 sticae
440 3576 568 3633 lidei
589 3592 877 3649 perversus
897 3577 1130 3641 obsistit,
1156 3578 1257 3631 iste
1272 3574 1457 3645 prdcul
1479 3573 1645 3629 dubio
1668 3572 1867 3642 impius

275 3672 493 3727 dicitur.
516 3669 573 3726 Si
601 3671 724 3741 quis
752 3678 932 3723 autem
954 3669 1009 3723 in
1038 3666 1537 3737 corpore'unitatis
1584 3664 1868 3723 catholica

278 3768 633 3835 perseverans
672 3766 1134 3816 sacramentorum
1195 3759 1459 3814 societate
1524 3755 1868 3827 coniunctus,

280 3855 495 3925 ﬂagitiis
522 3862 577 3910 et
604 3851 919 3909 criminibus
970 3848 1203 3917 deditus,
1236 3849 1282 3905 is
1324 3849 1467 3905 solet
1522 3848 1739 3920 iniquus
1769 3862 1869 3902 vo-

280 3948 414 4017 cari,
436 3960 547 4003 non
576 3946 789 4018 impius.
816 3936 971 4000 Unde
988 3942 1146 3998 nobis
1172 3956 1319 3998 nune
1343 3956 1452 3998 non
1478 3948 1563 3997 est
1588 3939 1874 4010 disputan-

282 4038 429 4094 dum.
452 4035 569 4094 Hoc
600 4048 780 4092 tamen
804 4034 1056 4108 dicimus,
1088 4034 1216 4104 quia
1266 4047 1375 4088 non
1426 4032 1605 4089 omnis
1654 4030 1874 4100 iniquus

283 4140 367 4188 est
392 4132 605 4204 impius,
636 4123 763 4185 licet
790 4127 968 4184 omnis
998 4126 1195 4197 impius
1222 4126 1292 4181 sit
1312 4125 1551 4195 iniquus.
1584 4124 1589 4127 ’

848 4270 1087 4337 CAPUT
1126 4270 1283 4335 XVII.

357 4396 651 4454 Conversis
680 4409 809 4467 ergo
839 4393 929 4451 illa
959 4396 1013 4451 in
1042 4402 1337 4468 conspectu
1386 4382 1483 4450 Dei
1506 4401 1663 4465 grata
1691 4401 1776 4449 est
1820 4399 1878 4447 et

289 4498 530 4561 accepta,
558 4490 614 4545 in
634 4504 740 4560 qua
768 4484 926 4544 simul
961 4499 1015 4543 et
1038 4480 1166 4543 'lidei
1197 4486 1465 4561 rectitude
1510 4494 1782 4555 servatur,
1822 4494 1880 4541 et

289 4581 411 4636 vita:
431 4582 585 4637 bene:
614 4572 794 4651 regula
815 4579 1115 4637 custoditur
1146 4598 1158 4633 :
1204 4581 1380 4647 idest,
1406 4588 1465 4635 ut
1496 4577 1881 4652 principaliter

250 4732 258 4739 ,
291 4682 437 4729 recta
461 4680 707 4727 teneatur
733 4671 802 4726 de
826 4671 940 4728 Deo
967 4673 1253 4736 sententia,
1278 4671 1470 4728 deinde
1498 4672 1751 4743 proximo
1779 4684 1880 4725 ex-

294 4766 538 4822 bibeatur
575 4765 773 4822 caritas
821 4754 1073 4820 divinitus
1111 4765 1391 4834 imperata.
1442 4761 1594 4818 Tunc
1629 4762 1774 4818 enim
1817 4775 1881 4817 se

295 4858 454 4913 homo
481 4866 625 4912 recte
650 4854 844 4927 diligit,
870 4870 992 4911 cum
1024 4854 1372 4910 dilectionem
1402 4852 1499 4908 Dei
1520 4854 1620 4909 sibi
1649 4853 1880 4909 devotus

295 4958 346 5006 et
394 4949 606 5005 bumilis
633 4948 931 5020 anteponit.
964 4945 1116 5003 Tunc
1145 4948 1308 5005 etiam
1345 4934 1517 5016 diligit
1546 4946 1876 5016 proximum,

297 5028 338 5095 si
365 5042 632 5112 proximo,
660 5049 918 5111 quantum
964 5047 1167 5111 potest,
1199 5037 1465 5103 consulat,
1494 5045 1551 5091 ut
1601 5036 1670 5093 ad
1709 5036 1879 5093 Deum

300 5142 441 5190 recta
470 5135 573 5190 fide
600 5142 657 5190 et
693 5135 835 5190 bona
870 5134 1283 5190 conversatione
1312 5133 1612 5204 perveniat.
1646 5131 1881 5187 Proximi

302 5237 472 5288 autem
500 5228 697 5284 caritas
717 5226 915 5299 duplici
936 5235 1021 5283 est
1043 5228 1256 5283 ratione
1277 5224 1561 5292 servanda,
1592 5232 1651 5280 ut
1674 5225 1885 5281 scilicet

304 5334 398 5377 acc
434 5321 523 5374 alii
561 5319 755 5375 inferat
791 5321 1082 5391 quidquam
1130 5319 1275 5390 quod
1302 5318 1404 5375 sibi
1457 5315 1627 5374 nollet
1665 5316 1880 5383 inferri;

305 5429 401 5471 nec
434 5414 691 5486 indigenti
738 5431 898 5486 opem
937 5415 1066 5471 boni
1111 5415 1291 5486 operis
1328 5414 1382 5470 in
1416 5421 1677 5483 quantum
1704 5418 1887 5483 potest

307 5508 545 5579 deneget,
577 5509 702 5581 quia
729 5524 826 5564 nec
851 5502 956 5565 sibi
975 5509 1140 5565 vellet
1165 5509 1370 5578 negari,
1392 5509 1439 5564 si
1476 5507 1727 5563 similiter
1747 5505 1887 5560 indi-

309 5607 468 5674 geret.
494 5598 645 5657 Unde
672 5601 968 5658 Salvatoris
1003 5601 1175 5657 nostri
1202 5601 1279 5658 sic
1302 5616 1404 5658 nos
1425 5600 1772 5674 agnoscimus
1800 5598 1887 5655 in-

374 5816 399 5885 f
428 5808 552 5885 bis"
575 5812 735 5883 fustis
759 5819 812 5867 et
1324 5880 1358 5885 __
1391 5882 1401 5885 Α
1776 5879 1785 5885 α

375 5877 650 6008 ἴδιοιιὶιε.
697 5898 851 5939 unus.
880 5877 977 5938 llis.
1011 5881 1148 5937 alter
1192 5888 1247 5937 et
1274 5880 1430 5949 editi,
1473 5897 1577 5936 non
1629 5879 1877 5953 corpore;

314 5970 385 6011 te.
430 5970 513 6007 ma
541 5973 588 6008 υ.

1945 2004 2015 2059 ab
2043 2004 2148 2060 illis
2189 2006 2624 2074 persecutiones:
2660 2006 2945 2076 patiuntur
2970 2006 3063 2075 qui
3100 2005 3233 2060 foris
3250 2006 3419 2076 positi
3449 2006 3531 2060 la-

1945 2098 2175 2153 tratibus
2202 2097 2423 2168 perﬁdis
2448 2113 2513 2154 ac
2539 2099 2807 2169 perversis
2845 2097 3096 2155 Ecclesiae
3130 2100 3418 2155 cath
3436 2100 3536 2153 ὼε

1945 2191 2215 2260 gmatibus
2237 2190 2588 2257 obnituntnr;
2616 2189 2717 2246 sed
2742 2190 2909 2245 etiam
2928 2190 3001 2245 ab
3026 2189 3133 2244 illis
3154 2191 3253 2261 qui
3288 2190 3538 2246 videntur

1946 2281 2168 2351 quidem
2212 2282 2350 2336 intra
2376 2279 2674 2338 Ecclesiam
2701 2296 2844 2348 esse,
2874 2280 2969 2337 sed
3016 2280 3159 2337 male
3184 2282 3428 2339 viventes
3451 2283 3537 2336 ina-

1947 2374 2238 2429 veniuntur
2264 2375 2642 2431 ecclesiastica:
2660 2375 2940 2431 traditioni
2967 2386 3076 2430 non
3102 2385 3221 2441 ore,
3242 2376 3345 2432 sed
3364 2386 3540 2448 opere

1947 2479 2271 2538 repugnare.
2306 2467 2455 2535 Quos
2481 2484 2605 2524 cum
2644 2469 2769 2524 belli
2795 2469 3156 2539 conspiciunt,
3178 2470 3419 2541 graviter
3444 2483 3542 2539 ge-

1949 2569 2124 2622 munt,
2156 2566 2213 2614 et
2258 2569 2449 2615 sancto
2494 2560 2690 2615 adiectu
2720 2571 2999 2630 permotus
3045 2562 3321 2617 cruciatur
3360 2561 3543 2625 bonus

1950 2650 2407 2719 animus,quando
2432 2651 2619 2705 aliena:
2640 2652 3009 2721 perversitatis
3022 2667 3132 2706 non
3152 2650 3289 2722 fugit
3302 2665 3542 2719 sensum,

1949 2742 2197 2810 quamvis
2227 2750 2411 2798 tenere
2440 2757 2550 2797 non
2579 2742 2750 2812 possit
2779 2757 3079 2797 assensum.

2408 2854 2571 2925 371.
2600 2851 2837 2909 CAPUT
2878 2842 3065 2908 'xvm.

2028 2971 2173 3029 intra
2221 2971 2541 3027 catholicam
2588 2973 2791 3042 quippe
2834 2968 3133 3027 Ecclesiam
3186 2974 3239 3028 in
3295 2977 3549 3045 praesenti

1958 3061 2158 3120 sarculo
2181 3063 2313 3133 justi
2337 3071 2391 3117 et
2413 3063 2582 3132 iniqui
2612 3066 2638 3101 ³ι
2667 3072 2918 3117 tenentur
2970 3062 3193 3117 admixti
3242 3080 3550 3121 sacramen-

1960 3165 2139 3213 torum
2152 3157 2369 3212 ‘Scilicet
2389 3156 2787 3227 communione,
2815 3171 2922 3211 non
2952 3171 3184 3224 morum,
3209 3156 3259 3211 id
3276 3165 3360 3212 est
3373 3144 3551 3214 socle4

1960 3257 2075 3304 tate
2114 3248 2490 3315 credulitatis,
2540 3256 2650 3303 non
2701 3247 3049 3303 similitudine
3101 3249 3549 3306 conversationis.

1883 3334 1929 3400 C
1958 3336 2077 3397 Non
2106 3350 2235 3411 ergo
2255 3328 2438 3403 corde,
2465 3339 2560 3393 se’d
2582 3350 2811 3410 corpore
2831 3336 2894 3403 ις
2919 3339 3045 3408 quia
3066 3338 3417 3409 professione,
3446 3356 3555 3397 non

1966 3444 2149 3505 Opere.
2190 3429 2342 3487 Nunc
2380 3432 2543 3501 igitur
2569 3424 2829 3501 q‘u’andiu,
2871 3428 3165 3486 secundum
3206 3424 3355 3487 beati
3402 3420 3557 3489 Pauli

1968 3525 2433 3597 praedicationem,
2471 3526 2525 3578 in
2574 3540 2765 3594 magna
2790 3524 2943 3578 domo
2969 3540 3072 3578 non
3101 3524 3267 3579 solum
3290 3536 3409 3580 sunt
3435 3542 3559 3582 vasa

1969 3628 2147 3685 turea,
2178 3619 2270 3674 sed
2297 3629 2346 3672 et
2375 3620 2546 3689 lignea
2570 3627 2619 3671 et
2647 3618 2854 3688 ﬁctilia,
2878 3618 2928 3671 et
2955 3618 3191 3689 quautam
3219 3610 3419 3690 quidem
3434 3628 3561 3674 sunt

1969 3714 2025 3765 i‘n
2052 3709 2575 3781 honorem,’quazdam
2597 3726 2713 3763 vero
2734 3710 2787 3762 in
2811 3708 3175 3762 contumeliam
3194 3719 3216 3745 ο
3239 3698 3324 3780 (11
3346 3698 3477 3763 Tim.
3502 3724 3561 3772 ιι,

1972 3801 2099 3871 20);
2148 3802 2288 3856 intra
2315 3794 2614 3855 Ecclesiam
2642 3799 2857 3868 quidem
2890 3796 3017 3853 sunt
3050 3799 3266 3868 iniquus
3286 3807 3342 3854 et
3359 3798 3562 3869 justus,

1974 3900 2127 3948 extra
2150 3882 2592 3947 Ecclesiamvero
2614 3890 2792 3945 nullus
2804 3889 3090 3959 estjustus.
3108 3884 3324 3944 Etintra
3345 3880 3563 3943 domini-

1975 3994 2094 4039 cam
2110 3990 2319 4050 ‘a‘ream,
2336 3982 2511 4036 donec
2530 3980 2863 4035 ve'ntilatoris
2883 3976 3202 4034 metuendus
3224 3986 3564 4049 exspectatur

1978 4073 2259 4139 adventus,
2286 4081 2340 4128 et
2368 4064 2622 4127 discretio
2654 4068 3016 4126 ventﬂationis
3062 4068 3354 4125 novissime
3381 4062 3564 4125 diﬂ‘er-

1980 4174 2089 4234 tur,
2118 4164 2271 4236 palea
2324 4163 2596 4219 frumento
2642 4162 2803 4219 locali
2852 4162 3237 4218 communione
3291 4161 3567 4219 miscetur.

1980 4255 2232 4327 Quisquis
2278 4264 2459 4313 autem
2506 4265 2659 4311 extra
2699 4254 3028 4311 dominicam
3075 4270 3256 4311 aream
3278 4246 3437 4311 locus
3462 4264 3568 4323 est,

1982 4351 2228 4420 quamvis
2244 4342 2322 4406 ibi
2350 4348 2672 4405 vocabulum
2717 4348 3026 4405 nominetur
3054 4346 3321 4419 agricolas,
3352 4340 3468 4404 sola
3496 4347 3569 4405 ibi

1983 4449 2163 4513 potest
2214 4455 2334 4511 quae
2375 4449 2539 4496 vento
2595 4446 2840 4510 raptatur
2886 4438 3041 4510 palea
3083 4439 3341 4495 residere.
3371 4436 3571 4495 Verum

1985 4534 2110 4605 quia
2136 4540 2287 4587 tanta
2313 4539 2396 4588 est
2424 4532 2673 4602 agricolae
2711 4532 2880 4588 nostri
2910 4531 3323 4602 omnipotentia,
3354 4539 3415 4585 ut
3454 4531 3571 4585 nul-

1989 4630 2072 4684 lus
2096 4622 2275 4683 valeat
2302 4626 2426 4697 ejus
2453 4627 2671 4681 vincere
2698 4625 3063 4692 voluntatem;
3094 4623 3336 4694 quisquis
3367 4623 3418 4677 in
3439 4616 3573 4693 praei

1910 4716 1964 4778 Β
1989 4722 2128 4779 senti
2153 4722 2262 4776 vita
2289 4735 2583 4776 conversus
2615 4718 2907 4773 recurrerit
2930 4716 3000 4773 ad
3020 4732 3160 4774 areae
3188 4717 3470 4773 dominica:
3498 4716 3573 4772 lo-
3598 4710 3603 4715 ’

1984 4828 2107 4869 cum
2135 4813 2454 4883 legitimum,
2480 4812 2524 4866 si
2548 4818 2963 4881 perseveranter
2992 4816 3174 4864 teneat
3214 4808 3268 4863 in
3301 4808 3402 4863 fide
3431 4816 3575 4864 recto

1972 4906 2142 4963 bona:
2171 4907 2294 4961 vita:
2318 4905 2675 4977 propositum,
2728 4920 2834 4960 non
2864 4904 2970 4960 erit
2998 4904 3185 4974 palea,
3215 4904 3311 4959 sed
3341 4904 3575 4957 frumcn-

1986 5006 2122 5066 tum,
2152 5012 2253 5067 nec
2301 4996 2512 5067 ignibus
2554 4988 2794 5049 tradetur
2834 5010 3076 5063 arsurus,
3126 4994 3221 5049 sed
3276 4994 3327 5048 in
3382 4993 3577 5048 horreo

1987 5090 2399 5161 congregabitur
2420 5089 2629 5161 placitis
2651 5089 2762 5144 Deo
2791 5089 3052 5145 fructibus
3071 5088 3361 5159 upimatus.

2568 5202 2798 5269 CAPUT
2826 5202 2968 5259 XIX.

2062 5319 2121 5374 in
2155 5319 2271 5376 sola
2304 5332 2435 5389 ergo
2470 5317 2710 5374 Ecclesia
2744 5317 3013 5374 catholica
3040 5320 3201 5370 datur
3225 5323 3281 5371 et
3321 5316 3578 5386 accipitur

1994 5414 2240 5471 remissio
2268 5421 2636 5484 peccatorum,
2657 5422 2819 5480 quam
2846 5409 2964 5479 ipse
2990 5412 3222 5478 sponSus
3249 5420 3410 5462 unam
3452 5407 3578 5462 dicit

1993 5521 2114 5564 esse
2141 5505 2450 5563 columbam
2476 5519 2650 5571 suam,
2674 5516 2833 5556 unam
2855 5501 3085 5556 electam
3098 5514 3279 5565 suam,
3305 5512 3466 5571 quam
3487 5514 3580 5554 su-

1994 5613 2095 5669 per
2119 5604 2334 5670 petram
2366 5593 2633 5663 fundavit,
2683 5593 2771 5649 cui
2797 5591 2981 5649 claves
3016 5592 3170 5662 regni
3199 5593 3460 5650 calorum
3490 5588 3579 5647 de-

2072 5814 2099 5843 ⁶
2128 5802 2362 5881 Ant.,_“in
2392 5799 2603 5864 honore,
2637 5797 2873 5881 quaedam
2908 5810 3027 5881 vero
3055 5798 3109 5852 in
3137 5795 3585 5881 conlu‘melia,‘sed

1992 5893 2120 5944 ms.,
2161 5878 2216 5930 in
2271 5875 2580 5928 honorem...
2642 5870 2697 5924 in
2754 5870 3138 5944 contumeliam,
3182 5870 3337 5937 juxta
3384 5876 3586 5923 textum

1916 5988 1921 5991 -
2006 5940 2199 6020 ipsum,
2224 5948 2294 6004 εἰς
2325 5952 2492 6016 τιμήν,
2520 5946 2588 6005 εἰς
2616 5945 2847 6014 ἀτιμίαν,
2873 5949 2933 6021 βι
2959 5940 3112 6008 νυικ.
3152 5948 3299 5997 Vm.
