4130 6454
603 423 706 478 Β·ίῦ

1640 424 1694 478 S.
1738 420 2100 479 FULGENTII
2143 421 2443 480 EPISCOPI
2489 423 2858 482 RUSPENSIS

3779 434 3874 490 5H

603 539 711 602 dit,
743 539 830 592 cui
868 537 1028 592 etiam
1071 544 1393 607 potestatem
1441 536 1636 604 ligandi
1677 537 2025 607 solvendique
2062 552 2188 593 con-
2215 545 2255 600 Λ
2288 540 2341 592 in
2385 539 2549 594 Deum
2585 541 2637 612 (1
2671 542 2816 596 Petr.
2866 559 2942 608 ιιι,
2972 543 3069 608 ‘20,
3119 541 3179 596 2|
3202 547 3246 614 ).
3282 543 3379 600 Ubi
3431 555 3518 603 est
3552 556 3731 604 autem
3760 567 3876 603 con-

602 629 781 693 cessit,
807 630 947 683 sicut
974 630 1135 683 beato
1159 627 1318 682 Petro
1349 627 1561 682 Veritas
1587 628 1702 698 ipsa
1732 630 1993 684 veraciter
2012 645 2192 701 repro-

603 722 786 786 mittit,
834 722 1058 777 dicens:
1095 720 1169 774 Tu
1199 738 1252 775 es
1285 720 1493 786 Petrus,
1537 728 1587 774 et
1634 738 1787 792 super
1833 722 1966 776 hanc
1991 732 2190 789 petram

601 813 874 884 wdiﬁcabo
923 812 1214 868 Ecclesiam
1252 829 1438 879 meam,
1487 821 1537 866 et
1583 822 1746 884 ρον-ιω
1773 813 2058 886 inferorum
2085 831 2189 869 non

599 904 948 977 praevalebunt
976 906 1216 960 adversus
1257 922 1403 970 eam;
1445 913 1494 958 et
1542 905 1633 958 tibi
1668 905 1804 960 dabo
1851 907 2018 961 claves
2046 907 2188 977 regni

601 997 863 1061 caelorum,
893 1005 942 1050 et
970 997 1303 1068 quodcunque
1335 997 1630 1068 alligaveris
1659 1013 1812 1066 super
1848 1005 2058 1063 terram,
2091 1000 2188 1053 erit

599 1088 817 1158 ligatum
846 1097 894 1141 et
924 1088 976 1140 in
1017 1087 1169 1152 ca’lo;
1192 1096 1241 1140 et
1279 1087 1617 1159 quodcunque
1644 1087 1856 1142 solveris
1884 1105 2038 1160 super
2081 1099 2187 1144 ter-

601 1195 735 1245 ram,
768 1180 864 1232 erit
886 1179 1108 1232 solutum
1131 1187 1179 1232 et
1219 1180 1272 1232 in
1303 1179 1430 1232 calo
1459 1177 1674 1248 (Matth.
1702 1194 1810 1244 χιιι,
1846 1178 1932 1246 18,
1965 1178 2080 1250 19).
2105 1179 2187 1236 Ab

599 1269 700 1325 hac
728 1269 961 1325 Ecclesia
985 1285 1103 1339 quae
1125 1270 1306 1325 claves
1334 1271 1485 1338 regni
1506 1270 1764 1326 caelorum
1796 1273 2025 1342 accepit,
2048 1274 2188 1343 quis-

598 1361 719 1430 quis
748 1359 876 1414 foris
903 1366 982 1413 est
1003 1399 1017 1425 ,
1071 1375 1180 1414 non
1207 1358 1327 1416 caeli
1370 1360 1512 1415 viam
1541 1359 1800 1429 graditur,
1844 1361 1939 1416 sed
1963 1360 2183 1431 inferni;

597 1465 697 1505 nec
743 1449 914 1505 tendit
953 1449 1020 1504 ad
1049 1457 1266 1505 mtemte
1302 1451 1428 1505 vita:
1482 1450 1722 1517 domum,
1775 1451 1868 1507 sed
1899 1455 2070 1508 currit
2117 1455 2185 1510 ad

595 1540 785 1594 mortis
830 1548 1047 1594 aeterna:
1087 1540 1436 1610 supplicium;
1469 1557 1578 1596 non
1626 1541 1799 1596 solum
1829 1543 1873 1597 si
1904 1552 2184 1600 remaneat

593 1632 708 1686 sine
736 1632 1005 1702 baptismo
1040 1647 1300 1703 paganus,
1346 1633 1441 1689 sed
1471 1634 1634 1690 etiam
1675 1635 1721 1689 si
1748 1634 1801 1689 in
1831 1637 2049 1692 nomine
2078 1638 2182 1693 Pa-

592 1725 708 1792 tris,
740 1732 796 1780 et
816 1724 954 1792 Filii,
985 1734 1040 1780 et
1065 1725 1298 1796 Spiritus
1337 1726 1510 1780 sancti
1539 1726 1841 1796 baptizatus
1870 1738 2182 1798 perseveret

592 1817 892 1873 brereticus.
919 1817 1104 1888 Neque
1128 1818 1269 1873 enim
1295 1833 1394 1888 per
1413 1818 1663 1889 baptismi
1693 1819 1944 1874 meritum
1975 1820 2180 1892 adipis-

2294 630 2519 684 scientia
2549 632 2709 700 bona,
2743 634 2843 688 nisi
2876 635 2962 689 ubi
2991 643 3072 690 est
3102 645 3156 690 et
3187 635 3318 693 fides
3360 654 3467 694 non
3507 639 3667 693 ficta?
3718 641 3878 696 Docet

2293 721 2436 774 enim
2459 723 2734 790 apostolus
2764 722 2960 779 Paulus
2985 742 2997 779 ε
3026 722 3160 789 Quia
3187 727 3308 796 linis
3327 733 3570 798 prwcepti
3593 740 3670 784 est
3691 733 3878 785 caritas

2293 813 2356 866 de
2383 815 2536 869 corde
2572 833 2722 885 puro,
2753 827 2804 870 et
2842 819 3154 872 conscientia
3195 819 3360 888 bona,
3401 830 3450 876 et
3478 823 3584 893 ﬁde
3623 841 3728 878 non
3757 825 3877 893 ﬁcta

2294 903 2346 975 (I
2381 903 2513 960 Tim.
2546 922 2581 973 ι,
2606 907 2682 978 5).
2711 908 2848 975 Quid
2872 923 3001 978 ergo
3025 925 3162 980 aqua
3190 911 3371 967 diluvii
3395 930 3502 968 non
3519 915 3746 969 salvavit
3775 931 3870 970 ex-

2294 1004 2376 1053 tra
2405 1013 2581 1054 arcam
2605 1001 2830 1071 positos,
2862 1001 2957 1057 sed
2977 1003 3210 1058 occidit?
3231 1004 3358 1060 Sine
3386 1006 3548 1062 dubio
3575 1007 3872 1078 przeﬁgura-

2291 1089 2383 1145 bat
2427 1107 2640 1148 omnem
2669 1095 3010 1162 hzereticum,
3045 1096 3170 1152 licet
3206 1098 3492 1161 habentem
3536 1101 3877 1170 baptismatis

2289 1190 2706 1249 sacramentum,
2749 1201 2857 1240 non
2900 1185 3039 1254 aliis,
3071 1187 3170 1243 sed
3219 1189 3346 1258 ipsis
3374 1191 3526 1260 aquis
3553 1192 3622 1246 ad
3670 1193 3876 1249 inferna

2290 1274 2660 1344 mergendum,
2678 1277 2871 1346 quibus
2885 1294 3010 1335 arca
3032 1280 3345 1336 sublevatur
3365 1281 3432 1336 ad
3458 1284 3673 1339 omium.
3695 1284 3877 1355 Neque

2289 1365 2432 1420 enim
2455 1367 2524 1422 ob
2554 1368 2702 1423 aliud
2731 1369 2809 1425 eis
2838 1371 3089 1429 interitus
3127 1389 3226 1444 per
3255 1390 3448 1445 aquam
3479 1378 3748 1444 nascitur,
3775 1380 3877 1435 nisi

2288 1458 2413 1527 quia
2441 1473 2538 1515 eos
2584 1475 2721 1517 arcas
2753 1479 2859 1518 non
2890 1466 3132 1521 continet
3171 1468 3321 1523 sinus
3349 1487 3362 1522 :
3398 1469 3452 1524 in
3481 1484 3588 1539 quo
3634 1472 3752 1526 solo
3775 1488 3876 1542 po-

2288 1559 2397 1608 test
2444 1555 2625 1612 vivere
2681 1560 2924 1630 quisquis
2967 1578 3074 1620 non
3125 1564 3240 1619 vult
3291 1567 3445 1636 aquis
3492 1568 3745 1625 vitalibus
3797 1569 3876 1624 in-

2286 1645 2471 1700 terire.

2866 1786 3100 1843 CAPUT
3140 1788 3278 1846 XXI.

591 1908 731 1964 citur
757 1924 938 1964 veram
981 1909 1166 1975 vitam,
1199 1910 1242 1964 si
1269 1909 1390 1980 quis
1412 1909 1472 1963 in-
1494 1910 1714 1964 nomine
1741 1909 1933 1976 Patris,
1959 1920 2014 1966 et
2034 1911 2176 1980 Filii,
2208 1930 2258 1992 Β
2354 1914 2522 1986 Hujus
2544 1933 2682 1975 arcae
2711 1922 3024 1994 mysterium
3049 1925 3350 1996 Cyprianus
3371 1928 3714 1990 beatissimus
3736 1950 3877 1992 mar-

589 2010 645 2058 et
691 2002 920 2072 Spiritus
966 2004 1156 2070 sancti,
1189 2005 1302 2058 sive
1338 2005 1480 2059 intra
1521 2003 1847 2072 Ecclesiam,
1880 2006 1991 2061 sive
2027 2015 2178 2064 extra

591 2092 880 2149 Ecclesiam
929 2095 1264 2165 baptizatus,
1310 2111 1417 2150 non
1469 2104 1648 2151 tamen
1698 2097 1837 2151 intra
1887 2096 2177 2155 Ecclesiam

589 2185 914 2240 catholicam
939 2188 1241 2242 terminarit
1268 2188 1408 2244 hanc
1440 2188 1632 2256 vitam;
1666 2205 1766 2246 nec
1794 2191 1940 2247 vivet
1968 2207 2064 2263 per
2085 2209 2177 2251 ec-

589 2279 872 2334 clesiastici
891 2281 1226 2351 baptismatis
1251 2291 1668 2349 sacramentum,
1701 2285 1789 2354 qni
1809 2301 1913 2341 non
1945 2288 2178 2343 tenuerit

588 2373 966 2430 ecclesiastica:
989 2375 1148 2446 375
1180 2374 1303 2431 ﬁdei
1333 2377 1678 2446 caritatisque
1701 2379 2051 2434 consortium.
2083 2381 2177 2438 llle

587 2467 729 2520 enim
756 2466 993 2522 salvatur
1029 2478 1367 2525 sacramento
1408 2469 1776 2540 baptismatis,
1826 2487 1986 2542 quem
2036 2474 2173 2530 intra

587 2554 877 2612 Ecclesiam
902 2560 1218 2616 catholicam
1240 2577 1407 2632 usque
1423 2561 1491 2616 ad
1513 2562 1716 2618 obitum
1743 2566 2024 2634 praesentis
2053 2568 2174 2624 vitae

589 2649 819 2705 tenuerit
848 2652 1024 2709 unitas
1046 2655 1305 2710 caritatis.

1189 2806 1418 2864 CAPUT
1459 2807 1574 2864 XX.

651 2916 917 2974 Caeterum
946 2919 991 2975 si
1011 2919 1131 2990 quis
1162 2928 1253 2974 aut
1271 2918 1338 2975 de
1368 2919 1602 2976 Ecclesia
1625 2920 1928 2994 baptizatus
1955 2926 2170 2994 egredi-

582 3017 686 3078 tur,
715 3020 807 3066 aut
834 3020 986 3068 extra
1009 3011 1304 3069 Ecclesiam
1337 3013 1390 3067 in
1421 3011 1615 3081 Patris,
1640 3024 1696 3070 et
1724 3015 1876 3085 Filii,
1908 3026 1963 3073 et
1992 3018 2169 3089 Spiri-a

581 3110 666 3158 tus
693 3105 863 3160 sancti
889 3105 1106 3160 nomine
1153 3105 1478 3174 baptizatus,
1516 3106 1560 3161 si
1590 3116 1715 3162 ante
1745 3107 1905 3164 ﬁnem
1931 3124 2170 3178 przesenu

579 3195 648 3251 tis
669 3196 790 3251 vitae
813 3213 919 3252 non
951 3196 1109 3252 fuerit
1133 3199 1411 3254 catholicae
1439 3200 1723 3256 restitutus
1750 3199 2024 3270 Ecclesiae,
2058 3220 2166 3260 non

2287 2013 2372 2078 tyr
2399 2008 2642 2064 scribens
2671 2011 2726 2064 in
2755 2011 2894 2068 libro
2923 2012 2992 2070 de
3023 2013 3382 2086 Simplicitate
3404 2020 3766 2090 praelatorum,
3791 2023 3890 2082 vel

2283 2100 2463 2169 potius
2491 2104 2786 2159 secundum
2816 2115 3028 2162 vetusta
3057 2111 3386 2181 exemplaria
3437 2113 3505 2170 de
3539 2113 3756 2174 Unitate
3786 2135 3875 2175 ca-

2282 2189 2494 2246 tholicm
2507 2190 2780 2263 Ecclesiae,
2801 2199 3022 2267 exponit
3038 2217 3049 2252 :
3065 2200 3366 2258 Adulterari
3385 2221 3487 2259 non
3507 2215 3872 2282 potestsponss

2281 2277 2518 2335 Christi:
2564 2282 2863 2354 incorrupta
2897 2297 2972 2342 est
3026 2299 3050 2326 ⁸
3097 2300 3148 2344 et
3190 2285 3416 2362 pudica;
3463 2314 3623 2353 unam
3664 2277 3872 2358 domum

2279 2371 2439 2434 novit,
2469 2371 2632 2456 376
2657 2377 2812 2430 unius
2851 2377 3074 2434 cubiculi
3119 2386 3447 2442 sanctitatem
3493 2399 3637 2446 casto
3678 2396 3874 2464 pudore

2277 2459 2517 2515 custodit.
2554 2461 2683 2519 Haec
2717 2482 2812 2520 nos
2861 2467 2972 2525 Deo
3014 2481 3214 2540 servat,
3246 2476 3356 2531 htec
3381 2479 3525 2549 ﬁlios
3552 2459 3714 2555 regno
3743 2502 3872 2557 quos

2275 2555 2537 2622 generavit
2581 2557 2834 2628 assignat.
2881 2559 3124 2632 Quisquis
3162 2565 3226 2619 ab
3263 2566 3502 2625 Ecclesia
3546 2555 3868 2648 segregatus,

2275 2644 2526 2701 adulterae
2565 2647 2824 2721 jungitur,
2868 2667 2902 2706 ιι
2939 2656 3213 2723 promissis
3257 2657 3508 2717 Ecclesia:
3551 2644 3866 2737 separatur;

2272 2751 2367 2790 uec
2393 2741 2653 2829 perveniet
2673 2742 2743 2796 ad
2769 2742 2962 2800 Christi
2979 2750 3222 2818 prwmia,
3247 2753 3334 2822 qui
3358 2754 3601 2828 relinquit
3625 2758 3718 2829 (al.
3744 2762 3864 2814 reli-

2271 2827 2409 2899 quit)
2436 2827 2727 2887 Ecclesiam
2743 2834 2933 2891 Christi
2962 2855 2977 2890 :
3010 2839 3212 2894 alienus
3238 2852 3332 2908 est,
3364 2827 3745 2919 profanus—est,
3771 2852 3869 2906 ho-

2270 2919 2365 2973 stis
2386 2929 2480 2976 est.
2508 2921 2714 2979 Habere
2734 2942 2837 2981 non
2859 2937 3024 2999 potest
3044 2929 3208 2986 Deum
3226 2945 3446 3004 patrem,
3469 2941 3555 3008 qui
3577 2939 3868 2997 Ecclesiam

2271 3027 2375 3066 non
2397 3012 2550 3067 habet
2593 3025 2832 3072 matrem.
2864 3019 3017 3075 Sicut
3042 3039 3145 3077 non
3187 3028 3609 3094 potuit‘evadere
3631 3035 3867 3106 quisquis

2269 3114 2421 3160 extra
2441 3124 2618 3162 arcam
2646 3109 2764 3167 Noe
2792 3114 2910 3184 fuit,
2937 3116 3014 3169 sic
3039 3125 3091 3170 et
3117 3118 3202 3188 qui
3235 3131 3386 3175 extra
3412 3121 3708 3180 Ecclesiam
3733 3129 3864 3198 [oris

2271 3199 2445 3268 fuerit,
2470 3215 2572 3253 non
2595 3202 2792 3256 evadet.
2806 3200 3025 3259 Certum
3048 3215 3131 3262 est
3158 3208 3323 3278 igitur
3350 3221 3459 3268 tam
3482 3217 3866 3286 prtedieatione

577 3286 787 3341 carebit
805 3296 1001 3352 morte,
1033 3287 1129 3343 sed
1154 3288 1340 3356 requie
1364 3307 1376 3341 :
1409 3291 1534 3358 quia
1560 3297 1615 3344 et
1647 3298 1890 3360 tempore
1917 3292 2100 3348 diluvii
2119 3294 2166 3349 si
2196 3313 2240 3376 ρ
2271 3289 2415 3344 beati
2443 3294 2676 3362 apostoli
2713 3292 2856 3350 Petri
2885 3311 3045 3367 quam
3074 3303 3412 3371 expositione
3458 3310 3633 3364 sancti
3662 3317 3865 3383 martyé

577 3377 699 3446 quis
719 3377 774 3431 in
795 3392 973 3432 arcam
1001 3377 1114 3433 Noe
1143 3377 1352 3450 (Cenes.
1385 3395 1476 3445 vn,
1508 3379 1608 3450 21)
1635 3397 1740 3436 non
1766 3391 1848 3437 est
1876 3383 2163 3451 ingressus,

577 3484 686 3524 non
735 3477 816 3525 est
843 3470 1080 3526 salvatus
1106 3471 1328 3536 diluvio,
1356 3472 1452 3528 sed
1498 3483 1753 3538 necatus,
1803 3491 1903 3531 nec
1939 3476 2164 3532 salutem

575 3559 778 3615 invenit
798 3560 850 3616 in
878 3577 1034 3633 aqua,
1059 3562 1152 3617 sed
1175 3572 1422 3618 mortem.
1450 3564 1601 3635 Aqua
1622 3565 1820 3636 quippe
1842 3566 1950 3633 illa,
1984 3567 2035 3623 in
2057 3584 2162 3639 qua

575 3650 1012 3721 przeﬁgurabatur
1038 3653 1374 3724 baptismatis
1413 3666 1840 3724 sacramentum,
1884 3675 2161 3729 quoscun-

573 3755 678 3811 que
706 3742 760 3798 in
780 3759 904 3800 arca
928 3745 1145 3816 reperit,
1179 3762 1210 3801 a
1235 3755 1374 3802 terra
1403 3763 1695 3819 suspensos
1716 3749 1782 3804 ad
1811 3751 2050 3807 caelestia
2071 3768 2163 3808 su-

571 3832 840 3902 t‘limavit;
901 3835 1143 3893 residuos
1185 3847 1371 3893 autem
1428 3854 1718 3910 oppressos
1765 3841 1982 3907 occidit,
2023 3857 2161 3912 quos

570 3922 699 3980 foris
747 3925 970 3982 invenit.
1003 3926 1071 3982 Et
1118 3938 1378 4000 pereunte
1405 3928 1678 3999 Hiericho,
1713 3933 1760 3988 si
1801 3948 1938 4003 quos
1962 3933 2158 3991 domus

570 4015 716 4072 Raab
758 4020 1057 4076 meretricis
1113 4021 1348 4085 inclusit,
1405 4023 1701 4082 incolumes
1747 4025 1904 4084 Jesus
1939 4043 2156 4085 servare

567 4112 830 4182 pnecepit_
851 4111 1031 4182 (Iosue
1063 4130 1132 4181 vi,
1165 4114 1293 4185 25);
1322 4116 1558 4186 reliquos
1598 4134 1727 4174 vero
1767 4135 1904 4190 quos
1928 4121 2018 4177 illa
2043 4138 2150 4178 non

567 4204 875 4259 continebat
898 4206 1108 4273 domus,
1134 4207 1291 4262 unius
1313 4209 1504 4264 mortis
1524 4211 1858 4281 consumpsit
1879 4212 2148 4268 interitus.

567 4293 621 4350 In
654 4296 743 4351 illa
773 4298 932 4366 igitur
986 4315 1132 4364 arca,
1163 4307 1218 4354 et
1263 4301 1316 4354 in
1357 4300 1446 4355 illa
1495 4301 1659 4357 domo
1701 4319 1805 4357 una
1856 4306 2152 4376 eademque

565 4387 1005 4455 praeﬁgurabatur
1033 4388 1309 4454 Ecclesia;
1341 4390 1434 4446 sed
1459 4391 1512 4446 in
1549 4392 1632 4446 his
1661 4393 1751 4461 qui
1782 4402 1933 4449 extra
1964 4411 2146 4452 arcam

565 4476 762 4532 diluvio
809 4479 1102 4548 perierunt,
1137 4488 1192 4534 et
1222 4482 1274 4534 in
1305 4481 1382 4536 eis
1431 4482 1522 4550 qui
1552 4491 1704 4536 extra
1759 4484 1904 4539 illam
1930 4486 2148 4543 domum

563 4566 738 4636 gladio
785 4569 980 4624 mortui
1024 4578 1167 4636 sunt,
1227 4572 1453 4641 geminae
1502 4572 1911 4643 signiﬁcationis
1967 4587 2147 4649 potest

562 4659 886 4715 considerari
907 4661 1242 4732 mysterium.
1259 4661 1524 4718 Existimo
1565 4666 1706 4720 enim
1733 4677 1990 4736 quantum
2015 4671 2143 4725 mihi

561 4767 700 4807 nunc
730 4753 941 4807 interim
971 4753 1203 4821 videtur,
1239 4771 1344 4810 non
1374 4757 1668 4828 incongrue
1697 4760 1846 4815 credi
1882 4763 1934 4816 in
1965 4762 2148 4819 diluvii

564 4841 960 4910 signiﬁcatione
989 4846 1321 4919 princessisse
1367 4847 1631 4918 baptisma
1672 4850 1987 4908 Christiana:
2021 4870 2154 4910 con-

559 4933 838 4998 fessionis;
872 4941 930 4987 nt
959 4948 1315 5003 agnoscamus
1343 4936 1647 5006 hatreticos,
1679 4939 1720 4993 si
1768 4952 1918 4995 extra
1962 4941 2150 4998 Eccle-

556 5024 689 5078 siam
747 5026 1173 5094 permanserint,
1227 5027 1494 5098 baptismo
1533 5046 1748 5100 pinnam
1797 5032 2010 5097 mereri,
2041 5047 2151 5087 non

559 5119 746 5184 vitam,
780 5127 834 5173 et
864 5134 959 5173 cos
987 5121 1076 5190 qui
1108 5118 1380 5175 Christum
1410 5131 1670 5190 negantes
1694 5123 1760 5176 de
1789 5121 2029 5196 Ecclesia
2059 5140 2151 5179 ca-

560 5210 760 5266 tholica
813 5211 1116 5278 discedunt,
1148 5222 1352 5268 aeterno
1381 5213 1643 5284 supplicio
1686 5215 1970 5284 perituros.
2001 5216 2152 5271 Area:

554 5300 761 5370 quippe
791 5311 1186 5356 sacramentum
1226 5303 1417 5357 beatus
1445 5303 1637 5358 Petrus
1666 5305 1747 5360 his
1774 5306 1951 5361 verbis
1979 5322 2150 5376 expo-

557 5390 662 5444 nit:
685 5390 749 5444 1η
780 5391 955 5448 diebus
977 5395 1184 5466 quando
1206 5395 1535 5466 exspectabat
1558 5395 1660 5450 Dei
1679 5400 1930 5467 patientia
1957 5405 2009 5454 in
2032 5403 2145 5456 die-

551 5479 640 5533 bus
672 5477 807 5546 Noe,
834 5499 948 5536 cum
989 5484 1334 5554 fabricaretur
1371 5503 1517 5554 arca,
1548 5489 1600 5540 in
1631 5504 1731 5558 qtta
1777 5493 1950 5558 pauci,
1987 5493 2042 5544 id
2067 5503 2145 5547 est

550 5581 659 5623 octo
689 5573 876 5626 anima:
905 5575 1062 5628 salva:
1091 5579 1248 5647 factw
1268 5587 1386 5632 sunt
1415 5595 1508 5646 per
1550 5596 1734 5650 aquam
1761 5597 1778 5633 .·
1805 5583 1942 5649 quod
1975 5594 2024 5637 et
2053 5602 2139 5641 vos

549 5680 680 5716 nunc
701 5666 883 5719 similis
915 5669 1095 5744 forma;
1135 5669 1392 5740 baptisma
1423 5673 1592 5726 salvos
1624 5672 1779 5744 facit,
1813 5690 1916 5728 non
1958 5679 2133 5733 carnis

548 5752 793 5826 depositio
825 5740 1088 5829 sordium,
1122 5763 1211 5816 sed
1239 5765 1569 5820 conscientiw
1616 5763 1764 5820 bona:
1791 5767 2130 5841 interrogatio

619 5946 640 5972 κ
667 5935 788 6000 Μς..
818 5946 867 5991 et
888 5949 941 5992 ut
960 5939 1152 5996 dicam.

2273 3383 2348 3440 ris
2375 3385 2645 3458 Cypriani,
2671 3389 2722 3444 in
2744 3406 2868 3447 arca
2886 3392 3000 3450 Noe
3023 3394 3244 3466 ﬁguram
3266 3397 3536 3469 Ecclesiae,
3552 3392 3609 3457 et
3630 3403 3682 3457 in
3713 3405 3865 3474 aquis

2270 3474 2456 3532 diluvii
2484 3478 2706 3548 ﬁguram
2737 3481 3073 3553 baptismatis
3101 3489 3393 3546 exstitisse.
3425 3491 3485 3546 In
3523 3493 3613 3548 illa
3644 3511 3860 3566 quoque
3934 3507 3946 3528 '

2267 3571 2430 3629 domo
2452 3574 2600 3632 Raab
2631 3581 2950 3650 meretricis,
2982 3601 3123 3656 qum,
3143 3597 3407 3658 pereunte
3427 3587 3708 3660 Hiericho,
3737 3595 3851 3648 sola

2266 3668 2349 3718 est
2371 3664 2597 3734 jubente
2623 3667 2752 3725 Jesu
2782 3664 2903 3728 cu'm
2934 3678 3183 3733 omnibus
3211 3693 3349 3749 quos
3389 3681 3530 3736 intra
3583 3698 3647 3738 se
3676 3684 3861 3738 habuit

2264 3755 2548 3813 incolumis
2590 3770 2866 3818 reservata
2886 3806 2901 3833 ,
2933 3764 2989 3820 iri
3016 3779 3354 3826 sacramento
3380 3769 3703 3826 Christianae
3732 3789 3862 3828 con-

2215 3837 2219 3841 ’
2262 3847 2532 3921 fessionis,
2563 3862 2823 3922 quantum
2847 3859 2978 3914 mihi
3007 3861 3250 3933 videtur,
3279 3864 3546 3922 catholica
3575 3882 3643 3922 ex
3675 3867 3857 3936 genti-

2259 3937 2362 3995 bus
2389 3940 2793 4028 signiﬁcabatur
2821 3946 3080 4006 Ecclesia.
3113 3953 3244 4020 Qua:
3272 3955 3479 4010 scilicet
3509 3957 3714 4027 rejecta
3747 3954 3854 4028 pri-

2259 4031 2412 4086 stina:
2440 4023 2811 4094 fornicationis
2859 4039 3062 4109 illuvie,
3115 4043 3250 4100 duos
3301 4047 3676 4117 exploratores
3724 4047 3849 4104 Jesu

2257 4120 2488 4178 latenter
2517 4127 2731 4196 excepit
2762 4145 2775 4181 :
2809 4129 2914 4186 hoc
2937 4141 3039 4199 est,
3070 4134 3188 4190 sive
3212 4137 3492 4208 utriusque
3515 4139 3848 4196 Testamenti

2255 4222 2459 4268 castam
2484 4217 2867 4287 cognitionem,
2898 4222 3014 4279 sive
3042 4223 3138 4281 Dei
3185 4236 3242 4282 et
3263 4230 3494 4299 proximi
3523 4233 3806 4287 caritatem
3833 4250 3847 4288 :

2253 4305 2378 4373 quia
2411 4314 2466 4361 et
2499 4307 2550 4362 in
2595 4308 2698 4364 illis
2726 4309 2936 4368 duobus
2982 4314 3341 4374 Testamentis
3390 4320 3484 4376 Dei
3514 4330 3570 4375 et
3588 4320 3852 4394 {proximi

2251 4397 2449 4452 caritas
2494 4399 2792 4470 intimatur,
2835 4414 2890 4459 et
2933 4405 2986 4460 in
3039 4406 3123 4462 his
3150 4407 3360 4465 duobus
3407 4413 3694 4482 princeptis
3738 4422 3848 4468 tota

2250 4487 2338 4543 lex
2366 4505 2489 4544 cum
2519 4493 2796 4563 prophetis
2820 4497 3053 4566 pendere
3091 4503 3437 4569 cognoscitur
3460 4502 3677 4575 (Matth.
3715 4521 3845 4571 χχιι,

2251 4577 2367 4650 40).
2401 4579 2528 4637 Hmc
2556 4597 2676 4652 qua:
2711 4587 2860 4654 prius
2897 4587 3054 4645 idolis
3101 4593 3388 4662 prostituta
3445 4593 3546 4648 fuit
3589 4597 3847 4651 meretrix

2177 4701 2227 4760 ι)
2252 4669 2431 4740 impia,
2465 4675 2764 4744 suscipiens
2792 4678 3162 4748 exploratores
3191 4681 3336 4748 Jesu,
3368 4685 3505 4740 facta
3538 4695 3623 4740 est
3673 4681 3844 4743 ﬁdelis

2255 4768 2310 4814 et
2329 4770 2474 4817 casta
2508 4781 2522 4819 :
2555 4780 2691 4834 quos
2717 4769 3026 4826 custodiens
3055 4788 3084 4826 a
3113 4775 3562 4844 persequentibus
3593 4777 3845 4845 inimicis,

2254 4868 2362 4907 non
2411 4855 2464 4909 in
2511 4857 2854 4916 inferioribus
2878 4862 3154 4934 depositos
3201 4868 3398 4934 obruit,
3449 4868 3543 4924 sed
3568 4871 3620 4924 in
3648 4872 3845 4927 solario

2253 4943 2444 5001 domus
2474 4964 2582 5003 sua:
2604 4951 2808 5008 levatos
2833 4953 3062 5010 latenter
3083 4959 3385 5016 abscondit.
3408 4959 3684 5018 Solarium
3718 4979 3845 5019 vero

2252 5044 2539 5106 propterea
2567 5040 2781 5110 dicitur,
2812 5059 2878 5100 eo
2904 5047 3045 5116 quod
3075 5048 3204 5103 solis
3240 5048 3445 5106 lumine
3469 5051 3842 5122 perfundatur.

2253 5128 2384 5194 Quis
2413 5140 2495 5185 est
2533 5142 2711 5191 autem
2753 5137 2833 5190 sol
2885 5139 3100 5193 humani
3131 5142 3339 5208 cordis,
3373 5145 3474 5200 nisi
3507 5147 3598 5202 ille
3648 5148 3716 5202 de
3745 5165 3844 5218 qun

2253 5220 2454 5278 dictum
2479 5233 2561 5280 est
2590 5242 2687 5297 per
2711 5230 3028 5300 prophetam
3059 5251 3072 5286 :
3109 5233 3429 5292 Timentibus
3458 5249 3630 5293 ηιιιρηι
3661 5259 3840 5295 nomen

2253 5329 2418 5367 meum
2461 5318 2652 5371 orietur
2698 5320 2778 5374 sol
2813 5321 3062 5392 justitire,
3093 5334 3143 5378 et
3170 5329 3372 5383 sanitas
3403 5331 3454 5384 in
3505 5334 3695 5400 pennis
3734 5333 3841 5403 ejus

2251 5406 2272 5474 (
2297 5405 2491 5464 Malae:
2526 5428 2612 5476 tv,
2640 5412 2754 5483 ειη
2781 5415 2856 5471 De
2889 5417 3005 5486 ipso
3051 5421 3168 5476 sole
3210 5423 3422 5478 oriente
3462 5424 3751 5481 Zacharias
3791 5428 3839 5480 in

2249 5500 2535 5571 Evangelia
2562 5506 2639 5559 sic
2685 5507 2973 5578 prophetat
3009 5529 3021 5564 :
3052 5510 3185 5574 Quia
3215 5514 3439 5569 visitavit
3459 5533 3553 5570 nos
3577 5519 3750 5571 oriens
3777 5535 3835 5571 es

2249 5592 2379 5661 alto,
2407 5593 2702 5651 illuminare
2743 5598 2820 5652 his
2849 5601 2935 5672 qui
2971 5603 3024 5655 in
3055 5604 3281 5658 tenebris
3300 5615 3352 5658 et
3376 5607 3429 5660 in
3452 5607 3636 5662 umbra
3667 5611 3834 5664 mortis

2243 5683 2423 5738 sedent
2453 5683 2609 5758 (Luc.
2659 5703 2710 5756 ι,
2743 5688 2832 5758 78,
2859 5689 2983 5760 79).
3027 5691 3160 5748 Nam
3204 5702 3260 5750 et.
3312 5695 3529 5753 Abacuc
3583 5701 3831 5770 prephet:

2239 5773 2442 5832 Christi
2465 5780 2833 5837 ascensionem
2863 5791 2916 5839 et
2932 5784 3139 5842 ordinis
3159 5787 3510 5845 ecclesiastici
3536 5792 3832 5849 firmitatem
