4108 6472
256 352 387 418 545,

1285 330 1798 403 υΕἰιΕΜιδδιοΝΕ
1821 345 2300 404 peccaronun.
2332 347 2455 403 LIB.
2487 347 2527 403 ι.
2553 419 2558 423 ξ

3436 355 3535 409 516

257 467 360 523 sub
383 464 600 521 nomine
613 461 998 532 solislunaeque
1020 462 1097 516 sic
1108 461 1361 532 pnedicat
1377 480 1389 516 :
1407 461 1648 518 Eleuatus
1665 461 1849 527 estsol,
1879 463 1930 525 Α
1957 477 2076 517 rum
2098 471 2356 530 negantes
2381 461 2658 518 catholica:
2682 461 2808 519 ﬁdei
2827 472 3244 532 sacramentum,
3277 466 3344 522 ad
3372 467 3533 524 haere-

257 570 305 616 τι
326 561 454 615 luna
481 556 617 614 stetit
648 557 699 611 in
722 557 900 612 ordine
925 573 1018 610 suo
1043 555 1060 627 (
1081 554 1241 609 Abac.
1269 571 1344 619 ut,
1372 554 1431 608 ll
1456 598 1471 621 ,
1503 571 1605 610 sec.
1633 552 1783 608 LXX
1803 554 1842 624 ).

256 651 367 709 Cor
411 666 540 721 ergo
579 650 998 719 uniuscujusque
1038 647 1206 703 ﬁdelis
1253 663 1362 703 non
1404 648 1697 717 incongrue
1733 646 1846 718 spiv

255 745 417 802 ritale
441 744 695 800 solarium
717 743 931 811 dicitur,
957 741 1102 812 quod
1120 741 1250 797 solis
1278 740 1420 797 illius
1443 741 1663 811 superni
1683 741 1848 797 radiis

240 835 545 892 salubriter
594 835 904 890 illustratur.
967 833 1117 889 Raab
1173 833 1355 905 itaque
1405 835 1659 890 meretrix
1710 851 1848 906 quos

257 929 631 999 exploratores
657 925 786 982 Iesu
829 927 884 982 in
929 926 1131 984 solario
1157 941 1269 982 suae
1295 925 1487 984 domus
1531 927 1842 996 abscondit,

257 1019 444 1088 utique
466 1019 518 1074 in
547 1019 931 1090 superioribus,
963 1017 1070 1075 hoc
1097 1024 1182 1074 est
1220 1017 1448 1088 spiritali
1475 1019 1700 1074 scientia
1723 1019 1846 1075 illu-

256 1113 442 1176 minati
465 1112 642 1169 cordis
667 1113 854 1167 intima
899 1111 1189 1168 dilectione
1215 1111 1499 1176 continuit,
1531 1119 1590 1166 ut
1609 1112 1844 1183 prophe-

257 1205 421 1261 ticum
462 1205 592 1260 illud
641 1204 914 1274 eloquium
963 1203 1145 1274 operis
1185 1203 1413 1258 veritate
1463 1210 1742 1258 cantaret:
1777 1203 1845 1258 In

245 1297 409 1354 corde
448 1313 562 1352 meo
591 1295 839 1351 abscondi
865 1295 1069 1367 eloquia
1115 1303 1224 1359 tua,
1267 1303 1324 1347 ut
1369 1311 1473 1349 non
1511 1310 1712 1365 peccem
1754 1294 1845 1349 tibi

256 1391 429 1463 (Paul.
463 1406 646 1458 cxvnt,
679 1389 738 1442 ll
758 1388 799 1458 ).
835 1387 970 1444 Vera
997 1388 1178 1458 itaque
1198 1387 1350 1453 ﬁdes,
1381 1387 1704 1457 quaedivinis
1723 1388 1841 1444 elo-

258 1483 392 1554 ;uiis
436 1481 732 1546 intimatur,
781 1489 909 1536 tunc
949 1481 1394 1550 persequentibus
1442 1496 1546 1535 non
1593 1481 1840 1550 traditur,

249 1583 383 1629 tunc
411 1572 464 1627 in
487 1571 649 1628 corde
669 1569 905 1626 ﬁdelium
931 1571 1188 1627 inviolata
1211 1579 1267 1626 et
1295 1571 1580 1628 incolumis
1599 1575 1840 1630 custodi-

257 1671 375 1732 tur,
401 1664 446 1719 si
465 1680 573 1719 non
603 1664 848 1729 terrenis,
867 1671 924 1718 et
955 1663 1190 1730 caducis,
1215 1672 1375 1733 atque
1395 1665 1718 1734 carnalibus,
1741 1667 1838 1722 sed

256 1757 562 1814 calestibus
581 1765 636 1812 et
654 1755 982 1827 spiritalibus
997 1756 1274 1826 promissis
1295 1757 1504 1812 animus
1527 1767 1838 1828 perseveret

1954 555 2181 611 ticorum
2209 563 2337 611 sunt
2365 556 2703 611 mortiferum
2742 555 2936 627 dilapsi
2977 558 3340 626 consortium,
3390 575 3534 616 resu-

1951 659 2100 705 mant
2124 648 2283 706 ﬁdem
2313 666 2473 722 quam
2505 659 2857 720 negaverunt,
2888 659 2945 706 et
2970 651 3039 706 ad
3073 651 3370 708 Ecclesium
3398 653 3534 710 cele-

1951 741 2083 797 riter
2109 750 2472 808 revertantur,
2519 748 2577 796 ut
2603 741 2730 798 Jesu
2758 742 3038 810 veniente,
3089 743 3230 798 intra
3263 743 3406 799 illam
3436 745 3534 801 do-

1951 849 2096 888 mum
2140 835 2347 904 possint
2390 835 2614 891 inveniri
2652 844 2805 890 extra
2842 852 3004 906 quam
3046 837 3224 893 nullus
3264 846 3442 910 potest
3471 840 3535 895 ab
3632 873 3634 876 ν

1949 925 2171 982 interitu
2207 927 2426 984 liberari
2481 947 2492 982 :
2545 930 2670 999 quia
2714 930 2856 986 sicut
2897 930 2952 984 in
2996 930 3246 988 Iliericho
3295 933 3535 1004 quisquis

1948 1025 2103 1073 extra
2134 1019 2281 1074 illam
2311 1019 2530 1075 domum
2561 1020 2660 1076 fuit
2714 1022 2919 1077 nullum
2949 1023 3126 1093 potuit
3149 1024 3370 1094 adipisci
3415 1025 3534 1081 vitm

1948 1108 2285 1176 subsidium,
2339 1111 2415 1166 sic
2461 1119 2615 1168 extra
2663 1111 2958 1169 Ecclesiam
2999 1115 3322 1170 catholicam
3360 1117 3534 1172 nullus

1948 1200 2176 1270 accipiet
2206 1200 2592 1271 indulgentiam
2624 1213 3006 1274 peccatorum;
3032 1215 3088 1260 et
3108 1207 3246 1261 sicut
3275 1207 3412 1262 intra
3437 1206 3510 1262 Ec

1947 1291 2166 1347 clesiam
2206 1293 2528 1349 catholicam
2570 1295 2724 1349 corde
2755 1296 2980 1350 creditur
3018 1297 3088 1350 ad
3116 1299 3414 1368 justitiam,
3447 1312 3532 1354 ore

1946 1394 2117 1438 autem
2158 1387 2416 1458 confessio
2437 1388 2497 1457 ﬁt
2523 1387 2593 1440 ad
2622 1387 2840 1442 salutem
2871 1388 3046 1459 (Rom.
3067 1405 3120 1455 x,
3144 1390 3257 1462 10),
3275 1391 3355 1446 sic
3375 1399 3530 1447 extra
3629 1435 3634 1444 .

1944 1476 2190 1532 eamdem
2229 1477 2523 1534 Ecelesiam
2554 1480 2693 1534 mala
2718 1481 3006 1536 credulitas
3031 1498 3136 1538 non
3161 1491 3442 1553 reputatur
3467 1483 3531 1540 ad

1939 1567 2227 1638 justitiam,
2253 1571 2351 1626 sed
2380 1571 2447 1626 ad
2477 1588 2712 1642 poenam,
2738 1583 2793 1629 et
2820 1590 2984 1645 prava
3015 1575 3284 1632 confessio
3314 1593 3422 1632 non
3443 1592 3507 1632 ac

1942 1661 2109 1730 quirit
2138 1663 2366 1718 salutem
2398 1664 2702 1731 conﬁtenti,
2731 1667 2828 1722 sed
2869 1668 3064 1737 ingerit
3090 1678 3341 1725 mortem.
3368 1670 3530 1728 Extra

1946 1753 2085 1808 hanc
2140 1752 2436 1813 Ecclesiam
2485 1772 2588 1812 nec
2638 1757 3002 1814 Christianum
3051 1776 3248 1816 nomen
3298 1763 3530 1833 aliquem

256 1850 470 1916 aﬂixus,
501 1866 602 1906 nec
628 1850 1025 1920 contempletur
1037 1864 1158 1919 quae
1173 1849 1443 1915 videntur,
1462 1853 1557 1905 sed
1581 1866 1702 1920 qua:
1730 1867 1839 1908 non
1870 1851 1918 1913 B
1938 1843 2111 1914 juvat.
2144 1861 2248 1901 nec
2274 1847 2573 1918 bapliSIDUS
2601 1849 2794 1914 salvat.
2820 1865 2920 1905 nec
2949 1851 3207 1907 mundum
3230 1853 3341 1909 Deo
3365 1854 3529 1909 sacri-

256 1943 539 2000 videntur:
561 1941 690 2007 Qua:
709 1943 848 1997 enim
869 1941 1103 1996 videntur
1129 1943 1429 2012 temporalia
1451 1950 1590 2010 sunt,
1612 1943 1751 1998 sicut
1767 1943 1844 1998 ait

256 2035 574 2107 Apostolus;
616 2051 730 2108 qua
755 2043 923 2089 autem
946 2051 1051 2089 non
1075 2035 1330 2100 videntur,
1355 2045 1550 2090 attenta
1593 2046 1713 2090 sunt
1744 2036 1841 2107 (ΙΙ

255 2126 374 2182 Cor.
397 2143 470 2194 tv,
491 2125 876 2198 18).C:eterum
904 2125 1146 2195 quisquis
1166 2135 1454 2196 propterea
1469 2126 1831 2184 Christianam

255 2217 414 2272 ﬁdem
443 2225 612 2284 tenet,
662 2224 721 2272 ut
739 2231 827 2271 res
854 2223 1099 2272 terrenas
1120 2225 1176 2271 et
1197 2217 1534 2274 transitorias
1560 2219 1838 2289 acquirat,

256 2307 736 2380 isteexploratores
753 2308 782 2364 Ι
786 2325 898 2376 esu,
912 2325 1023 2364 non
1044 2309 1096 2364 in
1108 2310 1477 2380 superioribus
1497 2311 1692 2369 domus
1702 2329 1837 2381 suae,

256 2403 348 2459 sed
383 2403 439 2458 in
468 2401 810 2481 inferioribus
849 2401 1119 2468 collocat;
1149 2401 1240 2458 ubi
1283 2418 1405 2458 cum
1431 2402 1630 2459 fuerint
1652 2405 1838 2475 positi,

256 2493 463 2550 facilius
506 2502 563 2550 et
602 2493 830 2549 inveniri
871 2501 1098 2564 possunt
1137 2494 1206 2550 ab
1249 2493 1482 2550 inimicis
1519 2504 1577 2550 et
1623 2496 1838 2566 perimi.

255 2584 440 2640 Omnis
481 2584 626 2640 enim
672 2593 988 2654 persecutor
1023 2593 1078 2639 et
1119 2585 1368 2640 inimicus
1396 2586 1554 2657 377
1587 2583 1840 2644 Ecclesia:

256 2677 374 2733 illos
428 2675 740 2746 spiritaliter
794 2675 1073 2744 interimit,
1104 2684 1159 2730 et
1211 2676 1342 2746 ipsis
1382 2677 1577 2748 ingerit
1623 2687 1840 2734 azternte

257 2769 444 2826 mortis
491 2768 787 2834 interitum,
818 2783 1048 2838 quorum
1093 2784 1188 2824 cor
1228 2769 1496 2825 invenerit
1529 2773 1758 2827 terrenis
1783 2780 1840 2828 et

258 2860 468 2918 caducis
509 2861 673 2917 rebus
700 2860 974 2916 inne‘xum.
1003 2858 1069 2915 lli
1098 2860 1242 2916 enim
1271 2860 1398 2916 dum
1427 2869 1671 2918 terrenas
1698 2863 1838 2919 divi-

257 2954 374 3022 tias,
431 2962 523 3010 aut
548 2954 774 3026 perdere
801 2962 1075 3019 metuunt,
1120 2962 1213 3010 aut
1259 2954 1542 3026 acquirere
1582 2957 1838 3028 concupi-

257 3058 430 3119 scunt,
444 3058 713 3120 praecepta
733 3048 951 3114 Christi,
970 3050 1074 3105 hoc
1088 3057 1171 3105 est
1192 3049 1564 3120 exploratores
1577 3049 1704 3106 Iesu
1727 3066 1836 3108 non

259 3143 589 3201 abscondunt
616 3145 671 3200 in
700 3143 900 3200 solario
921 3143 1120 3212 cordis,
1147 3143 1243 3200 sed
1273 3142 1492 3199 tradunt
1513 3160 1836 3217 persequen-

1947 1938 2122 1994 licium
2152 1938 2376 1995 oﬁertur
2396 1981 2411 2007 ,
2457 1957 2556 1997 nec
2583 1952 2931 2012 peccatorum
2970 1945 3220 2000 remissio
3250 1947 3528 2017 accipitur,

1945 2045 2046 2085 nec
2071 2039 2289 2086 :eterna:
2317 2032 2438 2086 vitae
2475 2031 2704 2088 felicitas
2747 2033 3038 2090 invenitur.
3098 2033 3216 2090 Una
3257 2044 3340 2092 est
3387 2037 3529 2094 enim

1943 2117 2144 2176 Christi
2196 2121 2468 2192 Ecclesia,
2518 2139 2624 2179 una
2655 2125 2938 2191 columba,
2993 2141 3100 2181 una
3149 2125 3378 2195 dilecta,
3426 2142 3531 2183 una

1944 2231 2142 2287 sponsa
2176 2235 2188 2270 :
2223 2218 2276 2272 in
2317 2234 2422 2289 qua
2452 2217 2686 2275 Trinitas
2725 2235 2864 2276 unus
2893 2219 3036 2277 Deus
3061 2258 3077 2285 ,
3129 2219 3288 2276 unius
3326 2228 3532 2276 natura:

1944 2315 2108 2377 atque
2155 2309 2470 2365 substantizr.
2515 2311 2782 2376 creditur;
2829 2311 2884 2366 in
2927 2327 3033 2382 qua
3070 2325 3172 2367 nec
3210 2311 3380 2377 Filio,
3429 2317 3561 2370 nec'

1944 2398 2166 2480 Spiritui
2239 2410 2428 2480 sancto
2505 2404 2830 2459 contumelia
2898 2404 3272 2461 minorationis
3333 2405 3529 2475 ingerie

1943 2500 2068 2559 tur;
2139 2493 2194 2548 in
2241 2508 2347 2563 qua
2395 2511 2532 2550 unus
2577 2503 2742 2565 atque
2791 2495 2934 2551 idem
2982 2495 3192 2562 cultus,
3255 2504 3310 2551 et
3356 2497 3532 2553 honor

1942 2599 2080 2638 unus
2108 2585 2200 2639 uni
2229 2583 2500 2655 Trinitati,
2550 2601 2669 2656 qua:
2713 2586 2856 2644 Deus
2889 2603 3050 2643 verus
3085 2597 3187 2651 est,
3220 2587 3524 2644 exhibetur.
3552 2611 3555 2614 ·

1941 2671 2067 2730 Haec
2091 2685 2175 2730 est
2204 2691 2309 2730 una
2339 2691 2468 2732 vera
2505 2677 2669 2749 378
2695 2677 2938 2734 Ecclesia
2956 2721 2972 2748 ,
3021 2694 3142 2749 qua:
3170 2679 3248 2736 sic
3275 2680 3448 2736 credit
3474 2688 3531 2736 et

1939 2766 2196 2836 praedicat
2209 2783 2371 2822 unam
2385 2767 2663 2824 Trinitatis
2676 2771 2989 2839 essentiam,
3015 2778 3074 2826 ut
3101 2771 3156 2826 in
3173 2771 3342 2826 tribus
3365 2786 3528 2826 unam

1940 2858 2234 2929 quamlibet
2262 2875 2370 2915 non
2400 2859 2600 2918 audeat
2627 2860 2785 2917 alteri
2812 2862 3066 2933 praeferre
3095 2877 3407 2934 personam.
3438 2862 3530 2919 Sic

1939 2952 2082 3008 enim
2106 2953 2238 3008 nihil
2263 2968 2322 3009 se
2344 2953 2617 3010 diversum
2634 2955 2821 3011 colere
2842 2955 2898 3010 in
2918 2954 3219 3012 substantia
3235 2955 3530 3012 divinitatis

1939 3045 2196 3110 ostendit,
2228 3053 2287 3101 ut
2309 3045 2526 3102 Patrem
2557 3057 2614 3102 et
2638 3047 2851 3114 Filium,
2891 3055 2946 3103 et
2974 3047 3233 3120 Spiritum
3261 3055 3529 3114 sanctum,

1938 3135 2042 3190 hoc
2071 3143 2155 3190 est
2173 3135 2347 3206 ipsam
2363 3135 2684 3192 Trinitatem
2713 3153 2879 3192 unum
2896 3153 3084 3194 verum
3111 3145 3168 3194 et
3193 3137 3368 3194 solum
3397 3152 3530 3193 con-

258 3234 396 3291 tibus
425 3235 672 3299 inimicis,
704 3242 798 3289 aut
825 3242 973 3290 metu
1000 3233 1204 3292 scilicet
1231 3234 1424 3303 territi,
1453 3213 1545 3292 aut
1572 3213 1836 3309 igne-pra-
1860 3224 1906 3288 C
1940 3227 2096 3283 “lens
2124 3227 2295 3284 Deum
2312 3270 2325 3296 ,
2356 3243 2457 3286 nec
2485 3229 2540 3284 in
2561 3229 2786 3285 unitatis
2808 3229 3026 3286 nomine
3053 3213 3373 3285 Sabelliante
3393 3244 3530 3285 con-

259 3344 334 3385 vae
360 3329 668 3400 cupiditatis
689 3329 918 3385 accensi.
949 3327 1060 3384 Nec
1086 3327 1378 3383 funiculum
1400 3329 1733 3396 coccineum,
1778 3331 1832 3386 in

257 3419 403 3489 cujus
429 3419 582 3488 signo
611 3417 802 3474 domus
821 3416 911 3471 illa
935 3416 1142 3472 salvata
1171 3425 1282 3483 est,
1309 3416 1510 3472 habent
1531 3433 1629 3489 per
1651 3416 1831 3476 fenes-

257 3520 393 3566 tram
421 3508 613 3565 domus
637 3523 748 3564 sua:
775 3522 1119 3578 suspensum,
1167 3507 1262 3576 qui
1289 3507 1412 3563 ﬁdei
1432 3523 1542 3564 suae
1567 3525 1675 3566 non
1698 3527 1832 3567 con-

255 3600 490 3664 ﬁtentur,
539 3597 636 3654 sed
679 3597 948 3666 denegant
973 3603 1331 3652 sacramenta.
1355 3595 1645 3654 Funiculus
1689 3600 1834 3655 enim

255 3690 536 3749 coecineus
577 3687 852 3758 sanguinis
887 3686 1087 3743 Christi
1133 3689 1448 3759 mysterium
1478 3689 1830 3760 praeferebat:

256 3799 416 3856 quem
464 3783 555 3839 ille
579 3796 678 3852 per
711 3780 1003 3836 fenestram
1029 3777 1222 3836 domus
1249 3795 1361 3836 suae
1385 3796 1704 3851 suspensum
1733 3783 1834 3838 ha-

256 3885 369 3940 bet,
411 3875 503 3947 qui
558 3873 664 3928 ﬁde
703 3879 892 3928 contra
931 3885 1170 3943 paganos
1205 3887 1302 3927 seu
1337 3881 1527 3928 contra
1567 3875 1838 3944 quoslibet

257 3968 540 4024 haereticos
588 3966 700 4022 Deo
748 3973 1066 4036 protegente
1109 3963 1376 4028 ﬁrmatus,
1405 3979 1471 4020 ac
1496 3963 1654 4020 ﬁdem
1684 3981 1836 4022 suam

257 4060 482 4116 sollicite
527 4057 856 4123 custodiens,
887 4054 1088 4112 Christi
1112 4071 1171 4112 se
1199 4055 1537 4128 redemptum
1572 4058 1836 4128 sanguine

256 4151 556 4210 conﬁtetur.
588 4149 818 4221 Propter
845 4147 993 4220 quod
1021 4148 1136 4220 ipse
1171 4147 1210 4204 S
1231 4148 1426 4205 .lvator
1471 4149 1584 4204 ait:
1617 4149 1718 4214 Qui
1756 4167 1837 4206 me

255 4249 513 4320 confessus
536 4247 691 4318 fuerit
710 4261 886 4300 coram
910 4243 1220 4313 hminibus,
1237 4244 1520 4316 conﬁtebor
1538 4254 1589 4300 et
1607 4262 1701 4316 ego
1721 4262 1836 4302 eum

255 4357 424 4396 coram
451 4339 615 4395 Patre
633 4356 770 4408 meo,
799 4340 885 4412 qui
912 4347 989 4394 est
1030 4340 1085 4394 in
1107 4340 1279 4406 caelis;
1309 4342 1396 4411 qui
1425 4349 1597 4396 autem
1617 4359 1838 4414 negare-

255 4434 318 4487 rit
347 4448 428 4486 me
471 4448 646 4487 coram
675 4429 994 4499 hominibus,
1025 4430 1222 4503 negabo
1269 4442 1318 4486 et
1365 4449 1458 4504 ego
1497 4449 1614 4488 eum
1657 4450 1836 4490 coram

256 4523 412 4579 Patre
433 4541 566 4591 meo,
596 4526 779 4597 quiest
815 4525 871 4578 in
899 4525 1036 4580 caelis
1079 4523 1306 4596 (Matth.
1339 4542 1394 4594 x,
1426 4525 1552 4595 52).
1581 4527 1836 4595 Quamvis

1935 3321 2164 3378 lusionis
2203 3321 2445 3378 incurrat
2466 3337 2707 3378 errorem
2732 3363 2747 3387 ,
2792 3331 2849 3378 et
2872 3322 2927 3377 in
2953 3321 3232 3378 Trinitatis
3256 3321 3526 3380 vocabulo

1937 3417 2244 3472 meminerit
2268 3417 2478 3472 Arianae
2501 3416 2828 3472 diversitatis
2855 3407 3190 3473 mo'rtiferam
3208 3415 3382 3471 Vitare
3402 3431 3527 3486 per-

1938 3509 2156 3564 niciem.
2217 3507 2541 3579 Apostolictn
2587 3509 2787 3580 quippe
2835 3507 3233 3580 praedicationis
3286 3508 3528 3564 retinens

1938 3616 2222 3670 normam,
2273 3603 2730 3672 quemadmodum
2783 3601 3100 3658 Trinitatem
3147 3602 3427 3672 cognoscit
3472 3601 3526 3656 in

1938 3695 2186 3764 personis
2214 3693 2413 3761 Patris,
2443 3704 2499 3751 et
2525 3696 2668 3760 Filii,
2689 3708 2755 3762 et
2782 3695 3012 3766 Spiritus
3037 3696 3241 3762 sancti;
3271 3697 3349 3751 sic
3375 3695 3528 3752 unius

1939 3786 2036 3843 Dei
2063 3797 2268 3844 rectam
2297 3787 2555 3859 praedicat
2584 3788 2777 3855 ﬁdem,
2829 3788 2954 3858 quia
2985 3789 3040 3842 in
3069 3786 3248 3853 Patre,
3281 3796 3338 3842 et
3367 3787 3526 3852 Filio,

1941 3887 1997 3935 et
2025 3880 2233 3952 Spiritu
2257 3890 2446 3938 sancto
2477 3883 2778 3938 naturalem
2801 3881 3056 3952 praedicat
3083 3880 3364 3935 unitatem.

2508 4040 2737 4096 CAPUT
2769 4039 2952 4095 XXIII.

2015 4150 2098 4204 Ab
2126 4151 2228 4206 hac
2255 4149 2500 4206 Ecclesia
2529 4152 2573 4206 si
2595 4152 2687 4222 qui
2716 4151 2846 4228 foris
2884 4158 3009 4206 sunt
3040 4151 3093 4205 in
3122 4149 3348 4206 diversis
3374 4166 3525 4207 erro-

1905 4305 1923 4325 .
1938 4243 2087 4300 ribus
2100 4243 2398 4308 constituti,
2425 4251 2552 4300 tunc
2572 4244 2838 4316 accipient
2861 4242 3248 4313 indulgentiam
3270 4251 3526 4314 peccato-

1937 4351 2076 4402 rum,
2110 4334 2154 4390 si
2181 4334 2248 4389 ad
2275 4333 2520 4391 eamdem
2547 4334 2842 4392 Ecclesiam
2863 4379 2879 4404 ,
2908 4335 3036 4391 dum
3069 4343 3194 4391 sunt
3219 4335 3272 4391 in
3303 4336 3406 4391 hoc
3430 4351 3530 4391 sae-

1938 4427 2059 4483 culo
2089 4427 2404 4495 constituti,
2436 4436 2582 4484 recta
2611 4428 2932 4484 credulitate
2961 4428 3158 4483 fuerint
3201 4434 3256 4483 et
3310 4427 3528 4483 contriti

1938 4517 2116 4574 cordis
2139 4517 2443 4574 humilitate
2471 4519 2737 4574 conversi.
2785 4517 2929 4588 Ergo
2958 4526 3200 4586 currant,
3241 4517 3369 4573 dum
3392 4525 3529 4572 tem-

255 4617 412 4686 igitur
437 4616 685 4672 inimicus
712 4625 1028 4686 persecutor
1051 4617 1427 4686 exploratores
1454 4617 1582 4674 Iesu
1608 4621 1662 4676 in
1694 4621 1833 4677 infe-

1941 4625 2042 4680 pus
2067 4617 2181 4672 est,
2220 4609 2285 4663 ad
2327 4609 2617 4678 legitimam
2645 4617 2876 4664 matrem
2895 4650 2910 4675 ,
2938 4624 3081 4680 quae,
3105 4609 3245 4664 sicut
3277 4624 3344 4663 ex
3371 4617 3528 4664 utero

255 4708 481 4764 tioribus
519 4715 746 4765 conetur
792 4707 1060 4774 occidere,
1092 4709 1144 4764 id
1187 4718 1271 4764 est
1297 4710 1462 4766 robur
1509 4711 1831 4768 Christiana:

255 4797 368 4856 ﬁdei
398 4800 626 4855 terrenis
647 4799 899 4854 moliatur
923 4800 1371 4870 promissionibus
1398 4801 1513 4857 sive
1535 4805 1833 4859 terroribus

254 4892 603 4956 enervare;si
627 4893 751 4961 quis
787 4899 968 4948 tamen
1025 4890 1304 4948 Trinitatis
1357 4892 1540 4960 ﬁdem,
1587 4910 1692 4964 qua
1726 4893 1830 4949 Pa-

254 4996 404 5049 trem,
431 4991 488 5038 et
515 4981 726 5047 Filium,
775 4991 831 5042 et
857 4982 1116 5054 Spiritum
1162 4991 1404 5038 sanctum
1459 5000 1623 5038 unum
1663 4985 1832 5041 Deum

254 5067 669 5130 subs'tantialiter
696 5075 886 5142 credit,
920 5077 974 5131 in
995 5076 1363 5148 superioribus
1381 5075 1630 5132 habuerit
1658 5078 1828 5134 collo-

253 5175 442 5234 catam,
465 5183 654 5224 omnes
682 5171 1055 5240 persequentis
1099 5177 1247 5225 atros
1277 5183 1492 5224 errores
1525 5169 1696 5241 (forte
1723 5179 1831 5225 ter-

253 5262 421 5334 rores)
452 5278 750 5334 omnesque
777 5263 1077 5320 seductoris
1105 5263 1324 5320 insidias
1353 5278 1460 5320 non
1493 5262 1718 5319 timebit.

826 5420 1055 5476 CAPUT
1083 5421 1247 5476 XXII.

318 5536 552 5594 Proinde
579 5552 687 5592 non
714 5535 888 5592 solum
909 5549 1046 5605 quos
1067 5535 1243 5592 iterati
1270 5535 1522 5607 baptismi
1546 5542 1694 5589 tenet
1714 5547 1835 5589 rea-

251 5641 334 5689 tus
363 5634 592 5689 innexos
618 5631 819 5688 debent
847 5629 1098 5686 celeriter
1122 5629 1190 5684 ad
1211 5629 1506 5689 Ecclesiam
1532 5642 1830 5692 recurrere,

253 5734 303 5782 et
331 5727 501 5782 Deum
545 5725 799 5799 lacrymis
827 5741 889 5779 ac
929 5723 1290 5796 eleemosynis
1320 5742 1420 5802 pro
1451 5729 1601 5777 tanto
1631 5721 1836 5776 scelere

253 5819 556 5888 deprecari;
581 5833 768 5872 verum
790 5817 951 5870 etiam
975 5815 1018 5870 si
1040 5817 1130 5886 qui
1152 5816 1378 5883 forsitan
1410 5816 1527 5872 sine
1554 5815 1836 5869 iteratione

253 5911 581 5986 baptismatis
610 5910 966 5966 delectat'one
997 5924 1276 5989 munerum
1299 5931 1400 5986 seu
1442 5906 1632 5962 timore
1657 5920 1838 5976 poena-

1935 4717 2036 4756 suo
2072 4710 2229 4756 natos
2258 4699 2397 4756 ﬁlios
2422 4703 2666 4756 continet
2704 4702 2994 4771 diligenter
3021 4711 3076 4758 et
3112 4701 3311 4769 nutrit,
3355 4701 3432 4756 sic
3460 4715 3527 4756 ex

1937 4792 2134 4846 ancilla
2159 4800 2334 4859 natos,
2363 4809 2471 4848 non
2493 4793 2666 4848 solum
2692 4793 2987 4850 redeuntes
3012 4809 3120 4850 non
3143 4794 3366 4865 respuit,
3397 4793 3526 4863 quin

1937 4883 2101 4937 etiam
2142 4883 2522 4940 misericordia:
2563 4883 2859 4941 visceribus
2887 4888 3133 4940 errantes
3175 4883 3422 4955 inquirit,
3472 4891 3529 4938 et

1938 4990 2038 5044 pro
2061 4972 2255 5029 aﬁeclu
2294 4974 2628 5030 incessanter
2667 4975 2857 5030 invitat
2881 5016 2895 5041 ,
2941 4989 3082 5044 quos
3125 4974 3180 5028 in
3209 4974 3525 5030 societatem

1939 5073 2178 5136 paternae
2208 5065 2533 5121 litcreditatis
2573 5065 2810 5121 inducat.
2851 5065 3035 5137 Neque
3073 5065 3218 5121 enim
3249 5065 3300 5119 in
3331 5064 3411 5118 eis
3441 5071 3526 5117 at-

1941 5160 2111 5216 tendit
2141 5159 2410 5216 ancillaris
2445 5160 2586 5216 uteri
2621 5159 2984 5216 conditionem
3005 5202 3020 5226 ,
3069 5158 3163 5213 sed
3193 5156 3403 5228 paterni
3441 5172 3527 5210 re-

1940 5253 2221 5322 cognoscit
2261 5254 2482 5308 seminis
2523 5254 2824 5310 veritatem.
2876 5253 3007 5320 Quze
3034 5259 3118 5306 est
3157 5249 3299 5304 enim
3329 5249 3530 5304 veritas

1941 5345 2153 5416 paterni
2179 5346 2416 5411 seminis,
2457 5347 2559 5402 nisi
2588 5346 2853 5416 baptisma
2880 5353 3194 5415 perceptum
3226 5341 3279 5396 in
3311 5341 3528 5397 nomine

1945 5435 2256 5498 Trinitatis?
2279 5435 2394 5492 Hoc
2421 5435 2510 5491 illa
2534 5436 2587 5490 in
2615 5449 2937 5505 quocunque
2965 5431 3248 5503 repererit,
3270 5439 3525 5501 tanquam

1938 5529 2175 5598 legitima
2206 5537 2378 5584 mater
2404 5529 2485 5583 sui
2511 5527 2647 5596 juris
2677 5542 2798 5582 esse
2824 5526 3125 5596 cognoscit.
3168 5525 3328 5581 Novit
3358 5526 3523 5592 enim,

1941 5623 2078 5678 sicut
2109 5622 2307 5677 Rachel
2339 5620 2546 5691 (Cenes.
2582 5620 2735 5690 xxx),
2787 5636 2892 5675 non
2924 5618 3098 5675 solum
3124 5618 3343 5690 proprio
3374 5626 3528 5672 utero

1945 5712 2082 5770 ﬁlios
2111 5730 2322 5784 parere,
2348 5730 2528 5768 verum
2570 5714 2732 5768 etiam
2761 5728 2828 5767 ex
2867 5712 3062 5766 ancilla
3093 5710 3405 5782 progenitos
3430 5725 3530 5765 suo

1945 5808 2160 5863 noniine
2206 5818 2458 5879 tanquam
2500 5809 2727 5877 genitrix
2773 5807 3008 5875 legitima
3071 5805 3364 5860 vindicare.
3417 5803 3532 5862 Hoc

1946 5917 2082 5973 opus
2111 5911 2211 5969 est,
2245 5911 2304 5979 ut
2345 5902 2422 5963 illi
2451 5919 2558 5965 non
2599 5902 2868 5973 negligant
2899 5899 3192 5970 fraternam
3217 5897 3530 5979 societatem
