4130 6446
301 400 406 458 819

1291 400 1377 460 DE
1415 403 1822 462 REMISSIONE
1861 404 2349 465 PECCATORIIM.
2392 410 2521 466 LIB.
2563 412 2605 467 Ι.

3476 427 3580 484 550

251 528 264 539 ·
300 519 477 574 Patris
641 519 1081 613 quiincmtisiest,
1107 523 1214 593 ipse
1233 521 1448 577 intrabit
1467 523 1520 577 in
1546 539 1759 594 regnum
1782 539 1881 577 cae-
1911 523 1965 585 Α
1991 524 2127 579 dicta
2153 527 2328 580 carnis
2356 527 2504 598 impii
2533 529 2666 599 ignis
2701 537 2750 584 et
2780 533 2964 586 vermis
2996 532 3186 604 (Et-cli.
3217 554 3304 604 vn,
3339 539 3426 610 18,
3467 541 3580 613 19)·

297 616 463 668 torum
493 611 716 682 (Matth.
749 629 845 677 vn,
890 612 1009 684 19).
1056 613 1186 667 Nam
1215 623 1270 670 ct
1301 615 1352 669 in
1381 615 1520 670 libro
1551 614 1889 672 Psalmorum

299 707 555 776 scriptum
583 715 666 761 est
693 724 705 758 :
741 704 874 770 Quia
894 724 1052 777 prope
1086 716 1159 762 est
1197 707 1450 770 Dominus
1481 708 1716 764 omnibus
1743 709 1889 764 invo-

298 797 532 851 cantibus
554 813 670 851 eum
710 799 764 852 in
792 800 1032 863 veritate;
1065 799 1372 854 voluntatem
1405 795 1691 854 timentium
1719 817 1773 854 se
1802 802 1887 872 fa-

297 893 423 953 ciet,
475 899 525 944 et
551 905 732 961 preces.
760 907 937 945 eorum
965 891 1232 957 excutiet,
1290 899 1342 946 et
1388 892 1557 947 salvos
1606 893 1762 962 faciet
1800 908 1908 946 eos!

299 984 470 1056 (Psal.
498 999 677 1052 exuv,
698 983 784 1048 18,
815 983 925 1053 19).
957 984 1188 1054 Propter
1225 985 1374 1056 quod
1395 994 1451 1041 et
1491 986 1544 1040 in
1581 983 1887 1042 Proverbiis

299 1073 671 1145 unusquisque
695 1084 939 1130 nostr-um
960 1084 1018 1131 et
1045 1076 1237 1132 timere
1255 1077 1538 1133 Dominum
1561 1075 1800 1146 iubetur,
1833 1083 1890 1132 et

297 1183 329 1223 a
351 1168 496 1224 malo
515 1166 810 1226 discedere.
836 1168 913 1225 Ibi
935 1169 1136 1240 quippe
1153 1169 1388 1226 dicitur:
1416 1168 1558 1224 Time
1582 1169 1880 1236 Dominum,

293 1272 344 1318 et
367 1264 571 1319 declina
593 1262 660 1318 ab
677 1264 818 1318 omni
845 1264 1006 1331 malo,
1037 1271 1086 1317 et
1113 1265 1211 1318 erit
1234 1279 1340 1335 pas:
1369 1263 1572 1332 corpori
1605 1272 1710 1330 tuo,
1741 1271 1790 1317 et
1812 1262 1889 1316 di-

295 1353 732 1423 ligentiaossibu-s
755 1354 858 1408 tuis
897 1353 1085 1424 (Prov.
1113 1369 1191 1420 ut,
1222 1353 1274 1419 7,
1304 1351 1390 1422 8).
1421 1351 1550 1406 Nam
1577 1360 1632 1407 et
1661 1353 1714 1406 in
1737 1352 1874 1408 libro

297 1443 700 1510 Ecclesiastico,
723 1460 790 1499 ne
816 1444 954 1500 mala
977 1444 1140 1501 faciat
1158 1445 1530 1516 unusquisque
1554 1443 1788 1499 ﬁdelium
1807 1445 1886 1500 sic

296 1537 618 1594 admonetur
643 1555 654 1590 :
682 1535 813 1592 Noli
831 1538 1004 1609 facere
1021 1539 1184 1604 mata,
1205 1546 1254 1590 et
1283 1552 1386 1591 non
1408 1536 1790 1608 apprehendent
1813 1545 1882 1590 te.

296 1626 522 1686 Discede
541 1628 604 1683 ab
634 1628 827 1700 iniquo,
855 1637 905 1682 et
925 1628 1188 1682 discedent
1211 1628 1350 1681 mata
1372 1627 1438 1681 ab
1461 1637 1525 1681 te.
1555 1624 1640 1681 Ne
1665 1628 1882 1681 semines

296 1721 440 1774 mala
468 1722 524 1774 in
552 1720 709 1776 sulcis
738 1719 982 1791 injuria,
1019 1729 1070 1774 et
1089 1736 1194 1774 non
1223 1725 1377 1773 metes
1407 1718 1497 1772 illa
1518 1720 1570 1772 in
1593 1717 1884 1788 septuplum

299 1811 488 1883 (Eccli.
513 1828 606 1886 vn,
633 1811 656 1864 1
683 1854 697 1880 ,
732 1810 798 1875 2,
837 1810 1004 1882 5).Ὶη
1033 1808 1226 1866 eodem
1254 1807 1395 1865 libro
1423 1824 1608 1863 rursus
1637 1823 1706 1864 ne
1731 1807 1880 1877 quis-

1991 613 2175 671 Esaias
2199 631 2414 687 quoque
2443 617 2571 673 dicit
2596 637 2608 672 :
2637 619 2770 684 Quia
2797 622 2930 693 ignis
2954 639 3127 679 eorum
3149 643 3250 682 non
3278 633 3577 704 exstingue-

1995 715 2094 772 tur,
2139 715 2187 761 et
2232 710 2418 762 vermis
2453 727 2631 764 eorum
2679 729 2782 766 non
2829 715 3254 787 morietur-(Iam.
3288 736 3432 786 um,
3464 723 3577 794 24).

1991 797 2222 854 Rursum
2252 799 2302 854 in
2318 797 2694 858 Ecclesiaslico
2717 807 2951 874 positum
2975 815 3056 860 est
3082 826 3093 859 :
3131 808 3332 880 Stuppa
3363 813 3580 868 collecta

1990 907 2258 963 synagoga
2285 895 2623 962 peccantium,
2675 905 2722 948 et
2759 899 3131 952 consummatio
3155 915 3331 954 eorum
3364 904 3580 972 ﬂamma

1992 983 2151 1054 ignis.
2185 982 2284 1036 Via
2301 986 2624 1052 peccantium
2651 986 2804 1056 plena
2833 987 3067 1057 o/fensis,
3091 999 3139 1042 et
3159 991 3211 1043 in
3239 993 3346 1060 ﬁne
3367 993 3573 1048 illorum

1990 1073 2166 1144 inferi,
2202 1083 2250 1129 et
2278 1075 2512 1137 tenebm',
2546 1087 2593 1130 ct
2620 1095 2783 1146 parente
2813 1079 3000 1147 (lc‘ccli.
3033 1097 3142 1147 xxn,
3179 1081 3261 1149 10,
3296 1084 3404 1154 11).

2522 1166 2749 1222 CAPUT
2789 1168 3020 1223 XXVIII.

2061 1257 2190 1318 Hcce
2234 1267 2318 1313 est
2356 1275 2522 1327 mors,
2573 1276 2692 1328 qum
2728 1262 3020 1317 sccumium
3072 1280 3291 1320 carnem
3330 1268 3574 1326 viventes

1989 1353 2237 1422 excipiet,
2265 1353 2405 1407 sicut
2425 1353 2567 1407 beati
2599 1354 2746 1408 Pauli
2777 1357 3086 1425 praedicatio
3106 1367 3293 1414 sancta
3325 1369 3573 1433 testatur,

1987 1443 2064 1498 ita
2109 1443 2448 1498 (ﬁcentis..b:
2501 1443 2661 1516 Ergo,
2712 1448 2920 1518 fratres,
2969 1447 3222 1505 debitores
3270 1469 3443 1509 sumus
3470 1473 3574 1511 non

1985 1535 2153 1597 carni,
2196 1544 2253 1588 ut
2278 1535 2560 1589 secundum
2585 1552 2791 1590 carnem
2817 1539 3064 1592 vivamus.
3108 1539 3169 1595 Si
3199 1544 3334 1608 enim
3378 1561 3568 1599 secun-

1986 1625 2113 1681 dum
2159 1641 2375 1679 comm
2419 1625 2669 1691 vixeritis,
2712 1628 3041 1694 moriemini;
3086 1631 3130 1684 si
3168 1643 3336 1687 autem
3384 1636 3571 1704 spiritu

1986 1717 2130 1787 facta
2174 1715 2354 1770 carnis
2399 1717 2856 1786 morti/icaveritis,
2907 1720 3080 1774 vivetis
3131 1722 3306 1792 (Rom.
3333 1741 3443 1782 vm.
3483 1726 3567 1794 12,

1989 1807 2100 1876 t5).
2144 1806 2304 1864 Facta
2350 1814 2538 1864 autem.
2557 1809 2734 1864 carnis
2760 1811 3018 1880 sequitur»,
3053 1813 3098 1867 si
3125 1816 3244 1882 quis
3291 1829 3382 1870 aut
3421 1823 3572 1872 obsc-

295 1921 459 1974 quam
487 1912 707 1973 peccata
749 1903 984 1975 peccatis
1012 1902 1272 1971 adjiciens
1294 1902 1362 1956 de
1389 1899 1759 1956 misericordia
1789 1897 1885 1952 Dei
1916 1906 1960 1968 Β
1979 1897 2176 1966 quitur-
2218 1896 2512 1954 desideriis.
2540 1899 2898 1968 saecularium,
2949 1912 3044 1957 aut
3071 1904 3124 1958 in
3159 1906 3436 1977 διηρίριεηο
3461 1910 3598 1965 ,ηιμ
3647 1897 3656 1907 ·

296 1997 548 2052 velit
574 2011 712 2051 vana
736 1995 1066 2065 cogitatione
1087 1992 1336 2057 blandi-ri,
1362 1991 1732 2061 hujuscemodi
1763 2007 1880 2044 ver-

297 2093 379 2148 bis
408 2092 652 2148 doctrina
681 2091 933 2146 salutaris
954 2089 1190 2145 occurrit
1222 2106 1235 2140 :
1264 2087 1349 2142 Ne
1375 2087 1595 2158 adjicias
1618 2093 1882 2156 peccatum

295 2201 450 2253 super
478 2191 762 2254 peccatum,
790 2192 839 2235 et
867 2182 1010 2235 dicas
1041 2197 1058 2233 :
1091 2179 1362 2234 Miseratio
1393 2177 1490 2231 Dei
1531 2193 1724 2246 magna
1763 2185 1879 2240 est;

295 2275 654 2332 misericordia
675 2276 814 2328 enim
831 2282 880 2328 et
909 2275 991 2326 ira
1018 2272 1082 2326 ab
1104 2271 1215 2335 illo,
1237 2278 1288 2324 et
1308 2270 1364 2324 in
1386 2278 1682 2340 peccatores
1712 2267 1878 2336 respi-

294 2369 396 2422 ciet
434 2370 515 2422 ira
556 2367 697 2422 illius
721 2366 738 2436 l
762 2365 922 2419 Eccli.
953 2380 1007 2430 v,
1032 2362 1082 2428 5,
1117 2362 1168 2428 6,
1199 2363 1284 2432 7).
1338 2361 1404 2414 Et
1432 2376 1618 2414 rursus
1661 2367 1882 2413 sanctus

289 2463 396 2518 Job
419 2463 555 2517 dixit
589 2480 602 2514 :
637 2459 828 2515 Nonne
855 2459 1082 2530 perditio
1106 2457 1202 2510 erit
1231 2457 1425 2526 iniquo,
1457 2464 1510 2507 et
1531 2453 1776 2506 alienatio
1802 2452 1882 2521 fa-

295 2554 551 2611 cientibus
601 2553 930 2624 iniquitatem
972 2548 1106 2620 (Job
1128 2565 1282 2609 itit-xu,
1315 2546 1428 2618 5).?
1474 2545 1528 2600 In
1580 2543 1898 2603 Proverbiis

295 2647 562 2716 scriptum
591 2652 710 2699 est:
746 2641 1180 2713 Iniquitates-suc
1219 2640 1422 2702 capient
1452 2638 1662 2706 impium
1690 2653 1705 2700 ;
1739 2635 1881 2706 [tini-

289 2739 427 2798 cutis
447 2745 616 2792 autem
654 2743 978 2805 peccatorum
1011 2748 1221 2786 suorum
1249 2730 1592 2800 unusquisque
1619 2729 1881 2782 constrin-

291 2831 455 2901 gitur.
481 2827 582 2888 llic
604 2827 823 2882 moritur
847 2840 962 2882 cum
991 2821 1422 2892 indisciptinatis,
1448 2822 1604 2890 38.1
1630 2818 1694 2873 de
1709 2818 1886 2872 mutti-

294 2919 474 2974 tudine
500 2926 671 2972 eadem
701 2917 818 2971 vitm
843 2930 951 2970 sua:
978 2914 1245 2985 projectus
1257 2921 1357 2979 est,
1392 2922 1441 2967 et
1469 2911 1601 2982 perit
1629 2927 1722 2981 pro
1749 2911 1881 2963 insi-

294 3010 490 3080 pientia
521 3007 704 3079 (Prov.
737 3023 788 3071 v,
813 3005 902 3071 ῃ,
932 3004 1047 3074 εδ)...

850 3098 1080 3155 CAPUT
1117 3097 1330 3154 XXVII.

365 3191 432 3246 Et
469 3207 538 3248 ne
580 3190 704 3262 quis
733 3198 884 3262 putet
911 3190 1091 3258 aliqua
1134 3197 1356 3259 peccata
1387 3187 1668 3243 hominum
1710 3188 1880 3243 latere

1982 2004 2263 2047 seruauere
2283 1990 2526 2060 captivus
2551 2009 2564 2045 :
2591 2006 2719 2046 cum
2745 2008 2842 2047 nos
2867 2010 2973 2048 non
3005 1995 3150 2050 aliud
3177 1998 3417 2054 doctrina
3461 2002 3570 2071 spi-

1983 2082 2156 2138 ritalis
2182 2081 2414 2147 esuiiat,
2447 2083 2548 2138 nisi
2574 2092 2634 2137 ut
2663 2083 2928 2154 abueg—ata
2955 2087 3250 2157 impietate,
3302 2092 3570 2150 desideria

1987 2187 2213 2244 quoque.
2231 2173 2510 2228 smcularia
2535 2173 2884 2244 disponamus.
2928 2177 3080 2244 Quod
3109 2181 3348 2248 gentium
3372 2183 3571 2240 Doctor

1981 2266 2274 2325 Haverks
2303 2265 2576 2321 insinuat:
2626 2262 2884 2338 Apparuit-
2928 2280 3097 2324 autem
3145 2276 3317 2342 gratia
3351 2274 3564 2330 Domini

1983 2359 2218 2418 omuilms
2249 2359 2558 2425 Itoudnibus,
2593 2360 2842 2415 erudiens
2865 2378 2980 2428 nos,
3027 2372 3083 2416 ut
3118 2364 3432 2437 abnegautes
3478 2370 3570 2422 im-

1983 2454 2228 2524 pietatem
2251 2451 2608 2506 etvsacutaria-
2630 2451 2906 2519 desideria,
2957 2455 3126 2509 sobrie
3166 2465 3214 2510 et
3236 2459 3378 2527 juste
3407 2470 3455 2512 et
3488 2461 3571 2530 pie

1982 2545 2290 2603 vivamusin
2325 2543 2420 2599 hoc
2440 2544 2651 2613 seculo,
2694 2554 3048 2614 exspectantes
3087 2546 3287 2603 beatam
3327 2567 3486 2622 spem,
3521 2562 3572 2608 et

1985 2637 2263 2692 adventum
2289 2634 2479 2706 gloria:
2500 2636 2678 2706 magni
2709 2635 2822 2704 Dei,
2851 2647 2900 2690 et
2929 2637 3218 2693 Saluatoris
3250 2642 3416 2694 nostri
3444 2642 3570 2697 Jcsu

1986 2727 2180 2784 Christi
2205 2725 2336 2796 (Tit.
2367 2741 2426 2789 ιι,
2461 2724 2524 2778 11
2567 2734 2619 2780 et
2660 2726 2813 2798 τεῳ).
2854 2727 3070 2782 Illorum
3101 2731 3265 2801 382
3291 2739 3374 2786 est
3414 2732 3571 2802 igitur

1985 2835 2112 2890 spes
2135 2820 2315 2886 beata,
2350 2819 2570 2874 illorum
2591 2819 2926 2889 exspectatio
2947 2828 3115 2886 certa,
3159 2823 3368 2878 illorum
3395 2824 3566 2882 felici-

1984 2919 2068 2968 tas
2106 2910 2284 2968 futura
2306 2949 2320 2975 ,
2351 2911 2443 2980 qui
2472 2910 2798 2980 abnegantes
2834 2910 3165 2980 impietatem
3206 2922 3260 2968 et
3289 2915 3566 2972 scecularia

1983 3002 2268 3069 desideria,
2289 3001 2474 3057 sobrie
2499 3008 2553 3056 et
2576 3000 2720 3070 juste
2750 3008 2804 3055 et
2840 3001 2928 3072 pie
2971 3002 3207 3058 vixerint
3255 3005 3307 3058 in
3338 3005 3442 3061 hoc
3471 3021 3565 3061 sat-

1983 3092 2124 3152 culo.
2168 3091 2447 3148 Sobrietas
2468 3090 2654 3160 itaque
2688 3099 2743 3146 et
2777 3090 2984 3161 justitia
3014 3101 3070 3147 et
3108 3093 3282 3163 pietas
3311 3095 3510 3151 debent
3537 3113 3568 3152 a

1983 3187 2308 3244 Christianis.
2347 3186 2713 3242 intentissima.
2743 3185 3020 3241 custodiri.
3062 3186 3424 3244 Sobrietatem
3475 3206 3566 3246 au-

297 3285 474 3345 Deuut
494 3298 670 3358 posse,
723 3282 894 3338 sancti
938 3279 1041 3336 Job
1073 3279 1413 3336 sermonibus
1443 3280 1772 3333 instruamur
1797 3280 1878 3333 diu
1908 3277 1960 3342 C
1986 3284 2094 3336 tem
2120 3275 2356 3332 custodit
2385 3275 2630 3347 quisquis
2660 3291 2846 3331 mores
2868 3292 3000 3332 suos
3042 3277 3313 3348 vitamque
3341 3294 3564 3355 compo—

293 3374 468 3431 centis
492 3391 502 3425 :
538 3372 888 3444 Cogitationes
918 3386 1060 3426 meas
1089 3370 1453 3435 dinumerasti,
1495 3379 1544 3422 et
1569 3370 1701 3423 nihil
1727 3379 1774 3422 te
1799 3370 1879 3422 la-

290 3467 393 3521 tuit
412 3473 748 3538 peccatorum
782 3478 1030 3518 meorum.
1075 3460 1316 3532 Signasti
1341 3461 1490 3532 quasi
1532 3471 1552 3495 ει
1592 3460 1648 3513 in
1675 3460 1878 3515 sacculo

293 3555 598 3627 iniquitates
620 3570 784 3616 meas,
810 3552 1071 3605 adnotasti
1105 3550 1296 3621 siquid
1337 3551 1522 3607 invitus
1550 3553 1718 3605 erravi
1758 3549 1878 3619 (Job

296 3663 408 3710 xiv,
433 3643 519 3709 16,
555 3643 640 3709 17,
654 3643 816 3713 juxta
843 3639 1039 3710 LXX).
1082 3639 1159 3695 Ne
1185 3655 1322 3694 vero
1343 3640 1535 3708 aliquis
1561 3640 1880 3708 impunitum

294 3754 354 3794 se
376 3717 612 3790 futurum
648 3740 822 3804 putet,
851 3731 897 3786 si
937 3728 1182 3787 converti
1211 3727 1466 3790 noluerit,
1498 3727 1738 3796 ejusdem
1757 3744 1880 3784 san-

294 3829 370 3886 eti
400 3826 504 3880 viri
533 3824 712 3880 verbis
740 3824 982 3878 intentus
1009 3820 1276 3880 auscultet
1304 3819 1532 3875 dicentis
1557 3835 1568 3871 :
1605 3817 1719 3873 Imo
1747 3834 1880 3874 vero

295 3919 480 3974 nullus
504 3915 748 3973 conﬁdat
768 3929 889 3970 cum
914 3913 988 3968 sit
1013 3927 1268 3982 nequam,
1291 3926 1350 3966 se
1372 3911 1692 3980 impunitum
1735 3910 1880 3965 lutu-

295 4024 436 4077 rum,
466 4006 720 4079 quidquid
749 4006 802 4072 in
826 4002 1098 4060 iracundia
1122 4009 1383 4071 provocet
1403 4002 1592 4068 Deum,
1624 4010 1881 4070 tanquam

296 4101 578 4174 inquisitio
622 4100 676 4155 in
717 4114 784 4154 eo
832 4113 944 4154 non
984 4097 1055 4154 sit
1106 4096 1310 4156 futura.
1375 4095 1605 4168 Propter
1659 4096 1766 4152 hoc
1827 4098 1882 4152 in

297 4193 682 4254 Ecclesiastico
730 4189 966 4246 salubris
1009 4189 1330 4259 deprompta
1375 4187 1626 4253 monitio,
1678 4197 1735 4242 ut
1783 4203 1882 4245 nec

285 4287 582 4347 conversio
624 4284 780 4342 nobis
807 4283 944 4340 desit
981 4298 1090 4353 qua
1117 4267 1357 4338 vitent-ur
1381 4289 1625 4351 peccata,
1657 4295 1756 4336 nec
1783 4281 1880 4336 de-

296 4383 560 4455 precatio,
589 4394 700 4450 qua
721 4377 929 4448 possint
953 4375 1148 4432 dimitti
1173 4374 1464 4444 prtuterita.
1505 4371 1597 4431 Sic
1627 4374 1768 4430 enim
1799 4373 1883 4430 di-

295 4475 474 4532 citur:
511 4469 646 4536 Fili,
680 4468 948 4540 peccasti?
996 4464 1082 4520 Ne
1113 4466 1337 4536 adjicias
1362 4462 1590 4530 iterum;
1631 4465 1723 4521 sed
1744 4475 1793 4520 et
1819 4465 1883 4520 de

295 4564 528 4634 pristinis
548 4562 842 4632 deprecare,
865 4569 922 4614 ut
958 4559 1050 4611 tibi
1087 4558 1435 4612 dimittantur.
1480 4556 1644 4622 Quasi
1681 4575 1714 4611 a
1745 4559 1881 4628 facie

1984 3372 2080 3428 nit.
2125 3370 2202 3427 Et.
2223 3371 2312 3426 ille
2328 3369 2474 3438 juste
2501 3370 2650 3435 vivit,
2690 3370 3052 3440 quiproximo
3074 3386 3175 3426 nec
3202 3372 3328 3426 mali
3372 3372 3568 3443 aliquid

1981 3462 2194 3531 ingerit,
2229 3468 2285 3516 et
2312 3461 2652 3530 inquantum
2679 3470 2876 3532 potest,
2909 3462 3232 3532 adjutorium
3262 3465 3418 3519 bona:
3439 3480 3567 3535 ope-

1982 3553 2207 3607 rationis
2228 3552 2507 3623 impendit.
2550 3551 2646 3609 Ille
2672 3553 2833 3614 etiam
2856 3553 2948 3626 pie
2964 3554 3115 3618 vivit,
3146 3555 3235 3624 qui
3259 3570 3568 3624 perversun

1983 3644 2183 3714 aliquid
2226 3659 2327 3699 nec
2366 3643 2537 3699 credit
2561 3645 2629 3700 de
2658 3644 2790 3710 Deo,
2821 3660 2922 3700 nec
2973 3645 3121 3700 dicit.
3164 3644 3415 3716 Quisquis
3441 3661 3568 3716 ergo

1982 3735 2096 3789 vult
2124 3734 2190 3788 ad
2211 3748 2434 3803 regnum
2465 3735 2751 3804 pervenire
2779 3736 3063 3802 caelorum,
3098 3736 3246 3790 vivat
3275 3737 3486 3791 sobrius
3515 3738 3567 3793 in

1983 3828 2296 3897 semetipso,
2323 3827 2586 3896 justitiam
2616 3836 2798 3884 servet
2836 3829 2889 3883 in
2932 3814 3355 3902 proxbno,'pius
3383 3845 3564 3899 perse-

1976 3927 2136 3977 veret
2157 3919 2210 3972 in
2243 3917 2372 3973 Deo.

2555 4010 2784 4067 CAPUT
2816 4010 3007 4066 XXIX.

2058 4101 2183 4159 Haec
2221 4111 2402 4159 autem
2440 4111 2570 4158 tunc
2618 4103 2670 4157 in
2703 4103 2880 4156 futura
2930 4102 3036 4155 vita
3084 4100 3397 4171 proderunt,
3431 4101 3472 4155 si
3516 4101 3563 4157 II

1985 4196 2094 4250 vita
2143 4196 2322 4250 smculi
2367 4194 2648 4266 praesentis
2694 4194 3012 4250 habeantur.
3058 4191 3170 4248 Hoc
3201 4179 3342 4247 eniin
3379 4193 3564 4249 beatus

1986 4298 2039 4345 et
2062 4289 2266 4344 sciebat
2295 4297 2347 4343 et
2387 4287 2615 4342 docebat
2646 4285 2954 4356 Apostolus,
3002 4285 3092 4354 qui
3123 4285 3464 4356 praecipiebat
3514 4296 3563 4341 ut

1985 4377 2154 4433 sobrie
2185 4387 2232 4431 et
2253 4377 2396 4449 juste
2423 4385 2471 4431 et
2497 4377 2579 4448 pie
2614 4379 2836 4431 vivamus
2877 4376 2931 4430 in
2971 4375 3064 4430 hoc
3092 4375 3279 4430 swculo
3333 4373 3520 4446 (Ibid.)
3548 4395 3562 4431 :

1983 4473 2185 4529 docens
2226 4473 2431 4528 scilicet
2460 4471 2583 4527 illos
2611 4471 2902 4541 adepturos
2931 4468 2984 4523 in
3011 4469 3213 4540 judicio
3262 4470 3562 4527 misericor-

1985 4563 2150 4631 diam,
2181 4564 2272 4632 qui
2312 4571 2436 4617 ante
2461 4561 2724 4638 judicium
2764 4561 2818 4615 in
2847 4562 2950 4616 hoc
2989 4561 3191 4616 saeculo
3216 4560 3417 4630 justam
3447 4575 3559 4631 ges-

295 4652 488 4708 colubri
521 4654 638 4724 fuge
660 4658 888 4718 peccata.
925 4648 986 4702 Si
1027 4648 1302 4702 accesseris
1332 4646 1402 4701 ad
1444 4646 1556 4710 illa,
1598 4647 1878 4716 suscipient

1983 4655 2149 4710 serint
2167 4655 2353 4709 vitam.
2394 4652 2624 4723 Propter
2649 4651 2793 4723 quod
2822 4667 2923 4708 nos
2944 4651 2996 4706 in
3018 4651 3159 4707 libro
3189 4650 3561 4707 Ecclesiastico

294 4756 370 4808 te,
407 4751 454 4796 et
504 4741 649 4812 quasi
687 4739 864 4795 dentes
906 4738 1066 4792 leonis
1113 4739 1168 4791 in
1216 4737 1442 4792 vorando
1485 4739 1793 4808 interﬁcient
1831 4747 1878 4794 te

296 4833 486 4906 (Eccli.
523 4847 633 4899 xxi,
662 4829 710 4894 1,
734 4829 810 4895 2).
853 4827 960 4882 Sed
999 4841 1101 4882 nec
1123 4826 1254 4882 illud
1294 4825 1501 4892 siletur,
1541 4825 1686 4896 quod
1729 4826 1876 4896 impii

295 4935 350 4982 et
381 4931 696 4993 peccatores
736 4920 828 4989 qui
858 4917 1230 4991 paenitentiam
1275 4917 1566 4988 impietatis
1609 4918 1726 4972 sive
1770 4918 1875 4974 ini-

294 5015 515 5088 quitatis
541 5027 701 5083 agere
754 5009 1050 5074 noluerint,
1080 5009 1296 5064 aeternis
1323 5009 1431 5064 sint
1477 5009 1530 5062 in
1571 5009 1677 5064 ﬁne
1706 5008 1875 5079 depu-

292 5107 440 5165 tandi
457 5105 729 5177 suppliciis
748 5145 763 5171 ,
786 5102 1207 5159 misericordiam
1224 5112 1353 5157 vero
1389 5101 1472 5156 his
1497 5102 1588 5170 qui
1618 5104 1875 5172 poeniten-

293 5202 423 5261 tiam
451 5197 716 5270 gesserint
745 5195 1001 5252 Dominus
1031 5202 1214 5249 noster
1270 5193 1542 5262 largiatur.
1571 5190 1784 5263 Quippe
1818 5195 1871 5250 in

291 5293 429 5347 libro
451 5290 829 5347 Ecclesiastico
846 5290 924 5346 sic
946 5288 1182 5359 positum
1207 5296 1289 5343 est
1317 5305 1328 5340 :
1366 5284 1620 5352 Quoniam
1647 5298 1697 5342 et
1723 5289 1877 5343 Altis—

293 5385 452 5438 simus
481 5384 723 5438 misertus
750 5392 824 5436 est
856 5380 1236 5450 paenitentibus,
1269 5389 1318 5433 et
1347 5380 1520 5449 impiis
1567 5389 1614 5433 et
1645 5391 1874 5448 peccato-

292 5475 430 5529 ribus
461 5475 639 5529 reddet
666 5473 946 5528 vindictam
972 5469 1159 5542 (Eccli.
1200 5483 1292 5533 xu,
1326 5471 1401 5540 7).
1448 5470 1652 5527 Rursus
1681 5471 1733 5526 in
1779 5487 1872 5529 co-

293 5568 411 5622 dem
429 5567 699 5622 volumine
719 5566 796 5620 sic
821 5564 1016 5620 dicitur
1039 5582 1051 5616 :
1095 5563 1352 5618 Memento
1380 5565 1621 5634 quoniam
1660 5566 1738 5618 ira
1768 5583 1872 5621 non

294 5657 535 5714 tardabit.
577 5657 813 5714 Humilia
845 5657 990 5712 valde
1018 5657 1255 5726 spiritum
1283 5666 1452 5720 tuum,
1493 5659 1737 5728 quoniam
1761 5661 1870 5715 vin-

363 5803 385 5826 δ·
421 5789 517 5844 Ms.
551 5806 685 5843 unus
711 5789 908 5842 omittit
933 5789 1102 5860 quasi,
1145 5804 1242 5861 nec
1282 5789 1474 5856 legitur
1503 5792 1639 5860 apud
1680 5793 1814 5846 LXX
1849 5813 1862 5861 ;

296 5861 383 5918 sed
411 5861 636 5915 habetur
665 5862 718 5914 in
748 5876 845 5913 ms.
873 5858 1045 5914 altero
1069 5868 1121 5911 et
1147 5858 1266 5911 edd.

1981 4745 2159 4801 divina
2200 4752 2496 4815 praemonet
2519 4742 2817 4812 Scriptura,
2860 4742 3083 4798 dicens:
3133 4742 3268 4796 Ante
3297 4742 3557 4813 judicium

1983 4855 2112 4909 para
2126 4838 2386 4909 justitiam
2428 4835 2538 4901 tibi,
2581 4844 2630 4889 et
2649 4837 2700 4890 in
2727 4845 2998 4908 conspectu
3027 4835 3124 4892 Dei
3154 4836 3376 4890 invenies
3401 4840 3559 4910 propi-

1983 4931 2245 4984 tiationem
2277 4927 2464 4999 (Eccli.
2525 4944 2673 4993 xvm,
2725 4929 2833 4999 l9).
2895 4929 3285 5000 Debetitaque
3331 4929 3417 4984 hic
3463 4930 3559 4984 sibi

1975 5017 2240 5086 justitiam
2271 5033 2595 5088 praeparare,
2639 5018 2880 5087 quisquis
2923 5018 2976 5072 in
3003 5028 3297 5088 conspectu
3326 5019 3420 5073 Dei
3447 5033 3558 5088 pro-

1980 5111 2315 5181 pitiationem
2355 5110 2625 5166 desiderat
2665 5111 2924 5167 invenire.
2965 5109 3122 5178 Quod
3158 5111 3299 5166 enim
3333 5111 3383 5164 in
3425 5126 3557 5181 prav-

1979 5202 2118 5258 senti
2143 5202 2339 5258 sacculo
2373 5203 2472 5258 sibi
2502 5203 2666 5258 homo
2708 5220 2814 5258 non
2855 5203 3320 5268 thesaurizaverit,
3369 5202 3559 5260 futura:

1979 5293 2350 5348 retributionis
2381 5302 2624 5364 tempore
2653 5311 2758 5351 non
2797 5295 3031 5350 habebit.
3075 5294 3227 5362 Quod
3267 5302 3324 5348 ut
3352 5294 3554 5351 divina-

1977 5402 2095 5440 rum
2119 5387 2437 5442 testimoniis
2459 5387 2855 5458 Scripturamm
2886 5395 3144 5457 quantum
3176 5396 3259 5442 sat
3284 5396 3364 5446 est
3387 5393 3556 5460 possit

1977 5478 2204 5554 ostendi,
2241 5479 2471 5549 primum
2501 5480 2858 5534 terminemus
2880 5478 3093 5548 librum,
3121 5488 3181 5535 ut
3217 5496 3552 5552 consequen-

1975 5577 2058 5626 ter
2076 5572 2220 5641 parti
2243 5571 2468 5628 residuas
2487 5572 2795 5641 quaestionis
2817 5585 3109 5642 congruum
3134 5574 3264 5632 dare
3287 5577 3554 5647 possimus

1974 5663 2273 5719 exordium.

2053 5798 2075 5835 δ
2109 5799 2204 5852 Ms.
2239 5816 2394 5865 unus,
2430 5801 2502 5852 ita
2524 5795 2812 5852 scribentis.
