4108 6484
604 504 1851 535 -—___._________________

1618 387 1672 444 S.
1719 390 2077 448 FULGENTII
2117 393 2418 454 EPISCUPI
2462 400 2830 461 RUSPENSIS

1853 524 3887 579 Ἢ

3780 427 3888 485 55!

1785 606 2068 685 LIBER
2122 608 2682 699 SECUNDUS.

2023 773 2438 791 --

1016 849 1176 921 333
1212 848 1442 907 CAPUT
1481 851 1772 911 PRIMUM.

665 956 782 1013 Non
812 960 1000 1029 ignoro
1029 962 1150 1019 libri
1181 965 1477 1036 superioris
1505 968 1661 1026 initio
1690 970 1769 1027 sic
1794 987 1894 1029 nos
1922 977 2177 1045 quaestio-

598 1062 719 1103 ncm
768 1050 835 1106 de
858 1054 1178 1111 remissione
1212 1067 1559 1127 peccatorum
1617 1064 1954 1121 tractandam
1986 1067 2041 1123 in
2082 1068 2178 1126 Dei

599 1142 812 1199 nomine
844 1154 1005 1217 atque
1050 1146 1319 1218 adiutorio
1367 1155 1694 1226 suscepisse,
1730 1166 1790 1213 ut
1838 1161 1982 1216 trina
2022 1159 2179 1219 ﬁeret

599 1232 978 1304 disputationis
1018 1238 1283 1297 inchoata:
1313 1244 1554 1314 partitio.
1598 1246 1813 1305 Etenim
1844 1267 1968 1308 cum
1993 1254 2178 1312 Domi-

598 1339 668 1379 no
704 1334 913 1396 nostro,
958 1329 1063 1385 hoc
1104 1338 1189 1388 est
1242 1333 1355 1391 Deo
1401 1353 1552 1405 vero,
1601 1356 1703 1398 nec
1755 1343 2180 1405 misericordiam

597 1414 805 1486 deesse,
835 1433 936 1474 nec
958 1419 1223 1489 justitiam
1267 1425 1569 1487 diceremus
1599 1434 1766 1503 (quod
1795 1437 1960 1503 etiam
2004 1437 2182 1512 Scrip-

597 1515 835 1563 turarum
855 1509 1156 1569 divinarum
1178 1518 1614 1578 manifestissima
1636 1526 1943 1584 curavimus
1963 1537 2181 1587 attesta-

596 1597 741 1654 tione
782 1604 1138 1676 monstrare),
1194 1606 1321 1665 hinc
1355 1610 1608 1670 'diximus
1642 1614 1853 1674 facilius
1889 1621 2177 1680 veritatem

594 1703 755 1759 posse
776 1695 1138 1761 qumrentibus
1165 1712 1451 1770 apparere,
1483 1707 1732 1774 qualibus
1764 1708 1907 1767 Deus
1946 1723 2172 1783 peccata

593 1778 846 1852 dimittat,
888 1785 979 1840 ubi
1007 1785 1260 1858 dimittat,
1308 1795 1524 1862 quando
1563 1797 1817 1857 dimittat.
1860 1778 2031 1874 Hujus
2076 1807 2179 1862 tri-

490 1885 506 1903 ο
593 1872 805 1941 partita:
850 1874 1128 1935 divisionis
1175 1896 1305 1937 cum
1346 1883 1459 1955 jam
1505 1890 1776 1957 geminam
1819 1895 2180 1965 persolverim

593 1971 824 2033 partem,
867 1968 1040 2023 tertiac
1070 1986 1158 2027 me
1188 1989 1297 2030 non
1324 1978 1512 2035 nescio
1552 1980 1876 2040 debitorem.
1921 1985 2181 2055 Qualibus

593 2055 795 2111 etenim
823 2056 967 2115 Deus
995 2071 1217 2130 peccata
1244 2065 1500 2135 dimittat,
1535 2080 1593 2128 et
1610 2073 1702 2130 ubi
1729 2075 1984 2146 dimittat,
2008 2097 2180 2153 quan-

596 2150 708 2199 tum
745 2146 902 2204 nobis
938 2149 1083 2207 Deus
1110 2169 1221 2210 sua:
1264 2158 1482 2228 pietatis
1518 2167 1845 2226 condonavit
1892 2174 2176 2247 auxilium,

2185 865 2259 925 νΑ
2282 884 2409 938 (Ιιιοε
2435 875 2663 937 arma?!
2704 886 2755 932 et
2787 882 3172 950 praedestinavit
3200 894 3494 964 conformes
3541 900 3664 969 ﬁeri
3691 905 3884 977 inungi

2280 959 2363 1013 nis
2396 958 2530 1026 ,Filii
2555 965 2667 1036 ejus
2698 968 2873 1040 (Rom.
2906 990 3030 1041 vui,
3064 978 3178 1052 29).
3222 958 3452 1042 Istorum
3499 958 3667 1050 nemo
3696 958 3866 1066 perit.

2293 1048 2557 1109 Voluntati
2602 1069 2774 1115 autem
2810 1065 2921 1136 ejus
2967 1070 3081 1141 quis
3126 1048 3368 1131 ruistit.’
3412 1077 3507 1136 Isti
3538 1093 3669 1141 ante
3698 1048 3867 1146 linem

2280 1146 2556 1211 prtcsentis
2584 1149 2704 1206 vita:
2727 1152 2822 1209 Dei
2852 1158 3221 1221 misericordia
3248 1169 3415 1236 gratis
3435 1176 3866 1248 praeveniantur,

2281 1234 2385 1306 ipsi
2408 1239 2573 1296 corde
2609 1245 2844 1302 contrito
2883 1258 2937 1304 et
2975 1234 3574 1321 bumiliatoisalohriter
3604 1234 3877 1341 compun:

2281 1336 2499 1398 guntur,
2525 1342 2582 1389 et
2602 1351 2791 1394 omnes
2810 1340 2878 1396 ad
2900 1345 3270 1413 paenitentiam
3291 1352 3473 1411 divino
3493 1372 3725 1417 munere
3740 1336 3879 1418 con-

2281 1429 2586 1494 vertuntur,
2619 1428 2688 1484 ad
2716 1445 2880 1501 quam
2922 1445 3048 1493 sunt
3075 1439 3331 1501 divinitus
3375 1448 3751 1518 przedestinati
3784 1472 3882 1525 per

2282 1516 2571 1583 gratuitam
2599 1523 2849 1594 gratiam,
2880 1536 2938 1583 ut
2966 1535 3215 1590 conversi
3242 1552 3353 1593 non
3378 1516 3629 1611 pereant,
3660 1547 3761 1601 sed
3785 1516 3882 1603 ita-

2281 1604 2449 1662 heant
2485 1609 2651 1666 vitant
2695 1623 2974 1675 aeternam.
3015 1619 3085 1677 lli
3113 1627 3303 1694 procul
3330 1604 3495 1688 dubio
3522 1604 3652 1690 sunt
3695 1655 3882 1693 omnes

2283 1709 2421 1765 quos
2465 1703 2756 1759 secundum
2787 1707 2946 1766 'beati
2996 1710 3150 1770 Pauli
3200 1722 3528 1788 praeconium
3578 1725 3729 1783 Deus
3776 1733 3882 1784 vult

2283 1788 2455 1846 salvos
2483 1792 2599 1863 ﬁeri
2617 1835 2631 1860 ,
2666 1806 2716 1850 et
2744 1800 2799 1852 in
2826 1803 3147 1872 agnitionem
3186 1813 3418 1868 veritatis
3453 1819 3630 1873 venire
3656 1819 3717 1891 (I
3740 1821 3877 1878 Tim.

2283 1896 2339 1949 ιι,
2372 1883 2448 1954 4).
2491 1884 2627 1953 Quia
2653 1889 2798 1946 enim
2825 1892 2915 1950 ille
2946 1896 3049 1954 hoc
3077 1901 3192 1955 vult
3218 1902 3313 1972 qui
3335 1908 3515 1962 omnia
3536 1883 3883 1986 quaecunque

2282 1977 2454 2032 voluit
2491 1977 2636 2048 fecit,
2683 1987 2827 2054 quod
2866 1990 2979 2045 vult
3014 2006 3229 2065 semper
3266 1977 3705 2070 insuperabiliter
3728 1977 3881 2067 facit.

2283 2068 2401 2130 Hoc
2438 2075 2624 2146 utique
2652 2078 2707 2133 in
2737 2079 2817 2135 eis
2859 2081 3114 2153 impletur
3154 2088 3300 2158 quod
3346 2068 3743 2165 omnipotentis
3783 2100 3879 2158 Dei

2283 2165 2534 2224 voluntas
2565 2169 3021 2231 incommutabilis
3049 2186 3105 2233 et
3132 2180 3510 2252 insuperabilis
3541 2188 3753 2259 habet;
3785 2210 3880 2249 cu-

594 2235 833 2292 arliitror
891 2242 1172 2312 superiore
1237 2246 1376 2306 libro
1446 2264 1823 2328 competenter
1876 2272 2173 2325 ostensum.

594 2322 817 2355 pnnolnl
849 2338 872 2355 η
906 2345 1135 2355 ...η-.--η
1168 2351 1259 2355 _-,
1339 2349 1350 2355 -
1666 2350 1679 2355 -
1744 2352 1754 2355 _

3257 2235 3277 2252 ,
3300 2235 3508 2243 --____--
3541 2235 3714 2246 ---υ
3736 2235 3753 2259 ,
3786 2235 3855 2249 ν..

2278 2253 2370 2325 jus
2390 2256 2532 2314 sicut
2555 2263 2753 2317 mutari
2780 2264 3031 2323 voluntas
3060 2285 3168 2325 non
3199 2281 3382 2342 potest
3410 2276 3464 2332 in
3490 2279 3878 2355 dispositione,

594 2322 822 2383 Constat
849 2338 873 2366 τι
904 2345 1140 2403 namque
1168 2349 1516 2407 peccatorum
1546 2350 1921 2411 remissionem
1948 2373 2060 2416 non
2090 2361 2180 2418 tri-

594 2414 687 2471 bui
727 2419 832 2476 nisi
872 2426 1150 2483 conversis
1190 2429 1332 2487 intra
1361 2432 1660 2496 Ecclesiam
1689 2445 2016 2505 catholicam
2041 2468 2177 2509 con-

593 2504 815 2563 stitutis.
857 2508 935 2566 lbi
960 2514 1103 2569 enim
1132 2526 1314 2587 potest
1341 2529 1625 2586 conversio
1660 2547 1782 2591 esse
1808 2552 1974 2606 vera,
2007 2543 2098 2599 ubi
2124 2543 2182 2598 ﬁ-

593 2597 691 2654 des
711 2616 838 2657 vera
866 2606 1129 2665 comitatu
1149 2622 1348 2671 sanctae
1381 2627 1809 2685 conversationis
1836 2642 2079 2703 ematur,
2123 2648 2183 2696 et

594 2690 734 2748 bene
772 2695 986 2754 vivendi
1026 2703 1259 2761 studium
1298 2710 1442 2767 nulla
1471 2729 1653 2784 prava:
1684 2722 2020 2783 credulitatis
2062 2746 2182 2787 ma-

592 2784 865 2844 culatione
892 2790 1169 2860 polluitur.
1215 2797 1334 2855 Vita
1378 2805 1524 2861 enim
1569 2808 1711 2867 bona
1761 2830 1872 2872 non
1913 2822 2180 2880 veraciter

591 2870 807 2944 dicitur,
837 2891 956 2947 qua:
982 2896 1252 2951 perversa:
1287 2891 1620 2954 credulitatis
1648 2901 1782 2959 vitio
1811 2904 2177 2983 depravatur;

591 2978 768 3036 neque
815 2969 1015 3027 sullicit
1062 2975 1130 3031 ad
1176 2980 1404 3039 salutem
1438 2985 1572 3046 ﬁdes
1611 3002 1762 3051 recte
1800 2969 2091 3072 credentis,
2135 2969 2182 3063 si

590 3063 933 3120 conversatio
958 3069 1201 3127 moribus
1229 3081 1395 3147 atque
1424 3084 1680 3152 operibus
1704 3089 1956 3149 turbatur
1984 3063 2181 3155 obsce-

592 3150 699 3206 nis.
741 3151 973 3227 Propter
1011 3163 1157 3232 quod
1202 3167 1341 3225 sicut
1369 3150 1642 3233 mortuam
1670 3181 1789 3239 sine
1833 3189 2091 3258 operibus
2116 3191 2181 3246 ll-

590 3242 715 3343 dem
742 3246 934 3306 beatus
953 3250 1191 3313 Iacobus
1214 3262 1475 3330 pmdicat
1504 3268 1648 3339 (lac.
1678 3289 1735 3340 ιι,
1770 3242 1887 3347 l7):
1914 3242 2184 3342 sic‘otvnne

588 3332 738 3406 quod
788 3355 897 3397 non
945 3353 1030 3400 est
1080 3362 1149 3403 ex
1189 3348 1293 3408 ﬁde
1350 3332 1632 3425 peccatum
1672 3332 1794 3422 esse
1841 3332 2040 3429 Paulus
2085 3390 2182 3432 sua

591 3428 974 3500 praedicatione
999 3438 1285 3498 conﬁrmat
1309 3444 1489 3517 (Rom.
1520 3468 1627 3520 xiv,
1646 3453 1770 3528 ¹25).

1121 3575 1285 3652 334
1320 3581 1552 3641 CAPUT
1588 3588 1652 3643 ιι.

662 3679 812 3738 Nunc
838 3692 1018 3741 autem
1050 3689 1104 3743 in
1147 3701 1407 3761 quantum
1451 3700 1608 3758 nobis
1651 3719 1683 3759 a
1712 3706 1832 3764 luce
1861 3727 2011 3784 vera,
2056 3736 2177 3790 quae

592 3771 859 3830 illuminat
889 3792 1106 3836 omnem
1135 3782 1410 3844 hominem
1440 3783 1746 3854 venientem
1775 3801 1829 3856 in
1850 3802 1995 3864 hunc
2022 3826 2181 3869 mun-

591 3863 719 3919 dum
750 3864 929 3938 (Joan.
958 3886 996 3938 t,
1044 3872 1121 3945 9),
1167 3876 1400 3937 donatur
1443 3884 1851 3951 illutninationis
1897 3902 2175 3973 auxilium,

590 3957 935 4025 aggredimur
984 3966 1274 4026 ostendere
1317 3975 1536 4042 quando
1579 3984 1967 4050 pmnitentibus
2020 3957 2178 4054 det—ut:

589 4046 835 4104 remissio
857 4062 1223 4120 peccatorum.
1242 4059 1452 4121 Sterilis
1477 4069 1619 4125 enim
1642 4075 1958 4143 paenitentia
1981 4087 2175 4144 remis-

588 4137 756 4205 sionis
784 4140 962 4199 fructu
986 4148 1303 4221 privabitur,
1341 4157 1384 4212 si
1413 4137 1668 4222 divinitus
1697 4167 1890 4227 indulti
1918 4181 2175 4249 temporis

589 4234 968 4299 opportunitas
995 4240 1298 4325 omittatur.
1341 4245 1572 4320 Propter
1598 4259 1743 4324 quod
1769 4261 1960 4322 beatus
1983 4234 2174 4329 Petrus

586 4320 755 4380 dicit:
798 4324 921 4381 Non
971 4320 1142 4388 tardat
1184 4335 1438 4396 Dominus
1467 4320 1776 4414 promissum
1823 4374 1992 4428 suum,
2043 4366 2174 4421 sicut

585 4414 799 4485 quidam
853 4420 1147 4479 tardantem
1197 4429 1501 4488 existimant
1541 4436 1599 4506 ι’,
1642 4442 1733 4496 sed
1774 4414 2032 4516 patienter
2070 4459 2172 4527 fert

583 4513 795 4575 propter
814 4524 921 4576 vos,
954 4512 1135 4569 nolens
1166 4519 1388 4592 aliquem
1418 4528 1604 4596 perire,
1637 4534 1731 4588 sed
1758 4553 1934 4597 omnes
1965 4546 2036 4599 ad
2058 4512 2168 4615 pae-

582 4598 856 4655 nitentiam
877 4609 1102 4661 converti
1130 4608 1221 4680 (II
1244 4610 1393 4669 Petr.
1424 4633 1498 4685 ιιι,
1527 4619 1604 4695 9).
1631 4623 1887 4698 Obsecro,
1914 4598 2167 4713 Euthvmi

584 4690 885 4761 carissime,
915 4712 986 4753 ne
1015 4706 1067 4755 te
1099 4703 1280 4773 pigeat
1310 4708 1518 4768 intenta
1558 4720 1994 4786 consideratione
2034 4690 2168 4803 pJen-

582 4797 702 4838 sare
728 4797 988 4854 quantum
1035 4792 1106 4848 sit
1133 4798 1387 4865 ponderis
1434 4804 1488 4860 in
1519 4807 1622 4864 hac
1656 4817 1937 4882 apostolici
1968 4792 2166 4882 virtute

582 4880 867 4936 sermonis.
909 4880 1096 4954 Neque
1123 4890 1267 4946 enim
1293 4892 1455 4951 debet
1477 4880 1731 4972 tanquam
1766 4908 1885 4966 leve
1921 4926 2165 4975 contem-

581 4967 631 5021 ni
663 4969 808 5038 quod
837 4973 1031 5030 beatus
1061 4977 1251 5037 Petrus
1279 4983 1350 5039 ob
1378 4986 1483 5044 hoc
1520 4967 1651 5048 dicit
1676 4995 1847 5055 Deum

580 5059 740 5130 l'erre,
771 5064 898 5139 quia
938 5082 1048 5125 non
1089 5072 1203 5127 vult
1231 5074 1466 5147 aliquem
1496 5084 1695 5152 perire,
1744 5092 1841 5145 sed
1890 5110 2080 5155 omnes
2106 5102 2161 5157 in

579 5155 946 5224 paenitentiam
993 5166 1256 5223 converti.
1297 5167 1395 5227 Hic
1424 5174 1568 5230 enim
1594 5180 1818 5248 prodest
1845 5189 2162 5254 pmnitentia

579 5252 862 5319 peccatori,
894 5253 985 5311 ubi
1010 5255 1152 5315 Deus
1172 5276 1485 5331 peccantem
1510 5268 1768 5329 damnare
1790 5252 1898 5333 non
1920 5278 2156 5353 festinat,

580 5346 633 5392 ut
655 5344 1028 5405 remissionem
1050 5363 1399 5422 peccatorum
1428 5361 1494 5416 ad
1524 5366 1898 5433 paenitentiam
1928 5391 2157 5434 convcr-

580 5443 635 5483 so
660 5435 940 5492 concedat.
983 5440 1118 5508 Quia
1140 5445 1187 5500 si
1215 5449 1377 5503 etiam
1409 5462 1530 5521 post
1559 5455 1699 5513 hanc
1740 5461 1902 5518 vitam
1944 5468 2156 5539 iniquo-

579 5535 691 5574 rum
735 5526 1050 5592 pmnitentia
1098 5538 1270 5605 possit
1311 5556 1431 5598 esse
1473 5546 1816 5615 aliquatenus
1857 5526 2153 5631 lt'uctuosa,

579 5628 679 5667 non
713 5614 920 5674 diceret
941 5621 1130 5682 beatus
1160 5627 1372 5703 Petrus,
1390 5614 1675 5709 propterea
1704 5643 1868 5701 Deum
1892 5614 2159 5719 patienter

1358 5698 1406 5705 --
1491 5698 1506 5709 .
1892 5698 2150 5719 rsum"...

472 5774 477 5779 Ι
566 5698 735 5773 Terre,
778 5710 904 5779 quia
930 5730 1037 5771 non
1075 5722 1186 5776 vult
1215 5726 1446 5798 aliquem
1479 5735 1675 5803 perire,
1728 5754 1916 5798 eorum
1948 5749 2158 5808 scilicet

646 5843 674 5915 ξ’
702 5845 821 5915 Ms.,
852 5856 1100 5911 constitit.

645 5903 787 5975 i’Sic
1128 5946 1234 5987 uno
1265 5950 1363 5992 ms.
1400 5938 1497 6001 Ms.
1529 5945 1685 6012 alter,
1712 5950 2004 6010 tarditatem
2036 5961 2150 6014 cxi-

2282 2346 2355 2402 ita
2396 2365 2497 2406 nec
2535 2353 2850 2423 prohibetur
2877 2373 2978 2415 nec
2997 2359 3288 2433 impeditur
3314 2375 3553 2437 potestas
3574 2346 3635 2426 in
3664 2346 3875 2444 opere;

2281 2444 2409 2514 quia
2450 2460 2553 2502 nec
2589 2449 2903 2518 aequitatem
2941 2452 3082 2511 illius
3108 2457 3255 2514 valet
3290 2460 3573 2532 quisquam
3599 2464 3753 2534 juste
3790 2485 3877 2525 re-

2281 2536 2636 2607 prehendere,
2667 2556 2771 2598 nec
2822 2545 3250 2605 misericordiam
3280 2552 3448 2623 ipsius
3475 2564 3656 2626 potest
3678 2561 3875 2633 aliquis

2282 2630 2523 2687 obviare.
2572 2631 2722 2690 Unde
2766 2634 3018 2696 Salvator
3064 2651 3253 2699 noster
3298 2646 3588 2706 incredula:
3638 2630 3873 2713 civitatis

2282 2724 2718 2783 malevolentiam
2753 2730 2945 2788 talibus
2969 2735 3145 2791 verbis
3182 2738 3471 2810 objurgat:
3514 2743 3869 2815 Hierusalem,

2283 2813 2644 2886 Hierusalem,
2677 2838 2792 2892 qua:
2818 2825 3012 2881 occidis
3035 2831 3313 2901 prapltetas
3329 2873 3342 2897 ,
3375 2843 3427 2888 et
3454 2838 3664 2907 lepidas
3687 2813 3872 2899 ausos

2282 2908 2353 2962 ad
2410 2919 2455 2962 te
2494 2920 2537 2975 α,
2581 2914 2814 2982 quotiens
2860 2917 2998 2972 colui
3042 2936 3360 2994 congregare
3402 2917 3543 2997 ﬁlios
3571 2940 3688 2986 tuos
3742 2936 3874 2989 sicut

2283 3000 2483 3068 gallina
2513 3015 2792 3076 congregat
2817 3008 2986 3078 pullos
3014 3027 3133 3067 suos
3162 3016 3255 3069 sub
3285 3018 3400 3073 alas
3419 3037 3561 3088 suas,
3589 3034 3641 3078 et
3660 3006 3885 3084 noluisti

2285 3084 2499 3159 (Matth.
2532 3106 2680 3159 mit,
2712 3092 2804 3166 57)
2834 3095 2847 3148 ε
2880 3095 2995 3154 Hoc
3022 3109 3203 3156 autem
3239 3103 3376 3161 dixit
3414 3084 3684 3178 Christus,
3716 3123 3776 3169 ut
3805 3117 3870 3169 “a-

2283 3179 2388 3237 lius
2415 3184 2612 3239 malam
2662 3187 2994 3246 voluntatem
3024 3196 3333 3254 ostenderet
3374 3216 3479 3271 qua
3522 3204 3870 3277 insuperabili

2283 3272 2548 3330 voluntati
2574 3276 2767 3333 divinae
2794 3280 2994 3338 frustra
3020 3288 3270 3345 resistere
3294 3292 3585 3363 nitebatur,
3619 3272 3743 3354 cina
3770 3302 3869 3358 bo-

2286 3381 2353 3420 na
2385 3366 2635 3425 voluntas
2661 3370 2755 3426 Dei
2777 3388 2876 3429 nec
2902 3375 2971 3431 ab
3001 3378 3079 3433 eis
3106 3383 3275 3449 possit
3307 3384 3443 3440 vinci
3475 3402 3615 3457 quos
3650 3392 3869 3461 deserit,

2284 3473 2387 3513 nec
2416 3458 2616 3531 aliquid
2638 3477 2745 3517 non
2772 3467 2942 3535 possit
2971 3477 3187 3538 operari
3213 3475 3357 3544 quod
3382 3478 3530 3533 velit.
3582 3479 3677 3537 Illa
3706 3458 3869 3552 igitur

2286 3549 2643 3619 Hierusalem,
2693 3567 2954 3625 quantum
3001 3561 3068 3617 ad
3114 3564 3232 3634 ejus
3273 3569 3465 3624 attinet
3515 3549 3870 3646 voluntatem,

2209 3639 2255 3702 C
2285 3658 2414 3699 suos
2443 3642 2583 3700 ﬁlios
2612 3645 2681 3701 ad
2724 3646 3062 3708 Salvatorem
3088 3661 3405 3727 congregari
3435 3662 3630 3731 noluit,
3664 3667 3761 3722 sed
3792 3678 3869 3723 ta-

2286 3749 2412 3789 men
2441 3735 2531 3791 ille
2559 3752 2750 3794 omnes
2778 3754 2915 3809 quos
2941 3744 3110 3800 voluit
3138 3754 3504 3833 congregavit.
3549 3756 3625 3811 Ac
3652 3772 3755 3827 per
3771 3759 3871 3816 hoc

2284 3825 2375 3879 illa
2422 3827 2677 3885 resistere
2724 3832 2893 3887 voluit
2938 3833 3329 3908 Omnipotenti,
3372 3825 3476 3900 nec
3506 3847 3714 3903 valuit:
3748 3852 3870 3920 quia

2283 3913 2425 3971 Deus
2467 3918 2601 3988 qui,
2655 3920 2794 3977 sicut
2839 3925 3100 3995 scriptum
3147 3938 3267 3995 est,
3322 3930 3516 3990 Omnia
3556 3913 3870 4012 quacunque

2282 4005 2445 4077 385
2473 4008 2632 4062 voluit
2673 4012 2798 4081 fecit
2826 4012 2998 4084 (Psal.
3033 4027 3251 4087 CXXXIV,-
3284 4023 3363 4095 6),
3394 4005 3750 4100 quoscunque
3778 4005 3869 4090 vo-

2280 4099 2378 4154 luit
2415 4101 2483 4157 ad
2512 4117 2571 4157 se
2615 4107 2849 4172 gratuita
2892 4108 3283 4178 justiticatione
3328 4122 3623 4191 convertit,
3663 4140 3869 4195 praeve-

2279 4190 2434 4247 niens
2478 4193 2683 4250 scilicet
2708 4201 3195 4267 superabundantis
3222 4210 3410 4276 gratia:
3458 4190 3683 4270 munere
3734 4232 3869 4287 quos

2277 4293 2462 4354 posset
2483 4286 2670 4358 utique
2696 4289 2741 4344 si
2768 4293 2932 4349 vellet
2954 4294 3100 4366 juste
3123 4294 3402 4358 damnare.
3445 4304 3589 4375 Ergo
3614 4286 3869 4367 cumrPe-

2277 4385 2391 4434 trus
2431 4382 2712 4450 apostolus
2740 4384 2870 4442 dicit
2899 4390 3023 4459 quia
3048 4391 3188 4448 Dens
3213 4395 3483 4465 patienter
3511 4397 3645 4465 fert,
3676 4402 3869 4462 nolens

2275 4469 2511 4539 aliquem
2558 4473 2757 4543 perire,
2790 4478 2884 4533 sed
2911 4495 3101 4539 omnes
3126 4486 3178 4540 in
3207 4488 3583 4557 ptenitentiam
3623 4498 3870 4554 converti

2272 4559 2365 4630 (II
2390 4560 2533 4617 Petr.
2569 4581 2643 4631 ιιι,
2679 4566 2755 4638 9),
2788 4586 2894 4626 ηοιι
2937 4574 3014 4630 sic
3054 4578 3381 4649 accipiamus
3429 4598 3620 4643 omnes
3666 4588 3869 4660 dictos,

2273 4662 2528 4724 tanquam
2564 4659 2743 4717 nullus
2771 4664 2842 4719 sit
2866 4667 2960 4742 qui
2983 4684 3221 4739 congrue
3251 4677 3626 4744 paenitentiam
3658 4700 3768 4739 non
3798 4687 3868 4742 sit

2270 4755 2527 4815 ac'urus;
2578 4752 2677 4806 sed
2726 4754 2847 4810 illos
2897 4759 2983 4815 hic
3040 4777 3229 4820 omnes
3278 4768 3528 4840 accipere
3583 4772 3868 4847 debemus,

2267 4839 2464 4907 quibus
2512 4842 2589 4897 sic
2631 4843 2774 4901 Deus
2816 4851 3187 4919 pmnitentiam
3236 4858 3324 4913 hic
3362 4839 3551 4929 donat,
3602 4875 3661 4920 ut
3702 4866 3867 4924 etiam

2268 4936 2731 5000 perseverantiam
2753 4937 2919 4996 donet
2946 4962 2958 4995 :
2994 4943 3100 5001 hoc
3128 4955 3237 5016 est,
3267 4951 3361 5019 qui
3392 4952 3471 5008 sic
3499 4954 3681 5012 divina
3726 4975 3865 5030 prie-

3224 5006 3236 5016 1
3286 5006 3302 5019 ι
3400 5006 3411 5007 ί
3450 5006 3465 5008 ⁷
3506 5006 3681 5012 "“"“
3729 5006 3838 5030 l"“'

1896 5006 2166 5072 patienter
2190 5037 2240 5098 υ
2268 5024 2516 5082 veniente
2546 5029 2913 5099 misericordia
2947 5049 3358 5110 convertuntur,
3390 5057 3450 5101 ut
3478 5048 3671 5105 cadent
3703 5054 3865 5110 mise-

2274 5114 2504 5172 ricordia
2535 5121 2898 5194 subsequente
2929 5129 2999 5184 ad
3039 5133 3264 5190 crimina
3310 5138 3506 5206 quibus
3548 5147 3864 5203 renuntiant

2272 5205 2583 5266 nullatenus
2607 5222 2967 5273 revertantur.
3004 5220 3068 5276 Hi
3091 5234 3215 5279 sunt
3242 5228 3455 5298 quibus,
3491 5232 3634 5288 sicut
3664 5234 3863 5296 Paulus

2270 5300 2361 5368 ait,
2387 5302 2473 5358 dat
2502 5304 2643 5362 Deus
2664 5313 3013 5380 paenitentiam
3044 5320 3113 5372 ad
3141 5326 3549 5393 cognoscendam
3572 5332 3859 5400 veritatem,

2268 5403 2322 5447 ut
2350 5396 2655 5468 resipiscam
2683 5419 2715 5455 a
2740 5404 2933 5462 diaboli
2959 5409 3184 5483 laqueis,
3216 5433 3247 5469 (ι
3276 5434 3374 5489 quo
3406 5421 3597 5487 captivi
3623 5432 3861 5502 teneatur

2267 5485 2338 5539 ad
2363 5488 2524 5556 ipsius
2555 5492 2865 5551 voluntatem
2899 5498 2982 5569 (Il
3020 5502 3152 5559 Tim.
3179 5524 3234 5571 ιι,
3265 5485 3375 5579 έῐὶ).
3413 5485 3562 5568 Hanc
3590 5485 3858 5584 pccniten-

2266 5575 2395 5632 tiam
2435 5580 2675 5648 quisquis
2716 5591 2983 5645 curaverit
3030 5594 3082 5647 in
3114 5596 3216 5651 hoc
3245 5601 3441 5656 saeculo
3468 5616 3692 5671 gerere,
3740 5607 3856 5677 ipse

2272 5671 2412 5739 apud
2444 5672 2610 5729 Deum
2658 5679 2986 5746 [‘0?ltiletlllm
3029 5701 3137 5741 sum
3190 5687 3418 5747 fructum
3462 5697 3663 5764 poterit
3706 5697 3854 5754 inve-

2269 5777 2402 5816 1111⁸⁸).

2257 5898 2486 5991 διὶηιιρέῑ,
2506 5900 2658 5991 juxta
2680 5905 2923 5991 βι-ςιεοιιιιι
2952 5917 3462 5991 tcxlutttfpudvirat.

2339 5982 2357 6003 ι’
2395 5969 2517 6038 Ms.,
2548 5974 2753 6043 lapillus
2780 5995 2867 6034 eos
2897 5982 3082 6040 missos
3103 5969 3265 6047 ad‘t‘e.
