  <div class='ocr_page' id='page_1' title='image "/cluster/home/n/w/nwhite01/storage/ocr_20150623/65/hvd.32044015469315/284.png"; bbox 0 0 4130 6496; ppageno 0'>
   <div class='ocr_carea' id='block_1_1' title="bbox 323 434 429 498">
    <p class='ocr_par' dir='ltr' id='par_1_1' title="bbox 323 434 429 498">
     <span class='ocr_line' id='line_1_1' title="bbox 323 434 429 498; baseline -0.028 0"><span class='ocrx_word' id='word_1_1' title='bbox 323 434 429 498; x_wconf 71' lang='lat'><strong>553</strong></span> 
     </span>
    </p>
   </div>
   <div class='ocr_carea' id='block_1_2' title="bbox 938 555 1285 613">
    <p class='ocr_par' dir='ltr' id='par_1_2' title="bbox 938 555 1285 613">
     <span class='ocr_line' id='line_1_2' title="bbox 938 555 1285 613; baseline 0.006 -2"><span class='ocrx_word' id='word_1_2' title='bbox 938 555 1162 613; x_wconf 68' lang='lat' dir='ltr'><strong>CAPUT</strong></span> <span class='ocrx_word' id='word_1_3' title='bbox 1201 557 1285 613; x_wconf 87' lang='lat' dir='ltr'><strong>Ill.</strong></span> 
     </span>
    </p>
   </div>
   <div class='ocr_carea' id='block_1_3' title="bbox 391 641 1906 722">
    <p class='ocr_par' dir='ltr' id='par_1_3' title="bbox 391 641 1906 722">
     <span class='ocr_line' id='line_1_3' title="bbox 391 641 1906 722; baseline 0.006 -26"><span class='ocrx_word' id='word_1_4' title='bbox 391 641 656 699; x_wconf 72' lang='lat' dir='ltr'><strong>Cancrum</strong></span> <span class='ocrx_word' id='word_1_5' title='bbox 687 641 912 720; x_wconf 80' lang='lat' dir='ltr'><strong>legimus</strong></span> <span class='ocrx_word' id='word_1_6' title='bbox 955 647 1008 702; x_wconf 91' lang='lat' dir='ltr'><strong>in</strong></span> <span class='ocrx_word' id='word_1_7' title='bbox 1055 647 1192 705; x_wconf 86' lang='lat' dir='ltr'><strong>libro</strong></span> <span class='ocrx_word' id='word_1_8' title='bbox 1229 649 1517 720; x_wconf 68' lang='lat' dir='ltr'><strong>Sapientia:</strong></span> <span class='ocrx_word' id='word_1_9' title='bbox 1545 649 1808 722; x_wconf 86' lang='lat' dir='ltr'><strong>quosdam</strong></span> <span class='ocrx_word' id='word_1_10' title='bbox 1851 649 1906 705; x_wconf 79' lang='lat' dir='ltr'><strong>in</strong></span> 
     </span>
    </p>
   </div>
   <div class='ocr_carea' id='block_1_4' title="bbox 320 733 1907 812">
    <p class='ocr_par' dir='ltr' id='par_1_4' title="bbox 320 733 1907 812">
     <span class='ocr_line' id='line_1_4' title="bbox 320 733 1907 812; baseline 0.005 -24"><span class='ocrx_word' id='word_1_11' title='bbox 320 733 410 790; x_wconf 87' lang='lat' dir='ltr'><strong>die</strong></span> <span class='ocrx_word' id='word_1_12' title='bbox 433 735 618 804; x_wconf 86' lang='lat' dir='ltr'><strong>iudicii</strong></span> <span class='ocrx_word' id='word_1_13' title='bbox 642 735 922 795; x_wconf 82' lang='lat' dir='ltr'><strong>habituros</strong></span> <span class='ocrx_word' id='word_1_14' title='bbox 942 740 1156 810; x_wconf 85' lang='lat' dir='ltr'><strong>quidem</strong></span> <span class='ocrx_word' id='word_1_15' title='bbox 1177 743 1572 812; x_wconf 63' lang='lat' dir='ltr'><strong>paenitentiam,</strong></span> <span class='ocrx_word' id='word_1_16' title='bbox 1598 758 1704 797; x_wconf 93' lang='lat' dir='ltr'><strong>non</strong></span> <span class='ocrx_word' id='word_1_17' title='bbox 1728 751 1907 797; x_wconf 90' lang='lat' dir='ltr'><strong>tamen</strong></span> 
     </span>
    </p>
   </div>
   <div class='ocr_carea' id='block_1_5' title="bbox 321 826 1908 904">
    <p class='ocr_par' dir='ltr' id='par_1_5' title="bbox 321 826 1908 904">
     <span class='ocr_line' id='line_1_5' title="bbox 321 826 1908 904; baseline 0.005 -24"><span class='ocrx_word' id='word_1_18' title='bbox 321 826 708 896; x_wconf 78' lang='lat' dir='ltr'><strong>indulgentiam</strong></span> <span class='ocrx_word' id='word_1_19' title='bbox 737 828 992 886; x_wconf 86' lang='lat' dir='ltr'><strong>divinitus</strong></span> <span class='ocrx_word' id='word_1_20' title='bbox 1019 841 1355 902; x_wconf 79' lang='lat' dir='ltr'><strong>accepturos.</strong></span> <span class='ocrx_word' id='word_1_21' title='bbox 1385 833 1654 903; x_wconf 74' lang='lat' dir='ltr'><strong>Scriptum</strong></span> <span class='ocrx_word' id='word_1_22' title='bbox 1677 833 1908 904; x_wconf 88' lang='lat' dir='ltr'><strong>denique</strong></span> 
     </span>
    </p>
   </div>
   <div class='ocr_carea' id='block_1_6' title="bbox 319 918 1909 997">
    <p class='ocr_par' dir='ltr' id='par_1_6' title="bbox 319 918 1909 997">
     <span class='ocr_line' id='line_1_6' title="bbox 319 918 1909 997; baseline 0.003 -24"><span class='ocrx_word' id='word_1_23' title='bbox 319 918 401 973; x_wconf 86' lang='lat' dir='ltr'><strong>sic</strong></span> <span class='ocrx_word' id='word_1_24' title='bbox 424 920 686 974; x_wconf 88' lang='lat' dir='ltr'><strong>habetur:</strong></span> <span class='ocrx_word' id='word_1_25' title='bbox 717 921 857 976; x_wconf 87' lang='lat' dir='ltr'><strong>Tunc</strong></span> <span class='ocrx_word' id='word_1_26' title='bbox 897 924 1105 980; x_wconf 83' lang='lat' dir='ltr'><strong>stabunt</strong></span> <span class='ocrx_word' id='word_1_27' title='bbox 1127 926 1258 996; x_wconf 90' lang='lat' dir='ltr'><strong>justi</strong></span> <span class='ocrx_word' id='word_1_28' title='bbox 1301 927 1356 980; x_wconf 87' lang='lat' dir='ltr'><strong>in</strong></span> <span class='ocrx_word' id='word_1_29' title='bbox 1397 943 1587 997; x_wconf 88' lang='lat' dir='ltr'><strong>magna</strong></span> <span class='ocrx_word' id='word_1_30' title='bbox 1616 926 1909 980; x_wconf 75' lang='lat' dir='ltr'><strong>constantia</strong></span> 
     </span>
    </p>
   </div>
   <div class='ocr_carea' id='block_1_7' title="bbox 321 1009 1911 1086">
    <p class='ocr_par' dir='ltr' id='par_1_7' title="bbox 321 1009 1911 1086">
     <span class='ocr_line' id='line_1_7' title="bbox 321 1009 1911 1086; baseline 0.004 -24"><span class='ocrx_word' id='word_1_31' title='bbox 321 1009 567 1066; x_wconf 85' lang='lat' dir='ltr'><strong>adversus</strong></span> <span class='ocrx_word' id='word_1_32' title='bbox 591 1028 678 1065; x_wconf 88' lang='lat' dir='ltr'><strong>eos</strong></span> <span class='ocrx_word' id='word_1_33' title='bbox 705 1014 790 1083; x_wconf 90' lang='lat' dir='ltr'><strong>qui</strong></span> <span class='ocrx_word' id='word_1_34' title='bbox 830 1031 884 1068; x_wconf 88' lang='lat' dir='ltr'><strong>se</strong></span> <span class='ocrx_word' id='word_1_35' title='bbox 922 1016 1368 1086; x_wconf 83' lang='lat' dir='ltr'><strong>angustiaverunt,</strong></span> <span class='ocrx_word' id='word_1_36' title='bbox 1398 1025 1447 1070; x_wconf 85' lang='lat' dir='ltr'><strong>et</strong></span> <span class='ocrx_word' id='word_1_37' title='bbox 1473 1018 1559 1083; x_wconf 85' lang='lat' dir='ltr'><strong>qui</strong></span> <span class='ocrx_word' id='word_1_38' title='bbox 1589 1016 1911 1070; x_wconf 89' lang='lat' dir='ltr'><strong>abstulerunt</strong></span> 
     </span>
    </p>
   </div>
   <div class='ocr_carea' id='block_1_8' title="bbox 321 1100 1907 1170">
    <p class='ocr_par' dir='ltr' id='par_1_8' title="bbox 321 1100 1907 1170">
     <span class='ocr_line' id='line_1_8' title="bbox 321 1100 1907 1170; baseline 0.004 -17"><span class='ocrx_word' id='word_1_39' title='bbox 321 1100 524 1155; x_wconf 77' lang='lat' dir='ltr'><strong>labores</strong></span> <span class='ocrx_word' id='word_1_40' title='bbox 546 1119 741 1157; x_wconf 89' lang='lat' dir='ltr'><strong>eorum.</strong></span> <span class='ocrx_word' id='word_1_41' title='bbox 782 1104 1026 1160; x_wconf 84' lang='lat' dir='ltr'><strong>Videutes</strong></span> <span class='ocrx_word' id='word_1_42' title='bbox 1063 1106 1402 1163; x_wconf 86' lang='lat' dir='ltr'><strong>turbabuntur</strong></span> <span class='ocrx_word' id='word_1_43' title='bbox 1444 1111 1626 1163; x_wconf 90' lang='lat' dir='ltr'><strong>timore</strong></span> <span class='ocrx_word' id='word_1_44' title='bbox 1654 1108 1907 1170; x_wconf 82' lang='lat' dir='ltr'><strong>horribili,</strong></span> 
     </span>
    </p>
   </div>
   <div class='ocr_carea' id='block_1_9' title="bbox 322 1193 1914 1270">
    <p class='ocr_par' dir='ltr' id='par_1_9' title="bbox 322 1193 1914 1270">
     <span class='ocr_line' id='line_1_9' title="bbox 322 1193 1914 1270; baseline 0.004 -25"><span class='ocrx_word' id='word_1_45' title='bbox 322 1201 372 1246; x_wconf 92' lang='lat' dir='ltr'><strong>et</strong></span> <span class='ocrx_word' id='word_1_46' title='bbox 399 1193 727 1249; x_wconf 84' lang='lat' dir='ltr'><strong>mirabuntur</strong></span> <span class='ocrx_word' id='word_1_47' title='bbox 762 1197 816 1249; x_wconf 90' lang='lat' dir='ltr'><strong>in</strong></span> <span class='ocrx_word' id='word_1_48' title='bbox 846 1196 1156 1253; x_wconf 78' lang='lat' dir='ltr'><strong>subitatione</strong></span> <span class='ocrx_word' id='word_1_49' title='bbox 1183 1202 1462 1270; x_wconf 70' lang='lat' dir='ltr'><strong>insperata:</strong></span> <span class='ocrx_word' id='word_1_50' title='bbox 1486 1200 1692 1262; x_wconf 90' lang='lat' dir='ltr'><strong>salutis,</strong></span> <span class='ocrx_word' id='word_1_51' title='bbox 1737 1199 1914 1252; x_wconf 87' lang='lat' dir='ltr'><strong>dicen-</strong></span> 
     </span>
    </p>
   </div>
   <div class='ocr_carea' id='block_1_10' title="bbox 326 1285 1914 1360">
    <p class='ocr_par' dir='ltr' id='par_1_10' title="bbox 326 1285 1914 1360">
     <span class='ocr_line' id='line_1_10' title="bbox 326 1285 1914 1360; baseline 0.003 -24"><span class='ocrx_word' id='word_1_52' title='bbox 326 1292 400 1340; x_wconf 83' lang='lat' dir='ltr'><strong>tes</strong></span> <span class='ocrx_word' id='word_1_53' title='bbox 445 1285 582 1338; x_wconf 86' lang='lat' dir='ltr'><strong>inter</strong></span> <span class='ocrx_word' id='word_1_54' title='bbox 613 1301 689 1350; x_wconf 88' lang='lat' dir='ltr'><strong>se,</strong></span> <span class='ocrx_word' id='word_1_55' title='bbox 736 1288 1088 1355; x_wconf 75' lang='lat' dir='ltr'><strong>paenitentiam</strong></span> <span class='ocrx_word' id='word_1_56' title='bbox 1125 1287 1389 1353; x_wconf 75' lang='lat' dir='ltr'><strong>habentes,</strong></span> <span class='ocrx_word' id='word_1_57' title='bbox 1421 1297 1469 1342; x_wconf 89' lang='lat' dir='ltr'><strong>et</strong></span> <span class='ocrx_word' id='word_1_58' title='bbox 1500 1306 1590 1358; x_wconf 85' lang='lat' dir='ltr'><strong>per</strong></span> <span class='ocrx_word' id='word_1_59' title='bbox 1618 1290 1914 1360; x_wconf 84' lang='lat' dir='ltr'><strong>angustiam</strong></span> 
     </span>
    </p>
   </div>
   <div class='ocr_carea' id='block_1_11' title="bbox 324 1375 1913 1452">
    <p class='ocr_par' dir='ltr' id='par_1_11' title="bbox 324 1375 1913 1452">
     <span class='ocr_line' id='line_1_11' title="bbox 324 1375 1913 1452; baseline 0.005 -26"><span class='ocrx_word' id='word_1_60' title='bbox 324 1375 538 1444; x_wconf 78' lang='lat' dir='ltr'><strong>spiritus</strong></span> <span class='ocrx_word' id='word_1_61' title='bbox 577 1387 870 1447; x_wconf 77' lang='lat' dir='ltr'><strong>gementes:</strong></span> <span class='ocrx_word' id='word_1_62' title='bbox 905 1377 976 1430; x_wconf 84' lang='lat' dir='ltr'><strong>Hi</strong></span> <span class='ocrx_word' id='word_1_63' title='bbox 1015 1387 1136 1433; x_wconf 89' lang='lat' dir='ltr'><strong>sunt</strong></span> <span class='ocrx_word' id='word_1_64' title='bbox 1173 1396 1297 1449; x_wconf 85' lang='lat' dir='ltr'><strong>quos</strong></span> <span class='ocrx_word' id='word_1_65' title='bbox 1325 1380 1593 1434; x_wconf 79' lang='lat' dir='ltr'><strong>habuimus</strong></span> <span class='ocrx_word' id='word_1_66' title='bbox 1634 1380 1913 1452; x_wconf 82' lang='lat' dir='ltr'><strong>aliquando</strong></span> 
     </span>
    </p>
   </div>
   <div class='ocr_carea' id='block_1_12' title="bbox 324 1465 1917 1542">
    <p class='ocr_par' dir='ltr' id='par_1_12' title="bbox 324 1465 1917 1542">
     <span class='ocr_line' id='line_1_12' title="bbox 324 1465 1917 1542; baseline 0.005 -24"><span class='ocrx_word' id='word_1_67' title='bbox 324 1465 380 1519; x_wconf 88' lang='lat' dir='ltr'><strong>in</strong></span> <span class='ocrx_word' id='word_1_68' title='bbox 410 1465 659 1533; x_wconf 89' lang='lat' dir='ltr'><strong>derisum,</strong></span> <span class='ocrx_word' id='word_1_69' title='bbox 689 1476 737 1521; x_wconf 92' lang='lat' dir='ltr'><strong>et</strong></span> <span class='ocrx_word' id='word_1_70' title='bbox 758 1469 809 1521; x_wconf 88' lang='lat' dir='ltr'><strong>in</strong></span> <span class='ocrx_word' id='word_1_71' title='bbox 838 1469 1229 1524; x_wconf 81' lang='lat' dir='ltr'><strong>similitudinem</strong></span> <span class='ocrx_word' id='word_1_72' title='bbox 1257 1471 1587 1542; x_wconf 77' lang='lat' dir='ltr'><strong>imprOperii;</strong></span> <span class='ocrx_word' id='word_1_73' title='bbox 1618 1489 1712 1527; x_wconf 88' lang='lat' dir='ltr'><strong>nos</strong></span> <span class='ocrx_word' id='word_1_74' title='bbox 1742 1474 1917 1526; x_wconf 89' lang='lat' dir='ltr'><strong>insen-</strong></span> 
     </span>
    </p>
   </div>
   <div class='ocr_carea' id='block_1_13' title="bbox 325 1557 1916 1630">
    <p class='ocr_par' dir='ltr' id='par_1_13' title="bbox 325 1557 1916 1630">
     <span class='ocr_line' id='line_1_13' title="bbox 325 1557 1916 1630; baseline 0.006 -22"><span class='ocrx_word' id='word_1_75' title='bbox 325 1557 431 1610; x_wconf 85' lang='lat' dir='ltr'><strong>sati</strong></span> <span class='ocrx_word' id='word_1_76' title='bbox 461 1557 618 1610; x_wconf 85' lang='lat' dir='ltr'><strong>vitam</strong></span> <span class='ocrx_word' id='word_1_77' title='bbox 662 1558 870 1612; x_wconf 85' lang='lat' dir='ltr'><strong>illorum</strong></span> <span class='ocrx_word' id='word_1_78' title='bbox 915 1560 1300 1616; x_wconf 77' lang='lat' dir='ltr'><strong>testimabamus</strong></span> <span class='ocrx_word' id='word_1_79' title='bbox 1338 1564 1620 1628; x_wconf 81' lang='lat' dir='ltr'><strong>insaniam,</strong></span> <span class='ocrx_word' id='word_1_80' title='bbox 1666 1574 1716 1617; x_wconf 89' lang='lat' dir='ltr'><strong>et</strong></span> <span class='ocrx_word' id='word_1_81' title='bbox 1759 1565 1916 1630; x_wconf 85' lang='lat' dir='ltr'><strong>ﬁnem</strong></span> 
     </span>
    </p>
   </div>
   <div class='ocr_carea' id='block_1_14' title="bbox 325 1647 1918 1723">
    <p class='ocr_par' dir='ltr' id='par_1_14' title="bbox 325 1647 1918 1723">
     <span class='ocr_line' id='line_1_14' title="bbox 325 1647 1918 1723; baseline 0.004 -24"><span class='ocrx_word' id='word_1_82' title='bbox 325 1647 539 1701; x_wconf 85' lang='lat' dir='ltr'><strong>illorum</strong></span> <span class='ocrx_word' id='word_1_83' title='bbox 565 1649 679 1702; x_wconf 85' lang='lat' dir='ltr'><strong>sine</strong></span> <span class='ocrx_word' id='word_1_84' title='bbox 725 1649 937 1704; x_wconf 82' lang='lat' dir='ltr'><strong>honore.</strong></span> <span class='ocrx_word' id='word_1_85' title='bbox 985 1649 1254 1714; x_wconf 84' lang='lat' dir='ltr'><strong><em>Quomodo</em></strong></span> <span class='ocrx_word' id='word_1_86' title='bbox 1297 1654 1578 1723; x_wconf 88' lang='lat' dir='ltr'><strong>compututi</strong></span> <span class='ocrx_word' id='word_1_87' title='bbox 1621 1664 1741 1707; x_wconf 87' lang='lat' dir='ltr'><strong>sunt</strong></span> <span class='ocrx_word' id='word_1_88' title='bbox 1783 1657 1918 1707; x_wconf 85' lang='lat' dir='ltr'><strong>inter</strong></span> 
     </span>
    </p>
   </div>
   <div class='ocr_carea' id='block_1_15' title="bbox 327 1739 1908 1817">
    <p class='ocr_par' dir='ltr' id='par_1_15' title="bbox 327 1739 1908 1817">
     <span class='ocr_line' id='line_1_15' title="bbox 327 1739 1908 1817; baseline 0.004 -25"><span class='ocrx_word' id='word_1_89' title='bbox 327 1740 468 1810; x_wconf 78' lang='lat' dir='ltr'><strong>ﬁlios</strong></span> <span class='ocrx_word' id='word_1_90' title='bbox 496 1739 615 1804; x_wconf 85' lang='lat' dir='ltr'><strong>Dei,</strong></span> <span class='ocrx_word' id='word_1_91' title='bbox 643 1751 690 1794; x_wconf 88' lang='lat' dir='ltr'><strong>et</strong></span> <span class='ocrx_word' id='word_1_92' title='bbox 729 1743 864 1796; x_wconf 86' lang='lat' dir='ltr'><strong>inter</strong></span> <span class='ocrx_word' id='word_1_93' title='bbox 891 1751 1098 1797; x_wconf 86' lang='lat' dir='ltr'><strong>sanctos</strong></span> <span class='ocrx_word' id='word_1_94' title='bbox 1125 1761 1236 1799; x_wconf 85' lang='lat' dir='ltr'><strong>sors</strong></span> <span class='ocrx_word' id='word_1_95' title='bbox 1264 1746 1473 1799; x_wconf 88' lang='lat' dir='ltr'><strong>illorum</strong></span> <span class='ocrx_word' id='word_1_96' title='bbox 1503 1755 1579 1800; x_wconf 89' lang='lat' dir='ltr'><strong>est</strong></span> <span class='ocrx_word' id='word_1_97' title='bbox 1609 1746 1763 1817; x_wconf 84' lang='lat' dir='ltr'><strong>(Sap.</strong></span> <span class='ocrx_word' id='word_1_98' title='bbox 1797 1763 1850 1808; x_wconf 91' lang='lat' dir='ltr'><strong>v,</strong></span> <span class='ocrx_word' id='word_1_99' title='bbox 1883 1746 1908 1798; x_wconf 99' lang='grc'><strong>1</strong></span> 
     </span>
    </p>
   </div>
   <div class='ocr_carea' id='block_1_16' title="bbox 327 1832 1920 1905">
    <p class='ocr_par' dir='ltr' id='par_1_16' title="bbox 327 1832 1920 1905">
     <span class='ocr_line' id='line_1_16' title="bbox 327 1832 1920 1905; baseline 0.004 -22"><span class='ocrx_word' id='word_1_100' title='bbox 327 1841 380 1884; x_wconf 87' lang='lat' dir='ltr'><strong>et</strong></span> <span class='ocrx_word' id='word_1_101' title='bbox 397 1833 569 1902; x_wconf 87' lang='lat' dir='ltr'><strong>seq.)?</strong></span> <span class='ocrx_word' id='word_1_102' title='bbox 592 1832 760 1888; x_wconf 88' lang='lat' dir='ltr'><strong>Nemo</strong></span> <span class='ocrx_word' id='word_1_103' title='bbox 782 1841 984 1899; x_wconf 90' lang='lat' dir='ltr'><strong>autem,</strong></span> <span class='ocrx_word' id='word_1_104' title='bbox 1015 1851 1137 1890; x_wconf 91' lang='lat' dir='ltr'><strong>cum</strong></span> <span class='ocrx_word' id='word_1_105' title='bbox 1160 1835 1289 1904; x_wconf 80' lang='lat' dir='ltr'><strong>legit</strong></span> <span class='ocrx_word' id='word_1_106' title='bbox 1305 1836 1504 1891; x_wconf 88' lang='lat' dir='ltr'><strong>dictum</strong></span> <span class='ocrx_word' id='word_1_107' title='bbox 1521 1837 1645 1905; x_wconf 86' lang='lat' dir='ltr'><strong>quia</strong></span> <span class='ocrx_word' id='word_1_108' title='bbox 1672 1837 1794 1890; x_wconf 88' lang='lat' dir='ltr'><strong>mali</strong></span> <span class='ocrx_word' id='word_1_109' title='bbox 1825 1835 1920 1890; x_wconf 89' lang='lat' dir='ltr'><strong>mi-</strong></span> 
     </span>
    </p>
   </div>
   <div class='ocr_carea' id='block_1_17' title="bbox 1319 444 2605 508">
    <p class='ocr_par' dir='ltr' id='par_1_17' title="bbox 1319 444 2605 508">
     <span class='ocr_line' id='line_1_17' title="bbox 1319 444 2605 508; baseline 0.002 -4"><span class='ocrx_word' id='word_1_110' title='bbox 1319 444 1404 504; x_wconf 86' lang='lat' dir='ltr'><strong>DE</strong></span> <span class='ocrx_word' id='word_1_111' title='bbox 1443 446 1848 504; x_wconf 71' lang='lat' dir='ltr'><strong>RE-MISSIONE</strong></span> <span class='ocrx_word' id='word_1_112' title='bbox 1879 445 2339 507; x_wconf 76' lang='lat' dir='ltr'><strong>PECCATORUM</strong></span> <span class='ocrx_word' id='word_1_113' title='bbox 2375 450 2497 508; x_wconf 84' lang='lat' dir='ltr'><strong>LIB.</strong></span> <span class='ocrx_word' id='word_1_114' title='bbox 2543 451 2605 507; x_wconf 88' lang='lat' dir='ltr'><strong>ll.</strong></span> 
     </span>
    </p>
   </div>
   <div class='ocr_carea' id='block_1_18' title="bbox 1925 563 3592 639">
    <p class='ocr_par' dir='ltr' id='par_1_18' title="bbox 1925 563 3592 639">
     <span class='ocr_line' id='line_1_18' title="bbox 1925 563 3592 639; baseline 0.008 -22"><span class='ocrx_word' id='word_1_115' title='bbox 1925 565 1972 624; x_wconf 78' lang='grc' dir='ltr'><strong>Α</strong></span> <span class='ocrx_word' id='word_1_116' title='bbox 2002 563 2201 619; x_wconf 87' lang='lat' dir='ltr'><strong>tionem</strong></span> <span class='ocrx_word' id='word_1_117' title='bbox 2232 566 2331 635; x_wconf 88' lang='lat' dir='ltr'><strong>ipsi</strong></span> <span class='ocrx_word' id='word_1_118' title='bbox 2361 575 2484 621; x_wconf 90' lang='lat' dir='ltr'><strong>sunt</strong></span> <span class='ocrx_word' id='word_1_119' title='bbox 2513 568 2674 622; x_wconf 90' lang='lat' dir='ltr'><strong>etiam</strong></span> <span class='ocrx_word' id='word_1_120' title='bbox 2700 570 2956 639; x_wconf 85' lang='lat' dir='ltr'><strong>templum</strong></span> <span class='ocrx_word' id='word_1_121' title='bbox 2985 571 3098 626; x_wconf 87' lang='lat' dir='ltr'><strong>Dei.</strong></span> <span class='ocrx_word' id='word_1_122' title='bbox 3128 572 3284 638; x_wconf 89' lang='lat' dir='ltr'><strong>Quod</strong></span> <span class='ocrx_word' id='word_1_123' title='bbox 3305 590 3428 629; x_wconf 87' lang='lat' dir='ltr'><strong>esse</strong></span> <span class='ocrx_word' id='word_1_124' title='bbox 3460 575 3592 630; x_wconf 76' lang='lat' dir='ltr'><strong>nde-</strong></span> 
     </span>
    </p>
   </div>
   <div class='ocr_carea' id='block_1_19' title="bbox 3487 457 3593 513">
    <p class='ocr_par' dir='ltr' id='par_1_19' title="bbox 3487 457 3593 513">
     <span class='ocr_line' id='line_1_19' title="bbox 3487 457 3593 513; baseline -0.009 0"><span class='ocrx_word' id='word_1_125' title='bbox 3487 457 3593 513; x_wconf 69' lang='lat' dir='ltr'><strong>55b</strong></span> 
     </span>
    </p>
   </div>
   <div class='ocr_carea' id='block_1_20' title="bbox 2009 654 3590 735">
    <p class='ocr_par' dir='ltr' id='par_1_20' title="bbox 2009 654 3590 735">
     <span class='ocr_line' id='line_1_20' title="bbox 2009 654 3590 735; baseline 0.008 -28"><span class='ocrx_word' id='word_1_126' title='bbox 2009 654 2088 710; x_wconf 91' lang='lat' dir='ltr'><strong>les</strong></span> <span class='ocrx_word' id='word_1_127' title='bbox 2117 663 2344 712; x_wconf 80' lang='lat' dir='ltr'><strong>testatur</strong></span> <span class='ocrx_word' id='word_1_128' title='bbox 2373 656 2661 727; x_wconf 76' lang='lat' dir='ltr'><strong>Apostolus</strong></span> <span class='ocrx_word' id='word_1_129' title='bbox 2687 660 2867 715; x_wconf 88' lang='lat' dir='ltr'><strong>dicens</strong></span> <span class='ocrx_word' id='word_1_130' title='bbox 2895 679 2906 712; x_wconf 89' lang='lat'><strong>:</strong></span> <span class='ocrx_word' id='word_1_131' title='bbox 2943 659 3170 716; x_wconf 87' lang='lat' dir='ltr'><strong>Nescitis</strong></span> <span class='ocrx_word' id='word_1_132' title='bbox 3198 665 3317 734; x_wconf 84' lang='lat' dir='ltr'><strong>quia</strong></span> <span class='ocrx_word' id='word_1_133' title='bbox 3347 666 3590 735; x_wconf 85' lang='lat' dir='ltr'><strong>templum</strong></span> 
     </span>
    </p>
   </div>
   <div class='ocr_carea' id='block_1_21' title="bbox 2009 745 3620 823">
    <p class='ocr_par' dir='ltr' id='par_1_21' title="bbox 2009 745 3620 823">
     <span class='ocr_line' id='line_1_21' title="bbox 2009 745 3620 823; baseline 0.007 -25"><span class='ocrx_word' id='word_1_134' title='bbox 2009 745 2107 800; x_wconf 88' lang='lat' dir='ltr'><strong>Dei</strong></span> <span class='ocrx_word' id='word_1_135' title='bbox 2134 749 2274 811; x_wconf 89' lang='lat' dir='ltr'><strong>estis,</strong></span> <span class='ocrx_word' id='word_1_136' title='bbox 2323 759 2372 802; x_wconf 89' lang='lat' dir='ltr'><strong>et</strong></span> <span class='ocrx_word' id='word_1_137' title='bbox 2415 749 2624 819; x_wconf 84' lang='lat' dir='ltr'><strong>spiritus</strong></span> <span class='ocrx_word' id='word_1_138' title='bbox 2656 749 2753 804; x_wconf 85' lang='lat' dir='ltr'><strong>Dei</strong></span> <span class='ocrx_word' id='word_1_139' title='bbox 2782 750 2981 806; x_wconf 82' lang='lat' dir='ltr'><strong>habitat</strong></span> <span class='ocrx_word' id='word_1_140' title='bbox 3010 756 3064 806; x_wconf 88' lang='lat' dir='ltr'><strong>in</strong></span> <span class='ocrx_word' id='word_1_141' title='bbox 3113 753 3252 808; x_wconf 83' lang='lat' dir='ltr'><strong>vobis</strong></span> <span class='ocrx_word' id='word_1_142' title='bbox 3283 755 3333 823; x_wconf 86' lang='grc' dir='ltr'>(ι</span> <span class='ocrx_word' id='word_1_143' title='bbox 3368 755 3488 810; x_wconf 88' lang='lat' dir='ltr'><strong>Cor.</strong></span> <span class='ocrx_word' id='word_1_144' title='bbox 3513 773 3620 816; x_wconf 86' lang='lat' dir='ltr'><strong>III.-</strong></span> 
     </span>
    </p>
   </div>
   <div class='ocr_carea' id='block_1_22' title="bbox 2014 835 3594 914">
    <p class='ocr_par' dir='ltr' id='par_1_22' title="bbox 2014 835 3594 914">
     <span class='ocr_line' id='line_1_22' title="bbox 2014 835 3594 914; baseline 0.008 -26"><span class='ocrx_word' id='word_1_145' title='bbox 2014 836 2138 905; x_wconf 71' lang='lat' dir='ltr'><strong>ib)?</strong></span> <span class='ocrx_word' id='word_1_146' title='bbox 2165 835 2280 891; x_wconf 85' lang='lat' dir='ltr'><strong>Hoc</strong></span> <span class='ocrx_word' id='word_1_147' title='bbox 2303 839 2562 908; x_wconf 88' lang='lat' dir='ltr'><strong>templum</strong></span> <span class='ocrx_word' id='word_1_148' title='bbox 2589 855 2657 894; x_wconf 91' lang='lat' dir='ltr'><strong>ne</strong></span> <span class='ocrx_word' id='word_1_149' title='bbox 2694 841 2849 897; x_wconf 90' lang='lat' dir='ltr'><strong>malis</strong></span> <span class='ocrx_word' id='word_1_150' title='bbox 2875 843 3128 912; x_wconf 87' lang='lat' dir='ltr'><strong>operibus</strong></span> <span class='ocrx_word' id='word_1_151' title='bbox 3157 844 3444 914; x_wconf 84' lang='lat' dir='ltr'><strong>polluatur,</strong></span> <span class='ocrx_word' id='word_1_152' title='bbox 3489 861 3594 900; x_wconf 88' lang='lat' dir='ltr'><strong>non</strong></span> 
     </span>
    </p>
   </div>
   <div class='ocr_carea' id='block_1_23' title="bbox 2011 927 3596 1000">
    <p class='ocr_par' dir='ltr' id='par_1_23' title="bbox 2011 927 3596 1000">
     <span class='ocr_line' id='line_1_23' title="bbox 2011 927 3596 1000; baseline 0.006 -20"><span class='ocrx_word' id='word_1_153' title='bbox 2011 927 2183 981; x_wconf 90' lang='lat' dir='ltr'><strong>solum</strong></span> <span class='ocrx_word' id='word_1_154' title='bbox 2229 927 2512 996; x_wconf 76' lang='lat' dir='ltr'><strong>diligenter</strong></span> <span class='ocrx_word' id='word_1_155' title='bbox 2565 940 2898 1000; x_wconf 71' lang='lat' dir='ltr'><strong>prazmonet,</strong></span> <span class='ocrx_word' id='word_1_156' title='bbox 2954 933 3048 987; x_wconf 91' lang='lat' dir='ltr'><strong>sed</strong></span> <span class='ocrx_word' id='word_1_157' title='bbox 3093 934 3257 987; x_wconf 89' lang='lat' dir='ltr'><strong>etiam</strong></span> <span class='ocrx_word' id='word_1_158' title='bbox 3309 935 3596 989; x_wconf 57' lang='lat' dir='ltr'><strong>vehemeno</strong></span> 
     </span>
    </p>
   </div>
   <div class='ocr_carea' id='block_1_24' title="bbox 2010 1021 3597 1095">
    <p class='ocr_par' dir='ltr' id='par_1_24' title="bbox 2010 1021 3597 1095">
     <span class='ocr_line' id='line_1_24' title="bbox 2010 1021 3597 1095; baseline 0.003 -23"><span class='ocrx_word' id='word_1_159' title='bbox 2010 1027 2095 1074; x_wconf 90' lang='lat' dir='ltr'><strong>ter</strong></span> <span class='ocrx_word' id='word_1_160' title='bbox 2124 1027 2341 1075; x_wconf 86' lang='lat' dir='ltr'><strong>nostros</strong></span> <span class='ocrx_word' id='word_1_161' title='bbox 2386 1021 2594 1077; x_wconf 89' lang='lat' dir='ltr'><strong>animos</strong></span> <span class='ocrx_word' id='word_1_162' title='bbox 2645 1030 2827 1086; x_wconf 90' lang='lat' dir='ltr'><strong>terret,</strong></span> <span class='ocrx_word' id='word_1_163' title='bbox 2885 1023 3115 1077; x_wconf 88' lang='lat' dir='ltr'><strong>dicens:</strong></span> <span class='ocrx_word' id='word_1_164' title='bbox 3157 1023 3218 1079; x_wconf 89' lang='lat' dir='ltr'><strong>Si</strong></span> <span class='ocrx_word' id='word_1_165' title='bbox 3243 1026 3375 1095; x_wconf 80' lang='lat' dir='ltr'><strong>quis</strong></span> <span class='ocrx_word' id='word_1_166' title='bbox 3425 1034 3597 1077; x_wconf 84' lang='lat' dir='ltr'><strong>autem</strong></span> 
     </span>
    </p>
   </div>
   <div class='ocr_carea' id='block_1_25' title="bbox 2013 1108 3596 1182">
    <p class='ocr_par' dir='ltr' id='par_1_25' title="bbox 2013 1108 3596 1182">
     <span class='ocr_line' id='line_1_25' title="bbox 2013 1108 3596 1182; baseline 0.004 -21"><span class='ocrx_word' id='word_1_167' title='bbox 2013 1110 2255 1180; x_wconf 86' lang='lat' dir='ltr'><strong>templum</strong></span> <span class='ocrx_word' id='word_1_168' title='bbox 2293 1108 2390 1164; x_wconf 93' lang='lat' dir='ltr'><strong>Dei</strong></span> <span class='ocrx_word' id='word_1_169' title='bbox 2421 1111 2705 1177; x_wconf 84' lang='lat' dir='ltr'><strong>violaverit,</strong></span> <span class='ocrx_word' id='word_1_170' title='bbox 2736 1111 2996 1182; x_wconf 89' lang='lat' dir='ltr'><strong>disperdet</strong></span> <span class='ocrx_word' id='word_1_171' title='bbox 3039 1113 3186 1166; x_wconf 90' lang='lat' dir='ltr'><strong>illum</strong></span> <span class='ocrx_word' id='word_1_172' title='bbox 3229 1112 3387 1168; x_wconf 88' lang='lat' dir='ltr'><strong>Deus.</strong></span> <span class='ocrx_word' id='word_1_173' title='bbox 3444 1113 3596 1168; x_wconf 91' lang='lat' dir='ltr'><strong>Tem-</strong></span> 
     </span>
    </p>
   </div>
   <div class='ocr_carea' id='block_1_26' title="bbox 2012 1199 3600 1273">
    <p class='ocr_par' dir='ltr' id='par_1_26' title="bbox 2012 1199 3600 1273">
     <span class='ocr_line' id='line_1_26' title="bbox 2012 1199 3600 1273; baseline 0.004 -21"><span class='ocrx_word' id='word_1_174' title='bbox 2012 1199 2152 1270; x_wconf 86' lang='lat' dir='ltr'><strong>plum</strong></span> <span class='ocrx_word' id='word_1_175' title='bbox 2181 1201 2316 1253; x_wconf 88' lang='lat' dir='ltr'><strong>enim</strong></span> <span class='ocrx_word' id='word_1_176' title='bbox 2345 1199 2442 1253; x_wconf 88' lang='lat' dir='ltr'><strong>Dei</strong></span> <span class='ocrx_word' id='word_1_177' title='bbox 2479 1211 2715 1255; x_wconf 79' lang='lat' dir='ltr'><strong>sanctum</strong></span> <span class='ocrx_word' id='word_1_178' title='bbox 2743 1210 2840 1267; x_wconf 86' lang='lat' dir='ltr'><strong>est,</strong></span> <span class='ocrx_word' id='word_1_179' title='bbox 2892 1203 3026 1273; x_wconf 86' lang='lat' dir='ltr'><strong>quod</strong></span> <span class='ocrx_word' id='word_1_180' title='bbox 3050 1205 3172 1257; x_wconf 76' lang='lat' dir='ltr'><strong>estis</strong></span> <span class='ocrx_word' id='word_1_181' title='bbox 3199 1221 3306 1256; x_wconf 89' lang='lat' dir='ltr'><strong>vos.</strong></span> <span class='ocrx_word' id='word_1_182' title='bbox 3356 1203 3523 1258; x_wconf 89' lang='lat' dir='ltr'><strong>Nemo</strong></span> <span class='ocrx_word' id='word_1_183' title='bbox 3544 1224 3600 1259; x_wconf 83' lang='lat' dir='ltr'><strong>se</strong></span> 
     </span>
    </p>
   </div>
   <div class='ocr_carea' id='block_1_27' title="bbox 2012 1291 3602 1363">
    <p class='ocr_par' dir='ltr' id='par_1_27' title="bbox 2012 1291 3602 1363">
     <span class='ocr_line' id='line_1_27' title="bbox 2012 1291 3602 1363; baseline 0.003 -17"><span class='ocrx_word' id='word_1_184' title='bbox 2012 1291 2442 1362; x_wconf 86' lang='lat' dir='ltr'><strong>seducat(1bid.,</strong></span> <span class='ocrx_word' id='word_1_185' title='bbox 2478 1293 2565 1358; x_wconf 85' lang='grc'><strong>17,</strong></span> <span class='ocrx_word' id='word_1_186' title='bbox 2610 1292 2721 1363; x_wconf 90' lang='grc'><strong>18).</strong></span> <span class='ocrx_word' id='word_1_187' title='bbox 2769 1294 2899 1360; x_wconf 86' lang='lat' dir='ltr'><strong>Quis</strong></span> <span class='ocrx_word' id='word_1_188' title='bbox 2947 1295 3110 1361; x_wconf 89' lang='lat' dir='ltr'><strong>enim,</strong></span> <span class='ocrx_word' id='word_1_189' title='bbox 3142 1310 3298 1363; x_wconf 83' lang='lat' dir='ltr'><strong>rogo,</strong></span> <span class='ocrx_word' id='word_1_190' title='bbox 3339 1297 3477 1351; x_wconf 91' lang='lat' dir='ltr'><strong>male</strong></span> <span class='ocrx_word' id='word_1_191' title='bbox 3522 1299 3602 1351; x_wconf 84' lang='lat' dir='ltr'><strong>vi-</strong></span> 
     </span>
    </p>
   </div>
   <div class='ocr_carea' id='block_1_28' title="bbox 2013 1382 3600 1456">
    <p class='ocr_par' dir='ltr' id='par_1_28' title="bbox 2013 1382 3600 1456">
     <span class='ocr_line' id='line_1_28' title="bbox 2013 1382 3600 1456; baseline 0.003 -21"><span class='ocrx_word' id='word_1_192' title='bbox 2013 1397 2164 1446; x_wconf 89' lang='lat' dir='ltr'><strong>vens,</strong></span> <span class='ocrx_word' id='word_1_193' title='bbox 2213 1398 2336 1436; x_wconf 91' lang='lat' dir='ltr'><strong>cum</strong></span> <span class='ocrx_word' id='word_1_194' title='bbox 2366 1382 2515 1437; x_wconf 84' lang='lat' dir='ltr'><strong>audit</strong></span> <span class='ocrx_word' id='word_1_195' title='bbox 2544 1383 2611 1438; x_wconf 89' lang='lat' dir='ltr'><strong>ab</strong></span> <span class='ocrx_word' id='word_1_196' title='bbox 2640 1383 2921 1452; x_wconf 86' lang='lat' dir='ltr'><strong>Apostolo,</strong></span> <span class='ocrx_word' id='word_1_197' title='bbox 2969 1387 3089 1455; x_wconf 85' lang='lat' dir='ltr'><strong>quia</strong></span> <span class='ocrx_word' id='word_1_198' title='bbox 3125 1388 3171 1440; x_wconf 88' lang='lat' dir='ltr'><strong>si</strong></span> <span class='ocrx_word' id='word_1_199' title='bbox 3217 1389 3329 1456; x_wconf 88' lang='lat' dir='ltr'><strong>quis</strong></span> <span class='ocrx_word' id='word_1_200' title='bbox 3357 1390 3600 1456; x_wconf 89' lang='lat' dir='ltr'><strong>templum</strong></span> 
     </span>
    </p>
   </div>
   <div class='ocr_carea' id='block_1_29' title="bbox 2015 1471 3599 1544">
    <p class='ocr_par' dir='ltr' id='par_1_29' title="bbox 2015 1471 3599 1544">
     <span class='ocr_line' id='line_1_29' title="bbox 2015 1471 3599 1544; baseline 0.004 -18"><span class='ocrx_word' id='word_1_201' title='bbox 2015 1471 2115 1526; x_wconf 87' lang='lat' dir='ltr'><strong>Dei</strong></span> <span class='ocrx_word' id='word_1_202' title='bbox 2143 1473 2427 1538; x_wconf 84' lang='lat' dir='ltr'><strong>violaverit,</strong></span> <span class='ocrx_word' id='word_1_203' title='bbox 2473 1474 2734 1544; x_wconf 73' lang='lat' dir='ltr'><strong>disperdat</strong></span> <span class='ocrx_word' id='word_1_204' title='bbox 2770 1475 2915 1529; x_wconf 92' lang='lat' dir='ltr'><strong>illum</strong></span> <span class='ocrx_word' id='word_1_205' title='bbox 2947 1475 3108 1542; x_wconf 89' lang='lat' dir='ltr'><strong>Deus,</strong></span> <span class='ocrx_word' id='word_1_206' title='bbox 3137 1478 3180 1531; x_wconf 93' lang='lat' dir='ltr'><strong>si</strong></span> <span class='ocrx_word' id='word_1_207' title='bbox 3212 1493 3506 1532; x_wconf 90' lang='lat' dir='ltr'><strong>conversus</strong></span> <span class='ocrx_word' id='word_1_208' title='bbox 3547 1481 3599 1533; x_wconf 90' lang='lat' dir='ltr'><strong>in</strong></span> 
     </span>
    </p>
   </div>
   <div class='ocr_carea' id='block_1_30' title="bbox 2015 1565 3602 1637">
    <p class='ocr_par' dir='ltr' id='par_1_30' title="bbox 2015 1565 3602 1637">
     <span class='ocr_line' id='line_1_30' title="bbox 2015 1565 3602 1637; baseline 0.003 -18"><span class='ocrx_word' id='word_1_209' title='bbox 2015 1565 2120 1620; x_wconf 88' lang='lat' dir='ltr'><strong>hoc</strong></span> <span class='ocrx_word' id='word_1_210' title='bbox 2151 1573 2393 1635; x_wconf 91' lang='lat' dir='ltr'><strong>tempore</strong></span> <span class='ocrx_word' id='word_1_211' title='bbox 2425 1581 2531 1620; x_wconf 92' lang='lat' dir='ltr'><strong>non</strong></span> <span class='ocrx_word' id='word_1_212' title='bbox 2559 1565 2737 1631; x_wconf 79' lang='lat' dir='ltr'><strong>fuerit,</strong></span> <span class='ocrx_word' id='word_1_213' title='bbox 2773 1566 3006 1636; x_wconf 86' lang='lat' dir='ltr'><strong>aliquam</strong></span> <span class='ocrx_word' id='word_1_214' title='bbox 3028 1568 3129 1621; x_wconf 90' lang='lat' dir='ltr'><strong>sibi</strong></span> <span class='ocrx_word' id='word_1_215' title='bbox 3151 1583 3299 1637; x_wconf 88' lang='lat' dir='ltr'><strong>spem</strong></span> <span class='ocrx_word' id='word_1_216' title='bbox 3329 1570 3602 1624; x_wconf 88' lang='lat' dir='ltr'><strong>remissio-</strong></span> 
     </span>
    </p>
   </div>
   <div class='ocr_carea' id='block_1_31' title="bbox 2017 1654 3604 1724">
    <p class='ocr_par' dir='ltr' id='par_1_31' title="bbox 2017 1654 3604 1724">
     <span class='ocr_line' id='line_1_31' title="bbox 2017 1654 3604 1724; baseline 0.004 -15"><span class='ocrx_word' id='word_1_217' title='bbox 2017 1655 2100 1710; x_wconf 88' lang='lat' dir='ltr'><strong>nis</strong></span> <span class='ocrx_word' id='word_1_218' title='bbox 2127 1654 2314 1710; x_wconf 70' lang='lat' dir='ltr'><strong>lutura:</strong></span> <span class='ocrx_word' id='word_1_219' title='bbox 2335 1656 2654 1724; x_wconf 85' lang='lat' dir='ltr'><strong>promittere</strong></span> <span class='ocrx_word' id='word_1_220' title='bbox 2682 1656 2913 1712; x_wconf 87' lang='lat' dir='ltr'><strong>audeat?</strong></span> <span class='ocrx_word' id='word_1_221' title='bbox 2958 1657 3089 1723; x_wconf 84' lang='lat' dir='ltr'><strong>Quis</strong></span> <span class='ocrx_word' id='word_1_222' title='bbox 3120 1674 3226 1712; x_wconf 94' lang='lat' dir='ltr'><strong>non</strong></span> <span class='ocrx_word' id='word_1_223' title='bbox 3259 1659 3604 1716; x_wconf 79' lang='lat' dir='ltr'><strong>tremefactus</strong></span> 
     </span>
    </p>
   </div>
   <div class='ocr_carea' id='block_1_32' title="bbox 2016 1745 3606 1822">
    <p class='ocr_par' dir='ltr' id='par_1_32' title="bbox 2016 1745 3606 1822">
     <span class='ocr_line' id='line_1_32' title="bbox 2016 1745 3606 1822; baseline 0.005 -22"><span class='ocrx_word' id='word_1_224' title='bbox 2016 1746 2305 1800; x_wconf 84' lang='lat' dir='ltr'><strong>concidat?</strong></span> <span class='ocrx_word' id='word_1_225' title='bbox 2335 1745 2464 1812; x_wconf 89' lang='lat' dir='ltr'><strong>Quis</strong></span> <span class='ocrx_word' id='word_1_226' title='bbox 2495 1762 2601 1801; x_wconf 92' lang='lat' dir='ltr'><strong>non</strong></span> <span class='ocrx_word' id='word_1_227' title='bbox 2627 1756 2753 1802; x_wconf 91' lang='lat' dir='ltr'><strong>ante</strong></span> <span class='ocrx_word' id='word_1_228' title='bbox 2777 1747 2937 1802; x_wconf 84' lang='lat' dir='ltr'><strong>linem</strong></span> <span class='ocrx_word' id='word_1_229' title='bbox 2960 1750 3082 1803; x_wconf 73' lang='lat' dir='ltr'><strong>vitae</strong></span> <span class='ocrx_word' id='word_1_230' title='bbox 3102 1751 3378 1818; x_wconf 64' lang='lat' dir='ltr'><strong>praesentis</strong></span> <span class='ocrx_word' id='word_1_231' title='bbox 3402 1751 3468 1805; x_wconf 90' lang='lat' dir='ltr'><strong>ad</strong></span> <span class='ocrx_word' id='word_1_232' title='bbox 3493 1768 3606 1822; x_wconf 71' lang='lat' dir='ltr'><strong>pte-</strong></span> 
     </span>
    </p>
   </div>
   <div class='ocr_carea' id='block_1_33' title="bbox 2019 1837 3626 1907">
    <p class='ocr_par' dir='ltr' id='par_1_33' title="bbox 2019 1837 3626 1907">
     <span class='ocr_line' id='line_1_33' title="bbox 2019 1837 3626 1907; baseline 0.005 -17"><span class='ocrx_word' id='word_1_233' title='bbox 2019 1837 2301 1891; x_wconf 89' lang='lat' dir='ltr'><strong>nitentiam</strong></span> <span class='ocrx_word' id='word_1_234' title='bbox 2323 1849 2678 1907; x_wconf 88' lang='lat' dir='ltr'><strong>compunctus</strong></span> <span class='ocrx_word' id='word_1_235' title='bbox 2699 1847 2754 1894; x_wconf 92' lang='lat' dir='ltr'><strong>et</strong></span> <span class='ocrx_word' id='word_1_236' title='bbox 2774 1839 3080 1894; x_wconf 87' lang='lat' dir='ltr'><strong>humiliatus</strong></span> <span class='ocrx_word' id='word_1_237' title='bbox 3097 1843 3375 1896; x_wconf 88' lang='lat' dir='ltr'><strong>accurrat?</strong></span> <span class='ocrx_word' id='word_1_238' title='bbox 3396 1843 3626 1898; x_wconf 20' lang='lat' dir='ltr'><strong>Clamat,</strong></span> 
     </span>
    </p>
   </div>
   <div class='ocr_carea' id='block_1_34' title="bbox 327 1922 3604 2002">
    <p class='ocr_par' dir='ltr' id='par_1_34' title="bbox 327 1922 3604 2002">
     <span class='ocr_line' id='line_1_34' title="bbox 327 1922 3604 2002; baseline 0.003 -27"><span class='ocrx_word' id='word_1_239' title='bbox 327 1922 590 1976; x_wconf 85' lang='lat' dir='ltr'><strong>rabuntur</strong></span> <span class='ocrx_word' id='word_1_240' title='bbox 618 1924 673 1978; x_wconf 93' lang='lat' dir='ltr'><strong>in</strong></span> <span class='ocrx_word' id='word_1_241' title='bbox 715 1925 1038 1981; x_wconf 88' lang='lat' dir='ltr'><strong>subitatione</strong></span> <span class='ocrx_word' id='word_1_242' title='bbox 1071 1927 1356 1996; x_wconf 67' lang='lat' dir='ltr'><strong>insperatae</strong></span> <span class='ocrx_word' id='word_1_243' title='bbox 1398 1928 1608 1993; x_wconf 88' lang='lat' dir='ltr'><strong>salutis,</strong></span> <span class='ocrx_word' id='word_1_244' title='bbox 1647 1926 1918 1982; x_wconf 81' lang='lat' dir='ltr'><strong>existimet</strong></span> <span class='ocrx_word' id='word_1_245' title='bbox 1946 1941 1995 2002; x_wconf 77' lang='grc' dir='ltr'><strong>Β</strong></span> <span class='ocrx_word' id='word_1_246' title='bbox 2019 1926 2311 1997; x_wconf 80' lang='lat' dir='ltr'><strong>Apostolus</strong></span> <span class='ocrx_word' id='word_1_247' title='bbox 2343 1946 2356 1980; x_wconf 89' lang='lat'><strong>:</strong></span> <span class='ocrx_word' id='word_1_248' title='bbox 2387 1925 2523 1992; x_wconf 86' lang='lat' dir='ltr'><strong>Quia</strong></span> <span class='ocrx_word' id='word_1_249' title='bbox 2551 1931 2596 1983; x_wconf 89' lang='lat' dir='ltr'><strong>si</strong></span> <span class='ocrx_word' id='word_1_250' title='bbox 2639 1931 2753 2001; x_wconf 84' lang='lat' dir='ltr'><strong>quis</strong></span> <span class='ocrx_word' id='word_1_251' title='bbox 2783 1929 3026 2000; x_wconf 86' lang='lat' dir='ltr'><strong>templum</strong></span> <span class='ocrx_word' id='word_1_252' title='bbox 3051 1929 3150 1984; x_wconf 90' lang='lat' dir='ltr'><strong>Dei</strong></span> <span class='ocrx_word' id='word_1_253' title='bbox 3190 1931 3470 1996; x_wconf 88' lang='lat' dir='ltr'><strong>violaverit,</strong></span> <span class='ocrx_word' id='word_1_254' title='bbox 3521 1933 3604 1986; x_wconf 82' lang='lat' dir='ltr'><strong>di-</strong></span> 
     </span>
    </p>
   </div>
   <div class='ocr_carea' id='block_1_35' title="bbox 329 2013 3609 2092">
    <p class='ocr_par' dir='ltr' id='par_1_35' title="bbox 329 2013 3609 2092">
     <span class='ocr_line' id='line_1_35' title="bbox 329 2013 3609 2092; baseline 0.002 -22"><span class='ocrx_word' id='word_1_255' title='bbox 329 2013 434 2070; x_wconf 87' lang='lat' dir='ltr'><strong>illis</strong></span> <span class='ocrx_word' id='word_1_256' title='bbox 461 2015 553 2083; x_wconf 85' lang='lat' dir='ltr'><strong>qui</strong></span> <span class='ocrx_word' id='word_1_257' title='bbox 582 2015 634 2069; x_wconf 89' lang='lat' dir='ltr'><strong>in</strong></span> <span class='ocrx_word' id='word_1_258' title='bbox 656 2016 968 2072; x_wconf 89' lang='lat' dir='ltr'><strong>criminibus</strong></span> <span class='ocrx_word' id='word_1_259' title='bbox 994 2026 1312 2087; x_wconf 65' lang='lat' dir='ltr'><strong>prmsentem</strong></span> <span class='ocrx_word' id='word_1_260' title='bbox 1336 2018 1526 2072; x_wconf 84' lang='lat' dir='ltr'><strong>liniunt</strong></span> <span class='ocrx_word' id='word_1_261' title='bbox 1549 2019 1732 2084; x_wconf 91' lang='lat' dir='ltr'><strong>vitam,</strong></span> <span class='ocrx_word' id='word_1_262' title='bbox 1756 2031 1922 2086; x_wconf 69' lang='lat' dir='ltr'><strong>quau-</strong></span> <span class='ocrx_word' id='word_1_263' title='bbox 2020 2019 2224 2088; x_wconf 88' lang='lat' dir='ltr'><strong>sperdet</strong></span> <span class='ocrx_word' id='word_1_264' title='bbox 2249 2019 2396 2072; x_wconf 86' lang='lat' dir='ltr'><strong>illum</strong></span> <span class='ocrx_word' id='word_1_265' title='bbox 2426 2019 2586 2086; x_wconf 88' lang='lat' dir='ltr'><strong>Deus,</strong></span> <span class='ocrx_word' id='word_1_266' title='bbox 2627 2029 2681 2074; x_wconf 90' lang='lat' dir='ltr'><strong>et</strong></span> <span class='ocrx_word' id='word_1_267' title='bbox 2707 2036 2878 2076; x_wconf 87' lang='lat' dir='ltr'><strong>vanus</strong></span> <span class='ocrx_word' id='word_1_268' title='bbox 2900 2021 3064 2075; x_wconf 91' lang='lat' dir='ltr'><strong>homo</strong></span> <span class='ocrx_word' id='word_1_269' title='bbox 3093 2021 3301 2076; x_wconf 89' lang='lat' dir='ltr'><strong>seducit</strong></span> <span class='ocrx_word' id='word_1_270' title='bbox 3321 2038 3438 2078; x_wconf 89' lang='lat' dir='ltr'><strong>sese</strong></span> <span class='ocrx_word' id='word_1_271' title='bbox 3461 2025 3609 2092; x_wconf 84' lang='lat' dir='ltr'><strong>cogi-</strong></span> 
     </span>
    </p>
   </div>
   <div class='ocr_carea' id='block_1_36' title="bbox 329 2105 1919 2176">
    <p class='ocr_par' dir='ltr' id='par_1_36' title="bbox 329 2105 1919 2176">
     <span class='ocr_line' id='line_1_36' title="bbox 329 2105 1919 2176; baseline 0.003 -16"><span class='ocrx_word' id='word_1_272' title='bbox 329 2105 510 2174; x_wconf 88' lang='lat' dir='ltr'><strong>doque</strong></span> <span class='ocrx_word' id='word_1_273' title='bbox 539 2105 868 2176; x_wconf 88' lang='lat' dir='ltr'><strong>insperatam</strong></span> <span class='ocrx_word' id='word_1_274' title='bbox 908 2108 1138 2163; x_wconf 87' lang='lat' dir='ltr'><strong>salutem</strong></span> <span class='ocrx_word' id='word_1_275' title='bbox 1167 2109 1348 2165; x_wconf 89' lang='lat' dir='ltr'><strong>divino</strong></span> <span class='ocrx_word' id='word_1_276' title='bbox 1373 2123 1595 2164; x_wconf 89' lang='lat' dir='ltr'><strong>munere</strong></span> <span class='ocrx_word' id='word_1_277' title='bbox 1635 2109 1919 2165; x_wconf 79' lang='lat' dir='ltr'><strong>conferen-</strong></span> 
     </span>
    </p>
   </div>
   <div class='ocr_carea' id='block_1_37' title="bbox 329 2195 1922 2272">
    <p class='ocr_par' dir='ltr' id='par_1_37' title="bbox 329 2195 1922 2272">
     <span class='ocr_line' id='line_1_37' title="bbox 329 2195 1922 2272; baseline 0.002 -20"><span class='ocrx_word' id='word_1_278' title='bbox 329 2195 478 2252; x_wconf 87' lang='lat' dir='ltr'><strong>dam.</strong></span> <span class='ocrx_word' id='word_1_279' title='bbox 508 2196 782 2252; x_wconf 83' lang='lat' dir='ltr'><strong>Justorum</strong></span> <span class='ocrx_word' id='word_1_280' title='bbox 821 2214 1053 2268; x_wconf 87' lang='lat' dir='ltr'><strong>namque</strong></span> <span class='ocrx_word' id='word_1_281' title='bbox 1093 2201 1365 2272; x_wconf 89' lang='lat' dir='ltr'><strong>insperata</strong></span> <span class='ocrx_word' id='word_1_282' title='bbox 1411 2200 1583 2265; x_wconf 88' lang='lat' dir='ltr'><strong>salus,</strong></span> <span class='ocrx_word' id='word_1_283' title='bbox 1632 2215 1754 2270; x_wconf 67' lang='lat' dir='ltr'><strong>qua:</strong></span> <span class='ocrx_word' id='word_1_284' title='bbox 1794 2201 1922 2256; x_wconf 92' lang='lat' dir='ltr'><strong>licet</strong></span> 
     </span>
    </p>
   </div>
   <div class='ocr_carea' id='block_1_38' title="bbox 331 2287 1922 2363">
    <p class='ocr_par' dir='ltr' id='par_1_38' title="bbox 331 2287 1922 2363">
     <span class='ocr_line' id='line_1_38' title="bbox 331 2287 1922 2363; baseline 0.004 -21"><span class='ocrx_word' id='word_1_285' title='bbox 331 2287 650 2359; x_wconf 77' lang='lat' dir='ltr'><strong>desperatur</strong></span> <span class='ocrx_word' id='word_1_286' title='bbox 677 2291 744 2346; x_wconf 90' lang='lat' dir='ltr'><strong>ab</strong></span> <span class='ocrx_word' id='word_1_287' title='bbox 786 2291 982 2360; x_wconf 91' lang='lat' dir='ltr'><strong>iniquis</strong></span> <span class='ocrx_word' id='word_1_288' title='bbox 1023 2292 1219 2358; x_wconf 89' lang='lat' dir='ltr'><strong>danda,</strong></span> <span class='ocrx_word' id='word_1_289' title='bbox 1259 2301 1439 2348; x_wconf 89' lang='lat' dir='ltr'><strong>tamen</strong></span> <span class='ocrx_word' id='word_1_290' title='bbox 1470 2303 1750 2363; x_wconf 89' lang='lat' dir='ltr'><strong>permanet</strong></span> <span class='ocrx_word' id='word_1_291' title='bbox 1794 2308 1922 2362; x_wconf 86' lang='lat' dir='ltr'><strong>spe-</strong></span> 
     </span>
    </p>
   </div>
   <div class='ocr_carea' id='block_1_39' title="bbox 333 2380 1922 2455">
    <p class='ocr_par' dir='ltr' id='par_1_39' title="bbox 333 2380 1922 2455">
     <span class='ocr_line' id='line_1_39' title="bbox 333 2380 1922 2455; baseline 0.005 -23"><span class='ocrx_word' id='word_1_292' title='bbox 333 2380 575 2436; x_wconf 85' lang='lat' dir='ltr'><strong>rantibus</strong></span> <span class='ocrx_word' id='word_1_293' title='bbox 595 2380 774 2450; x_wconf 90' lang='lat' dir='ltr'><strong>iustis.</strong></span> <span class='ocrx_word' id='word_1_294' title='bbox 801 2381 952 2438; x_wconf 86' lang='lat' dir='ltr'><strong>Unde</strong></span> <span class='ocrx_word' id='word_1_295' title='bbox 981 2383 1170 2439; x_wconf 88' lang='lat' dir='ltr'><strong>beatus</strong></span> <span class='ocrx_word' id='word_1_296' title='bbox 1195 2383 1364 2439; x_wconf 87' lang='lat' dir='ltr'><strong>David</strong></span> <span class='ocrx_word' id='word_1_297' title='bbox 1391 2399 1551 2439; x_wconf 89' lang='lat' dir='ltr'><strong>unam</strong></span> <span class='ocrx_word' id='word_1_298' title='bbox 1588 2385 1777 2455; x_wconf 88' lang='lat' dir='ltr'><strong>psalmi</strong></span> <span class='ocrx_word' id='word_1_299' title='bbox 1800 2385 1922 2440; x_wconf 87' lang='lat' dir='ltr'><strong>loco</strong></span> 
     </span>
    </p>
   </div>
   <div class='ocr_carea' id='block_1_40' title="bbox 333 2471 1922 2542">
    <p class='ocr_par' dir='ltr' id='par_1_40' title="bbox 333 2471 1922 2542">
     <span class='ocr_line' id='line_1_40' title="bbox 333 2471 1922 2542; baseline 0.005 -17"><span class='ocrx_word' id='word_1_300' title='bbox 333 2485 484 2542; x_wconf 89' lang='lat' dir='ltr'><strong>spem</strong></span> <span class='ocrx_word' id='word_1_301' title='bbox 529 2471 796 2540; x_wconf 90' lang='lat' dir='ltr'><strong>iustorum</strong></span> <span class='ocrx_word' id='word_1_302' title='bbox 841 2475 1040 2529; x_wconf 87' lang='lat' dir='ltr'><strong>cecinit</strong></span> <span class='ocrx_word' id='word_1_303' title='bbox 1083 2482 1139 2530; x_wconf 89' lang='lat' dir='ltr'><strong>et</strong></span> <span class='ocrx_word' id='word_1_304' title='bbox 1183 2476 1432 2542; x_wconf 89' lang='lat' dir='ltr'><strong>salutem,</strong></span> <span class='ocrx_word' id='word_1_305' title='bbox 1478 2477 1665 2532; x_wconf 91' lang='lat' dir='ltr'><strong>dicens</strong></span> <span class='ocrx_word' id='word_1_306' title='bbox 1707 2496 1720 2531; x_wconf 91' lang='lat'>:</span> <span class='ocrx_word' id='word_1_307' title='bbox 1765 2477 1922 2533; x_wconf 88' lang='lat' dir='ltr'><strong>Salus</strong></span> 
     </span>
    </p>
   </div>
   <div class='ocr_carea' id='block_1_41' title="bbox 333 2563 1922 2638">
    <p class='ocr_par' dir='ltr' id='par_1_41' title="bbox 333 2563 1922 2638">
     <span class='ocr_line' id='line_1_41' title="bbox 333 2563 1922 2638; baseline 0.005 -23"><span class='ocrx_word' id='word_1_308' title='bbox 333 2573 505 2616; x_wconf 86' lang='lat' dir='ltr'><strong>autem</strong></span> <span class='ocrx_word' id='word_1_309' title='bbox 525 2563 789 2632; x_wconf 87' lang='lat' dir='ltr'><strong>justorum</strong></span> <span class='ocrx_word' id='word_1_310' title='bbox 813 2582 845 2618; x_wconf 91' lang='lat' dir='ltr'><strong>a</strong></span> <span class='ocrx_word' id='word_1_311' title='bbox 881 2564 1130 2634; x_wconf 85' lang='lat' dir='ltr'><strong>Domino,</strong></span> <span class='ocrx_word' id='word_1_312' title='bbox 1175 2576 1225 2620; x_wconf 92' lang='lat' dir='ltr'><strong>et</strong></span> <span class='ocrx_word' id='word_1_313' title='bbox 1262 2577 1522 2638; x_wconf 84' lang='lat' dir='ltr'><strong>protector</strong></span> <span class='ocrx_word' id='word_1_314' title='bbox 1565 2585 1741 2622; x_wconf 88' lang='lat' dir='ltr'><strong>eorum</strong></span> <span class='ocrx_word' id='word_1_315' title='bbox 1764 2579 1842 2623; x_wconf 86' lang='lat' dir='ltr'><strong>est</strong></span> <span class='ocrx_word' id='word_1_316' title='bbox 1869 2571 1922 2623; x_wconf 90' lang='lat' dir='ltr'><strong>in</strong></span> 
     </span>
    </p>
   </div>
   <div class='ocr_carea' id='block_1_42' title="bbox 335 2653 1924 2726">
    <p class='ocr_par' dir='ltr' id='par_1_42' title="bbox 335 2653 1924 2726">
     <span class='ocr_line' id='line_1_42' title="bbox 335 2653 1924 2726; baseline 0.004 -20"><span class='ocrx_word' id='word_1_317' title='bbox 335 2661 560 2723; x_wconf 79' lang='lat' dir='ltr'><strong>tempore</strong></span> <span class='ocrx_word' id='word_1_318' title='bbox 605 2653 992 2709; x_wconf 88' lang='lat' dir='ltr'><strong>tribulationis:</strong></span> <span class='ocrx_word' id='word_1_319' title='bbox 1023 2666 1073 2708; x_wconf 88' lang='lat' dir='ltr'><strong>et</strong></span> <span class='ocrx_word' id='word_1_320' title='bbox 1119 2656 1385 2726; x_wconf 78' lang='lat' dir='ltr'><strong>adiuvabit</strong></span> <span class='ocrx_word' id='word_1_321' title='bbox 1431 2674 1518 2711; x_wconf 88' lang='lat' dir='ltr'><strong>eos</strong></span> <span class='ocrx_word' id='word_1_322' title='bbox 1553 2657 1829 2726; x_wconf 86' lang='lat' dir='ltr'><strong>Dominus,</strong></span> <span class='ocrx_word' id='word_1_323' title='bbox 1873 2668 1924 2713; x_wconf 89' lang='lat' dir='ltr'><strong>et</strong></span> 
     </span>
    </p>
   </div>
   <div class='ocr_carea' id='block_1_43' title="bbox 333 2741 1926 2819">
    <p class='ocr_par' dir='ltr' id='par_1_43' title="bbox 333 2741 1926 2819">
     <span class='ocr_line' id='line_1_43' title="bbox 333 2741 1926 2819; baseline 0.005 -23"><span class='ocrx_word' id='word_1_324' title='bbox 333 2741 574 2796; x_wconf 81' lang='lat' dir='ltr'><strong>liberabit</strong></span> <span class='ocrx_word' id='word_1_325' title='bbox 613 2760 717 2809; x_wconf 89' lang='lat' dir='ltr'><strong>eos,</strong></span> <span class='ocrx_word' id='word_1_326' title='bbox 771 2754 820 2799; x_wconf 92' lang='lat' dir='ltr'><strong>et</strong></span> <span class='ocrx_word' id='word_1_327' title='bbox 857 2747 1038 2816; x_wconf 88' lang='lat' dir='ltr'><strong>eripiet</strong></span> <span class='ocrx_word' id='word_1_328' title='bbox 1079 2763 1165 2801; x_wconf 89' lang='lat' dir='ltr'><strong>eos</strong></span> <span class='ocrx_word' id='word_1_329' title='bbox 1201 2765 1233 2800; x_wconf 91' lang='lat' dir='ltr'><strong>a</strong></span> <span class='ocrx_word' id='word_1_330' title='bbox 1261 2747 1647 2819; x_wconf 83' lang='lat' dir='ltr'><strong>peccatoribus,</strong></span> <span class='ocrx_word' id='word_1_331' title='bbox 1680 2759 1729 2802; x_wconf 91' lang='lat' dir='ltr'><strong>et</strong></span> <span class='ocrx_word' id='word_1_332' title='bbox 1755 2749 1926 2804; x_wconf 82' lang='lat' dir='ltr'><strong>salvos</strong></span> 
     </span>
    </p>
   </div>
   <div class='ocr_carea' id='block_1_44' title="bbox 338 2834 1923 2908">
    <p class='ocr_par' dir='ltr' id='par_1_44' title="bbox 338 2834 1923 2908">
     <span class='ocr_line' id='line_1_44' title="bbox 338 2834 1923 2908; baseline 0.004 -22"><span class='ocrx_word' id='word_1_333' title='bbox 338 2834 496 2904; x_wconf 72' lang='lat' dir='ltr'><strong>faciet</strong></span> <span class='ocrx_word' id='word_1_334' title='bbox 522 2850 629 2902; x_wconf 90' lang='lat' dir='ltr'><strong>eos,</strong></span> <span class='ocrx_word' id='word_1_335' title='bbox 673 2837 916 2906; x_wconf 86' lang='lat' dir='ltr'><strong>quoniam</strong></span> <span class='ocrx_word' id='word_1_336' title='bbox 955 2846 1288 2906; x_wconf 79' lang='lat' dir='ltr'><strong>speraverant</strong></span> <span class='ocrx_word' id='word_1_337' title='bbox 1325 2838 1380 2890; x_wconf 90' lang='lat' dir='ltr'><strong>in</strong></span> <span class='ocrx_word' id='word_1_338' title='bbox 1401 2853 1518 2890; x_wconf 88' lang='lat' dir='ltr'><strong>eum</strong></span> <span class='ocrx_word' id='word_1_339' title='bbox 1543 2836 1717 2908; x_wconf 82' lang='lat' dir='ltr'><strong>(Psal.</strong></span> <span class='ocrx_word' id='word_1_340' title='bbox 1742 2854 1923 2903; x_wconf 72' lang='lat' dir='ltr'><strong>xxxvr,</strong></span> 
     </span>
    </p>
   </div>
   <div class='ocr_carea' id='block_1_45' title="bbox 338 2921 1926 2997">
    <p class='ocr_par' dir='ltr' id='par_1_45' title="bbox 338 2921 1926 2997">
     <span class='ocr_line' id='line_1_45' title="bbox 338 2921 1926 2997; baseline 0.004 -21"><span class='ocrx_word' id='word_1_341' title='bbox 338 2921 428 2988; x_wconf 75' lang='lat'><strong>39,</strong></span> <span class='ocrx_word' id='word_1_342' title='bbox 460 2921 571 2994; x_wconf 81' lang='grc'><strong>40).</strong></span> <span class='ocrx_word' id='word_1_343' title='bbox 608 2923 742 2979; x_wconf 87' lang='lat' dir='ltr'><strong>Hinc</strong></span> <span class='ocrx_word' id='word_1_344' title='bbox 770 2933 850 2978; x_wconf 88' lang='lat' dir='ltr'><strong>est</strong></span> <span class='ocrx_word' id='word_1_345' title='bbox 875 2925 1020 2995; x_wconf 88' lang='lat' dir='ltr'><strong>quod</strong></span> <span class='ocrx_word' id='word_1_346' title='bbox 1051 2926 1217 2997; x_wconf 92' lang='lat' dir='ltr'><strong>iniqui</strong></span> <span class='ocrx_word' id='word_1_347' title='bbox 1248 2927 1464 2982; x_wconf 67' lang='lat' dir='ltr'><strong>atternis</strong></span> <span class='ocrx_word' id='word_1_348' title='bbox 1492 2927 1778 2997; x_wconf 88' lang='lat' dir='ltr'><strong>deputandi</strong></span> <span class='ocrx_word' id='word_1_349' title='bbox 1810 2936 1926 2983; x_wconf 83' lang='lat' dir='ltr'><strong>tor-</strong></span> 
     </span>
    </p>
   </div>
   <div class='ocr_carea' id='block_1_46' title="bbox 339 3015 1928 3093">
    <p class='ocr_par' dir='ltr' id='par_1_46' title="bbox 339 3015 1928 3093">
     <span class='ocr_line' id='line_1_46' title="bbox 339 3015 1928 3093; baseline 0.005 -25"><span class='ocrx_word' id='word_1_350' title='bbox 339 3015 536 3070; x_wconf 88' lang='lat' dir='ltr'><strong>mentis</strong></span> <span class='ocrx_word' id='word_1_351' title='bbox 560 3016 753 3070; x_wconf 88' lang='lat' dir='ltr'><strong>dicturi</strong></span> <span class='ocrx_word' id='word_1_352' title='bbox 780 3027 905 3072; x_wconf 91' lang='lat' dir='ltr'><strong>sunt</strong></span> <span class='ocrx_word' id='word_1_353' title='bbox 934 3019 1002 3074; x_wconf 92' lang='lat' dir='ltr'><strong>de</strong></span> <span class='ocrx_word' id='word_1_354' title='bbox 1037 3019 1236 3088; x_wconf 85' lang='lat' dir='ltr'><strong>iustis:</strong></span> <span class='ocrx_word' id='word_1_355' title='bbox 1271 3019 1482 3074; x_wconf 85' lang='lat' dir='ltr'><strong>Hisunt</strong></span> <span class='ocrx_word' id='word_1_356' title='bbox 1510 3038 1633 3093; x_wconf 88' lang='lat' dir='ltr'><strong>quos</strong></span> <span class='ocrx_word' id='word_1_357' title='bbox 1660 3021 1928 3076; x_wconf 85' lang='lat' dir='ltr'><strong>habuimus</strong></span> 
     </span>
    </p>
   </div>
   <div class='ocr_carea' id='block_1_47' title="bbox 341 3105 1928 3182">
    <p class='ocr_par' dir='ltr' id='par_1_47' title="bbox 341 3105 1928 3182">
     <span class='ocr_line' id='line_1_47' title="bbox 341 3105 1928 3182; baseline 0.004 -24"><span class='ocrx_word' id='word_1_358' title='bbox 341 3105 619 3177; x_wconf 84' lang='lat' dir='ltr'><strong>aliquando</strong></span> <span class='ocrx_word' id='word_1_359' title='bbox 664 3107 719 3161; x_wconf 89' lang='lat' dir='ltr'><strong>in</strong></span> <span class='ocrx_word' id='word_1_360' title='bbox 750 3109 980 3162; x_wconf 91' lang='lat' dir='ltr'><strong>derisum</strong></span> <span class='ocrx_word' id='word_1_361' title='bbox 1027 3120 1076 3163; x_wconf 91' lang='lat' dir='ltr'><strong>et</strong></span> <span class='ocrx_word' id='word_1_362' title='bbox 1104 3111 1157 3162; x_wconf 89' lang='lat' dir='ltr'><strong>in</strong></span> <span class='ocrx_word' id='word_1_363' title='bbox 1183 3111 1570 3165; x_wconf 88' lang='lat' dir='ltr'><strong>similitudinem</strong></span> <span class='ocrx_word' id='word_1_364' title='bbox 1600 3112 1928 3182; x_wconf 86' lang='lat' dir='ltr'><strong>improperii;</strong></span> 
     </span>
    </p>
   </div>
   <div class='ocr_carea' id='block_1_48' title="bbox 342 3200 1930 3269">
    <p class='ocr_par' dir='ltr' id='par_1_48' title="bbox 342 3200 1930 3269">
     <span class='ocr_line' id='line_1_48' title="bbox 342 3200 1930 3269; baseline 0.004 -17"><span class='ocrx_word' id='word_1_365' title='bbox 342 3215 438 3253; x_wconf 86' lang='lat' dir='ltr'><strong>nos</strong></span> <span class='ocrx_word' id='word_1_366' title='bbox 460 3200 710 3253; x_wconf 87' lang='lat' dir='ltr'><strong>insensati</strong></span> <span class='ocrx_word' id='word_1_367' title='bbox 730 3201 884 3254; x_wconf 89' lang='lat' dir='ltr'><strong>vitam</strong></span> <span class='ocrx_word' id='word_1_368' title='bbox 913 3202 1119 3256; x_wconf 89' lang='lat' dir='ltr'><strong>illorum</strong></span> <span class='ocrx_word' id='word_1_369' title='bbox 1163 3203 1544 3258; x_wconf 84' lang='lat' dir='ltr'><strong>cestimabamus</strong></span> <span class='ocrx_word' id='word_1_370' title='bbox 1569 3206 1848 3269; x_wconf 78' lang='lat' dir='ltr'><strong>insaniam,</strong></span> <span class='ocrx_word' id='word_1_371' title='bbox 1879 3215 1930 3258; x_wconf 89' lang='lat' dir='ltr'><strong>et</strong></span> 
     </span>
    </p>
   </div>
   <div class='ocr_carea' id='block_1_49' title="bbox 2023 2108 3610 2180">
    <p class='ocr_par' dir='ltr' id='par_1_49' title="bbox 2023 2108 3610 2180">
     <span class='ocr_line' id='line_1_49' title="bbox 2023 2108 3610 2180; baseline 0.004 -18"><span class='ocrx_word' id='word_1_372' title='bbox 2023 2108 2230 2163; x_wconf 81' lang='lat' dir='ltr'><strong>talione</strong></span> <span class='ocrx_word' id='word_1_373' title='bbox 2277 2109 2624 2177; x_wconf 89' lang='lat' dir='ltr'><strong>nequissima,</strong></span> <span class='ocrx_word' id='word_1_374' title='bbox 2673 2110 2860 2164; x_wconf 92' lang='lat' dir='ltr'><strong>dicens</strong></span> <span class='ocrx_word' id='word_1_375' title='bbox 2895 2128 2908 2162; x_wconf 91' lang='lat'><strong>:</strong></span> <span class='ocrx_word' id='word_1_376' title='bbox 2939 2109 3159 2165; x_wconf 88' lang='lat' dir='ltr'><strong>Etiamsi</strong></span> <span class='ocrx_word' id='word_1_377' title='bbox 3208 2112 3467 2180; x_wconf 90' lang='lat' dir='ltr'><strong>templum</strong></span> <span class='ocrx_word' id='word_1_378' title='bbox 3511 2111 3610 2168; x_wconf 88' lang='lat' dir='ltr'><strong>Dei</strong></span> 
     </span>
    </p>
   </div>
   <div class='ocr_carea' id='block_1_50' title="bbox 2021 2200 3606 2270">
    <p class='ocr_par' dir='ltr' id='par_1_50' title="bbox 2021 2200 3606 2270">
     <span class='ocr_line' id='line_1_50' title="bbox 2021 2200 3606 2270; baseline 0.003 -17"><span class='ocrx_word' id='word_1_379' title='bbox 2021 2200 2316 2265; x_wconf 90' lang='lat' dir='ltr'><strong>violavero,</strong></span> <span class='ocrx_word' id='word_1_380' title='bbox 2346 2208 2402 2254; x_wconf 90' lang='lat' dir='ltr'><strong>et</strong></span> <span class='ocrx_word' id='word_1_381' title='bbox 2428 2216 2598 2270; x_wconf 85' lang='lat' dir='ltr'><strong>usque</strong></span> <span class='ocrx_word' id='word_1_382' title='bbox 2621 2201 2674 2255; x_wconf 90' lang='lat' dir='ltr'><strong>in</strong></span> <span class='ocrx_word' id='word_1_383' title='bbox 2704 2200 2862 2255; x_wconf 86' lang='lat' dir='ltr'><strong>linem</strong></span> <span class='ocrx_word' id='word_1_384' title='bbox 2889 2202 3029 2256; x_wconf 89' lang='lat' dir='ltr'><strong>male</strong></span> <span class='ocrx_word' id='word_1_385' title='bbox 3054 2202 3260 2268; x_wconf 79' lang='lat' dir='ltr'><strong>vixero,</strong></span> <span class='ocrx_word' id='word_1_386' title='bbox 3289 2203 3468 2258; x_wconf 88' lang='lat' dir='ltr'><strong>salvus</strong></span> <span class='ocrx_word' id='word_1_387' title='bbox 3490 2219 3606 2260; x_wconf 92' lang='lat' dir='ltr'><strong>ero.</strong></span> 
     </span>
    </p>
   </div>
   <div class='ocr_carea' id='block_1_51' title="bbox 2024 2290 3610 2363">
    <p class='ocr_par' dir='ltr' id='par_1_51' title="bbox 2024 2290 3610 2363">
     <span class='ocr_line' id='line_1_51' title="bbox 2024 2290 3610 2363; baseline 0.003 -19"><span class='ocrx_word' id='word_1_388' title='bbox 2024 2290 2273 2361; x_wconf 87' lang='lat' dir='ltr'><strong>Nunquid</strong></span> <span class='ocrx_word' id='word_1_389' title='bbox 2321 2307 2426 2345; x_wconf 93' lang='lat' dir='ltr'><strong>non</strong></span> <span class='ocrx_word' id='word_1_390' title='bbox 2459 2293 2656 2347; x_wconf 85' lang='lat' dir='ltr'><strong>talibus</strong></span> <span class='ocrx_word' id='word_1_391' title='bbox 2692 2292 2824 2347; x_wconf 89' lang='lat' dir='ltr'><strong>dicit</strong></span> <span class='ocrx_word' id='word_1_392' title='bbox 2854 2291 3160 2362; x_wconf 85' lang='lat' dir='ltr'><strong>Apostolus,</strong></span> <span class='ocrx_word' id='word_1_393' title='bbox 3213 2293 3338 2363; x_wconf 90' lang='lat' dir='ltr'><strong>quia</strong></span> <span class='ocrx_word' id='word_1_394' title='bbox 3383 2294 3610 2349; x_wconf 88' lang='lat' dir='ltr'><strong>dicunt:</strong></span> 
     </span>
    </p>
   </div>
   <div class='ocr_carea' id='block_1_52' title="bbox 2022 2380 3612 2454">
    <p class='ocr_par' dir='ltr' id='par_1_52' title="bbox 2022 2380 3612 2454">
     <span class='ocr_line' id='line_1_52' title="bbox 2022 2380 3612 2454; baseline 0.003 -20"><span class='ocrx_word' id='word_1_395' title='bbox 2022 2380 2310 2436; x_wconf 79' lang='lat' dir='ltr'><strong>Faciamus</strong></span> <span class='ocrx_word' id='word_1_396' title='bbox 2333 2381 2493 2447; x_wconf 90' lang='lat' dir='ltr'><strong>mala,</strong></span> <span class='ocrx_word' id='word_1_397' title='bbox 2544 2391 2598 2434; x_wconf 86' lang='lat' dir='ltr'><strong>ut</strong></span> <span class='ocrx_word' id='word_1_398' title='bbox 2644 2384 2853 2436; x_wconf 88' lang='lat' dir='ltr'><strong>veniant</strong></span> <span class='ocrx_word' id='word_1_399' title='bbox 2899 2382 3054 2449; x_wconf 89' lang='lat' dir='ltr'><strong>bona,</strong></span> <span class='ocrx_word' id='word_1_400' title='bbox 3094 2400 3310 2454; x_wconf 87' lang='lat' dir='ltr'><strong>quorum</strong></span> <span class='ocrx_word' id='word_1_401' title='bbox 3347 2384 3612 2439; x_wconf 83' lang='lat' dir='ltr'><strong>damnatio</strong></span> 
     </span>
    </p>
   </div>
   <div class='ocr_carea' id='block_1_53' title="bbox 2017 2472 3612 2546">
    <p class='ocr_par' dir='ltr' id='par_1_53' title="bbox 2017 2472 3612 2546">
     <span class='ocr_line' id='line_1_53' title="bbox 2017 2472 3612 2546; baseline 0 -18"><span class='ocrx_word' id='word_1_402' title='bbox 2017 2475 2163 2546; x_wconf 84' lang='lat' dir='ltr'><strong>justa</strong></span> <span class='ocrx_word' id='word_1_403' title='bbox 2203 2483 2280 2530; x_wconf 92' lang='lat' dir='ltr'><strong>est</strong></span> <span class='ocrx_word' id='word_1_404' title='bbox 2311 2473 2490 2542; x_wconf 82' lang='lat' dir='ltr'><strong>(Rom.</strong></span> <span class='ocrx_word' id='word_1_405' title='bbox 2521 2489 2600 2541; x_wconf 89' lang='grc' dir='ltr'><strong>ιιι,</strong></span> <span class='ocrx_word' id='word_1_406' title='bbox 2646 2472 2722 2544; x_wconf 93' lang='grc'><strong>8).</strong></span> <span class='ocrx_word' id='word_1_407' title='bbox 2773 2473 2962 2529; x_wconf 83' lang='lat' dir='ltr'><strong>Nonne</strong></span> <span class='ocrx_word' id='word_1_408' title='bbox 2991 2475 3046 2528; x_wconf 89' lang='lat' dir='ltr'><strong>hi</strong></span> <span class='ocrx_word' id='word_1_409' title='bbox 3091 2482 3218 2529; x_wconf 87' lang='lat' dir='ltr'><strong>sunt</strong></span> <span class='ocrx_word' id='word_1_410' title='bbox 3254 2489 3391 2544; x_wconf 89' lang='lat' dir='ltr'><strong>quos</strong></span> <span class='ocrx_word' id='word_1_411' title='bbox 3427 2484 3612 2530; x_wconf 88' lang='lat' dir='ltr'><strong>sancta</strong></span> 
     </span>
    </p>
   </div>
   <div class='ocr_carea' id='block_1_54' title="bbox 2025 2563 3613 2635">
    <p class='ocr_par' dir='ltr' id='par_1_54' title="bbox 2025 2563 3613 2635">
     <span class='ocr_line' id='line_1_54' title="bbox 2025 2563 3613 2635; baseline 0.001 -17"><span class='ocrx_word' id='word_1_412' title='bbox 2025 2563 2302 2633; x_wconf 86' lang='lat' dir='ltr'><strong>Scriptura</strong></span> <span class='ocrx_word' id='word_1_413' title='bbox 2326 2563 2566 2618; x_wconf 79' lang='lat' dir='ltr'><strong>infelices</strong></span> <span class='ocrx_word' id='word_1_414' title='bbox 2587 2564 2845 2635; x_wconf 88' lang='lat' dir='ltr'><strong>appellat,</strong></span> <span class='ocrx_word' id='word_1_415' title='bbox 2870 2580 3129 2634; x_wconf 88' lang='lat' dir='ltr'><strong>spemque</strong></span> <span class='ocrx_word' id='word_1_416' title='bbox 3153 2565 3365 2620; x_wconf 90' lang='lat' dir='ltr'><strong>illorum</strong></span> <span class='ocrx_word' id='word_1_417' title='bbox 3391 2582 3613 2622; x_wconf 83' lang='lat' dir='ltr'><strong>vacuam</strong></span> 
     </span>
    </p>
   </div>
   <div class='ocr_carea' id='block_1_55' title="bbox 2025 2654 3616 2726">
    <p class='ocr_par' dir='ltr' id='par_1_55' title="bbox 2025 2654 3616 2726">
     <span class='ocr_line' id='line_1_55' title="bbox 2025 2654 3616 2726; baseline 0.001 -17"><span class='ocrx_word' id='word_1_418' title='bbox 2025 2654 2246 2709; x_wconf 85' lang='lat' dir='ltr'><strong>omnino</strong></span> <span class='ocrx_word' id='word_1_419' title='bbox 2275 2655 2605 2722; x_wconf 87' lang='lat' dir='ltr'><strong>pronuntiat,</strong></span> <span class='ocrx_word' id='word_1_420' title='bbox 2632 2655 2818 2709; x_wconf 88' lang='lat' dir='ltr'><strong>dicens</strong></span> <span class='ocrx_word' id='word_1_421' title='bbox 2836 2672 2848 2707; x_wconf 91' lang='lat'>:</span> <span class='ocrx_word' id='word_1_422' title='bbox 2865 2654 3192 2726; x_wconf 89' lang='lat' dir='ltr'><strong>Sapientiam</strong></span> <span class='ocrx_word' id='word_1_423' title='bbox 3216 2666 3265 2709; x_wconf 89' lang='lat' dir='ltr'><strong>et</strong></span> <span class='ocrx_word' id='word_1_424' title='bbox 3283 2657 3616 2726; x_wconf 83' lang='lat' dir='ltr'><strong>disciplinam</strong></span> 
     </span>
    </p>
   </div>
   <div class='ocr_carea' id='block_1_56' title="bbox 2025 2745 3614 2817">
    <p class='ocr_par' dir='ltr' id='par_1_56' title="bbox 2025 2745 3614 2817">
     <span class='ocr_line' id='line_1_56' title="bbox 2025 2745 3614 2817; baseline 0.001 -18"><span class='ocrx_word' id='word_1_425' title='bbox 2025 2747 2110 2817; x_wconf 88' lang='lat' dir='ltr'><strong>qui</strong></span> <span class='ocrx_word' id='word_1_426' title='bbox 2139 2745 2316 2816; x_wconf 80' lang='lat' dir='ltr'><strong>objicit</strong></span> <span class='ocrx_word' id='word_1_427' title='bbox 2344 2745 2529 2816; x_wconf 74' lang='lat' dir='ltr'><strong>infelix</strong></span> <span class='ocrx_word' id='word_1_428' title='bbox 2557 2754 2653 2813; x_wconf 89' lang='lat' dir='ltr'><strong>est,</strong></span> <span class='ocrx_word' id='word_1_429' title='bbox 2682 2755 2732 2798; x_wconf 90' lang='lat' dir='ltr'><strong>et</strong></span> <span class='ocrx_word' id='word_1_430' title='bbox 2758 2763 2915 2799; x_wconf 90' lang='lat' dir='ltr'><strong>vacua</strong></span> <span class='ocrx_word' id='word_1_431' title='bbox 2943 2757 3019 2800; x_wconf 89' lang='lat' dir='ltr'><strong>est</strong></span> <span class='ocrx_word' id='word_1_432' title='bbox 3047 2763 3163 2815; x_wconf 87' lang='lat' dir='ltr'><strong>spes</strong></span> <span class='ocrx_word' id='word_1_433' title='bbox 3191 2747 3421 2814; x_wconf 85' lang='lat' dir='ltr'><strong>illorum,</strong></span> <span class='ocrx_word' id='word_1_434' title='bbox 3453 2756 3502 2802; x_wconf 90' lang='lat' dir='ltr'><strong>et</strong></span> <span class='ocrx_word' id='word_1_435' title='bbox 3532 2749 3614 2801; x_wconf 87' lang='lat' dir='ltr'><strong>la-</strong></span> 
     </span>
    </p>
   </div>
   <div class='ocr_carea' id='block_1_57' title="bbox 2027 2835 2961 2908">
    <p class='ocr_par' dir='ltr' id='par_1_57' title="bbox 2027 2835 2961 2908">
     <span class='ocr_line' id='line_1_57' title="bbox 2027 2835 2961 2908; baseline 0.002 -20"><span class='ocrx_word' id='word_1_436' title='bbox 2027 2836 2171 2891; x_wconf 85' lang='lat' dir='ltr'><strong>bores</strong></span> <span class='ocrx_word' id='word_1_437' title='bbox 2201 2839 2313 2890; x_wconf 90' lang='lat' dir='ltr'><strong>sine</strong></span> <span class='ocrx_word' id='word_1_438' title='bbox 2341 2839 2509 2908; x_wconf 80' lang='lat' dir='ltr'><strong>i&#39;ructu</strong></span> <span class='ocrx_word' id='word_1_439' title='bbox 2537 2836 2691 2908; x_wconf 88' lang='lat' dir='ltr'><strong>(Sap.</strong></span> <span class='ocrx_word' id='word_1_440' title='bbox 2723 2854 2799 2902; x_wconf 85' lang='grc' dir='ltr'>ιιι,</span> <span class='ocrx_word' id='word_1_441' title='bbox 2834 2835 2961 2906; x_wconf 86' lang='lat' dir='ltr'><strong>H)?</strong></span> 
     </span>
    </p>
   </div>
   <div class='ocr_carea' id='block_1_58' title="bbox 2531 2949 2990 3050">
    <p class='ocr_par' dir='ltr' id='par_1_58' title="bbox 2531 2949 2990 3050">
     <span class='ocr_line' id='line_1_58' title="bbox 2531 2949 2990 3050; baseline 0.011 -7"><span class='ocrx_word' id='word_1_442' title='bbox 2531 3041 2535 3043; x_wconf 83' lang='lat'><strong>.</strong></span> <span class='ocrx_word' id='word_1_443' title='bbox 2634 2992 2864 3050; x_wconf 84' lang='lat' dir='ltr'><strong>CAPUT</strong></span> <span class='ocrx_word' id='word_1_444' title='bbox 2899 2949 2990 3048; x_wconf 60' lang='grc' dir='ltr'><strong>ἰν.</strong></span> 
     </span>
    </p>
   </div>
   <div class='ocr_carea' id='block_1_59' title="bbox 2099 3115 3617 3188">
    <p class='ocr_par' dir='ltr' id='par_1_59' title="bbox 2099 3115 3617 3188">
     <span class='ocr_line' id='line_1_59' title="bbox 2099 3115 3617 3188; baseline -0.002 -15"><span class='ocrx_word' id='word_1_445' title='bbox 2099 3117 2252 3174; x_wconf 91' lang='lat' dir='ltr'><strong>Salus</strong></span> <span class='ocrx_word' id='word_1_446' title='bbox 2291 3118 2377 3172; x_wconf 92' lang='lat' dir='ltr'><strong>illa</strong></span> <span class='ocrx_word' id='word_1_447' title='bbox 2415 3117 2575 3186; x_wconf 80' lang='lat' dir='ltr'><strong>igitur</strong></span> <span class='ocrx_word' id='word_1_448' title='bbox 2615 3133 2722 3172; x_wconf 88' lang='lat' dir='ltr'><strong>non</strong></span> <span class='ocrx_word' id='word_1_449' title='bbox 2765 3117 2979 3172; x_wconf 92' lang='lat' dir='ltr'><strong>dabitur</strong></span> <span class='ocrx_word' id='word_1_450' title='bbox 3007 3116 3236 3185; x_wconf 88' lang='lat' dir='ltr'><strong>iniquis,</strong></span> <span class='ocrx_word' id='word_1_451' title='bbox 3283 3117 3380 3172; x_wconf 89' lang='lat' dir='ltr'><strong>sed</strong></span> <span class='ocrx_word' id='word_1_452' title='bbox 3415 3115 3617 3188; x_wconf 88' lang='lat' dir='ltr'><strong>iustis:</strong></span> 
     </span>
    </p>
   </div>
   <div class='ocr_carea' id='block_1_60' title="bbox 2029 3205 3619 3276">
    <p class='ocr_par' dir='ltr' id='par_1_60' title="bbox 2029 3205 3619 3276">
     <span class='ocr_line' id='line_1_60' title="bbox 2029 3205 3619 3276; baseline -0.001 -14"><span class='ocrx_word' id='word_1_453' title='bbox 2029 3216 2156 3264; x_wconf 87' lang='lat' dir='ltr'><strong>ante</strong></span> <span class='ocrx_word' id='word_1_454' title='bbox 2196 3206 2354 3262; x_wconf 78' lang='lat' dir='ltr'><strong>linem</strong></span> <span class='ocrx_word' id='word_1_455' title='bbox 2385 3207 2591 3262; x_wconf 90' lang='lat' dir='ltr'><strong>scilicet</strong></span> <span class='ocrx_word' id='word_1_456' title='bbox 2633 3205 2793 3275; x_wconf 88' lang='lat' dir='ltr'><strong>hujus</strong></span> <span class='ocrx_word' id='word_1_457' title='bbox 2840 3207 2963 3260; x_wconf 72' lang='lat' dir='ltr'><strong>vita:</strong></span> <span class='ocrx_word' id='word_1_458' title='bbox 3007 3206 3265 3261; x_wconf 89' lang='lat' dir='ltr'><strong>correctis</strong></span> <span class='ocrx_word' id='word_1_459' title='bbox 3306 3215 3467 3276; x_wconf 89' lang='lat' dir='ltr'><strong>atque</strong></span> <span class='ocrx_word' id='word_1_460' title='bbox 3490 3223 3619 3265; x_wconf 89' lang='lat' dir='ltr'><strong>con-</strong></span> 
     </span>
    </p>
   </div>
   <div class='ocr_carea' id='block_1_61' title="bbox 343 3291 3621 3365">
    <p class='ocr_par' dir='ltr' id='par_1_61' title="bbox 343 3291 3621 3365">
     <span class='ocr_line' id='line_1_61' title="bbox 343 3291 3621 3365; baseline 0.003 -22"><span class='ocrx_word' id='word_1_461' title='bbox 343 3292 500 3361; x_wconf 74' lang='lat' dir='ltr'><strong>ﬁnem</strong></span> <span class='ocrx_word' id='word_1_462' title='bbox 523 3291 727 3344; x_wconf 90' lang='lat' dir='ltr'><strong>illorum</strong></span> <span class='ocrx_word' id='word_1_463' title='bbox 763 3292 873 3345; x_wconf 87' lang='lat' dir='ltr'><strong>sine</strong></span> <span class='ocrx_word' id='word_1_464' title='bbox 899 3293 1109 3347; x_wconf 85' lang='lat' dir='ltr'><strong>honore.</strong></span> <span class='ocrx_word' id='word_1_465' title='bbox 1153 3293 1280 3350; x_wconf 73' lang='lat' dir='ltr'><strong>Hmc</strong></span> <span class='ocrx_word' id='word_1_466' title='bbox 1321 3303 1406 3350; x_wconf 87' lang='lat' dir='ltr'><strong>est</strong></span> <span class='ocrx_word' id='word_1_467' title='bbox 1449 3295 1718 3365; x_wconf 86' lang='lat' dir='ltr'><strong>insperata</strong></span> <span class='ocrx_word' id='word_1_468' title='bbox 1764 3297 1926 3363; x_wconf 84' lang='lat' dir='ltr'><strong>salus,</strong></span> <span class='ocrx_word' id='word_1_469' title='bbox 1956 3299 2002 3360; x_wconf 85' lang='lat' dir='ltr'>C</span> <span class='ocrx_word' id='word_1_470' title='bbox 2032 3297 2222 3352; x_wconf 81' lang='lat' dir='ltr'><strong>versis.</strong></span> <span class='ocrx_word' id='word_1_471' title='bbox 2250 3295 2406 3350; x_wconf 89' lang='lat' dir='ltr'><strong>Salus</strong></span> <span class='ocrx_word' id='word_1_472' title='bbox 2435 3295 2523 3349; x_wconf 88' lang='lat' dir='ltr'><strong>illa</strong></span> <span class='ocrx_word' id='word_1_473' title='bbox 2545 3296 2701 3350; x_wconf 89' lang='lat' dir='ltr'><strong>bonis</strong></span> <span class='ocrx_word' id='word_1_474' title='bbox 2724 3295 2956 3358; x_wconf 89' lang='lat' dir='ltr'><strong>dabitur,</strong></span> <span class='ocrx_word' id='word_1_475' title='bbox 2985 3294 3078 3364; x_wconf 88' lang='lat' dir='ltr'><strong>qui</strong></span> <span class='ocrx_word' id='word_1_476' title='bbox 3117 3295 3183 3349; x_wconf 91' lang='lat' dir='ltr'><strong>ad</strong></span> <span class='ocrx_word' id='word_1_477' title='bbox 3213 3296 3503 3350; x_wconf 90' lang='lat' dir='ltr'><strong>amicitiam</strong></span> <span class='ocrx_word' id='word_1_478' title='bbox 3528 3296 3621 3352; x_wconf 93' lang='lat' dir='ltr'><strong>Dei</strong></span> 
     </span>
    </p>
   </div>
   <div class='ocr_carea' id='block_1_62' title="bbox 344 3381 1932 3451">
    <p class='ocr_par' dir='ltr' id='par_1_62' title="bbox 344 3381 1932 3451">
     <span class='ocr_line' id='line_1_62' title="bbox 344 3381 1932 3451; baseline 0.004 -16"><span class='ocrx_word' id='word_1_479' title='bbox 344 3381 600 3451; x_wconf 86' lang='lat' dir='ltr'><strong>quoniam</strong></span> <span class='ocrx_word' id='word_1_480' title='bbox 641 3381 805 3436; x_wconf 89' lang='lat' dir='ltr'><strong>vitam</strong></span> <span class='ocrx_word' id='word_1_481' title='bbox 850 3383 1116 3451; x_wconf 89' lang='lat' dir='ltr'><strong>iustorum</strong></span> <span class='ocrx_word' id='word_1_482' title='bbox 1158 3385 1418 3441; x_wconf 88' lang='lat' dir='ltr'><strong>insaniam</strong></span> <span class='ocrx_word' id='word_1_483' title='bbox 1458 3387 1825 3451; x_wconf 58' lang='lat' dir='ltr'><strong>aestimabant;</strong></span> <span class='ocrx_word' id='word_1_484' title='bbox 1875 3395 1932 3441; x_wconf 90' lang='lat' dir='ltr'><strong>et</strong></span> 
     </span>
    </p>
   </div>
   <div class='ocr_carea' id='block_1_63' title="bbox 345 3472 1935 3543">
    <p class='ocr_par' dir='ltr' id='par_1_63' title="bbox 345 3472 1935 3543">
     <span class='ocr_line' id='line_1_63' title="bbox 345 3472 1935 3543; baseline 0.003 -15"><span class='ocrx_word' id='word_1_485' title='bbox 345 3488 470 3528; x_wconf 90' lang='lat' dir='ltr'><strong>cum</strong></span> <span class='ocrx_word' id='word_1_486' title='bbox 499 3472 598 3542; x_wconf 90' lang='lat' dir='ltr'><strong>ipsi</strong></span> <span class='ocrx_word' id='word_1_487' title='bbox 626 3481 809 3528; x_wconf 88' lang='lat' dir='ltr'><strong>essent</strong></span> <span class='ocrx_word' id='word_1_488' title='bbox 837 3475 1032 3541; x_wconf 88' lang='lat' dir='ltr'><strong>insani,</strong></span> <span class='ocrx_word' id='word_1_489' title='bbox 1063 3491 1226 3532; x_wconf 89' lang='lat' dir='ltr'><strong>sanos</strong></span> <span class='ocrx_word' id='word_1_490' title='bbox 1269 3491 1328 3530; x_wconf 91' lang='lat' dir='ltr'><strong>se</strong></span> <span class='ocrx_word' id='word_1_491' title='bbox 1353 3492 1470 3532; x_wconf 88' lang='lat' dir='ltr'><strong>esse</strong></span> <span class='ocrx_word' id='word_1_492' title='bbox 1499 3476 1805 3543; x_wconf 89' lang='lat' dir='ltr'><strong>credebant,</strong></span> <span class='ocrx_word' id='word_1_493' title='bbox 1836 3493 1935 3533; x_wconf 90' lang='lat' dir='ltr'><strong>nec</strong></span> 
     </span>
    </p>
   </div>
   <div class='ocr_carea' id='block_1_64' title="bbox 345 3565 1933 3638">
    <p class='ocr_par' dir='ltr' id='par_1_64' title="bbox 345 3565 1933 3638">
     <span class='ocr_line' id='line_1_64' title="bbox 345 3565 1933 3638; baseline 0.002 -19"><span class='ocrx_word' id='word_1_494' title='bbox 345 3565 639 3634; x_wconf 83' lang='lat' dir='ltr'><strong>sperabant</strong></span> <span class='ocrx_word' id='word_1_495' title='bbox 666 3565 1070 3621; x_wconf 88' lang='lat' dir='ltr'><strong>retributionem</strong></span> <span class='ocrx_word' id='word_1_496' title='bbox 1100 3567 1291 3621; x_wconf 76' lang='lat' dir='ltr'><strong>divina:</strong></span> <span class='ocrx_word' id='word_1_497' title='bbox 1309 3566 1548 3636; x_wconf 84' lang='lat' dir='ltr'><strong>iustitiae,</strong></span> <span class='ocrx_word' id='word_1_498' title='bbox 1573 3577 1628 3622; x_wconf 89' lang='lat' dir='ltr'><strong>et</strong></span> <span class='ocrx_word' id='word_1_499' title='bbox 1647 3578 1933 3638; x_wconf 88' lang='lat' dir='ltr'><strong>propterea</strong></span> 
     </span>
    </p>
   </div>
   <div class='ocr_carea' id='block_1_65' title="bbox 347 3656 1931 3726">
    <p class='ocr_par' dir='ltr' id='par_1_65' title="bbox 347 3656 1931 3726">
     <span class='ocr_line' id='line_1_65' title="bbox 347 3656 1931 3726; baseline 0.002 -17"><span class='ocrx_word' id='word_1_500' title='bbox 347 3656 514 3710; x_wconf 86' lang='lat' dir='ltr'><strong>vitam</strong></span> <span class='ocrx_word' id='word_1_501' title='bbox 543 3670 694 3710; x_wconf 89' lang='lat' dir='ltr'><strong>suam</strong></span> <span class='ocrx_word' id='word_1_502' title='bbox 723 3657 996 3725; x_wconf 78' lang='lat' dir='ltr'><strong>corrigere</strong></span> <span class='ocrx_word' id='word_1_503' title='bbox 1024 3657 1386 3726; x_wconf 89' lang='lat' dir='ltr'><strong>negligebant.</strong></span> <span class='ocrx_word' id='word_1_504' title='bbox 1433 3657 1643 3713; x_wconf 85' lang='lat' dir='ltr'><strong>Etenim</strong></span> <span class='ocrx_word' id='word_1_505' title='bbox 1692 3659 1931 3713; x_wconf 74' lang='lat' dir='ltr'><strong>delec;a-</strong></span> 
     </span>
    </p>
   </div>
   <div class='ocr_carea' id='block_1_66' title="bbox 347 3747 1935 3819">
    <p class='ocr_par' dir='ltr' id='par_1_66' title="bbox 347 3747 1935 3819">
     <span class='ocr_line' id='line_1_66' title="bbox 347 3747 1935 3819; baseline -0.001 -13"><span class='ocrx_word' id='word_1_506' title='bbox 347 3747 542 3806; x_wconf 63' lang='lat' dir='ltr'><strong>tantur</strong></span> <span class='ocrx_word' id='word_1_507' title='bbox 571 3750 658 3805; x_wconf 92' lang='lat' dir='ltr'><strong>hic</strong></span> <span class='ocrx_word' id='word_1_508' title='bbox 701 3750 976 3804; x_wconf 85' lang='lat' dir='ltr'><strong>luxuriose</strong></span> <span class='ocrx_word' id='word_1_509' title='bbox 1023 3751 1205 3804; x_wconf 89' lang='lat' dir='ltr'><strong>vivere</strong></span> <span class='ocrx_word' id='word_1_510' title='bbox 1251 3749 1442 3804; x_wconf 87' lang='lat' dir='ltr'><strong>diebus</strong></span> <span class='ocrx_word' id='word_1_511' title='bbox 1483 3751 1685 3819; x_wconf 88' lang='lat' dir='ltr'><strong>paucis,</strong></span> <span class='ocrx_word' id='word_1_512' title='bbox 1729 3765 1829 3805; x_wconf 91' lang='lat' dir='ltr'><strong>nec</strong></span> <span class='ocrx_word' id='word_1_513' title='bbox 1875 3764 1935 3804; x_wconf 88' lang='lat' dir='ltr'><strong>se</strong></span> 
     </span>
    </p>
   </div>
   <div class='ocr_carea' id='block_1_67' title="bbox 348 3841 1938 3912">
    <p class='ocr_par' dir='ltr' id='par_1_67' title="bbox 348 3841 1938 3912">
     <span class='ocr_line' id='line_1_67' title="bbox 348 3841 1938 3912; baseline -0.003 -14"><span class='ocrx_word' id='word_1_514' title='bbox 348 3842 644 3898; x_wconf 76' lang='lat' dir='ltr'><strong>credebant</strong></span> <span class='ocrx_word' id='word_1_515' title='bbox 670 3841 1010 3912; x_wconf 89' lang='lat' dir='ltr'><strong>postmodum</strong></span> <span class='ocrx_word' id='word_1_516' title='bbox 1040 3852 1062 3878; x_wconf 77' lang='grc'><em>⁸</em></span> <span class='ocrx_word' id='word_1_517' title='bbox 1087 3841 1304 3896; x_wconf 68' lang='lat' dir='ltr'><strong>aeternis</strong></span> <span class='ocrx_word' id='word_1_518' title='bbox 1331 3841 1649 3896; x_wconf 86' lang='lat' dir='ltr'><strong>cruciandos</strong></span> <span class='ocrx_word' id='word_1_519' title='bbox 1668 3856 1787 3896; x_wconf 88' lang='lat' dir='ltr'><strong>esse</strong></span> <span class='ocrx_word' id='word_1_520' title='bbox 1809 3856 1938 3910; x_wconf 87' lang='lat' dir='ltr'><strong>sup-</strong></span> 
     </span>
    </p>
   </div>
   <div class='ocr_carea' id='block_1_68' title="bbox 348 3930 1936 4003">
    <p class='ocr_par' dir='ltr' id='par_1_68' title="bbox 348 3930 1936 4003">
     <span class='ocr_line' id='line_1_68' title="bbox 348 3930 1936 4003; baseline 0.001 -19"><span class='ocrx_word' id='word_1_521' title='bbox 348 3931 542 4003; x_wconf 82' lang='lat' dir='ltr'><strong>pliciis.</strong></span> <span class='ocrx_word' id='word_1_522' title='bbox 595 3930 882 4001; x_wconf 89' lang='lat' dir='ltr'><strong>Propterea</strong></span> <span class='ocrx_word' id='word_1_523' title='bbox 930 3947 1050 3986; x_wconf 91' lang='lat' dir='ltr'><strong>cum</strong></span> <span class='ocrx_word' id='word_1_524' title='bbox 1094 3930 1270 4000; x_wconf 89' lang='lat' dir='ltr'><strong>iustos</strong></span> <span class='ocrx_word' id='word_1_525' title='bbox 1307 3931 1538 3985; x_wconf 86' lang='lat' dir='ltr'><strong>viderint</strong></span> <span class='ocrx_word' id='word_1_526' title='bbox 1566 3931 1618 3984; x_wconf 91' lang='lat' dir='ltr'><strong>in</strong></span> <span class='ocrx_word' id='word_1_527' title='bbox 1649 3931 1736 3984; x_wconf 89' lang='lat' dir='ltr'><strong>illa</strong></span> <span class='ocrx_word' id='word_1_528' title='bbox 1764 3931 1936 4000; x_wconf 85' lang='lat' dir='ltr'><strong>gloria</strong></span> 
     </span>
    </p>
   </div>
   <div class='ocr_carea' id='block_1_69' title="bbox 351 4019 1938 4092">
    <p class='ocr_par' dir='ltr' id='par_1_69' title="bbox 351 4019 1938 4092">
     <span class='ocr_line' id='line_1_69' title="bbox 351 4019 1938 4092; baseline 0 -19"><span class='ocrx_word' id='word_1_529' title='bbox 351 4019 585 4076; x_wconf 82' lang='lat' dir='ltr'><strong>ﬁliorum</strong></span> <span class='ocrx_word' id='word_1_530' title='bbox 617 4021 710 4076; x_wconf 87' lang='lat' dir='ltr'><strong>Dei</strong></span> <span class='ocrx_word' id='word_1_531' title='bbox 739 4023 806 4076; x_wconf 91' lang='lat' dir='ltr'><strong>de</strong></span> <span class='ocrx_word' id='word_1_532' title='bbox 831 4037 936 4092; x_wconf 87' lang='lat' dir='ltr'><strong>qua</strong></span> <span class='ocrx_word' id='word_1_533' title='bbox 961 4021 1090 4077; x_wconf 89' lang='lat' dir='ltr'><strong>dicit</strong></span> <span class='ocrx_word' id='word_1_534' title='bbox 1131 4021 1321 4076; x_wconf 90' lang='lat' dir='ltr'><strong>beatus</strong></span> <span class='ocrx_word' id='word_1_535' title='bbox 1351 4019 1545 4075; x_wconf 90' lang='lat' dir='ltr'><strong>Paulus</strong></span> <span class='ocrx_word' id='word_1_536' title='bbox 1571 4038 1583 4072; x_wconf 90' lang='lat'><strong>:</strong></span> <span class='ocrx_word' id='word_1_537' title='bbox 1612 4019 1678 4073; x_wconf 85' lang='lat' dir='ltr'><strong>In</strong></span> <span class='ocrx_word' id='word_1_538' title='bbox 1707 4037 1804 4091; x_wconf 91' lang='lat' dir='ltr'><strong>qua</strong></span> <span class='ocrx_word' id='word_1_539' title='bbox 1828 4030 1938 4073; x_wconf 90' lang='lat' dir='ltr'><strong>sta-</strong></span> 
     </span>
    </p>
   </div>
   <div class='ocr_carea' id='block_1_70' title="bbox 353 4112 1934 4185">
    <p class='ocr_par' dir='ltr' id='par_1_70' title="bbox 353 4112 1934 4185">
     <span class='ocr_line' id='line_1_70' title="bbox 353 4112 1934 4185; baseline 0.001 -20"><span class='ocrx_word' id='word_1_540' title='bbox 353 4130 467 4166; x_wconf 88' lang='lat' dir='ltr'><strong>mus</strong></span> <span class='ocrx_word' id='word_1_541' title='bbox 493 4123 542 4167; x_wconf 90' lang='lat' dir='ltr'><strong>et</strong></span> <span class='ocrx_word' id='word_1_542' title='bbox 568 4114 853 4184; x_wconf 89' lang='lat' dir='ltr'><strong>gloriamur</strong></span> <span class='ocrx_word' id='word_1_543' title='bbox 880 4116 934 4168; x_wconf 90' lang='lat' dir='ltr'><strong>in</strong></span> <span class='ocrx_word' id='word_1_544' title='bbox 973 4131 1062 4185; x_wconf 85' lang='lat' dir='ltr'><strong>spe</strong></span> <span class='ocrx_word' id='word_1_545' title='bbox 1085 4114 1267 4185; x_wconf 77' lang='lat' dir='ltr'><strong>gloria:</strong></span> <span class='ocrx_word' id='word_1_546' title='bbox 1293 4115 1524 4182; x_wconf 81' lang='lat' dir='ltr'><strong>ﬁliorum</strong></span> <span class='ocrx_word' id='word_1_547' title='bbox 1551 4112 1648 4167; x_wconf 88' lang='lat' dir='ltr'><strong>Dei</strong></span> <span class='ocrx_word' id='word_1_548' title='bbox 1672 4113 1849 4184; x_wconf 85' lang='lat' dir='ltr'><strong>(Rom.</strong></span> <span class='ocrx_word' id='word_1_549' title='bbox 1881 4130 1934 4180; x_wconf 78' lang='grc' dir='ltr'>ν,</span> 
     </span>
    </p>
   </div>
   <div class='ocr_carea' id='block_1_71' title="bbox 353 4203 1938 4274">
    <p class='ocr_par' dir='ltr' id='par_1_71' title="bbox 353 4203 1938 4274">
     <span class='ocr_line' id='line_1_71' title="bbox 353 4203 1938 4274; baseline 0.001 -17"><span class='ocrx_word' id='word_1_550' title='bbox 353 4205 445 4274; x_wconf 74' lang='lat'><strong>2);</strong></span> <span class='ocrx_word' id='word_1_551' title='bbox 492 4213 619 4259; x_wconf 92' lang='lat' dir='ltr'><strong>tunc</strong></span> <span class='ocrx_word' id='word_1_552' title='bbox 647 4205 812 4274; x_wconf 84' lang='lat' dir='ltr'><strong>iniqui</strong></span> <span class='ocrx_word' id='word_1_553' title='bbox 843 4205 1181 4260; x_wconf 89' lang='lat' dir='ltr'><strong>mirabuntur</strong></span> <span class='ocrx_word' id='word_1_554' title='bbox 1223 4205 1276 4258; x_wconf 93' lang='lat' dir='ltr'><strong>in</strong></span> <span class='ocrx_word' id='word_1_555' title='bbox 1306 4205 1474 4274; x_wconf 91' lang='lat' dir='ltr'><strong>gloria</strong></span> <span class='ocrx_word' id='word_1_556' title='bbox 1499 4203 1787 4273; x_wconf 88' lang='lat' dir='ltr'><strong>iustorum,</strong></span> <span class='ocrx_word' id='word_1_557' title='bbox 1833 4205 1938 4259; x_wconf 91' lang='lat' dir='ltr'><strong>hoc</strong></span> 
     </span>
    </p>
   </div>
   <div class='ocr_carea' id='block_1_72' title="bbox 353 4292 1933 4367">
    <p class='ocr_par' dir='ltr' id='par_1_72' title="bbox 353 4292 1933 4367">
     <span class='ocr_line' id='line_1_72' title="bbox 353 4292 1933 4367; baseline -0.001 -17"><span class='ocrx_word' id='word_1_558' title='bbox 353 4304 436 4350; x_wconf 84' lang='lat' dir='ltr'><strong>est</strong></span> <span class='ocrx_word' id='word_1_559' title='bbox 466 4293 694 4350; x_wconf 81' lang='lat' dir='ltr'><strong>liiiorum</strong></span> <span class='ocrx_word' id='word_1_560' title='bbox 721 4297 884 4367; x_wconf 75' lang='lat'><strong>386</strong></span> <span class='ocrx_word' id='word_1_561' title='bbox 911 4295 1002 4350; x_wconf 89' lang='lat' dir='ltr'><strong>Dei</strong></span> <span class='ocrx_word' id='word_1_562' title='bbox 1027 4313 1039 4358; x_wconf 87' lang='lat'><strong>;</strong></span> <span class='ocrx_word' id='word_1_563' title='bbox 1090 4296 1213 4364; x_wconf 89' lang='lat' dir='ltr'><strong>quia</strong></span> <span class='ocrx_word' id='word_1_564' title='bbox 1247 4295 1345 4364; x_wconf 89' lang='lat' dir='ltr'><strong>ipsi</strong></span> <span class='ocrx_word' id='word_1_565' title='bbox 1372 4294 1503 4363; x_wconf 89' lang='lat' dir='ltr'><strong>justi</strong></span> <span class='ocrx_word' id='word_1_566' title='bbox 1544 4303 1668 4348; x_wconf 88' lang='lat' dir='ltr'><strong>sunt</strong></span> <span class='ocrx_word' id='word_1_567' title='bbox 1697 4292 1788 4348; x_wconf 83' lang='lat' dir='ltr'><strong>ﬁlii</strong></span> <span class='ocrx_word' id='word_1_568' title='bbox 1819 4293 1933 4349; x_wconf 92' lang='lat' dir='ltr'><strong>Dei.</strong></span> 
     </span>
    </p>
   </div>
   <div class='ocr_carea' id='block_1_73' title="bbox 355 4384 1942 4456">
    <p class='ocr_par' dir='ltr' id='par_1_73' title="bbox 355 4384 1942 4456">
     <span class='ocr_line' id='line_1_73' title="bbox 355 4384 1942 4456; baseline -0.001 -16"><span class='ocrx_word' id='word_1_569' title='bbox 355 4384 648 4456; x_wconf 88' lang='lat' dir='ltr'><strong>Propterea</strong></span> <span class='ocrx_word' id='word_1_570' title='bbox 671 4386 836 4455; x_wconf 90' lang='lat' dir='ltr'><strong>iniqui</strong></span> <span class='ocrx_word' id='word_1_571' title='bbox 862 4387 1230 4456; x_wconf 67' lang='lat' dir='ltr'><strong>paenitentiam</strong></span> <span class='ocrx_word' id='word_1_572' title='bbox 1259 4385 1513 4440; x_wconf 90' lang='lat' dir='ltr'><strong>steriliter</strong></span> <span class='ocrx_word' id='word_1_573' title='bbox 1537 4385 1660 4454; x_wconf 88' lang='lat' dir='ltr'><strong>quia</strong></span> <span class='ocrx_word' id='word_1_574' title='bbox 1683 4385 1942 4455; x_wconf 90' lang='lat' dir='ltr'><strong>intempo-</strong></span> 
     </span>
    </p>
   </div>
   <div class='ocr_carea' id='block_1_74' title="bbox 354 4475 1934 4548">
    <p class='ocr_par' dir='ltr' id='par_1_74' title="bbox 354 4475 1934 4548">
     <span class='ocr_line' id='line_1_74' title="bbox 354 4475 1934 4548; baseline -0.001 -18"><span class='ocrx_word' id='word_1_575' title='bbox 354 4475 538 4531; x_wconf 84' lang='lat' dir='ltr'><strong>raliter</strong></span> <span class='ocrx_word' id='word_1_576' title='bbox 566 4475 844 4542; x_wconf 84' lang='lat' dir='ltr'><strong>habentes,</strong></span> <span class='ocrx_word' id='word_1_577' title='bbox 871 4485 926 4533; x_wconf 90' lang='lat' dir='ltr'><strong>et</strong></span> <span class='ocrx_word' id='word_1_578' title='bbox 947 4492 1043 4548; x_wconf 85' lang='lat' dir='ltr'><strong>per</strong></span> <span class='ocrx_word' id='word_1_579' title='bbox 1069 4477 1366 4546; x_wconf 76' lang='lat' dir='ltr'><strong>angustiam</strong></span> <span class='ocrx_word' id='word_1_580' title='bbox 1396 4477 1611 4546; x_wconf 83' lang='lat' dir='ltr'><strong>spiritus</strong></span> <span class='ocrx_word' id='word_1_581' title='bbox 1631 4484 1934 4544; x_wconf 75' lang='lat' dir='ltr'><strong>gementes:</strong></span> 
     </span>
    </p>
   </div>
   <div class='ocr_carea' id='block_1_75' title="bbox 357 4565 1940 4639">
    <p class='ocr_par' dir='ltr' id='par_1_75' title="bbox 357 4565 1940 4639">
     <span class='ocr_line' id='line_1_75' title="bbox 357 4565 1940 4639; baseline 0 -19"><span class='ocrx_word' id='word_1_582' title='bbox 357 4565 625 4630; x_wconf 84' lang='lat' dir='ltr'><strong>Quomodo</strong></span> <span class='ocrx_word' id='word_1_583' title='bbox 654 4571 929 4639; x_wconf 89' lang='lat' dir='ltr'><strong>computati</strong></span> <span class='ocrx_word' id='word_1_584' title='bbox 961 4577 1076 4622; x_wconf 88' lang='lat' dir='ltr'><strong>sunt</strong></span> <span class='ocrx_word' id='word_1_585' title='bbox 1104 4571 1238 4622; x_wconf 88' lang='lat' dir='ltr'><strong>inter</strong></span> <span class='ocrx_word' id='word_1_586' title='bbox 1265 4569 1404 4639; x_wconf 76' lang='lat' dir='ltr'><strong>ﬁlios</strong></span> <span class='ocrx_word' id='word_1_587' title='bbox 1433 4565 1550 4632; x_wconf 88' lang='lat' dir='ltr'><strong>Dei,</strong></span> <span class='ocrx_word' id='word_1_588' title='bbox 1583 4577 1630 4620; x_wconf 92' lang='lat' dir='ltr'><strong>et</strong></span> <span class='ocrx_word' id='word_1_589' title='bbox 1657 4568 1793 4620; x_wconf 87' lang='lat' dir='ltr'><strong>inter</strong></span> <span class='ocrx_word' id='word_1_590' title='bbox 1821 4584 1940 4620; x_wconf 85' lang='lat' dir='ltr'><strong>san-</strong></span> 
     </span>
    </p>
   </div>
   <div class='ocr_carea' id='block_1_76' title="bbox 2034 3387 3620 3458">
    <p class='ocr_par' dir='ltr' id='par_1_76' title="bbox 2034 3387 3620 3458">
     <span class='ocr_line' id='line_1_76' title="bbox 2034 3387 3620 3458; baseline -0.001 -15"><span class='ocrx_word' id='word_1_591' title='bbox 2034 3387 2368 3443; x_wconf 90' lang='lat' dir='ltr'><strong>cucurrerint</strong></span> <span class='ocrx_word' id='word_1_592' title='bbox 2391 3402 2490 3457; x_wconf 89' lang='lat' dir='ltr'><strong>per</strong></span> <span class='ocrx_word' id='word_1_593' title='bbox 2519 3387 2946 3450; x_wconf 89' lang='lat' dir='ltr'><strong>conversionem,</strong></span> <span class='ocrx_word' id='word_1_594' title='bbox 2991 3402 3099 3440; x_wconf 91' lang='lat' dir='ltr'><strong>non</strong></span> <span class='ocrx_word' id='word_1_595' title='bbox 3148 3387 3322 3455; x_wconf 90' lang='lat' dir='ltr'><strong>malis,</strong></span> <span class='ocrx_word' id='word_1_596' title='bbox 3370 3388 3461 3458; x_wconf 90' lang='lat' dir='ltr'><strong>qui</strong></span> <span class='ocrx_word' id='word_1_597' title='bbox 3494 3403 3620 3458; x_wconf 85' lang='lat' dir='ltr'><strong>per-</strong></span> 
     </span>
    </p>
   </div>
   <div class='ocr_carea' id='block_1_77' title="bbox 2033 3476 3623 3546">
    <p class='ocr_par' dir='ltr' id='par_1_77' title="bbox 2033 3476 3623 3546">
     <span class='ocr_line' id='line_1_77' title="bbox 2033 3476 3623 3546; baseline -0.003 -12"><span class='ocrx_word' id='word_1_598' title='bbox 2033 3486 2313 3534; x_wconf 88' lang='lat' dir='ltr'><strong>manentes</strong></span> <span class='ocrx_word' id='word_1_599' title='bbox 2345 3476 2504 3532; x_wconf 88' lang='lat' dir='ltr'><strong>amici</strong></span> <span class='ocrx_word' id='word_1_600' title='bbox 2547 3477 2752 3540; x_wconf 88' lang='lat' dir='ltr'><strong>mundi,</strong></span> <span class='ocrx_word' id='word_1_601' title='bbox 2786 3476 3083 3546; x_wconf 90' lang='lat' dir='ltr'><strong>apostolica</strong></span> <span class='ocrx_word' id='word_1_602' title='bbox 3114 3476 3483 3546; x_wconf 89' lang='lat' dir='ltr'><strong>increpatione</strong></span> <span class='ocrx_word' id='word_1_603' title='bbox 3517 3478 3623 3531; x_wconf 92' lang='lat' dir='ltr'><strong>ini-</strong></span> 
     </span>
    </p>
   </div>
   <div class='ocr_carea' id='block_1_78' title="bbox 2034 3566 3625 3637">
    <p class='ocr_par' dir='ltr' id='par_1_78' title="bbox 2034 3566 3625 3637">
     <span class='ocr_line' id='line_1_78' title="bbox 2034 3566 3625 3637; baseline -0.003 -12"><span class='ocrx_word' id='word_1_604' title='bbox 2034 3571 2160 3626; x_wconf 87' lang='lat' dir='ltr'><strong>mici</strong></span> <span class='ocrx_word' id='word_1_605' title='bbox 2202 3569 2296 3624; x_wconf 89' lang='lat' dir='ltr'><strong>Dei</strong></span> <span class='ocrx_word' id='word_1_606' title='bbox 2325 3575 2603 3622; x_wconf 71' lang='lat' dir='ltr'><strong>menentur</strong></span> <span class='ocrx_word' id='word_1_607' title='bbox 2639 3580 2876 3635; x_wconf 85' lang='lat' dir='ltr'><strong>congrue</strong></span> <span class='ocrx_word' id='word_1_608' title='bbox 2923 3568 3238 3637; x_wconf 90' lang='lat' dir='ltr'><strong>nuncupari.</strong></span> <span class='ocrx_word' id='word_1_609' title='bbox 3280 3566 3437 3622; x_wconf 88' lang='lat' dir='ltr'><strong>Tales</strong></span> <span class='ocrx_word' id='word_1_610' title='bbox 3479 3569 3625 3622; x_wconf 91' lang='lat' dir='ltr'><strong>enim</strong></span> 
     </span>
    </p>
   </div>
   <div class='ocr_carea' id='block_1_79' title="bbox 2034 3655 3627 3728">
    <p class='ocr_par' dir='ltr' id='par_1_79' title="bbox 2034 3655 3627 3728">
     <span class='ocr_line' id='line_1_79' title="bbox 2034 3655 3627 3728; baseline -0.002 -13"><span class='ocrx_word' id='word_1_611' title='bbox 2034 3659 2222 3715; x_wconf 86' lang='lat' dir='ltr'><strong>beatus</strong></span> <span class='ocrx_word' id='word_1_612' title='bbox 2249 3657 2480 3713; x_wconf 67' lang='lat' dir='ltr'><strong>Iacobus</strong></span> <span class='ocrx_word' id='word_1_613' title='bbox 2503 3655 2780 3724; x_wconf 87' lang='lat' dir='ltr'><strong>subiurgat</strong></span> <span class='ocrx_word' id='word_1_614' title='bbox 2804 3672 2817 3710; x_wconf 93' lang='lat'>:</span> <span class='ocrx_word' id='word_1_615' title='bbox 2840 3657 3094 3722; x_wconf 77' lang='lat' dir='ltr'><strong>Adulteri,</strong></span> <span class='ocrx_word' id='word_1_616' title='bbox 3121 3659 3330 3710; x_wconf 86' lang='lat' dir='ltr'><strong>nescitis</strong></span> <span class='ocrx_word' id='word_1_617' title='bbox 3359 3659 3479 3728; x_wconf 88' lang='lat' dir='ltr'><strong>quia</strong></span> <span class='ocrx_word' id='word_1_618' title='bbox 3501 3659 3627 3712; x_wconf 88' lang='lat' dir='ltr'><strong>ami-</strong></span> 
     </span>
    </p>
   </div>
   <div class='ocr_carea' id='block_1_80' title="bbox 2036 3746 3626 3819">
    <p class='ocr_par' dir='ltr' id='par_1_80' title="bbox 2036 3746 3626 3819">
     <span class='ocr_line' id='line_1_80' title="bbox 2036 3746 3626 3819; baseline -0.001 -16"><span class='ocrx_word' id='word_1_619' title='bbox 2036 3750 2160 3804; x_wconf 80' lang='lat' dir='ltr'><strong>citia</strong></span> <span class='ocrx_word' id='word_1_620' title='bbox 2187 3750 2339 3819; x_wconf 87' lang='lat' dir='ltr'><strong>hujus</strong></span> <span class='ocrx_word' id='word_1_621' title='bbox 2367 3748 2546 3801; x_wconf 89' lang='lat' dir='ltr'><strong>mundi</strong></span> <span class='ocrx_word' id='word_1_622' title='bbox 2573 3749 2785 3801; x_wconf 88' lang='lat' dir='ltr'><strong>inimica</strong></span> <span class='ocrx_word' id='word_1_623' title='bbox 2806 3757 2882 3801; x_wconf 89' lang='lat' dir='ltr'><strong>est</strong></span> <span class='ocrx_word' id='word_1_624' title='bbox 2912 3746 3059 3800; x_wconf 86' lang='lat' dir='ltr'><strong>Deo?</strong></span> <span class='ocrx_word' id='word_1_625' title='bbox 3089 3747 3150 3802; x_wconf 88' lang='lat' dir='ltr'><strong>Si</strong></span> <span class='ocrx_word' id='word_1_626' title='bbox 3175 3751 3288 3818; x_wconf 87' lang='lat' dir='ltr'><strong>quis</strong></span> <span class='ocrx_word' id='word_1_627' title='bbox 3316 3766 3438 3818; x_wconf 87' lang='lat' dir='ltr'><strong>ergo</strong></span> <span class='ocrx_word' id='word_1_628' title='bbox 3461 3749 3626 3803; x_wconf 87' lang='lat' dir='ltr'><strong>volue-</strong></span> 
     </span>
    </p>
   </div>
   <div class='ocr_carea' id='block_1_81' title="bbox 2036 3837 3626 3908">
    <p class='ocr_par' dir='ltr' id='par_1_81' title="bbox 2036 3837 3626 3908">
     <span class='ocr_line' id='line_1_81' title="bbox 2036 3837 3626 3908; baseline -0.003 -13"><span class='ocrx_word' id='word_1_629' title='bbox 2036 3843 2104 3895; x_wconf 92' lang='lat' dir='ltr'><strong>rit</strong></span> <span class='ocrx_word' id='word_1_630' title='bbox 2131 3842 2327 3894; x_wconf 88' lang='lat' dir='ltr'><strong>amicus</strong></span> <span class='ocrx_word' id='word_1_631' title='bbox 2352 3856 2462 3894; x_wconf 83' lang='lat' dir='ltr'><strong>esse</strong></span> <span class='ocrx_word' id='word_1_632' title='bbox 2493 3839 2646 3908; x_wconf 88' lang='lat' dir='ltr'><strong>hujus</strong></span> <span class='ocrx_word' id='word_1_633' title='bbox 2671 3838 2868 3903; x_wconf 87' lang='lat' dir='ltr'><strong>mundi,</strong></span> <span class='ocrx_word' id='word_1_634' title='bbox 2899 3839 3136 3892; x_wconf 88' lang='lat' dir='ltr'><strong>inimicus</strong></span> <span class='ocrx_word' id='word_1_635' title='bbox 3166 3837 3263 3892; x_wconf 86' lang='lat' dir='ltr'><strong>Dei</strong></span> <span class='ocrx_word' id='word_1_636' title='bbox 3287 3842 3626 3894; x_wconf 88' lang='lat' dir='ltr'><strong>constituetur</strong></span> 
     </span>
    </p>
   </div>
   <div class='ocr_carea' id='block_1_82' title="bbox 2041 3926 3626 4002">
    <p class='ocr_par' dir='ltr' id='par_1_82' title="bbox 2041 3926 3626 4002">
     <span class='ocr_line' id='line_1_82' title="bbox 2041 3926 3626 4002; baseline -0.003 -18"><span class='ocrx_word' id='word_1_637' title='bbox 2041 3930 2176 4002; x_wconf 80' lang='lat' dir='ltr'><strong>(Jac.</strong></span> <span class='ocrx_word' id='word_1_638' title='bbox 2205 3946 2276 3994; x_wconf 83' lang='lat' dir='ltr'><strong>IV,</strong></span> <span class='ocrx_word' id='word_1_639' title='bbox 2306 3929 2383 3998; x_wconf 69' lang='grc'><strong>4).</strong></span> <span class='ocrx_word' id='word_1_640' title='bbox 2433 3927 2685 3996; x_wconf 89' lang='lat' dir='ltr'><strong>Quisquis</strong></span> <span class='ocrx_word' id='word_1_641' title='bbox 2713 3927 2874 3994; x_wconf 88' lang='lat' dir='ltr'><strong>igitur</strong></span> <span class='ocrx_word' id='word_1_642' title='bbox 2919 3926 3193 3982; x_wconf 88' lang='lat' dir='ltr'><strong>declinans</strong></span> <span class='ocrx_word' id='word_1_643' title='bbox 3217 3943 3248 3981; x_wconf 88' lang='lat' dir='ltr'><strong>a</strong></span> <span class='ocrx_word' id='word_1_644' title='bbox 3290 3928 3432 3980; x_wconf 88' lang='lat' dir='ltr'><strong>malo</strong></span> <span class='ocrx_word' id='word_1_645' title='bbox 3463 3937 3516 3981; x_wconf 90' lang='lat' dir='ltr'><strong>et</strong></span> <span class='ocrx_word' id='word_1_646' title='bbox 3546 3929 3626 3980; x_wconf 80' lang='lat' dir='ltr'><strong>fa-</strong></span> 
     </span>
    </p>
   </div>
   <div class='ocr_carea' id='block_1_83' title="bbox 2037 4018 3627 4089">
    <p class='ocr_par' dir='ltr' id='par_1_83' title="bbox 2037 4018 3627 4089">
     <span class='ocr_line' id='line_1_83' title="bbox 2037 4018 3627 4089; baseline -0.003 -12"><span class='ocrx_word' id='word_1_647' title='bbox 2037 4022 2186 4078; x_wconf 93' lang='lat' dir='ltr'><strong>ciens</strong></span> <span class='ocrx_word' id='word_1_648' title='bbox 2212 4022 2432 4085; x_wconf 92' lang='lat' dir='ltr'><strong>bonum,</strong></span> <span class='ocrx_word' id='word_1_649' title='bbox 2485 4035 2582 4089; x_wconf 84' lang='lat' dir='ltr'><strong>pro</strong></span> <span class='ocrx_word' id='word_1_650' title='bbox 2611 4019 2722 4073; x_wconf 89' lang='lat' dir='ltr'><strong>suis</strong></span> <span class='ocrx_word' id='word_1_651' title='bbox 2756 4018 3126 4088; x_wconf 89' lang='lat' dir='ltr'><strong>iniquitatibus</strong></span> <span class='ocrx_word' id='word_1_652' title='bbox 3155 4019 3208 4072; x_wconf 89' lang='lat' dir='ltr'><strong>in</strong></span> <span class='ocrx_word' id='word_1_653' title='bbox 3239 4019 3488 4088; x_wconf 74' lang='lat' dir='ltr'><strong>praesenti</strong></span> <span class='ocrx_word' id='word_1_654' title='bbox 3517 4019 3627 4073; x_wconf 85' lang='lat' dir='ltr'><strong>vita</strong></span> 
     </span>
    </p>
   </div>
   <div class='ocr_carea' id='block_1_84' title="bbox 2037 4109 3628 4184">
    <p class='ocr_par' dir='ltr' id='par_1_84' title="bbox 2037 4109 3628 4184">
     <span class='ocr_line' id='line_1_84' title="bbox 2037 4109 3628 4184; baseline -0.003 -18"><span class='ocrx_word' id='word_1_655' title='bbox 2037 4112 2409 4184; x_wconf 64' lang='lat' dir='ltr'><strong>paenitentiam</strong></span> <span class='ocrx_word' id='word_1_656' title='bbox 2455 4109 2702 4178; x_wconf 89' lang='lat' dir='ltr'><strong>gesserit,</strong></span> <span class='ocrx_word' id='word_1_657' title='bbox 2752 4117 2808 4163; x_wconf 91' lang='lat' dir='ltr'><strong>et</strong></span> <span class='ocrx_word' id='word_1_658' title='bbox 2852 4123 3144 4164; x_wconf 87' lang='lat' dir='ltr'><strong>conversus</strong></span> <span class='ocrx_word' id='word_1_659' title='bbox 3189 4109 3256 4162; x_wconf 91' lang='lat' dir='ltr'><strong>ad</strong></span> <span class='ocrx_word' id='word_1_660' title='bbox 3302 4109 3468 4162; x_wconf 92' lang='lat' dir='ltr'><strong>Deum</strong></span> <span class='ocrx_word' id='word_1_661' title='bbox 3511 4117 3628 4162; x_wconf 89' lang='lat' dir='ltr'><strong>toto</strong></span> 
     </span>
    </p>
   </div>
   <div class='ocr_carea' id='block_1_85' title="bbox 2039 4199 3629 4270">
    <p class='ocr_par' dir='ltr' id='par_1_85' title="bbox 2039 4199 3629 4270">
     <span class='ocr_line' id='line_1_85' title="bbox 2039 4199 3629 4270; baseline -0.005 -10"><span class='ocrx_word' id='word_1_662' title='bbox 2039 4203 2203 4260; x_wconf 87' lang='lat' dir='ltr'><strong>corde</strong></span> <span class='ocrx_word' id='word_1_663' title='bbox 2233 4202 2390 4257; x_wconf 90' lang='lat' dir='ltr'><strong>malis</strong></span> <span class='ocrx_word' id='word_1_664' title='bbox 2415 4200 2669 4270; x_wconf 91' lang='lat' dir='ltr'><strong>operibus</strong></span> <span class='ocrx_word' id='word_1_665' title='bbox 2695 4199 3103 4269; x_wconf 77' lang='lat' dir='ltr'><strong>renuntiaverit,</strong></span> <span class='ocrx_word' id='word_1_666' title='bbox 3135 4214 3259 4270; x_wconf 77' lang='lat' dir='ltr'><strong>spes</strong></span> <span class='ocrx_word' id='word_1_667' title='bbox 3290 4199 3456 4268; x_wconf 90' lang='lat' dir='ltr'><strong>ipsius</strong></span> <span class='ocrx_word' id='word_1_668' title='bbox 3486 4215 3629 4253; x_wconf 83' lang='lat' dir='ltr'><strong>vana</strong></span> 
     </span>
    </p>
   </div>
   <div class='ocr_carea' id='block_1_86' title="bbox 2039 4287 3628 4360">
    <p class='ocr_par' dir='ltr' id='par_1_86' title="bbox 2039 4287 3628 4360">
     <span class='ocr_line' id='line_1_86' title="bbox 2039 4287 3628 4360; baseline -0.003 -12"><span class='ocrx_word' id='word_1_669' title='bbox 2039 4309 2148 4348; x_wconf 88' lang='lat' dir='ltr'><strong>non</strong></span> <span class='ocrx_word' id='word_1_670' title='bbox 2178 4292 2300 4347; x_wconf 89' lang='lat' dir='ltr'><strong>erit.</strong></span> <span class='ocrx_word' id='word_1_671' title='bbox 2331 4290 2594 4346; x_wconf 64' lang='lat' dir='ltr'><strong>Cteterum</strong></span> <span class='ocrx_word' id='word_1_672' title='bbox 2623 4287 2818 4343; x_wconf 77' lang='lat' dir='ltr'><strong>frustra</strong></span> <span class='ocrx_word' id='word_1_673' title='bbox 2845 4289 3077 4359; x_wconf 90' lang='lat' dir='ltr'><strong>seipsum</strong></span> <span class='ocrx_word' id='word_1_674' title='bbox 3108 4290 3346 4357; x_wconf 89' lang='lat' dir='ltr'><strong>seducit,</strong></span> <span class='ocrx_word' id='word_1_675' title='bbox 3386 4291 3628 4360; x_wconf 45' lang='lat' dir='ltr'><strong>quisquis</strong></span> 
     </span>
    </p>
   </div>
   <div class='ocr_carea' id='block_1_87' title="bbox 2038 4380 3629 4455">
    <p class='ocr_par' dir='ltr' id='par_1_87' title="bbox 2038 4380 3629 4455">
     <span class='ocr_line' id='line_1_87' title="bbox 2038 4380 3629 4455; baseline -0.003 -17"><span class='ocrx_word' id='word_1_676' title='bbox 2038 4399 2137 4455; x_wconf 89' lang='lat' dir='ltr'><strong>per</strong></span> <span class='ocrx_word' id='word_1_677' title='bbox 2158 4383 2319 4438; x_wconf 88' lang='lat' dir='ltr'><strong>latam</strong></span> <span class='ocrx_word' id='word_1_678' title='bbox 2348 4390 2404 4437; x_wconf 90' lang='lat' dir='ltr'><strong>et</strong></span> <span class='ocrx_word' id='word_1_679' title='bbox 2431 4380 2722 4451; x_wconf 90' lang='lat' dir='ltr'><strong>spatiosam</strong></span> <span class='ocrx_word' id='word_1_680' title='bbox 2752 4381 2891 4434; x_wconf 88' lang='lat' dir='ltr'><strong>viam</strong></span> <span class='ocrx_word' id='word_1_681' title='bbox 2921 4395 2980 4433; x_wconf 91' lang='lat' dir='ltr'><strong>se</strong></span> <span class='ocrx_word' id='word_1_682' title='bbox 3002 4389 3383 4449; x_wconf 87' lang='lat' dir='ltr'><strong>perventurum</strong></span> <span class='ocrx_word' id='word_1_683' title='bbox 3407 4381 3629 4434; x_wconf 84' lang='lat' dir='ltr'><strong>arbitra-</strong></span> 
     </span>
    </p>
   </div>
   <div class='ocr_carea' id='block_1_88' title="bbox 2043 4471 3632 4540">
    <p class='ocr_par' dir='ltr' id='par_1_88' title="bbox 2043 4471 3632 4540">
     <span class='ocr_line' id='line_1_88' title="bbox 2043 4471 3632 4540; baseline -0.001 -10"><span class='ocrx_word' id='word_1_684' title='bbox 2043 4484 2129 4530; x_wconf 90' lang='lat' dir='ltr'><strong>tur</strong></span> <span class='ocrx_word' id='word_1_685' title='bbox 2153 4474 2222 4529; x_wconf 88' lang='lat' dir='ltr'><strong>ad</strong></span> <span class='ocrx_word' id='word_1_686' title='bbox 2261 4474 2428 4528; x_wconf 88' lang='lat' dir='ltr'><strong>vitam</strong></span> <span class='ocrx_word' id='word_1_687' title='bbox 2472 4487 2638 4528; x_wconf 88' lang='lat' dir='ltr'><strong>:cum</strong></span> <span class='ocrx_word' id='word_1_688' title='bbox 2667 4471 2925 4526; x_wconf 91' lang='lat' dir='ltr'><strong>Dominus</strong></span> <span class='ocrx_word' id='word_1_689' title='bbox 2967 4486 3065 4540; x_wconf 91' lang='lat' dir='ltr'><strong>per</strong></span> <span class='ocrx_word' id='word_1_690' title='bbox 3109 4479 3312 4526; x_wconf 89' lang='lat' dir='ltr'><strong>arctam</strong></span> <span class='ocrx_word' id='word_1_691' title='bbox 3357 4473 3499 4527; x_wconf 87' lang='lat' dir='ltr'><strong>viam</strong></span> <span class='ocrx_word' id='word_1_692' title='bbox 3530 4489 3632 4528; x_wconf 84' lang='lat' dir='ltr'><strong>nos</strong></span> 
     </span>
    </p>
   </div>
   <div class='ocr_carea' id='block_1_89' title="bbox 2037 4562 3629 4636">
    <p class='ocr_par' dir='ltr' id='par_1_89' title="bbox 2037 4562 3629 4636">
     <span class='ocr_line' id='line_1_89' title="bbox 2037 4562 3629 4636; baseline -0.003 -16"><span class='ocrx_word' id='word_1_693' title='bbox 2037 4565 2224 4636; x_wconf 86' lang='lat' dir='ltr'><strong>iubeat</strong></span> <span class='ocrx_word' id='word_1_694' title='bbox 2251 4564 2549 4628; x_wconf 87' lang='lat' dir='ltr'><strong>ambulare,</strong></span> <span class='ocrx_word' id='word_1_695' title='bbox 2579 4571 2739 4632; x_wconf 88' lang='lat' dir='ltr'><strong>atque</strong></span> <span class='ocrx_word' id='word_1_696' title='bbox 2769 4570 3006 4629; x_wconf 78' lang='lat' dir='ltr'><strong>angustae</strong></span> <span class='ocrx_word' id='word_1_697' title='bbox 3028 4570 3196 4630; x_wconf 75' lang='lat' dir='ltr'><strong>porta:</strong></span> <span class='ocrx_word' id='word_1_698' title='bbox 3220 4563 3372 4616; x_wconf 92' lang='lat' dir='ltr'><strong>nobis</strong></span> <span class='ocrx_word' id='word_1_699' title='bbox 3401 4562 3629 4616; x_wconf 87' lang='lat' dir='ltr'><strong>demon-</strong></span> 
     </span>
    </p>
   </div>
   <div class='ocr_carea' id='block_1_90' title="bbox 355 4652 3625 4737">
    <p class='ocr_par' dir='ltr' id='par_1_90' title="bbox 355 4652 3625 4737">
     <span class='ocr_line' id='line_1_90' title="bbox 355 4652 3625 4737; baseline -0.002 -25"><span class='ocrx_word' id='word_1_700' title='bbox 355 4669 464 4736; x_wconf 72' lang='lat' dir='ltr'><strong>ctos</strong></span> <span class='ocrx_word' id='word_1_701' title='bbox 497 4675 608 4712; x_wconf 91' lang='lat' dir='ltr'><strong>sors</strong></span> <span class='ocrx_word' id='word_1_702' title='bbox 632 4660 839 4713; x_wconf 88' lang='lat' dir='ltr'><strong>illorum</strong></span> <span class='ocrx_word' id='word_1_703' title='bbox 864 4659 974 4713; x_wconf 83' lang='lat' dir='ltr'><strong>est?</strong></span> <span class='ocrx_word' id='word_1_704' title='bbox 1000 4659 1274 4729; x_wconf 87' lang='lat' dir='ltr'><strong>Insperata</strong></span> <span class='ocrx_word' id='word_1_705' title='bbox 1295 4672 1424 4726; x_wconf 90' lang='lat' dir='ltr'><strong>ergo</strong></span> <span class='ocrx_word' id='word_1_706' title='bbox 1448 4659 1611 4722; x_wconf 89' lang='lat' dir='ltr'><strong>salus,</strong></span> <span class='ocrx_word' id='word_1_707' title='bbox 1636 4657 1688 4711; x_wconf 89' lang='lat' dir='ltr'><strong>id</strong></span> <span class='ocrx_word' id='word_1_708' title='bbox 1715 4667 1935 4727; x_wconf 77' lang='lat' dir='ltr'><strong>estquae</strong></span> <span class='ocrx_word' id='word_1_709' title='bbox 1963 4678 2018 4737; x_wconf 73' lang='grc' dir='ltr'><strong>υ</strong></span> <span class='ocrx_word' id='word_1_710' title='bbox 2041 4666 2174 4712; x_wconf 88' lang='lat' dir='ltr'><strong>stret</strong></span> <span class='ocrx_word' id='word_1_711' title='bbox 2202 4656 2498 4719; x_wconf 88' lang='lat' dir='ltr'><strong>introitum,</strong></span> <span class='ocrx_word' id='word_1_712' title='bbox 2547 4654 2707 4724; x_wconf 77' lang='lat'><strong>387</strong></span> <span class='ocrx_word' id='word_1_713' title='bbox 2738 4669 2835 4722; x_wconf 87' lang='lat' dir='ltr'><strong>per</strong></span> <span class='ocrx_word' id='word_1_714' title='bbox 2860 4667 3020 4720; x_wconf 89' lang='lat' dir='ltr'><strong>quem</strong></span> <span class='ocrx_word' id='word_1_715' title='bbox 3050 4653 3262 4706; x_wconf 88' lang='lat' dir='ltr'><strong>venitur</strong></span> <span class='ocrx_word' id='word_1_716' title='bbox 3291 4652 3355 4706; x_wconf 91' lang='lat' dir='ltr'><strong>ad</strong></span> <span class='ocrx_word' id='word_1_717' title='bbox 3381 4667 3625 4720; x_wconf 88' lang='lat' dir='ltr'><strong>regnum.</strong></span> 
     </span>
    </p>
   </div>
   <div class='ocr_carea' id='block_1_91' title="bbox 355 4748 1935 4820">
    <p class='ocr_par' dir='ltr' id='par_1_91' title="bbox 355 4748 1935 4820">
     <span class='ocr_line' id='line_1_91' title="bbox 355 4748 1935 4820; baseline -0.001 -16"><span class='ocrx_word' id='word_1_718' title='bbox 355 4758 571 4820; x_wconf 86' lang='lat' dir='ltr'><strong>sperata</strong></span> <span class='ocrx_word' id='word_1_719' title='bbox 588 4767 694 4805; x_wconf 93' lang='lat' dir='ltr'><strong>non</strong></span> <span class='ocrx_word' id='word_1_720' title='bbox 720 4759 804 4806; x_wconf 89' lang='lat' dir='ltr'><strong>est</strong></span> <span class='ocrx_word' id='word_1_721' title='bbox 824 4751 892 4805; x_wconf 88' lang='lat' dir='ltr'><strong>ab</strong></span> <span class='ocrx_word' id='word_1_722' title='bbox 908 4750 1123 4818; x_wconf 88' lang='lat' dir='ltr'><strong>iniquis,</strong></span> <span class='ocrx_word' id='word_1_723' title='bbox 1144 4748 1389 4818; x_wconf 84' lang='lat' dir='ltr'><strong>profecto</strong></span> <span class='ocrx_word' id='word_1_724' title='bbox 1409 4749 1564 4818; x_wconf 78' lang='lat' dir='ltr'><strong>iustis</strong></span> <span class='ocrx_word' id='word_1_725' title='bbox 1577 4749 1808 4812; x_wconf 90' lang='lat' dir='ltr'><strong>dabitur,</strong></span> <span class='ocrx_word' id='word_1_726' title='bbox 1828 4763 1935 4802; x_wconf 92' lang='lat' dir='ltr'><strong>non</strong></span> 
     </span>
    </p>
   </div>
   <div class='ocr_carea' id='block_1_92' title="bbox 356 4840 1938 4912">
    <p class='ocr_par' dir='ltr' id='par_1_92' title="bbox 356 4840 1938 4912">
     <span class='ocr_line' id='line_1_92' title="bbox 356 4840 1938 4912; baseline -0.001 -14"><span class='ocrx_word' id='word_1_727' title='bbox 356 4843 574 4912; x_wconf 89' lang='lat' dir='ltr'><strong>iniquis.</strong></span> <span class='ocrx_word' id='word_1_728' title='bbox 605 4843 720 4898; x_wconf 89' lang='lat' dir='ltr'><strong>Non</strong></span> <span class='ocrx_word' id='word_1_729' title='bbox 749 4843 892 4899; x_wconf 89' lang='lat' dir='ltr'><strong>enim</strong></span> <span class='ocrx_word' id='word_1_730' title='bbox 921 4843 1135 4896; x_wconf 86' lang='lat' dir='ltr'><strong>dabitur</strong></span> <span class='ocrx_word' id='word_1_731' title='bbox 1163 4841 1269 4896; x_wconf 89' lang='lat' dir='ltr'><strong>illis</strong></span> <span class='ocrx_word' id='word_1_732' title='bbox 1315 4841 1408 4909; x_wconf 91' lang='lat' dir='ltr'><strong>qui</strong></span> <span class='ocrx_word' id='word_1_733' title='bbox 1454 4856 1575 4895; x_wconf 91' lang='lat' dir='ltr'><strong>eam</strong></span> <span class='ocrx_word' id='word_1_734' title='bbox 1603 4840 1938 4910; x_wconf 87' lang='lat' dir='ltr'><strong>desperando</strong></span> 
     </span>
    </p>
   </div>
   <div class='ocr_carea' id='block_1_93' title="bbox 357 4933 1940 5004">
    <p class='ocr_par' dir='ltr' id='par_1_93' title="bbox 357 4933 1940 5004">
     <span class='ocr_line' id='line_1_93' title="bbox 357 4933 1940 5004; baseline -0.001 -15"><span class='ocrx_word' id='word_1_735' title='bbox 357 4936 498 4990; x_wconf 88' lang='lat' dir='ltr'><strong>male</strong></span> <span class='ocrx_word' id='word_1_736' title='bbox 520 4937 738 5002; x_wconf 89' lang='lat' dir='ltr'><strong>vivunt,</strong></span> <span class='ocrx_word' id='word_1_737' title='bbox 771 4935 865 4991; x_wconf 91' lang='lat' dir='ltr'><strong>sed</strong></span> <span class='ocrx_word' id='word_1_738' title='bbox 892 4935 996 4991; x_wconf 91' lang='lat' dir='ltr'><strong>illis</strong></span> <span class='ocrx_word' id='word_1_739' title='bbox 1037 4934 1130 5004; x_wconf 91' lang='lat' dir='ltr'><strong>qui</strong></span> <span class='ocrx_word' id='word_1_740' title='bbox 1174 4949 1294 4988; x_wconf 92' lang='lat' dir='ltr'><strong>eam</strong></span> <span class='ocrx_word' id='word_1_741' title='bbox 1322 4933 1461 4989; x_wconf 88' lang='lat' dir='ltr'><strong>bene</strong></span> <span class='ocrx_word' id='word_1_742' title='bbox 1489 4933 1773 5004; x_wconf 89' lang='lat' dir='ltr'><strong>sperando,</strong></span> <span class='ocrx_word' id='word_1_743' title='bbox 1825 4942 1882 4988; x_wconf 89' lang='lat' dir='ltr'><strong>et</strong></span> <span class='ocrx_word' id='word_1_744' title='bbox 1908 4949 1940 4989; x_wconf 86' lang='lat' dir='ltr'><strong>a</strong></span> 
     </span>
    </p>
   </div>
   <div class='ocr_carea' id='block_1_94' title="bbox 356 5022 1942 5086">
    <p class='ocr_par' dir='ltr' id='par_1_94' title="bbox 356 5022 1942 5086">
     <span class='ocr_line' id='line_1_94' title="bbox 356 5022 1942 5086; baseline -0.001 -7"><span class='ocrx_word' id='word_1_745' title='bbox 356 5024 634 5082; x_wconf 89' lang='lat' dir='ltr'><strong>desideriis</strong></span> <span class='ocrx_word' id='word_1_746' title='bbox 663 5026 964 5081; x_wconf 91' lang='lat' dir='ltr'><strong>carnalibus</strong></span> <span class='ocrx_word' id='word_1_747' title='bbox 991 5023 1330 5086; x_wconf 85' lang='lat' dir='ltr'><strong>abstinendo,</strong></span> <span class='ocrx_word' id='word_1_748' title='bbox 1361 5023 1504 5077; x_wconf 89' lang='lat' dir='ltr'><strong>beati</strong></span> <span class='ocrx_word' id='word_1_749' title='bbox 1531 5022 1675 5078; x_wconf 89' lang='lat' dir='ltr'><strong>Petri</strong></span> <span class='ocrx_word' id='word_1_750' title='bbox 1704 5023 1942 5078; x_wconf 86' lang='lat' dir='ltr'><strong>salubria</strong></span> 
     </span>
    </p>
   </div>
   <div class='ocr_carea' id='block_1_95' title="bbox 355 5111 1944 5180">
    <p class='ocr_par' dir='ltr' id='par_1_95' title="bbox 355 5111 1944 5180">
     <span class='ocr_line' id='line_1_95' title="bbox 355 5111 1944 5180; baseline -0.001 -11"><span class='ocrx_word' id='word_1_751' title='bbox 355 5116 609 5170; x_wconf 86' lang='lat' dir='ltr'><strong>mandata</strong></span> <span class='ocrx_word' id='word_1_752' title='bbox 636 5117 965 5180; x_wconf 89' lang='lat' dir='ltr'><strong>custodiunt,</strong></span> <span class='ocrx_word' id='word_1_753' title='bbox 996 5114 1222 5170; x_wconf 89' lang='lat' dir='ltr'><strong>dicentis</strong></span> <span class='ocrx_word' id='word_1_754' title='bbox 1247 5130 1258 5166; x_wconf 92' lang='lat'><strong>:</strong></span> <span class='ocrx_word' id='word_1_755' title='bbox 1283 5111 1571 5178; x_wconf 86' lang='lat' dir='ltr'><strong>Carissimi,</strong></span> <span class='ocrx_word' id='word_1_756' title='bbox 1597 5111 1806 5168; x_wconf 86' lang='lat' dir='ltr'><strong>obsecro</strong></span> <span class='ocrx_word' id='word_1_757' title='bbox 1835 5123 1944 5168; x_wconf 76' lang='lat' dir='ltr'><strong>tan-</strong></span> 
     </span>
    </p>
   </div>
   <div class='ocr_carea' id='block_1_96' title="bbox 356 5204 1943 5278">
    <p class='ocr_par' dir='ltr' id='par_1_96' title="bbox 356 5204 1943 5278">
     <span class='ocr_line' id='line_1_96' title="bbox 356 5204 1943 5278; baseline -0.001 -19"><span class='ocrx_word' id='word_1_758' title='bbox 356 5223 511 5278; x_wconf 86' lang='lat' dir='ltr'><strong>quam</strong></span> <span class='ocrx_word' id='word_1_759' title='bbox 540 5207 766 5261; x_wconf 81' lang='lat' dir='ltr'><strong>advenas</strong></span> <span class='ocrx_word' id='word_1_760' title='bbox 791 5217 940 5278; x_wconf 82' lang='lat' dir='ltr'><strong>atque</strong></span> <span class='ocrx_word' id='word_1_761' title='bbox 966 5207 1262 5277; x_wconf 87' lang='lat' dir='ltr'><strong>peregrinos</strong></span> <span class='ocrx_word' id='word_1_762' title='bbox 1303 5204 1559 5258; x_wconf 87' lang='lat' dir='ltr'><strong>abstinere</strong></span> <span class='ocrx_word' id='word_1_763' title='bbox 1587 5221 1674 5258; x_wconf 89' lang='lat' dir='ltr'><strong>vos</strong></span> <span class='ocrx_word' id='word_1_764' title='bbox 1704 5221 1736 5258; x_wconf 89' lang='lat' dir='ltr'><strong>a</strong></span> <span class='ocrx_word' id='word_1_765' title='bbox 1756 5221 1943 5258; x_wconf 89' lang='lat' dir='ltr'><strong>carna-</strong></span> 
     </span>
    </p>
   </div>
   <div class='ocr_carea' id='block_1_97' title="bbox 357 5293 1942 5373">
    <p class='ocr_par' dir='ltr' id='par_1_97' title="bbox 357 5293 1942 5373">
     <span class='ocr_line' id='line_1_97' title="bbox 357 5293 1942 5373; baseline -0.001 -23"><span class='ocrx_word' id='word_1_766' title='bbox 357 5297 492 5350; x_wconf 79' lang='lat' dir='ltr'><strong>libus</strong></span> <span class='ocrx_word' id='word_1_767' title='bbox 519 5297 810 5373; x_wconf 79' lang='lat' dir='ltr'><strong>desideriis,</strong></span> <span class='ocrx_word' id='word_1_768' title='bbox 852 5312 965 5366; x_wconf 73' lang='lat' dir='ltr'><strong>qua:</strong></span> <span class='ocrx_word' id='word_1_769' title='bbox 991 5296 1218 5350; x_wconf 89' lang='lat' dir='ltr'><strong>militant</strong></span> <span class='ocrx_word' id='word_1_770' title='bbox 1247 5293 1493 5348; x_wconf 79' lang='lat' dir='ltr'><strong>adversus</strong></span> <span class='ocrx_word' id='word_1_771' title='bbox 1522 5295 1779 5360; x_wconf 89' lang='lat' dir='ltr'><strong>animam;</strong></span> <span class='ocrx_word' id='word_1_772' title='bbox 1816 5311 1942 5349; x_wconf 87' lang='lat' dir='ltr'><strong>con-</strong></span> 
     </span>
    </p>
   </div>
   <div class='ocr_carea' id='block_1_98' title="bbox 358 5387 1944 5462">
    <p class='ocr_par' dir='ltr' id='par_1_98' title="bbox 358 5387 1944 5462">
     <span class='ocr_line' id='line_1_98' title="bbox 358 5387 1944 5462; baseline -0.003 -16"><span class='ocrx_word' id='word_1_773' title='bbox 358 5395 697 5448; x_wconf 80' lang='lat' dir='ltr'><strong>versationem</strong></span> <span class='ocrx_word' id='word_1_774' title='bbox 743 5407 962 5448; x_wconf 87' lang='lat' dir='ltr'><strong>vestram</strong></span> <span class='ocrx_word' id='word_1_775' title='bbox 1007 5393 1140 5445; x_wconf 87' lang='lat' dir='ltr'><strong>inter</strong></span> <span class='ocrx_word' id='word_1_776' title='bbox 1178 5399 1352 5462; x_wconf 85' lang='lat' dir='ltr'><strong>gentes</strong></span> <span class='ocrx_word' id='word_1_777' title='bbox 1392 5387 1630 5442; x_wconf 86' lang='lat' dir='ltr'><strong>habentes</strong></span> <span class='ocrx_word' id='word_1_778' title='bbox 1679 5389 1861 5443; x_wconf 90' lang='lat' dir='ltr'><strong>bonam</strong></span> <span class='ocrx_word' id='word_1_779' title='bbox 1890 5387 1944 5460; x_wconf 90' lang='lat' dir='ltr'><strong>(I</strong></span> 
     </span>
    </p>
   </div>
   <div class='ocr_carea' id='block_1_99' title="bbox 361 5479 1945 5552">
    <p class='ocr_par' dir='ltr' id='par_1_99' title="bbox 361 5479 1945 5552">
     <span class='ocr_line' id='line_1_99' title="bbox 361 5479 1945 5552; baseline -0.001 -17"><span class='ocrx_word' id='word_1_780' title='bbox 361 5481 508 5536; x_wconf 78' lang='lat' dir='ltr'><strong>Petr.</strong></span> <span class='ocrx_word' id='word_1_781' title='bbox 540 5499 600 5550; x_wconf 91' lang='grc' dir='ltr'><strong>ιι,</strong></span> <span class='ocrx_word' id='word_1_782' title='bbox 633 5483 743 5552; x_wconf 81' lang='lat' dir='ltr'><strong>ll).</strong></span> <span class='ocrx_word' id='word_1_783' title='bbox 776 5481 878 5537; x_wconf 90' lang='lat' dir='ltr'><strong>Per</strong></span> <span class='ocrx_word' id='word_1_784' title='bbox 899 5483 1067 5552; x_wconf 86' lang='lat' dir='ltr'><strong>ipsam</strong></span> <span class='ocrx_word' id='word_1_785' title='bbox 1089 5481 1286 5536; x_wconf 89' lang='lat' dir='ltr'><strong>bonam</strong></span> <span class='ocrx_word' id='word_1_786' title='bbox 1315 5479 1781 5534; x_wconf 89' lang='lat' dir='ltr'><strong>conversationem</strong></span> <span class='ocrx_word' id='word_1_787' title='bbox 1813 5479 1945 5547; x_wconf 89' lang='lat' dir='ltr'><strong>iusti</strong></span> 
     </span>
    </p>
   </div>
   <div class='ocr_carea' id='block_1_100' title="bbox 359 5570 1943 5644">
    <p class='ocr_par' dir='ltr' id='par_1_100' title="bbox 359 5570 1943 5644">
     <span class='ocr_line' id='line_1_100' title="bbox 359 5570 1943 5644; baseline -0.001 -17"><span class='ocrx_word' id='word_1_788' title='bbox 359 5573 617 5628; x_wconf 76' lang='lat' dir='ltr'><strong>exhibent</strong></span> <span class='ocrx_word' id='word_1_789' title='bbox 630 5588 858 5644; x_wconf 88' lang='lat' dir='ltr'><strong>corpora</strong></span> <span class='ocrx_word' id='word_1_790' title='bbox 875 5587 970 5627; x_wconf 90' lang='lat' dir='ltr'><strong>sua</strong></span> <span class='ocrx_word' id='word_1_791' title='bbox 988 5571 1218 5626; x_wconf 90' lang='lat' dir='ltr'><strong>hostiam</strong></span> <span class='ocrx_word' id='word_1_792' title='bbox 1239 5570 1531 5636; x_wconf 88' lang='lat' dir='ltr'><strong>viventem,</strong></span> <span class='ocrx_word' id='word_1_793' title='bbox 1553 5580 1813 5634; x_wconf 87' lang='lat' dir='ltr'><strong>sanctam,</strong></span> <span class='ocrx_word' id='word_1_794' title='bbox 1833 5570 1943 5626; x_wconf 88' lang='lat' dir='ltr'><strong>Deo</strong></span> 
     </span>
    </p>
   </div>
   <div class='ocr_carea' id='block_1_101' title="bbox 359 5661 1943 5738">
    <p class='ocr_par' dir='ltr' id='par_1_101' title="bbox 359 5661 1943 5738">
     <span class='ocr_line' id='line_1_101' title="bbox 359 5661 1943 5738; baseline -0.004 -18"><span class='ocrx_word' id='word_1_795' title='bbox 359 5665 659 5737; x_wconf 87' lang='lat' dir='ltr'><strong>placentem</strong></span> <span class='ocrx_word' id='word_1_796' title='bbox 687 5664 864 5738; x_wconf 83' lang='lat' dir='ltr'><strong>(Rom.</strong></span> <span class='ocrx_word' id='word_1_797' title='bbox 899 5681 992 5726; x_wconf 85' lang='lat' dir='ltr'><strong>xu,</strong></span> <span class='ocrx_word' id='word_1_798' title='bbox 1028 5662 1102 5735; x_wconf 81' lang='grc'><strong>1),</strong></span> <span class='ocrx_word' id='word_1_799' title='bbox 1136 5661 1259 5732; x_wconf 86' lang='lat' dir='ltr'><strong>quia</strong></span> <span class='ocrx_word' id='word_1_800' title='bbox 1291 5677 1388 5731; x_wconf 91' lang='lat' dir='ltr'><strong>per</strong></span> <span class='ocrx_word' id='word_1_801' title='bbox 1427 5661 1622 5715; x_wconf 85' lang='lat' dir='ltr'><strong>bonam</strong></span> <span class='ocrx_word' id='word_1_802' title='bbox 1653 5677 1943 5716; x_wconf 82' lang='lat' dir='ltr'><strong>conversa-</strong></span> 
     </span>
    </p>
   </div>
   <div class='ocr_carea' id='block_1_102' title="bbox 435 5871 1212 5941">
    <p class='ocr_par' dir='ltr' id='par_1_102' title="bbox 435 5871 1212 5941">
     <span class='ocr_line' id='line_1_102' title="bbox 435 5871 1212 5941; baseline -0.004 -11"><span class='ocrx_word' id='word_1_803' title='bbox 435 5885 460 5911; x_wconf 77' lang='grc' dir='ltr'><strong>ι</strong></span> <span class='ocrx_word' id='word_1_804' title='bbox 489 5874 584 5929; x_wconf 82' lang='lat' dir='ltr'><strong>Ms.</strong></span> <span class='ocrx_word' id='word_1_805' title='bbox 611 5889 769 5939; x_wconf 70' lang='lat' dir='ltr'><strong>unus,</strong></span> <span class='ocrx_word' id='word_1_806' title='bbox 798 5882 911 5941; x_wconf 88' lang='lat' dir='ltr'><strong>post</strong></span> <span class='ocrx_word' id='word_1_807' title='bbox 937 5871 1212 5927; x_wconf 82' lang='lat' dir='ltr'><strong>modicum.</strong></span> 
     </span>
    </p>
   </div>
   <div class='ocr_carea' id='block_1_103' title="bbox 433 5937 1942 6015">
    <p class='ocr_par' dir='ltr' id='par_1_103' title="bbox 433 5937 1942 6015">
     <span class='ocr_line' id='line_1_103' title="bbox 433 5937 1942 6015; baseline -0.006 -15"><span class='ocrx_word' id='word_1_808' title='bbox 433 5945 462 5984; x_wconf 66' lang='grc' dir='ltr'>δ</span> <span class='ocrx_word' id='word_1_809' title='bbox 494 5945 588 6000; x_wconf 78' lang='lat' dir='ltr'><strong>Ms.</strong></span> <span class='ocrx_word' id='word_1_810' title='bbox 620 5937 777 6008; x_wconf 81' lang='lat' dir='ltr'><strong>unus,</strong></span> <span class='ocrx_word' id='word_1_811' title='bbox 799 5937 1068 5995; x_wconf 48' lang='lat' dir='ltr'><strong>internum</strong></span> <span class='ocrx_word' id='word_1_812' title='bbox 1097 5945 1208 5997; x_wconf 89' lang='lat' dir='ltr'><strong>sine</strong></span> <span class='ocrx_word' id='word_1_813' title='bbox 1241 5945 1339 5998; x_wconf 69' lang='lat' dir='ltr'><strong>l‘ine</strong></span> <span class='ocrx_word' id='word_1_814' title='bbox 1375 5942 1703 6015; x_wconf 88' lang='lat' dir='ltr'><strong>supplicium.</strong></span> <span class='ocrx_word' id='word_1_815' title='bbox 1750 5937 1942 5993; x_wconf 73' lang='lat' dir='ltr'><strong>Cmteri</strong></span> 
     </span>
    </p>
   </div>
   <div class='ocr_carea' id='block_1_104' title="bbox 686 6035 1196 6099">
    <p class='ocr_par' dir='ltr' id='par_1_104' title="bbox 686 6035 1196 6099">
     <span class='ocr_line' id='line_1_104' title="bbox 686 6035 1196 6099; baseline 0.002 -2"><span class='ocrx_word' id='word_1_816' title='bbox 686 6037 958 6097; x_wconf 67' lang='grc' dir='ltr'><strong>Ρλτιιοι..</strong></span> <span class='ocrx_word' id='word_1_817' title='bbox 1005 6035 1196 6099; x_wconf 77' lang='lat' dir='ltr'><strong>LXV.</strong></span> 
     </span>
    </p>
   </div>
   <div class='ocr_carea' id='block_1_105' title="bbox 2037 4725 3642 4813">
    <p class='ocr_par' dir='ltr' id='par_1_105' title="bbox 2037 4725 3642 4813">
     <span class='ocr_line' id='line_1_105' title="bbox 2037 4725 3642 4813; baseline -0.004 -13"><span class='ocrx_word' id='word_1_818' title='bbox 2037 4746 2178 4802; x_wconf 87' lang='lat' dir='ltr'><strong>Dicit</strong></span> <span class='ocrx_word' id='word_1_819' title='bbox 2204 4747 2345 4800; x_wconf 86' lang='lat' dir='ltr'><strong>enim</strong></span> <span class='ocrx_word' id='word_1_820' title='bbox 2381 4762 2392 4797; x_wconf 92' lang='lat'><strong>:</strong></span> <span class='ocrx_word' id='word_1_821' title='bbox 2428 4743 2629 4798; x_wconf 82' lang='lat' dir='ltr'><strong>Intrate</strong></span> <span class='ocrx_word' id='word_1_822' title='bbox 2657 4759 2748 4812; x_wconf 89' lang='lat' dir='ltr'><strong>per</strong></span> <span class='ocrx_word' id='word_1_823' title='bbox 2774 4753 3052 4813; x_wconf 86' lang='lat' dir='ltr'><strong>angustam</strong></span> <span class='ocrx_word' id='word_1_824' title='bbox 3078 4753 3302 4811; x_wconf 83' lang='lat' dir='ltr'><strong>portam.</strong></span> <span class='ocrx_word' id='word_1_825' title='bbox 3329 4741 3494 4806; x_wconf 79' lang='lat' dir='ltr'><strong>Quam</strong></span> <span class='ocrx_word' id='word_1_826' title='bbox 3517 4725 3642 4795; x_wconf 30' lang='lat' dir='ltr'><strong>lata‘</strong></span> 
     </span>
    </p>
   </div>
   <div class='ocr_carea' id='block_1_106' title="bbox 2040 4834 3633 4910">
    <p class='ocr_par' dir='ltr' id='par_1_106' title="bbox 2040 4834 3633 4910">
     <span class='ocr_line' id='line_1_106' title="bbox 2040 4834 3633 4910; baseline -0.002 -19"><span class='ocrx_word' id='word_1_827' title='bbox 2040 4847 2191 4910; x_wconf 84' lang='lat' dir='ltr'><strong>porta</strong></span> <span class='ocrx_word' id='word_1_828' title='bbox 2215 4846 2265 4891; x_wconf 91' lang='lat' dir='ltr'><strong>et</strong></span> <span class='ocrx_word' id='word_1_829' title='bbox 2284 4837 2512 4907; x_wconf 87' lang='lat' dir='ltr'><strong>spatiosa</strong></span> <span class='ocrx_word' id='word_1_830' title='bbox 2542 4837 2623 4887; x_wconf 90' lang='lat' dir='ltr'><strong>via</strong></span> <span class='ocrx_word' id='word_1_831' title='bbox 2645 4850 2758 4905; x_wconf 78' lang='lat' dir='ltr'><strong>qua:</strong></span> <span class='ocrx_word' id='word_1_832' title='bbox 2778 4835 2918 4886; x_wconf 89' lang='lat' dir='ltr'><strong>ducit</strong></span> <span class='ocrx_word' id='word_1_833' title='bbox 2939 4834 3007 4885; x_wconf 91' lang='lat' dir='ltr'><strong>ad</strong></span> <span class='ocrx_word' id='word_1_834' title='bbox 3027 4835 3385 4903; x_wconf 83' lang='lat' dir='ltr'><strong>perditionem,</strong></span> <span class='ocrx_word' id='word_1_835' title='bbox 3410 4843 3458 4888; x_wconf 86' lang='lat' dir='ltr'><strong>et</strong></span> <span class='ocrx_word' id='word_1_836' title='bbox 3480 4837 3633 4889; x_wconf 89' lang='lat' dir='ltr'><strong>multi</strong></span> 
     </span>
    </p>
   </div>
   <div class='ocr_carea' id='block_1_107' title="bbox 2042 4920 3635 4997">
    <p class='ocr_par' dir='ltr' id='par_1_107' title="bbox 2042 4920 3635 4997">
     <span class='ocr_line' id='line_1_107' title="bbox 2042 4920 3635 4997; baseline -0.003 -16"><span class='ocrx_word' id='word_1_837' title='bbox 2042 4935 2162 4981; x_wconf 91' lang='lat' dir='ltr'><strong>sunt</strong></span> <span class='ocrx_word' id='word_1_838' title='bbox 2207 4926 2294 4997; x_wconf 91' lang='lat' dir='ltr'><strong>qui</strong></span> <span class='ocrx_word' id='word_1_839' title='bbox 2339 4927 2537 4978; x_wconf 90' lang='lat' dir='ltr'><strong>intrant</strong></span> <span class='ocrx_word' id='word_1_840' title='bbox 2578 4939 2668 4991; x_wconf 87' lang='lat' dir='ltr'><strong>per</strong></span> <span class='ocrx_word' id='word_1_841' title='bbox 2708 4924 2910 4992; x_wconf 88' lang='lat' dir='ltr'><strong>ipsam!</strong></span> <span class='ocrx_word' id='word_1_842' title='bbox 2941 4920 3109 4986; x_wconf 85' lang='lat' dir='ltr'><strong>Quam</strong></span> <span class='ocrx_word' id='word_1_843' title='bbox 3156 4937 3375 4994; x_wconf 77' lang='lat' dir='ltr'><strong>angusta</strong></span> <span class='ocrx_word' id='word_1_844' title='bbox 3405 4934 3555 4994; x_wconf 89' lang='lat' dir='ltr'><strong>porta</strong></span> <span class='ocrx_word' id='word_1_845' title='bbox 3585 4936 3635 4976; x_wconf 72' lang='lat' dir='ltr'><strong>et</strong></span> 
     </span>
    </p>
   </div>
   <div class='ocr_carea' id='block_1_108' title="bbox 2044 5014 3635 5088">
    <p class='ocr_par' dir='ltr' id='par_1_108' title="bbox 2044 5014 3635 5088">
     <span class='ocr_line' id='line_1_108' title="bbox 2044 5014 3635 5088; baseline -0.001 -18"><span class='ocrx_word' id='word_1_846' title='bbox 2044 5027 2190 5072; x_wconf 86' lang='lat' dir='ltr'><strong>arcta</strong></span> <span class='ocrx_word' id='word_1_847' title='bbox 2216 5018 2295 5069; x_wconf 86' lang='lat' dir='ltr'><strong>via</strong></span> <span class='ocrx_word' id='word_1_848' title='bbox 2323 5031 2437 5087; x_wconf 63' lang='lat' dir='ltr'><strong>quae</strong></span> <span class='ocrx_word' id='word_1_849' title='bbox 2464 5015 2605 5067; x_wconf 85' lang='lat' dir='ltr'><strong>ducit</strong></span> <span class='ocrx_word' id='word_1_850' title='bbox 2643 5014 2714 5066; x_wconf 84' lang='lat' dir='ltr'><strong>ad</strong></span> <span class='ocrx_word' id='word_1_851' title='bbox 2747 5015 2923 5077; x_wconf 84' lang='lat' dir='ltr'><strong>vitam,</strong></span> <span class='ocrx_word' id='word_1_852' title='bbox 2973 5025 3022 5067; x_wconf 88' lang='lat' dir='ltr'><strong>et</strong></span> <span class='ocrx_word' id='word_1_853' title='bbox 3051 5017 3202 5084; x_wconf 89' lang='lat' dir='ltr'><strong>pauci</strong></span> <span class='ocrx_word' id='word_1_854' title='bbox 3232 5026 3350 5068; x_wconf 85' lang='lat' dir='ltr'><strong>sunt</strong></span> <span class='ocrx_word' id='word_1_855' title='bbox 3378 5016 3464 5088; x_wconf 89' lang='lat' dir='ltr'><strong>qui</strong></span> <span class='ocrx_word' id='word_1_856' title='bbox 3495 5015 3635 5068; x_wconf 80' lang='lat' dir='ltr'><strong>inve-</strong></span> 
     </span>
    </p>
   </div>
   <div class='ocr_carea' id='block_1_109' title="bbox 2047 5105 3634 5178">
    <p class='ocr_par' dir='ltr' id='par_1_109' title="bbox 2047 5105 3634 5178">
     <span class='ocr_line' id='line_1_109' title="bbox 2047 5105 3634 5178; baseline -0.003 -14"><span class='ocrx_word' id='word_1_857' title='bbox 2047 5111 2195 5164; x_wconf 89' lang='lat' dir='ltr'><strong>niunt</strong></span> <span class='ocrx_word' id='word_1_858' title='bbox 2215 5124 2330 5161; x_wconf 89' lang='lat' dir='ltr'><strong>eam</strong></span> <span class='ocrx_word' id='word_1_859' title='bbox 2360 5105 2573 5178; x_wconf 82' lang='lat' dir='ltr'><strong>(Matth.</strong></span> <span class='ocrx_word' id='word_1_860' title='bbox 2606 5122 2696 5171; x_wconf 88' lang='lat' dir='ltr'><strong>vn,</strong></span> <span class='ocrx_word' id='word_1_861' title='bbox 2728 5105 2814 5170; x_wconf 80' lang='grc'><strong>15,</strong></span> <span class='ocrx_word' id='word_1_862' title='bbox 2850 5106 2967 5176; x_wconf 74' lang='grc' dir='ltr'><strong>14)ῑ</strong></span> <span class='ocrx_word' id='word_1_863' title='bbox 3024 5106 3120 5160; x_wconf 80' lang='lat' dir='ltr'><strong>Via</strong></span> <span class='ocrx_word' id='word_1_864' title='bbox 3169 5117 3350 5162; x_wconf 91' lang='lat' dir='ltr'><strong>nostra</strong></span> <span class='ocrx_word' id='word_1_865' title='bbox 3394 5123 3634 5178; x_wconf 62' lang='lat' dir='ltr'><strong>praesens</strong></span> 
     </span>
    </p>
   </div>
   <div class='ocr_carea' id='block_1_110' title="bbox 2052 5197 3634 5270">
    <p class='ocr_par' dir='ltr' id='par_1_110' title="bbox 2052 5197 3634 5270">
     <span class='ocr_line' id='line_1_110' title="bbox 2052 5197 3634 5270; baseline -0.003 -13"><span class='ocrx_word' id='word_1_866' title='bbox 2052 5203 2158 5257; x_wconf 90' lang='lat' dir='ltr'><strong>vita</strong></span> <span class='ocrx_word' id='word_1_867' title='bbox 2184 5208 2285 5265; x_wconf 90' lang='lat' dir='ltr'><strong>est,</strong></span> <span class='ocrx_word' id='word_1_868' title='bbox 2329 5199 2382 5254; x_wconf 91' lang='lat' dir='ltr'><strong>in</strong></span> <span class='ocrx_word' id='word_1_869' title='bbox 2425 5214 2530 5270; x_wconf 89' lang='lat' dir='ltr'><strong>qua</strong></span> <span class='ocrx_word' id='word_1_870' title='bbox 2556 5198 2600 5253; x_wconf 93' lang='lat' dir='ltr'><strong>si</strong></span> <span class='ocrx_word' id='word_1_871' title='bbox 2629 5199 2750 5267; x_wconf 91' lang='lat' dir='ltr'><strong>quis</strong></span> <span class='ocrx_word' id='word_1_872' title='bbox 2791 5199 3000 5268; x_wconf 87' lang='lat' dir='ltr'><strong>positus</strong></span> <span class='ocrx_word' id='word_1_873' title='bbox 3025 5199 3191 5252; x_wconf 90' lang='lat' dir='ltr'><strong>verbo</strong></span> <span class='ocrx_word' id='word_1_874' title='bbox 3221 5197 3315 5252; x_wconf 91' lang='lat' dir='ltr'><strong>Dei</strong></span> <span class='ocrx_word' id='word_1_875' title='bbox 3364 5213 3474 5252; x_wconf 90' lang='lat' dir='ltr'><strong>non</strong></span> <span class='ocrx_word' id='word_1_876' title='bbox 3501 5213 3634 5254; x_wconf 87' lang='lat' dir='ltr'><strong>con-</strong></span> 
     </span>
    </p>
   </div>
   <div class='ocr_carea' id='block_1_111' title="bbox 2046 5290 3633 5361">
    <p class='ocr_par' dir='ltr' id='par_1_111' title="bbox 2046 5290 3633 5361">
     <span class='ocr_line' id='line_1_111' title="bbox 2046 5290 3633 5361; baseline -0.003 -11"><span class='ocrx_word' id='word_1_877' title='bbox 2046 5293 2294 5357; x_wconf 90' lang='lat' dir='ltr'><strong>senserit,</strong></span> <span class='ocrx_word' id='word_1_878' title='bbox 2325 5306 2430 5346; x_wconf 89' lang='lat' dir='ltr'><strong>non</strong></span> <span class='ocrx_word' id='word_1_879' title='bbox 2463 5291 2690 5361; x_wconf 88' lang='lat' dir='ltr'><strong>accipiet</strong></span> <span class='ocrx_word' id='word_1_880' title='bbox 2720 5290 3095 5344; x_wconf 90' lang='lat' dir='ltr'><strong>remissionem</strong></span> <span class='ocrx_word' id='word_1_881' title='bbox 3126 5297 3505 5359; x_wconf 82' lang='lat' dir='ltr'><strong>peccatorum;</strong></span> <span class='ocrx_word' id='word_1_882' title='bbox 3537 5291 3633 5345; x_wconf 81' lang='lat' dir='ltr'><strong>sed</strong></span> 
     </span>
    </p>
   </div>
   <div class='ocr_carea' id='block_1_112' title="bbox 2049 5379 3632 5452">
    <p class='ocr_par' dir='ltr' id='par_1_112' title="bbox 2049 5379 3632 5452">
     <span class='ocr_line' id='line_1_112' title="bbox 2049 5379 3632 5452; baseline -0.003 -12"><span class='ocrx_word' id='word_1_883' title='bbox 2049 5387 2102 5440; x_wconf 92' lang='lat' dir='ltr'><strong>in</strong></span> <span class='ocrx_word' id='word_1_884' title='bbox 2129 5385 2256 5440; x_wconf 88' lang='lat' dir='ltr'><strong>lletu</strong></span> <span class='ocrx_word' id='word_1_885' title='bbox 2297 5393 2354 5437; x_wconf 90' lang='lat' dir='ltr'><strong>et</strong></span> <span class='ocrx_word' id='word_1_886' title='bbox 2379 5382 2612 5438; x_wconf 89' lang='lat' dir='ltr'><strong>stridore</strong></span> <span class='ocrx_word' id='word_1_887' title='bbox 2641 5381 2881 5436; x_wconf 91' lang='lat' dir='ltr'><strong>dentium</strong></span> <span class='ocrx_word' id='word_1_888' title='bbox 2912 5380 3112 5448; x_wconf 88' lang='lat' dir='ltr'><strong>lugebit</strong></span> <span class='ocrx_word' id='word_1_889' title='bbox 3148 5380 3264 5435; x_wconf 90' lang='lat' dir='ltr'><strong>sine</strong></span> <span class='ocrx_word' id='word_1_890' title='bbox 3294 5379 3399 5437; x_wconf 82' lang='lat' dir='ltr'><strong>line</strong></span> <span class='ocrx_word' id='word_1_891' title='bbox 3427 5384 3632 5452; x_wconf 90' lang='lat' dir='ltr'><strong>suppli-</strong></span> 
     </span>
    </p>
   </div>
   <div class='ocr_carea' id='block_1_113' title="bbox 2049 5472 3632 5539">
    <p class='ocr_par' dir='ltr' id='par_1_113' title="bbox 2049 5472 3632 5539">
     <span class='ocr_line' id='line_1_113' title="bbox 2049 5472 3632 5539; baseline -0.004 -6"><span class='ocrx_word' id='word_1_892' title='bbox 2049 5479 2190 5534; x_wconf 92' lang='lat' dir='ltr'><strong>cium</strong></span> <span class='ocrx_word' id='word_1_893' title='bbox 2224 5477 2248 5514; x_wconf 64' lang='grc' dir='ltr'><strong>ξ’</strong></span> <span class='ocrx_word' id='word_1_894' title='bbox 2285 5491 2427 5531; x_wconf 91' lang='lat' dir='ltr'><strong>:nec</strong></span> <span class='ocrx_word' id='word_1_895' title='bbox 2476 5474 2742 5528; x_wconf 90' lang='lat' dir='ltr'><strong>immerito</strong></span> <span class='ocrx_word' id='word_1_896' title='bbox 2791 5485 3060 5539; x_wconf 90' lang='lat' dir='ltr'><strong>nunquam</strong></span> <span class='ocrx_word' id='word_1_897' title='bbox 3102 5472 3398 5528; x_wconf 85' lang='lat' dir='ltr'><strong>merebitur</strong></span> <span class='ocrx_word' id='word_1_898' title='bbox 3445 5488 3632 5528; x_wconf 88' lang='lat' dir='ltr'><strong>carere</strong></span> 
     </span>
    </p>
   </div>
   <div class='ocr_carea' id='block_1_114' title="bbox 2049 5561 3632 5637">
    <p class='ocr_par' dir='ltr' id='par_1_114' title="bbox 2049 5561 3632 5637">
     <span class='ocr_line' id='line_1_114' title="bbox 2049 5561 3632 5637; baseline -0.004 -13"><span class='ocrx_word' id='word_1_899' title='bbox 2049 5577 2339 5633; x_wconf 89' lang='lat' dir='ltr'><strong>tormento,</strong></span> <span class='ocrx_word' id='word_1_900' title='bbox 2388 5567 2479 5637; x_wconf 87' lang='lat' dir='ltr'><strong>qui</strong></span> <span class='ocrx_word' id='word_1_901' title='bbox 2526 5563 2762 5635; x_wconf 90' lang='lat' dir='ltr'><strong>quandiu</strong></span> <span class='ocrx_word' id='word_1_902' title='bbox 2804 5563 2890 5616; x_wconf 92' lang='lat' dir='ltr'><strong>hic</strong></span> <span class='ocrx_word' id='word_1_903' title='bbox 2921 5561 3072 5629; x_wconf 79' lang='lat' dir='ltr'><strong>vixit,</strong></span> <span class='ocrx_word' id='word_1_904' title='bbox 3103 5562 3274 5616; x_wconf 89' lang='lat' dir='ltr'><strong>noluit</strong></span> <span class='ocrx_word' id='word_1_905' title='bbox 3320 5565 3632 5618; x_wconf 88' lang='lat' dir='ltr'><strong>renuntiare</strong></span> 
     </span>
    </p>
   </div>
   <div class='ocr_carea' id='block_1_115' title="bbox 2050 5669 2295 5730">
    <p class='ocr_par' dir='ltr' id='par_1_115' title="bbox 2050 5669 2295 5730">
     <span class='ocr_line' id='line_1_115' title="bbox 2050 5669 2295 5730; baseline -0.012 -15"><span class='ocrx_word' id='word_1_906' title='bbox 2050 5669 2295 5730; x_wconf 77' lang='lat' dir='ltr'><strong>peccato.</strong></span> 
     </span>
    </p>
   </div>
   <div class='ocr_carea' id='block_1_116' title="bbox 2056 5869 2686 5923">
    <p class='ocr_par' dir='ltr' id='par_1_116' title="bbox 2056 5869 2686 5923">
     <span class='ocr_line' id='line_1_116' title="bbox 2056 5869 2686 5923; baseline -0.01 -2"><span class='ocrx_word' id='word_1_907' title='bbox 2056 5884 2160 5922; x_wconf 89' lang='lat' dir='ltr'><strong>non</strong></span> <span class='ocrx_word' id='word_1_908' title='bbox 2193 5869 2389 5923; x_wconf 76' lang='lat' dir='ltr'><strong>addunt</strong></span> <span class='ocrx_word' id='word_1_909' title='bbox 2421 5874 2686 5920; x_wconf 66' lang='lat' dir='ltr'><strong>attentum.</strong></span> 
     </span>
    </p>
   </div>
   <div class='ocr_carea' id='block_1_117' title="bbox 3148 6005 3214 6061">
    <p class='ocr_par' dir='ltr' id='par_1_117' title="bbox 3148 6005 3214 6061">
     <span class='ocr_line' id='line_1_117' title="bbox 3148 6005 3214 6061; baseline 0.045 -3"><span class='ocrx_word' id='word_1_910' title='bbox 3148 6005 3214 6061; x_wconf 88' lang='grc'><strong>18</strong></span> 
     </span>
    </p>
   </div>
  </div>
