4130 6506
474 453 614 513 ιτ)δῦ

1138 569 1358 625 CAPUI
1408 568 1471 622 ν.

566 666 805 736 ιΡνορῑθιι
833 664 938 719 hoc
959 675 1392 730 unumquemque
1415 665 1656 713 nostrum
1684 655 1937 711 Salvator
1959 671 2097 726 pne-

505 767 709 823 monet,
758 757 978 812 dicens:
1004 753 1133 808 Esto
1167 752 1493 806 consentiens
1526 748 1825 803 adversario
1868 756 1954 801 tuo
1994 747 2095 802 cito

505 853 626 906 dum
670 867 722 904 es
767 851 826 903 in
853 850 935 901 via
973 864 1088 900 cum
1117 861 1200 909 eo,
1230 861 1294 898 ne
1324 845 1456 913 forte
1487 844 1661 894 tradat
1690 848 1738 921 te
1767 840 2096 893 adversarius

507 945 688 1011 iudici,
716 951 765 996 et
787 941 952 1014 judea:
979 939 1155 992 tradat
1182 946 1231 990 te
1259 937 1516 997 ministro,
1546 942 1595 987 et
1622 935 1677 987 in
1702 948 1959 987 carcerem
1986 933 2099 984 mit-

506 1036 652 1090 taris.
686 1035 847 1088 Amen
869 1033 982 1086 dico
1005 1030 1117 1094 tibi,
1146 1044 1251 1082 non
1279 1027 1421 1081 exies
1444 1026 1565 1079 inde
1593 1026 1753 1079 donec
1775 1023 1966 1078 reddas
1996 1039 2098 1076 no-

504 1130 767 1183 vissimum
782 1124 1122 1197 quadrantem
1146 1119 1358 1190 (Matth.
1389 1118 1566 1185 v,‘25).
1591 1118 1969 1173 Adversarium
1992 1117 2096 1172 sibi

506 1218 706 1287 quippe
734 1215 862 1270 facit
892 1215 1054 1267 homo
1076 1212 1168 1265 Dei
1190 1211 1434 1271 verbum,
1458 1208 1691 1277 quandiu
1720 1207 1807 1262 illa
1829 1206 1957 1262 facit
1977 1223 2096 1278 qua:

504 1309 716 1362 divinus
729 1321 907 1361 sermo
930 1303 1197 1373 prohibet.
1225 1300 1539 1368 Cnidicitur
1562 1300 1613 1353 in
1632 1298 1837 1369 psalmo
1856 1317 1867 1351 :
1884 1297 1960 1352 Tu
1978 1314 2095 1352 vero

504 1400 661 1454 odisti
694 1399 1042 1468 disciplinam,
1075 1405 1124 1449 et
1158 1395 1420 1465 projecisti
1443 1409 1702 1448 semoues
1734 1408 1871 1447 meos
1898 1400 2012 1462 post
2048 1404 2097 1446 te

504 1491 680 1564 (Psal.
700 1506 844 1555 XLIX,
866 1489 977 1558 l7).
1000 1488 1135 1543 Huic
1157 1487 1391 1542 sermoni
1409 1485 1591 1541 divino
1604 1486 1648 1540 si
1664 1485 1783 1555 quis
1799 1485 1850 1539 in
1868 1486 1976 1553 via,
1994 1485 2098 1541 hoc

503 1580 652 1636 estsi
672 1580 793 1649 quis
819 1578 870 1632 in
892 1579 994 1632 hac
1012 1578 1121 1631 vita
1147 1578 1256 1631 cito
1273 1575 1616 1631 consentiens
1640 1590 1746 1629 non
1768 1574 1946 1636 fuerit,
1977 1576 2099 1630 Inis-

503 1688 595 1727 sus
622 1672 673 1724 in
695 1684 967 1725 carcerem
991 1668 1129 1738 ignis
1148 1668 1336 1721 aeterni
1360 1666 1497 1720 ultra
1529 1667 1765 1735 requiem
1791 1680 1897 1720 non
1927 1666 2097 1720 habe-

503 1762 600 1815 bit.
625 1761 804 1815 Bonus
832 1760 975 1814 enim
998 1758 1336 1813 adversarius
1365 1758 1484 1820 iste,
1510 1757 1601 1827 qui
1630 1756 1830 1811 salubri
1858 1756 2098 1810 adversi-

502 1850 831 1920 tatejugiter
857 1850 1038 1914 instat,
1072 1856 1131 1902 ut
1152 1862 1181 1902 a
1214 1847 1368 1901 nobis
1392 1845 1775 1901 adversitatem
1804 1844 2096 1900 mortifera:

1531 448 1588 501 S.
1631 443 1990 505 FULCENTII
2028 443 2328 502 EPISCOPI
2359 444 2734 507 RUSPENSIS

2128 574 2176 632 Α
2203 568 2493 623 sericordia
2520 567 2835 639 justiticabit
2864 570 3107 640 impium,
3154 571 3249 627 sed
3287 571 3495 642 justitia
3521 573 3797 632 discernet

2197 657 2401 727 justum
2447 667 2503 713 et
2530 659 2771 727 impium.
2805 657 3075 730 Scriptum
3129 675 3362 734 namque
3400 665 3713 722 continetur
3738 669 3792 723 in

2202 748 2410 816 psalmo
2445 766 2458 801 :
2493 748 2745 803 Dominus
2765 751 3056 823 interrogat
3079 753 3280 824 justum
3301 763 3351 809 et
3380 756 3595 827 impium
3616 758 3790 829 (Paul.

2200 856 2252 903 ι,
2282 840 2358 906 6).
2392 838 2458 894 Et
2488 849 2547 895 ut
2573 832 2885 898 ostenderet
2914 842 2966 898 in
3018 844 3391 914 iniquitatibus
3436 850 3795 919 perditionem

2199 945 2322 985 esse
2352 931 2563 995 animm,
2604 948 2713 987 non
2742 933 2994 1003 salutem,
3025 938 3270 1005 sequitur
3300 939 3487 995 dicens
3520 960 3533 994 :
3570 942 3672 1007 Qui
3698 963 3797 999 au-

2199 1031 2299 1075 tem
2328 1023 2499 1094 diligit
2541 1024 2888 1095 iniquitatem,
2936 1028 3048 1082 odit
3090 1031 3323 1084 animam
3358 1048 3527 1089 suam.
3559 1035 3638 1091 Ne
3666 1052 3797 1093 vero

2199 1114 2432 1185 aliquam
2454 1117 2554 1171 sibi
2583 1117 3008 1175 misericordiam
3032 1125 3412 1193 repromittant
3433 1128 3526 1196 qui
3550 1144 3721 1200 usque
3742 1132 3795 1187 in

2200 1203 2358 1259 ﬁnem
2389 1207 2669 1275 praesentis
2696 1208 2821 1262 vitm
2846 1210 2901 1291 in
2944 1210 3233 1281 iniquitate
3259 1215 3573 1283 perdurant,
3603 1218 3797 1275 subse-

2192 1307 2426 1365 quenter
2470 1297 2536 1351 de
2565 1297 2676 1353 Deo
2718 1300 2795 1353 sic
2824 1300 3062 1370 loquitur
3097 1321 3110 1356 :
3139 1302 3285 1358 Pluit
3312 1322 3466 1377 super
3496 1319 3796 1377 peccatores

2199 1386 2437 1454 laqueos,
2467 1388 2631 1458 ignis,
2665 1388 2881 1458 sulphur
2912 1400 2961 1444 et
2987 1394 3200 1461 spiritus
3241 1398 3618 1465 procellarum,
3668 1400 3794 1470 pars

2199 1476 2375 1530 colicis
2402 1493 2578 1531 eorum
2616 1493 2637 1532 ξ
2666 1481 2910 1550 quoniam
2932 1482 3108 1552 justus
3146 1483 3399 1540 Dominus
3442 1488 3680 1557 justitius
3706 1490 3795 1546 di-

2200 1566 2346 1632 texit,
2370 1570 2664 1639 aequitatem
2689 1571 2813 1626 cidit
2839 1573 3005 1625 rullus
3029 1574 3139 1643 ejus
3163 1574 3326 1645 (Ibid.
3357 1576 3406 1641 7,
3432 1576 3511 1647 8).
3538 1577 3793 1649 Quisquis

2192 1658 2361 1726 igitur
2389 1660 2506 1715 hmo
2542 1661 2767 1716 audiens
2811 1662 2862 1715 in
2912 1666 3167 1732 praesenti
3217 1675 3459 1736 tempore
3489 1671 3792 1726 misericor-

2198 1749 2341 1804 diam
2372 1748 2468 1804 Dei
2502 1751 2736 1806 noluerit
2759 1768 2855 1821 per
2880 1756 3291 1811 conversionem
3320 1773 3583 1828 quzrrere,
3626 1762 3681 1815 in
3712 1760 3794 1817 t‘u-

2192 1846 2322 1895 turo
2351 1855 2472 1896 eam
2502 1858 2775 1912 nunquam
2827 1848 3031 1915 poterit
3081 1848 3340 1905 invenire.
3392 1850 3508 1907 Hoc
3536 1854 3678 1908 enim
3705 1855 3792 1928 ju-

507 1941 803 2009 iniquitatis
818 1938 1074 2009 expellat.
1090 1936 1226 1992 Hinc
1244 1936 1485 2006 estquod
1501 1950 1600 1991 nos
1622 1935 1675 1989 in
1697 1935 1804 1989 alio
1826 1936 1948 1991 loco
1959 1935 2099 1990 Scri-
2129 1962 2175 2021 Β
2200 1939 2318 1987 stus
2340 1933 2509 2002 judex
2537 1949 2635 2003 per
2664 1936 2881 1990 beatum
2906 1938 3062 1992 nobis
3090 1940 3394 2009 apostolum
3424 1942 3684 1999 Jacobum
3704 1946 3793 2001 de»

507 2042 663 2104 ptura
689 2033 893 2097 divina,
920 2041 979 2086 ut
1002 2032 1257 2086 celeriter
1283 2037 1681 2093 convertamur,
1731 2029 1996 2092 hortatur,
2031 2044 2098 2085 ne

502 2124 728 2179 tarditas
759 2121 1034 2178 mortifera
1065 2120 1420 2191 perditionem
1461 2119 1725 2174 dili'erenti
1768 2119 1963 2188 pariat,
1990 2134 2096 2173 non

502 2220 751 2274 salutem.
782 2216 872 2270 Ait
898 2216 1100 2284 igitur:
1129 2212 1180 2266 Ν
1185 2229 1212 2267 e
1242 2212 1527 2265 tardaveris
1554 2211 1777 2265 converti
1812 2210 1882 2263 ad
1906 2209 2095 2277 Deum,

502 2321 551 2364 ct
579 2328 643 2365 ne
666 2309 879 2379 differas
910 2308 973 2361 de
999 2308 1084 2360 die
1105 2307 1165 2361 in
1186 2306 1356 2369 diem;
1381 2320 1443 2357 ne
1474 2303 1640 2358 subito
1670 2305 1839 2358 veniat
1858 2305 1941 2358 ira
1960 2304 2092 2375 ejus,

501 2414 552 2456 et
582 2405 636 2456 in
665 2412 889 2471 tempore
910 2400 1148 2454 vindicta:
1162 2397 1427 2468 disperdet
1455 2405 1502 2449 te
1525 2394 1710 2468 (Eccli.
1729 2412 1784 2462 v,
1807 2395 1884 2468 8).
1910 2394 2097 2450 Osten-

502 2495 584 2549 dit
612 2495 797 2563 utique
822 2506 1001 2546 sermo
1028 2490 1240 2544 divinus
1269 2487 1395 2557 quia
1429 2502 1560 2541 cum
1588 2486 1837 2541 vindicta:
1885 2496 2096 2557 tempus

503 2588 807 2653 advenerit,
843 2602 947 2641 non
974 2586 1085 2655 jam
1111 2585 1395 2640 conversio
1426 2584 1624 2637 malum
1660 2584 1939 2654 punitione
1962 2583 2093 2638 sub-

500 2680 701 2743 trahet,
729 2678 822 2732 sed
851 2678 931 2731 ira
961 2675 1155 2730 vindex
1183 2674 1362 2729 debita
1384 2674 1843 2729 condemnatione
1881 2674 2093 2745 disperh

498 2772 610 2828 det.
660 2770 795 2825 Illud
836 2769 1035 2824 etenim
1081 2776 1293 2837 tempus
1337 2781 1442 2821 non
1468 2765 1576 2820 erit
1616 2767 1965 2831 remissionis,
1999 2764 2095 2821 sed

499 2861 896 2928 retributionis;
940 2874 1041 2915 nec
1093 2858 1454 2928 indulgentia},
1505 2858 1600 2913 sed
1646 2857 1914 2912 vindictae.
1963 2855 2093 2923 Qua:

498 2959 697 3015 idcirco
724 2957 904 3013 divina
934 2952 1341 3025 longanimitate
1384 2950 1649 3016 dill‘ertur,
1690 2932 1749 3007 ut
1779 2959 2094 3006 sanctorum

498 3064 754 3105 numerus
801 3047 1109 3120 impleatur.
1160 3045 1313 3100 lianc
1357 3043 1503 3099 enim
1558 3042 1850 3098 vindictam
1901 3042 2093 3096 beatus

494 3138 732 3195 Joannes
753 3139 805 3193 in
820 3135 1143 3208 Apocalypsi
1172 3142 1394 3190 sanctos
1412 3142 1744 3187 memoratur
1763 3130 2089 3200 postulasse,

493 3244 726 3301 quorum
774 3230 886 3284 haec
918 3229 1080 3281 verba
1125 3234 1250 3281 sunt
1295 3243 1307 3277 :
1343 3223 1637 3295 Quousque,
1672 3221 1911 3283 Domine,
1962 3238 2090 3275 san-

495 3329 606 3374 ctus
634 3327 683 3372 et
709 3333 874 3379 verus,
906 3333 1009 3370 non
1024 3315 1268 3386 judicas,
1300 3322 1349 3367 et
1385 3330 1488 3366 non
1524 3311 1758 3366 vindicas
1783 3312 2089 3381 sanguinem

496 3417 734 3464 nostrum
760 3406 825 3459 de
852 3406 932 3458 his
960 3405 1047 3472 qui
1076 3405 1131 3457 in
1162 3413 1303 3457 terra
1331 3401 1566 3455 habitant
1612 3400 1799 3473 (Apoc.
1838 3415 1912 3460 v1,
1965 3399 2089 3469 10)?

498 3503 568 3557 Et
595 3509 653 3555 ut
681 3499 905 3554 doceret
935 3513 1031 3567 pro
1071 3495 1153 3550 his
1182 3495 1274 3564 qui
1304 3509 1491 3548 eorum
1539 3500 1666 3546 sunt
1692 3492 1965 3547 consortio
1992 3506 2088 3545 co-

498 3590 741 3663 pulandi,
766 3597 979 3659 tempus
994 3586 1239 3641 vindictae
1257 3599 1489 3654 superna
1513 3582 1852 3637 ordinatione
1866 3581 2084 3646 diﬁcrri,

493 3679 947 3752 sequitur‘dicens
972 3695 983 3729 :
1013 3676 1082 3731 Et
1115 3677 1253 3731 data:
1277 3684 1400 3731 sunt
1425 3674 1646 3745 singulis
1686 3673 1834 3726 stola:
1861 3674 2013 3737 albw,
2038 3682 2090 3726 et

495 3773 689 3826 dictum
719 3778 794 3824 est
813 3770 888 3823 eis
910 3779 965 3822 ut
986 3769 1357 3840 requiescerent
1378 3767 1513 3819 brevi
1536 3765 1704 3818 adhuc
1723 3773 1966 3833 tempore,
1994 3763 2087 3816 do-

500 3881 594 3919 nec
612 3863 888 3932 impleatur
917 3876 1157 3915 numerus
1188 3874 1550 3913 conservorum
1584 3867 1635 3911 et
1664 3859 1883 3927 [rutrum
1911 3873 2085 3910 eorum

496 3957 689 4031 (Ibid.,
731 3956 841 4029 ll).
884 3955 1117 4010 Noverat
1160 3953 1320 4007 etiam
1352 3951 1538 4006 beatus
1569 3948 1767 4004 Paulus
1806 3948 2088 4018 prmsentis

494 4050 674 4108 saeculi
696 4048 968 4119 futurique
988 4046 1319 4101 distantiam.
1337 4042 1556 4098 Sciebat
1582 4041 1633 4096 in
1654 4041 1903 4111 przcsenti
1926 4054 2086 4109 posse

493 4150 702 4197 tantum
747 4138 1069 4195 beneﬁcium
1110 4134 1299 4192 salutis
1328 4135 1566 4204 acquiri;
1600 4134 1652 4186 in
1696 4132 1873 4185 futuro
1904 4139 2085 4185 autem

493 4247 603 4287 non
647 4231 747 4285 nisi
792 4229 1095 4285 mercedem
1134 4226 1353 4293 iustitia:
1390 4225 1629 4293 singulis,
1681 4239 1779 4293 pro
1817 4223 2083 4277 bonorum

494 4337 593 4377 seu
622 4322 885 4376 malorum
929 4335 1152 4390 operum
1181 4319 1440 4389 qualitate
1490 4316 1716 4371 restitui.
1770 4314 1920 4376 Unde
1956 4330 2082 4370 cum

493 4413 869 4485 propheticum
894 4412 1164 4483 posuisset
1193 4410 1558 4466 testimonium
1589 4409 1732 4478 quod
1759 4407 1886 4464 dicit
1909 4407 2077 4463 Deus:

495 4505 746 4576 Tempore
783 4512 992 4576 accepto
1023 4504 1263 4558 exaudiui
1306 4513 1370 4565 te,
1413 4512 1462 4555 et
1490 4503 1544 4556 in
1575 4502 1658 4554 die
1685 4502 1869 4554 salutis
1907 4500 2084 4570 adjuvi

492 4610 540 4657 te
567 4598 657 4672 (II
679 4597 800 4653 Cor.
828 4614 898 4661 vr,
920 4596 1007 4667 ‘2);
1039 4597 1295 4651 continuo
1325 4595 1441 4664 ipse
1470 4594 1787 4649 subsecutus
1809 4591 2076 4660 adjungit:

490 4691 627 4747 Ecce
656 4708 793 4746 nunc
838 4702 1035 4760 tempus
1075 4689 1239 4759 3&8
1276 4686 1607 4756 ucceptnbile,
1649 4700 1764 4738 ecce
1807 4700 1940 4736 nunc
1971 4682 2078 4736 dies
2110 4721 2159 4779 Β

488 4787 672 4841 salutis
696 4783 852 4855 (Isai.
888 4799 1031 4848 xux,
1056 4780 1131 4853 8).
1162 4780 1237 4834 Dc
1268 4780 1447 4833 futuro
1477 4788 1656 4832 autem
1688 4776 1854 4829 dicit:
1887 4775 2083 4828 Omnes

486 4879 623 4934 enim
650 4894 743 4932 nos
774 4876 1096 4947 manifestari
1127 4882 1328 4943 aportct
1369 4884 1488 4925 ante
1533 4868 1759 4923 tribunal
1787 4865 2002 4930 Christi,
2024 4875 2083 4919 nt

485 4970 702 5041 recipiat
731 4967 1072 5039 unusquisque
1095 4965 1307 5035 prOpria
1330 4963 1581 5032 corporis,
1608 4968 1759 5031 prout
1780 4959 1953 5029 gessit,
1978 4957 2086 5010 sive

484 5058 695 5128 bonum,
724 5060 828 5112 sive
850 5062 1042 5111 malum
1074 5053 1163 5129 (Η
1186 5053 1305 5107 Cor.
1336 5070 1387 5116 v,
1418 5052 1528 5120 10).

1109 5143 1336 5202 CAPUT
1367 5143 1457 5197 V'l.

556 5241 673 5297 Νοη
703 5255 832 5310 ergo
857 5242 910 5296 in
941 5239 1119 5295 futuro
1146 5237 1394 5292 tribuitur
1413 5236 1519 5291 vita
1542 5242 1763 5299 mterna,
1789 5234 1890 5288 nisi
1921 5233 2080 5287 fuerit

476 5336 531 5391 in
567 5334 673 5389 hoc
700 5332 899 5389 sacculo
939 5339 1287 5402 peccatorum
1323 5326 1523 5381 donata
1571 5325 1848 5390 remissio;
1901 5340 2079 5394 neque

478 5427 566 5482 hic
598 5427 829 5497 accipiet
855 5424 1229 5481 remissionem
1268 5426 1631 5491 peccatorum,
1683 5419 1781 5472 nisi
1830 5418 1919 5487 qui
1967 5417 2079 5473 suis

479 5516 719 5588 peccatis
757 5515 1050 5579 renuntiat,
1084 5522 1137 5570 et
1179 5510 1246 5566 ad
1277 5511 1444 5566 Deum
1485 5524 1751 5564 summum
1799 5522 1863 5563 ac
1890 5522 2076 5561 verum

480 5609 660 5665 cordis
682 5623 809 5663 vera
830 5606 1188 5663 conversione
1215 5602 1450 5658 festinat.
1478 5599 1611 5654 lllud
1638 5598 1837 5653 etenim
1861 5608 2074 5667 tempus

481 5716 589 5761 non
619 5701 723 5757 erit
752 5698 1101 5763 remissionis,
1147 5696 1241 5752 sed
1269 5692 1658 5749 retributionis.
1699 5689 1815 5745 Non
1860 5689 1931 5744 ibi
1967 5690 2072 5745 mi-

551 5950 576 5977 ι
606 5939 704 5993 κε.
738 5956 895 6006 unus,
926 5934 1335 5992 miscricm’diam
1360 5934 1581 6007 judicio.

2200 2026 2434 2080 nuntiari
2463 2028 2738 2096 puccepit,
2773 2028 2967 2083 eodem
2998 2030 3212 2086 dicente
3243 2032 3544 2088 :Judicium
3572 2037 3684 2089 sine
3701 2038 3793 2090 mi-

2188 2118 2482 2172 sericordia
2522 2119 2600 2173 illi
2627 2121 2715 2191 qui
2744 2137 2849 2174 non
2890 2123 3082 2193 fecerit
3102 2125 3517 2180 misericordiam
3561 2126 3698 2198 (Jac.
3732 2143 3789 2193 tt,

2197 2210 2315 2283 15).
2356 2209 2505 2269 Ordo
2533 2227 2714 2268 autem
2744 2215 3128 2270 misericordia
3168 2217 3429 2280 continet;
3478 2226 3537 2272 ut
3582 2219 3791 2275 miseri-

2191 2303 2436 2358 cordiam
2463 2320 2625 2374 quam
2656 2306 2819 2361 homo
2849 2306 3161 2379 impendere
3179 2307 3404 2376 jubetur
3433 2310 3611 2377 alteri,
3643 2312 3789 2381 prius

2197 2395 2452 2450 exhibeat
2480 2396 2601 2462 sibi,
2630 2396 2845 2452 dicente
2871 2396 3149 2468 Scriptura
3174 2398 3453 2453 :Miserere
3477 2403 3668 2456 animt:
3689 2410 3791 2457 tua:

2196 2486 2405 2556 placens
2428 2485 2538 2541 Deo
2561 2485 2751 2558 (Eccli.
2787 2502 2913 2554 xxx,
2945 2487 3058 2560 24).
3094 2487 3325 2544 Proinde
3352 2490 3396 2543 si
3425 2492 3546 2560 quis
3572 2491 3791 2561 placere

2196 2573 2309 2629 Deo
2339 2590 2445 2629 non
2470 2577 2604 2640 vult,
2636 2577 2829 2631 anima:
2849 2592 2960 2632 sua:
2986 2578 3408 2633 misericordiam
3438 2580 3701 2649 denegat;
3733 2590 3788 2636 et

2194 2666 2287 2734 qui
2334 2667 2527 2721 animm
2573 2683 2683 2722 sum
2732 2669 3156 2725 misericordiam
3193 2671 3248 2725 in
3295 2673 3545 2741 praesenti
3590 2674 3784 2728 sason

2194 2758 2432 2813 noluerit
2474 2759 2702 2826 donare,
2742 2762 3051 2819 nullatenus
3096 2764 3236 2834 apud
3266 2763 3434 2819 Deum
3478 2767 3783 2821 misericor-

2193 2849 2334 2905 diam
2382 2851 2585 2921 poterit
2628 2854 2891 2908 invenire.
2939 2853 3202 2909 Iudicium
3243 2856 3385 2910 enim
3435 2858 3550 2910 sine
3578 2857 3783 2910 miseri-

2191 2942 2371 2996 cordia
2406 2943 2483 2996 illi
2509 2944 2595 3014 qui
2618 2960 2724 2998 non
2752 2946 2874 3016 fecit
2901 2946 3335 3001 misericordiam.
3390 2947 3468 3001 Ac
3516 2962 3614 3017 per
3657 2947 3781 3015 hoc,

2193 3033 2338 3104 quod
2359 3035 2750 3104 subsequenter
2773 3036 2969 3092 dicitur
3000 3055 3012 3091 :
3044 3032 3415 3109 Superexaltat
3439 3048 3611 3093 autem
3634 3042 3788 3093 mise-

2191 3128 2420 3182 ricordia
2442 3129 2698 3199 judicium
2727 3130 2868 3202 (Jac.
2901 3148 2966 3197 η,
3001 3132 3090 3204 15)
3123 3142 3170 3199 ι,
3202 3133 3257 3187 ἰη
3286 3133 3381 3188 illo
3409 3133 3500 3188 fiet
3520 3134 3612 3203 qui
3640 3149 3785 3189 nunc

2192 3217 2480 3273 miseretur
2504 3219 2700 3274 animae
2723 3236 2835 3276 sua:
2864 3223 3082 3291 placens
3108 3222 3242 3280 Deo.
3271 3224 3391 3296 Ipse
3420 3241 3652 3295 namque
3676 3226 3785 3281 Do-

2115 3341 2160 3406 ε
2194 3308 2368 3363 minus
2415 3308 2546 3364 dicit
2579 3327 2593 3363 :
2626 3310 2773 3364 Beati
2798 3313 3177 3378 misericordes,
3219 3317 3463 3387 quoniam
3489 3318 3594 3386 ipsi
3621 3317 3782 3371 mise-

2192 3401 2476 3455 ricordiam
2505 3413 2879 3473 consequentur
2909 3406 3127 3475 (Matth.
3155 3423 3207 3473 v,
3243 3409 3317 3478 7).
3350 3408 3482 3462 Nam
3506 3425 3625 3463 cum
3648 3409 3783 3464 bea-

2192 3502 2276 3549 tus
2301 3491 2592 3562 Apostolus
2618 3504 2857 3559 moneat,
2885 3507 2946 3550 ut
2979 3500 3155 3553 omnia
3184 3499 3397 3554 honeste
3424 3511 3475 3555 et
3498 3502 3779 3556 secundum

2188 3585 2425 3638 ordinem
2445 3585 2579 3655 ﬁant
2608 3585 2663 3657 (1
2687 3586 2810 3641 Cor.
2859 3602 2966 3653 xw,
3012 3588 3136 3660 40),
3189 3598 3410 3659 propter
3454 3590 3600 3660 quod
3640 3591 3777 3646 etin

2186 3673 2411 3731 Cantico
2449 3677 2778 3732 canticorum
2821 3679 3017 3735 dicitur
3050 3698 3062 3733 :
3098 3679 3352 3735 Ordinatc
3377 3682 3433 3734 in
3472 3698 3555 3734 me
3582 3683 3777 3735 carita-

2186 3776 2289 3822 tem
2328 3768 2504 3842 (Cant.
2534 3786 2591 3836 n,
2635 3769 2691 3841 4)
2719 3789 2732 3824 :
2757 3773 3032 3841 quomodo
3060 3773 3318 3828 dicendus
3344 3782 3429 3828 est
3455 3782 3548 3827 aut
3576 3774 3778 3829 carita-

2188 3862 2257 3918 tis
2283 3871 2376 3917 aut
2404 3863 2788 3919 misericordia:
2815 3866 3059 3920 ordinem
3106 3876 3322 3931 tenere,
3371 3866 3485 3936 qui,
3515 3882 3624 3921 non
3650 3866 3775 3921 dico

2186 3955 2482 4025 quemlibet
2505 3957 2776 4012 hominem
2806 3958 2990 4021 alium,
3021 3958 3115 4013 sed
3145 3959 3259 4028 ipse
3282 3973 3479 4028 corpus
3505 3973 3660 4013 suum
3690 3972 3778 4011 re-

2186 4046 2299 4102 ﬁcit
2327 4047 2468 4113 cibo,
2504 4063 2571 4102 ne
2593 4047 2835 4113 deliciat;
2880 4049 3057 4103 munit
3086 4049 3422 4116 indumento,
3466 4064 3536 4103 ne
3563 4048 3772 4115 algent;

2184 4137 2311 4192 dum
2341 4144 2425 4191 est
2453 4152 2667 4205 sanum,
2703 4147 2861 4193 cavet
2885 4155 2951 4194 ne
2981 4139 3309 4203 intirmetur;
3358 4139 3484 4193 dum
3514 4147 3599 4193 est
3624 4138 3774 4193 inlir-

2184 4242 2352 4293 mum,
2387 4229 2585 4296 satagit
2613 4238 2669 4282 ut
2693 4238 2940 4296 sanetur;
2968 4230 3115 4285 carni
3142 4245 3252 4284 sua:
3280 4230 3660 4285 alimentorum
3688 4230 3772 4283 in-

2183 4329 2477 4383 cessanter,
2519 4322 2988 4387 vestimentorum,
3040 4322 3457 4377 medicaminum
3504 4322 3783 4375 ministrat

2182 4413 2413 4468 sollicita
2461 4414 2761 4469 intentione
2791 4415 3114 4481 subsidium;
3159 4423 3214 4469 et
3259 4416 3451 4469 animae
3498 4430 3608 4469 sum
3633 4414 3777 4470 male

2185 4506 2413 4560 vivendo
2448 4507 2717 4576 conquirit
2744 4508 3019 4561 interitum
3050 4524 3064 4561 :
3091 4523 3309 4562 carnem
3341 4522 3492 4561 suam
3520 4521 3775 4562 necessa-

2182 4597 2276 4651 riis
2301 4597 2435 4651 cibis
2464 4598 2649 4662 nutrit,
2685 4605 2740 4652 et
2773 4598 3004 4652 animam
3032 4613 3185 4653 suam
3224 4599 3478 4668 operibus
3507 4598 3666 4652 malis
3693 4597 3777 4652 in-

2184 4689 2412 4756 terﬁcit;
2442 4691 2590 4745 carni
2618 4706 2727 4745 sure
2756 4692 2949 4745 noxios
2976 4691 3125 4746 cibos
3153 4699 3332 4759 negat,
3362 4700 3416 4745 et
3444 4691 3639 4745 animm
3666 4704 3778 4747 sure

2185 4797 2348 4852 Opera
2374 4783 2538 4849 mala,
2565 4792 2817 4853 tanquam
2841 4798 3049 4838 venena
3073 4783 3349 4838 mortifera
3371 4783 3773 4849 subministrat;

2184 4876 2330 4930 carni
2360 4890 2470 4929 sua:
2512 4876 2679 4929 vitam
2722 4870 3045 4945 prolongare
3089 4875 3382 4941 desiderat,
3431 4890 3550 4945 quae
3596 4874 3777 4928 linitur

2182 4962 2373 5020 diebus
2393 4966 2597 5036 paucis,
2631 4973 2685 5020 et
2705 4966 2895 5020 anima:
2918 4981 3027 5021 sua:
3049 4976 3303 5037 procurat
3328 4974 3584 5032 mortem,
3612 4968 3778 5038 389

2183 5056 2336 5126 cujus
2365 5058 2418 5111 in
2449 5058 2712 5128 supplicio
2740 5074 2847 5113 non
2880 5059 2983 5113 erit
3012 5058 3167 5113 linis?
3195 5059 3271 5113 Ac
3295 5074 3395 5129 per
3422 5059 3526 5113 hoc
3552 5060 3645 5129 qui
3668 5058 3777 5114 ani-

2184 5162 2327 5203 mam
2372 5164 2525 5204 suam
2574 5149 2752 5205 odisse
2803 5148 3169 5216 convincitur,
3215 5150 3378 5204 etiam
3424 5150 3619 5204 anima:
3666 5163 3776 5204 sua:

2182 5240 2414 5296 crudelis
2443 5238 2781 5297 adversarius
2808 5242 3077 5295 invenitur
3102 5259 3115 5294 :
3138 5242 3264 5310 quia
3293 5243 3435 5297 sicut
3458 5244 3589 5297 boni
3621 5251 3773 5299 actus

2179 5330 2382 5387 faciunt
2407 5348 2626 5387 carnem
2669 5347 2790 5387 cum
2818 5333 2997 5387 anima
3034 5333 3241 5389 caelesti
3289 5334 3622 5389 beatitudine
3652 5350 3776 5405 pcr-

2178 5422 2302 5489 frui,
2351 5424 2427 5479 sic
2476 5439 2639 5494 opera
2687 5426 2827 5478 mala
2876 5425 3077 5480 faciunt
3124 5434 3331 5480 aeterno
3378 5423 3486 5497 igni
3534 5428 3775 5480 animam

2178 5527 2300 5568 cum
2321 5528 2483 5569 carne
2509 5514 2769 5584 torqueri.
2802 5514 2922 5585 lpsc
2951 5514 3051 5570 sibi
3084 5530 3215 5583 ergo
3244 5525 3328 5570 est
3371 5516 3774 5586 perniciosissi-

2179 5618 2297 5659 mus
2319 5605 2587 5671 inimicus,
2615 5605 2859 5676 quisquis
2879 5605 3020 5660 male
3048 5605 3250 5671 vivens,
3277 5606 3443 5661 vitam
3470 5621 3575 5661 non
3601 5613 3777 5660 mutat

2180 5702 2468 5767 antequam
2498 5696 2664 5755 ﬁniat.
