4130 6446
363 435 469 494 557

958 543 1185 600 CAPUT
1224 543 1332 599 VII.

432 624 515 680 Ex
553 623 714 694 hujus
755 623 899 679 enim
937 624 1061 678 vita:
1108 622 1214 679 tine
1261 623 1402 678 illius
1428 623 1553 676 vita:
1594 618 1792 691 pendet
1838 618 1939 673 iui-

360 714 519 781 tium,
550 713 602 767 in
629 725 737 785 qua
766 709 1022 781 quidquid
1069 710 1383 765 retribuitur
1421 725 1528 765 non
1560 708 1759 762 finitur.
1808 702 1942 759 Cum

358 810 540 858 autem
569 800 727 871 digne
769 800 838 854 ab
865 799 1111 869 apostolo
1136 797 1341 853 Joanne
1380 798 1592 852 dicatur
1637 812 1651 849 :
1694 793 1793 859 Qui
1834 794 1943 849 odit

358 893 575 963 fratrem
601 906 768 953 suum,
800 888 1057 941 homicida
1079 894 1175 951 est,
1203 894 1251 940 et
1280 886 1421 941 scitis
1441 886 1560 956 quia
1588 885 1753 938 omnis
1776 882 1942 936 homi-

356 981 476 1034 cida
504 994 606 1034 non
634 977 784 1033 habet
804 979 956 1032 vitam
979 986 1225 1031 (eternam
1249 976 1303 1029 in
1325 991 1378 1029 se
1400 981 1691 1029 manentem
1710 970 1766 1043 (I
1780 971 1938 1026 Joan.

353 1085 434 1134 ιιι,
463 1067 574 1137 15).
605 1067 845 1136 Cumque
866 1076 1084 1121 sanctus
1113 1063 1279 1118 David
1309 1063 1453 1118 dicat
1478 1081 1489 1115 :
1521 1060 1621 1126 Qui
1658 1070 1828 1114 autem
1857 1060 1941 1114 di-

351 1158 472 1231 ligit
496 1157 841 1227 iniquitatem,
873 1154 984 1208 odit
1024 1154 1254 1206 animum
1282 1167 1430 1205 suam
1456 1149 1632 1221 (Psal.
1666 1165 1719 1209 Χ,
1754 1146 1843 1218 6):
1894 1148 1939 1202 si

356 1248 625 1305 homicida
653 1253 736 1301 est
757 1246 848 1315 qui
876 1245 1095 1299 fratrem
1125 1259 1279 1297 suum
1310 1242 1445 1306 odit,
1473 1240 1602 1311 quid
1629 1248 1713 1295 est
1742 1241 1832 1310 qui
1855 1240 1935 1293 di-

353 1336 475 1409 ligit
502 1338 837 1407 iniquitatem
864 1343 919 1389 et
948 1334 1062 1388 odit
1083 1334 1317 1387 animam
1350 1333 1542 1387 suam?
1572 1338 1627 1386 et
1659 1331 1703 1385 si
1734 1330 1821 1385 ille
1850 1329 1940 1400 qui

352 1428 472 1483 odit
496 1427 716 1482 fratrem
742 1440 848 1480 non
877 1423 1044 1478 habet
1072 1422 1235 1475 vitam
1256 1428 1513 1476 :eternam
1541 1419 1594 1473 in
1626 1435 1685 1474 se
1710 1433 1940 1473 manen-

353 1527 485 1583 tem,
517 1513 787 1585 quomodo
818 1512 907 1567 ille
949 1509 1042 1579 qui
1078 1510 1131 1564 in
1157 1508 1445 1563 dilectione
1476 1507 1772 1577 iniquitatis
1814 1506 1941 1561 odio

352 1586 548 1663 anima:
568 1620 678 1662 sua:
708 1604 825 1657 linit
865 1603 1023 1658 istam
1073 1600 1261 1666 vitam,
1308 1596 1593 1668 pervenire
1638 1596 1839 1665 poterit
1874 1596 1940 1649 ad

354 1698 735 1767 indulgentiam
760 1701 1133 1765 peccatorum,
1170 1704 1269 1760 per
1295 1704 1456 1757 quam
1490 1687 1704 1742 venitur
1749 1688 1813 1741 ad
1864 1687 1943 1742 vis

353 1790 503 1843 tam?
534 1803 653 1842 cum
687 1787 800 1854 ipse
849 1782 1102 1837 Dominus
1133 1788 1320 1835 noster
1359 1779 1640 1834 evidenter
1684 1778 1943 1833 ostendat

352 1878 585 1950 qualiter
609 1876 676 1930 ad
707 1876 872 1929 vitam
900 1873 1265 1942 unusquisque
1295 1870 1596 1941 perveniat,
1629 1870 1812 1925 dicens
1837 1888 1848 1921 :
1878 1870 1942 1925 Si

352 1968 620 2024 visvenire
647 1965 716 2019 ad
746 1966 920 2031 vitam,
964 1979 1109 2016 serva
1146 1959 1397 2015 mandata
1427 1958 1642 2027 (Matth.
1694 1975 1768 2024 ix,
1824 1959 1930 2027 i7).

353 2052 445 2111 Ille
475 2057 635 2126 igitur
658 2055 837 2108 veniet
858 2052 926 2105 ad
957 2051 1124 2105 vitam
1156 2049 1247 2120 qui
1290 2047 1540 2103 mandata
1580 2057 1778 2103 servat.
1807 2046 1935 2115 Quis

352 2156 533 2202 autem
561 2154 739 2201 servat
766 2144 946 2197 divina
976 2140 1250 2207 mandata,
1280 2140 1381 2194 nisi
1402 2139 1493 2209 qui
1524 2137 1590 2193 ad
1616 2138 1782 2193 Deum
1813 2154 1938 2193 con-

350 2250 539 2292 versus
558 2242 682 2288 ante
708 2231 866 2286 linem
896 2231 1022 2284 vita:
1050 2229 1331 2299 praesentis
1375 2227 1686 2283 discesserit
1706 2228 1791 2282 'ab
1830 2228 1933 2281 ini-

351 2327 644 2398 quitatibus
668 2323 943 2395 pristinis?
967 2318 1197 2390 Propter
1223 2320 1366 2389 quod
1389 2320 1583 2374 beatus
1615 2317 1813 2374 Paulus
1838 2335 1937 2374 nos

351 2414 625 2477 admonet,
654 2422 711 2466 ut
738 2410 971 2465 discedat
998 2407 1061 2461 ab
1101 2408 1374 2478 iniquitate
1409 2408 1574 2461 omnis
1604 2408 1690 2477 qui
1732 2409 1937 2461 invocat

350 2520 536 2559 nomen
559 2502 769 2557 Domini
819 2499 871 2569 (1
902 2498 1034 2552 Tim.
1067 2514 1124 2561 ιι,
1174 2496 1284 2566 18).
1328 2495 1445 2551 Hoc
1472 2504 1651 2550 autem
1700 2482 1934 2557 dicebat,

349 2595 530 2649 sciens
574 2592 700 2659 quia
749 2590 801 2643 in
858 2589 962 2643 hoc
983 2597 1229 2657 tempore
1293 2587 1609 2655 paenitentia
1661 2585 1937 2642 fructuose

355 2683 558 2750 agitur,
590 2680 644 2734 in
673 2694 781 2748 quo
809 2677 1197 2747 paenitentibus
1219 2676 1545 2745 indulgentia
1574 2675 1933 2731 condonatur.

351 2770 619 2825 Caeterum
658 2767 711 2822 in
749 2767 928 2821 l'uturo
966 2765 1071 2819 erit
1118 2764 1423 2833 iniquorum
1471 2763 1805 2833 pcenitentia,
1844 2763 1939 2818 sed

354 2858 626 2913 fructuosa
665 2870 774 2909 non
805 2856 909 2908 erit
940 2870 954 2905 :
986 2852 1110 2921 quia
1136 2851 1441 2921 iniquorum
1464 2851 1747 2905 conversio
1793 2852 1940 2906 nulla

353 2948 476 3001 erit.
506 2944 788 2999 Mittentur
811 2942 956 2997 enim
985 2940 1037 2995 in
1068 2941 1322 2995 tenebras
1347 2938 1671 3006 exteriores,
1716 2940 1804 2993 ubi
1837 2939 1942 2993 erit

353 3038 510 3094 ﬂetus
530 3049 584 3093 et
608 3035 807 3092 stridor
828 3033 1089 3089 dentium.
1138 3028 1215 3087 lbi
1257 3032 1373 3086 sine
1415 3029 1521 3085 fine
1551 3030 1937 3086 cruciabuntur

354 3147 463 3186 non
491 3129 665 3185 solum
689 3125 975 3196 gehennali
1012 3124 1277 3195 supplicio
1308 3124 1498 3178 animae
1546 3123 1705 3178 simul
1730 3135 1787 3179 et
1819 3138 1942 3180 cor-

354 3237 507 3294 pora,
530 3220 625 3277 sed
664 3221 824 3291 etiam
873 3218 1002 3287 ipsis
1044 3217 1278 3272 tenebris
1326 3217 1577 3286 pessimre
1623 3218 1936 3288 voluptatis.

355 3310 454 3368 Hic
472 3312 575 3368 erit
601 3310 743 3366 enim
769 3309 966 3363 talibus
992 3307 1134 3362 mala
1171 3307 1287 3376 ipsa
1318 3308 1570 3376 voluptas
1599 3306 1664 3360 ad
1693 3307 1942 3377 supplicii

354 3406 647 3466 cumulum,
679 3418 778 3472 pro
809 3416 914 3471 qua
956 3408 1142 3455 manet
1169 3415 1355 3457 eorum
1398 3400 1516 3455 sine
1556 3399 1661 3454 ﬁne
1699 3407 1940 3455 tormen-

355 3505 494 3552 tum.
524 3491 960 3564 Spernuntenim
989 3505 1132 3545 nunc
1177 3490 1638 3560 opportunitatem
1683 3491 1941 3560 temporis

355 3587 597 3657 accepti;
625 3593 681 3639 et
708 3584 762 3638 in
790 3583 878 3638 die
914 3582 1101 3636 salutis
1138 3595 1247 3635 non
1285 3587 1533 3649 quaerunt
1557 3581 1814 3635 divinitus
1852 3583 1942 3635 ad-

350 3677 549 3749 juvari.
581 3675 735 3744 Quod
761 3682 974 3743 tempus
1005 3673 1077 3727 ita
1108 3672 1251 3727 Deus
1279 3672 1599 3741 prophetico
1627 3672 1782 3726 nobis
1807 3671 1940 3725 insi-

353 3766 797 3835 nuavit.eloquio,
822 3764 1008 3819 dicens
1033 3781 1044 3815 :
1081 3760 1331 3831 Tempore
1360 3770 1568 3831 accepto
1597 3762 1837 3815 exaudiui
1868 3768 1936 3825 te,

354 3863 487 3916 etin
509 3862 592 3916 die
617 3860 797 3915 salutis
840 3857 1015 3929 adjuvi
1050 3865 1097 3910 te
1120 3871 1138 3909 :
1165 3853 1278 3909 Hoc
1314 3854 1682 3908 testimonium
1713 3854 1767 3907 in
1810 3852 1939 3922 Epi-

353 3953 497 4011 stola
525 3968 621 4007 sua
650 3966 770 4007 cum
799 3949 991 4005 beatus
1031 3946 1324 4015 Apostolus
1365 3943 1666 4007 indidisset,
1721 3952 1938 3999 secutus

352 4042 637 4114 adjunxit:
679 4039 814 4094 Ecce
866 4055 1002 4092 nunc
1053 4046 1245 4106 tempus
1285 4033 1618 4104 acceptabile,
1649 4048 1767 4087 ecce
1804 4049 1941 4087 nunc

352 4135 465 4190 dies
489 4133 672 4188 salutis
701 4130 787 4203 (ιι
809 4129 928 4184 Cor.
959 4145 1032 4192 vi,
1070 4127 1147 4195 2).
1178 4126 1291 4182 Hoc
1316 4135 1528 4196 tempus
1567 4126 1675 4180 alio
1713 4126 1833 4180 loco
1861 4125 1940 4181 sic

352 4225 637 4281 evidenter
658 4222 794 4277 idem
816 4218 1156 4275 commendat
1177 4217 1472 4287 apostolus,
1501 4224 1561 4270 ut
1590 4214 1937 4291 quisquisdi-

352 4317 482 4372 vino
516 4315 845 4371 illuminatus
884 4326 1108 4368 munere
1148 4311 1352 4365 intente
1384 4310 1576 4380 legerit
1621 4317 1677 4364 et
1723 4323 1938 4379 compe-

352 4412 533 4460 tenter
560 4402 903 4467 intellexerit,
946 4417 1055 4456 non
1094 4415 1153 4455 se
1197 4400 1453 4470 decipiat,
1497 4415 1599 4456 nec
1649 4400 1792 4456 aliud
1834 4402 1937 4458 sibi

353 4502 566 4564 tempus
583 4492 949 4548 conversionis
978 4499 1071 4545 aut
1091 4491 1422 4546 remissionis
1453 4491 1725 4560 inquirat:
1760 4493 1937 4549 sciens

350 4585 478 4654 quia
506 4582 747 4652 quisquis
768 4582 821 4636 in
850 4582 954 4635 hoc
980 4590 1224 4650 tempore
1269 4581 1661 4649 indulgentiam
1703 4584 1937 4639 noluerit

1340 428 1429 488 DE
1471 430 1873 489 REMISSIONE
1913 430 2366 487 PECCATORUM
2408 429 2532 483 LIB.
2574 429 2637 483 η.

1966 545 2013 603 Λ

1974 1922 2018 1981 Β
2044 1932 2172 1983 ergo
2199 1933 2352 1974 error
2371 1933 2533 1987 quem
2562 1919 2614 1972 in
2650 1917 2806 1985 hujus
2846 1918 3110 1975 sermonis
3151 1916 3429 1972 interdixit
3473 1930 3649 1971 εισι-ο-
3706 1936 3709 1939 ·

1967 3291 2012 3354 C

3518 416 3621 475 553

2632 537 2861 594 CAPUT
2899 521 3030 591 vui“.

2113 651 2341 723 Oportet
2379 652 2542 720 igitur
2585 660 2646 706 ut
2683 652 2827 707 hunc
2874 649 3186 721 apostolica!
3227 644 3625 718 pmdicationis
3698 705 3712 719 ,

2043 757 2345 799 sermonem
2367 742 2527 812 paulo
2548 741 2851 811 diligentius
2876 739 3234 795 attendamus.
3258 738 3443 808 Neque
3476 738 3625 792 enim

2043 833 2238 888 fmstra
2259 849 2381 887 cum
2412 841 2562 887 tanto
2587 832 2825 901 pondere
2850 839 3147 901 praemonet
3169 829 3354 884 dicens
3390 846 3403 880 :
3448 825 3629 882 Nolite

2042 941 2250 989 errare;
2307 940 2370 977 ac
2408 924 2663 993 deinceps
2717 923 2954 992 adjecit:
3002 922 3143 976 Deus
3197 938 3305 977 non
3358 920 3623 976 irridetur.

2044 1015 2391 1072 Postmodum
2419 1029 2551 1069 vero
2592 1016 2822 1083 aperuit,
2864 1014 2918 1068 in
2956 1027 3068 1083 quo
3111 1010 3397 1067 nonnullos
3440 1025 3626 1064 errare

2043 1105 2315 1175 cognovit,
2348 1104 2596 1174 inquiens
2621 1122 2632 1156 :
2669 1102 2797 1167 Qua:
2820 1104 2955 1158 enim
2976 1103 3302 1157 seminaverit
3321 1102 3491 1164 homo,
3515 1102 3625 1155 luec

2042 1206 2091 1251 et
2111 1204 2282 1251 metet.
2312 1194 2471 1250 Errat
2490 1209 2621 1263 ergo
2641 1195 2884 1264 quisquis
2904 1210 2962 1250 se
2991 1194 3043 1248 in
3065 1191 3419 1249 retributione
3445 1190 3627 1245 futura

2042 1302 2343 1343 messurum
2370 1294 2526 1357 putat
2551 1286 2694 1355 quod
2736 1286 2789 1339 in
2814 1284 2972 1353 hujus
3011 1283 3271 1353 temporis
3310 1281 3626 1352 operatione

2042 1388 2151 1427 non
2170 1373 2422 1428 seminat.
2446 1372 2643 1425 Verum
2670 1371 2795 1442 quia
2817 1371 2984 1440 ipsius
3005 1368 3373 1431 seminationis
3394 1383 3461 1423 ac
3482 1382 3627 1423 mest-

2041 1463 2116 1518 sis
2136 1462 2546 1527 diversitas-fuit
2571 1461 2872 1516 evidentius
2898 1460 3212 1524 intimanda,
3253 1460 3454 1515 idcirco
3499 1474 3622 1514 eam

2042 1555 2492 1625 subsequentibus
2526 1554 2704 1609 verbis
2740 1554 2947 1623 peritus
2986 1552 3329 1609 discernendi
3386 1552 3627 1620 agricola

2042 1644 2386 1714 subjungens,
2414 1644 2529 1700 haec
2556 1645 2631 1699 ait
2667 1663 2680 1697 :
2714 1641 2973 1707 Quoniam
3008 1645 3095 1715 qui
3122 1644 3343 1698 seminat
3377 1643 3431 1695 in
3468 1659 3628 1696 carne

2041 1750 2160 1802 sua,
2189 1735 2253 1788 de
2276 1751 2436 1790 carne
2460 1743 2609 1789 metet
2651 1735 3028 1805 corruptionem
3054 1752 3069 1786 :
3092 1735 3179 1805 qui
3207 1743 3377 1787 autem
3404 1735 3626 1787 seminat

2043 1827 2098 1878 in
2118 1827 2323 1895 spiritu,
2368 1827 2432 1880 de
2479 1828 2661 1897 spiritu
2705 1836 2856 1880 metet
2891 1827 3049 1879 vitam
3087 1837 3354 1902 aeternam.
3402 1824 3495 1880 Ille
3541 1834 3627 1879 est

2038 2010 2147 2071 dio,
2175 2024 2281 2078 quo
2318 2025 2378 2064 se
2406 2009 2776 2077 unusquisque
2821 2007 2964 2063 aliud
3008 2008 3284 2062 existimat
3326 2021 3627 2062 messurum

2036 2112 2159 2152 esse
2191 2112 2353 2165 quam
2397 2098 2646 2153 seminat.
2676 2097 2835 2151 Errat
2880 2097 3039 2165 igitur
3072 2098 3314 2166 quisquis
3359 2098 3411 2150 in
3460 2111 3623 2151 carne

2037 2188 2287 2251 seminat,
2318 2187 2385 2242 de
2409 2203 2515 2257 qua
2541 2187 2814 2257 corruptio
2841 2187 3081 2251 metitur,
3121 2187 3394 2242 existimat
3420 2200 3649 2242 messu-v

2037 2294 2158 2333 rum
2183 2295 2244 2335 se
2273 2280 2436 2334 vitam
2456 2287 2739 2346 :eternam,
2770 2293 2891 2349 qua:
2921 2279 2973 2333 in
3005 2279 3195 2348 spiritu
3235 2278 3628 2334 seminantibus

2039 2379 2365 2425 reservatur.
2391 2369 2647 2440 Sequitur
2674 2386 2805 2425 vero
2834 2369 3127 2439 Apostolus
3167 2369 3392 2425 dicens:
3428 2369 3626 2425 Bonum

2039 2472 2209 2516 cutem
2251 2463 2518 2532 facientes.
2563 2478 2667 2516 non
2715 2462 3059 2532 deﬁciamus:
3092 2470 3317 2532 tempore
3354 2463 3490 2515 enim
3534 2478 3628 2516 suo

2039 2559 2285 2605 metemus
2314 2568 2419 2605 non
2458 2552 2773 2621 deﬁcientes.
2820 2550 2946 2608 Haec
2987 2552 3146 2624 (forte
3184 2552 3305 2622 Hic)
3353 2552 3630 2609 evidenter

2040 2638 2278 2693 ostendit
2304 2639 2523 2694 seminis
2554 2639 2770 2694 nomine
2809 2639 3236 2710 uniuscujusque
3280 2655 3447 2709 opera
3485 2638 3630 2695 desi-

2040 2733 2213 2801 gnari.
2247 2733 2504 2802 Superius
2528 2734 2669 2788 enim
2701 2732 2947 2788 dixerat:
2980 2734 3109 2803 Qua:
3134 2738 3281 2790 enim
3301 2737 3651 2801 seminaverit

2042 2826 2212 2890 homo,
2243 2827 2354 2880 Ιιιεο
2373 2837 2423 2880 et
2447 2836 2616 2882 metet.
2642 2829 2791 2883 Nunc
2818 2829 2979 2883 dicit:
3017 2830 3215 2887 Bonum
3246 2840 3417 2886 autem
3436 2833 3630 2901 facien-

2045 2926 2137 2980 tes,
2162 2934 2265 2972 non
2291 2917 2636 2988 deﬁciamus:
2674 2928 2900 2988 tempore
2926 2921 3065 2975 enim
3107 2936 3203 2976 suo
3241 2931 3485 2976 metemus
3523 2938 3631 2978 non

2044 3008 2356 3077 deﬁcientes.
2386 3007 2527 3064 Vere
2557 3008 2812 3063 Veritatis
2853 3009 3169 3080 discipulus,
3195 3020 3252 3065 et
3280 3012 3350 3066 ob
3380 3011 3484 3066 hoc
3511 3027 3629 3066 nna-

2044 3090 2211 3166 gister
2238 3098 2487 3166 egregius
2515 3098 2782 3166 gentium,
2810 3101 2901 3168 qui
2927 3100 3068 3154 sicut
3100 3100 3361 3169 justitiam
3392 3116 3500 3156 non
3534 3102 3630 3157 de-

2045 3185 2277 3242 futuram
2318 3187 2368 3241 in
2399 3188 2757 3243 retributione
2802 3205 3024 3259 operum
3055 3190 3258 3258 docuit,
3306 3191 3383 3247 sic
3421 3200 3630 3263 tempus

2045 3278 2420 3333 seminationis
2439 3287 2496 3334 et
2525 3279 2731 3345 messis,
2765 3280 2815 3335 id
2847 3290 2930 3336 est
2958 3284 3287 3352 operationis
3316 3285 3629 3340 retributio-

2044 3369 2234 3440 nisque
2259 3370 2544 3426 discrevit:
2578 3387 2644 3427 ne
2673 3374 2793 3442 quis
2839 3375 3020 3446 inepta
3067 3376 3394 3444 cogitatione
3420 3387 3630 3449 tempus

2041 3463 2412 3518 seminationis
2443 3472 2499 3519 et
2528 3466 2719 3520 messis
2749 3466 3103 3533 confundens,
3136 3479 3228 3524 aut
3257 3478 3500 3541 tempore
3537 3486 3628 3527 se-

2042 3552 2353 3608 minationis
2381 3556 2638 3625 deposcat
2658 3555 2847 3612 futura:
2870 3561 3058 3615 messis
3079 3559 3348 3627 eﬂ'ectum,
3377 3568 3468 3615 aut
3485 3569 3627 3616 tem-

2041 3659 2176 3712 pore
2204 3646 2392 3702 messis
2417 3646 2820 3703 concedendum
2849 3650 2950 3703 sibi
2987 3659 3166 3720 speret
3193 3652 3349 3706 bona:
3391 3652 3626 3705 semina-

2040 3736 2205 3791 tionis
2254 3738 2495 3801 initium;
2543 3754 2609 3794 ac
2649 3741 2728 3795 sic
2764 3742 2910 3797 iners
2964 3744 3243 3813 cperarius
3289 3753 3346 3800 et
3401 3746 3627 3813 ignavus

2041 3826 2269 3895 pigritia:
2309 3828 2534 3884 vinculis
2577 3830 2837 3897 irretitus,
2878 3833 3006 3899 imo,
3043 3833 3187 3904 quod
3236 3843 3318 3889 est
3367 3836 3643 3901 deterius,

2041 3916 2218 3971 studio
2248 3919 2539 3974 mortiferze
2565 3922 2935 3978 seminationis
2963 3924 3217 3989 intentus,
3261 3941 3368 3979 non
3394 3925 3629 3994 gaudeat

2042 4005 2098 4059 in
2125 4020 2319 4073 messe,
2348 4006 2439 4061 sed
2467 4008 2663 4074 lugeat,
2695 4010 2821 4064 dum
2858 4012 3083 4081 cmperit
3108 4028 3216 4068 sua:
3257 4014 3627 4070 seminationis

2041 4098 2302 4165 condigna
2334 4107 2461 4153 tunc
2489 4109 2710 4166 metere,
2737 4103 2951 4171 quando
2976 4103 3085 4173 jam
3119 4121 3226 4159 non
3259 4106 3459 4175 poterit
3481 4122 3620 4176 qua-

2006 4186 2248 4245 ,litatem
2278 4188 2402 4243 mali
2439 4190 2660 4246 seminis
2700 4192 3003 4247 immutare.
3056 4193 3154 4249 Est
3200 4204 3461 4266 praetcrea
3508 4196 3625 4251 dili-

2041 4281 2251 4347 gentius
2278 4281 2662 4337 attendendum
2693 4285 2792 4338 tria
2831 4285 3047 4355 quidem
3077 4287 3231 4341 nobis
3277 4287 3328 4343 in
3361 4288 3465 4344 hoc
3501 4287 3623 4345 loco

2041 4373 2349 4443 apostolij
2403 4375 2661 4430 doctrina:
2691 4378 2955 4432 sermonis
2985 4380 3194 4433 ostendi
3226 4398 3237 4432 :
3273 4379 3380 4435 hoc
3410 4389 3515 4449 est,
3566 4389 3626 4436 ut

2040 4464 2240 4519 bonum
2269 4464 2544 4532 faciamus,
2573 4476 2628 4522 et
2658 4476 2714 4522 ut
2742 4485 2845 4523 non
2870 4469 3197 4536 deliciamus,
3229 4471 3354 4539 quia
3379 4479 3625 4542 tempore

2041 4570 2139 4609 suo
2168 4565 2430 4611 metemus
2459 4573 2565 4611 non
2605 4557 2937 4615 deﬁcientes.
2970 4558 3174 4614 Horum
3216 4561 3377 4615 trium
3417 4561 3525 4616 duo
3567 4543 3637 4616 in"

349 4647 616 4745 qumrere,
641 4647 944 4726 nullatenus
965 4647 1279 4739 post-istam
1325 4647 1490 4725 vitam
1533 4672 1735 4741 poterit
1782 4673 1935 4727 iuve-
1964 4673 2016 4733 D
2040 4651 2310 4745 Ρηῗθθβξθ
2339 4654 2462 4745 sum
2489 4647 2688 4745 (ἶνξπίδν
2722 4649 2934 4745 lem“?!
2982 4650 3038 4745 i'_‘
3078 4650 3444 4745 9'9"‘i55i°“e_
3473 4666 3619 4705 me"

350 4765 490 4819 nire.
520 4762 771 4818 Scribens
793 4775 921 4831 ergo
950 4759 1139 4815 beatus
1167 4760 1363 4815 Paulus
1392 4761 1458 4815 ad
1481 4760 1700 4817 Galatas
1723 4764 1836 4820 huic
1864 4766 1939 4818 lo-

348 4856 569 4924 quitur:
602 4851 779 4907 Notite
802 4866 1015 4904 errare:
1042 4848 1182 4904 Deus
1205 4866 1308 4904 non
1344 4850 1609 4905 irridetur.
1645 4850 1773 4916 Qua:
1798 4856 1936 4909 enim

346 4946 676 5001 seminaverit
697 4944 871 5007 homo,
905 4942 1013 4995 lucc
1032 4948 1081 4994 et
1108 4950 1279 4994 metet.
1311 4937 1569 5003 Quoniam
1602 4943 1688 5014 qui
1715 4945 1939 4996 seminat

345 5036 403 5091 in
424 5051 583 5090 carne
610 5051 725 5100 sua,
754 5033 816 5086 de
842 5048 998 5085 carne
1025 5038 1177 5084 metet
1205 5032 1616 5100 corruptionem;
1647 5032 1735 5097 qui
1764 5042 1936 5086 autem

349 5126 572 5180 seminat
600 5126 654 5178 in
673 5124 875 5191 spiritu,
904 5121 968 5175 de
987 5122 1169 5190 spiritu
1193 5129 1343 5173 metet
1365 5120 1520 5173 vitam
1544 5130 1810 5175 azternam.
1838 5121 1936 5177 Bo-

347 5233 473 5271 num
498 5224 669 5269 autem
688 5216 954 5285 facientes,
984 5229 1086 5267 non
1127 5212 1426 5283 deﬁciamus
1456 5228 1474 5265 :
1505 5220 1732 5283 tempore
1769 5214 1932 5285 390

345 5307 485 5362 enim
505 5323 599 5361 suo
622 5314 867 5359 metemus
895 5322 999 5359 non
1026 5306 1337 5375 deﬁcientes.
1390 5302 1532 5375 Ergo
1566 5305 1688 5358 dum
1732 5315 1929 5376 tempus

345 5395 612 5461 habemus,
641 5411 908 5466 operemur
933 5394 1121 5447 bonum
1149 5394 1217 5446 ad
1247 5409 1453 5458 omnes;
1489 5394 1716 5447 maxime
1758 5404 1928 5449 autem

345 5485 417 5539 ad
440 5484 744 5540 domesticos
765 5483 889 5554 ﬁdei
921 5481 1062 5549 (Gal.
1107 5498 1193 5549 vi,
1217 5482 1247 5536 7
1287 5492 1336 5535 et
1355 5482 1510 5552 seq.).
1545 5481 1638 5537 His
1683 5484 1926 5554 Apostoli

343 5574 527 5629 verbis
554 5573 672 5643 quis
694 5574 844 5642 piger
869 5571 941 5626 ad
966 5571 1147 5640 operis
1175 5571 1303 5626 boni
1352 5587 1458 5626 non
1499 5572 1768 5627 excitetur
1797 5572 1928 5628 atie-

343 5663 534 5719 etum?
560 5662 691 5729 Quis
716 5675 905 5716 errans
932 5675 962 5713 a
984 5660 1095 5715 Deo
1136 5676 1242 5714 non
1285 5668 1490 5716 rectam
1534 5662 1675 5716 viam
1723 5670 1927 5718 treme-

343 5750 517 5808 factus
538 5750 806 5821 inquirat?
828 5749 958 5816 Quis
987 5764 1095 5804 non
1134 5750 1478 5806 seminationi
1505 5750 1665 5807 bona:
1684 5752 1924 5809 delecte-

341 5848 433 5895 tur
453 5839 723 5906 insistere,
751 5836 970 5907 quando
993 5853 1053 5893 se
1076 5853 1184 5893 non
1212 5838 1356 5893 aliud
1386 5854 1549 5908 quam
1585 5841 1730 5911 quod
1758 5844 1931 5900 semis

340 5934 437 5987 nat
456 5937 795 6000 recepturum
823 5928 1101 5995 cognoscit
1124 5926 1175 5982 in
1207 5929 1424 5985 messe?

2038 4734 2205 4788 cedis.
2241 4734 2455 4789 Duobus
2506 4736 2659 4791 labor
2702 4740 2966 4808 operariis
3007 4739 3276 4805 indicitur,
3323 4740 3484 4795 tertio
3521 4757 3621 4812 spe

2038 4823 2231 4878 futura:
2258 4826 2448 4880 messis
2469 4825 2831 4881 laborantium
2851 4830 3061 4885 animus
3095 4830 3424 4885 sublevatur.
3463 4830 3623 4887 Asso—

2039 4913 2112 4968 let
2132 4916 2273 4969 enim
2302 4915 2392 4985 qui
2413 4923 2616 4970 certam
2647 4926 2830 4988 sperat
2866 4935 2964 4989 pro
2994 4920 3075 4975 sui
3114 4919 3313 4976 laboris
3360 4922 3621 4992 qualitate

2038 5003 2364 5072 mercedem,
2398 5002 2611 5062 sume‘re
2633 5007 2800 5077 magis
2834 5025 2901 5065 ex
2930 5010 3115 5067 labore
3152 5013 3424 5067 virtutem.
3457 5012 3621 5068 Bona:

2038 5096 2199 5164 igitur
2246 5100 2545 5168 operationi
2592 5100 2883 5171 Apostolus
2928 5106 3380 5174 persevcrantiam
3417 5105 3618 5175 jungit,

2039 5197 2097 5242 ut
2122 5203 2236 5243 non
2257 5188 2469 5244 deliciat
2500 5192 2550 5245 in
2576 5194 2784 5249 semine
2813 5195 3053 5265 quisquis
3084 5196 3136 5249 in
3167 5211 3343 5250 messe
3389 5196 3622 5253 delecta-

2036 5288 2123 5335 tur
2140 5282 2256 5337 sine
2277 5279 2380 5338 ﬁne
2404 5284 2652 5351 gaudere.
2680 5285 2915 5342 Proinde
2936 5287 3228 5342 secundum
3251 5288 3452 5343 dictum
3473 5288 3621 5345 beati

2034 5372 2277 5442 Apostoli
2308 5373 2395 5428 ille
2426 5390 2647 5431 necesse
2674 5385 2758 5431 est
2786 5376 2853 5431 ad
2877 5379 3034 5448 391
3067 5377 3256 5432 futura:
3279 5380 3467 5436 messis
3488 5393 3621 5449 gau-

2032 5461 2177 5516 dium
2211 5466 2508 5533 perveniat,
2538 5466 2626 5535 qui
2658 5467 2911 5536 prazscnti
2949 5474 3192 5538 tempore
3222 5467 3274 5523 in
3309 5469 3465 5524 bona:
3494 5456 3631 5541 ope?

2034 5558 2257 5614 rationis
2271 5561 2473 5615 semine
2493 5568 2821 5630 perseverat.
2845 5559 3108 5617 Caeterum
3131 5565 3357 5621 multum
3382 5558 3617 5638 scipsum

2033 5650 2259 5714 seducit,
2292 5654 2404 5707 sive
2433 5653 2523 5723 qui
2555 5653 2697 5707 nulla
2729 5654 2947 5710 mittens
2984 5672 3151 5727 usque
3175 5658 3225 5712 in
3268 5657 3427 5715 ﬁnem
3464 5636 3629 5733 prus;

1972 5764 1980 5781 σ
2034 5747 2202 5801 sentis
2247 5747 2370 5801 vita:
2422 5747 2627 5801 semina
2669 5763 2893 5818 Operum
2940 5751 3227 5819 bonorum,
3275 5763 3431 5824 putat
3474 5755 3617 5811 bona

2033 5838 2356 5910 quandoque
2379 5854 2708 5907 messurum;
2733 5856 2828 5895 seu
2851 5843 2941 5914 qui
2970 5843 3296 5915 depravatus
3320 5855 3469 5902 caret
3492 5862 3617 5917 per-

2033 5931 2333 5987 severantia
2379 5932 2535 5989 bona:
2577 5934 2928 6006 operationis,
2969 5946 3024 5994 et
3070 5938 3309 5995 laetitiam
3336 5949 3519 6012 sperat
3559 5941 3612 5995 in
