4130 6460
453 423 561 482 559

1474 425 1530 480 S.
1575 423 1938 480 FULGENTH
1978 421 2282 479 EPISCOPI
2323 377 2696 484 RUSPENSIS

3631 435 3738 490 560

459 536 811 596 retributione
853 540 1119 596 mercedis
1151 557 1163 593 :
1207 555 1330 596 cum
1369 539 1561 594 beatus
1600 538 1887 608 Apostolus
1935 535 2041 590 hoc
2069 541 2115 598 Α
2146 539 2392 592 morietur
2420 539 2631 610 (Ezech.
2666 555 2809 606 xviu,
2842 539 2955 610 24).
2989 540 3204 598 Frustra
3234 545 3395 612 igitur
3423 547 3523 602 sibi
3546 563 3739 618 pecca-

409 700 414 706 .
455 647 896 702 unumquemque
937 639 1278 701 recepturum
1323 638 1553 685 testatur
1585 630 1639 684 in
1679 645 1853 686 messe
1899 629 2042 700 quod

458 735 868 793 perseveranter
899 724 1173 794 prmmittit
1201 723 1254 777 in
1283 722 1506 777 semine.
1543 719 1687 777 Talis
1709 737 1940 790 namque
1963 730 2045 776 est

458 817 545 870 ille
578 815 934 885 peritissimus
960 814 1247 868 ventilator
1287 812 1500 886 (Matth.
1547 829 1621 876 ιιι,
1655 811 1739 882 12)
1791 813 1881 882 qui
1931 827 2047 881 per-

457 912 736 966 mundabit
765 927 946 966 aream
978 925 1149 972 suam,
1181 919 1238 963 ut
1269 908 1320 962 in
1350 907 1676 962 discretione
1701 908 1858 960 tritici
1883 916 2045 976 atque

457 1003 733 1070 palearum
751 1001 906 1056 nulla
931 1000 1274 1070 suhreptione
1303 998 1547 1063 fallatur;
1582 1014 1681 1053 nec
1708 999 1760 1051 in
1791 997 2044 1052 horreum

457 1095 621 1148 mittit
647 1095 828 1165 paleas
857 1093 1067 1162 ignibus
1095 1092 1316 1158 dandas,
1347 1107 1447 1146 nec
1477 1091 1639 1146 tradit
1669 1091 1897 1147 ﬂammis
1931 1091 2044 1147 fru-

457 1195 636 1239 menta
670 1201 789 1256 quae
835 1193 960 1239 sunt
1002 1186 1198 1239 horreo
1234 1183 1557 1253 deputanda.
1589 1183 1802 1238 Futura:
1851 1185 2048 1255 quippe

460 1276 648 1330 messis
698 1285 940 1345 tempore
990 1275 1116 1329 boni
1159 1275 1535 1340 seminatores,
1576 1275 1648 1328 illi
1698 1275 1901 1329 scilicet
1955 1275 2046 1344 qui

460 1383 604 1421 nunc
629 1374 1036 1437 perseveranter
1065 1364 1394 1419 seminantes
1425 1365 1477 1418 in
1503 1363 1752 1435 lacrymis
1782 1365 1833 1418 in
1856 1364 2048 1432 gaudio

460 1466 685 1518 metent,
710 1457 910 1526 quique
957 1472 1096 1510 nunc
1126 1466 1317 1509 euntes
1360 1453 1489 1508 ﬂent
1529 1457 1802 1509 mittentes
1843 1455 2048 1510 semina

458 1565 574 1611 sua,
615 1559 740 1602 tunc
778 1555 960 1602 autem
1003 1547 1282 1602 venientes
1325 1545 1541 1600 venient
1589 1547 1639 1600 in
1689 1547 2050 1602 exsultatione

457 1649 737 1713 portantes
767 1639 1071 1708 manipulos
1110 1654 1237 1692 suos
1275 1637 1450 1707 (Psal.
1481 1652 1642 1704 cxxv,
1691 1636 1747 1702 5,
1779 1637 1857 1706 6).
1899 1635 2051 1694 Sicut

457 1731 548 1785 ille
595 1729 892 1800 privabitur
931 1727 1128 1796 gaudio
1173 1729 1558 1798 consortioque
1588 1743 1888 1783 messorum
1929 1729 2042 1798 qui,

456 1822 585 1877 licet
607 1821 894 1892 aliquando
926 1822 1068 1875 bona
1097 1820 1463 1885 seminaverit,
1489 1821 1946 1890 perseverantiam
1975 1831 2051 1875 ta-

2149 638 2323 682 torum
2379 631 2750 685 remissionem
2793 633 2944 686 vanis
3003 635 3421 703 cogitationibus
3475 643 3740 704 somniat,

2146 721 2386 790 quisquis
2419 738 2523 776 non
2565 738 2731 792 usque
2766 723 2818 777 in
2852 723 3010 779 linem
3040 729 3322 794 praesentis
3347 731 3470 785 vitae
3499 732 3552 786 in
3576 747 3734 788 man-

2145 812 2285 866 datis
2327 812 2535 866 Domini
2584 824 2927 883 perseverat,
2980 817 3063 871 vel
3108 819 3351 887 quisquis
3392 831 3518 878 ante
3576 823 3741 878 linem

2147 903 2269 957 vitae
2294 906 2575 972 praesentis
2606 921 2712 960 non
2747 905 2973 961 discedit
3019 908 3089 962 ab
3137 910 3418 967 itineribus
3464 916 3735 984 pessimis.

2147 993 2372 1064 Oportet
2399 995 2541 1048 enim
2568 1004 2625 1050 ut
2661 997 2835 1052 omnis
2855 997 3033 1066 justus
3053 1014 3174 1053 cum
3199 1000 3392 1056 timore
3419 1011 3476 1058 et
3505 1012 3744 1062 tremore

2147 1100 2298 1138 suam
2320 1085 2546 1140 salutem
2569 1096 2824 1156 operetur
2853 1086 3071 1159 (Philip.
3107 1105 3164 1155 ιι,
3195 1090 3316 1160 l2);
3350 1100 3406 1147 et
3426 1095 3602 1150 omnis
3629 1095 3739 1150 ini-

2149 1190 2286 1244 quus
2308 1175 2518 1230 desinat
2546 1177 2803 1232 exhibere
2838 1180 3077 1233 membra
3113 1197 3208 1236 sua
3239 1197 3388 1237 arma
3440 1184 3746 1254 iniquitatis

2149 1274 2410 1334 peccato;
2442 1266 2533 1321 sed
2558 1267 2808 1322 exhibeat
2837 1271 3178 1339 semetipsum
3221 1281 3471 1341 tauquam
3501 1290 3568 1329 ex
3589 1293 3744 1331 mor-

2152 1357 2258 1410 tuis
2304 1357 2592 1422 viventem,
2638 1367 2692 1412 et
2741 1358 2978 1413 men.bra
3020 1376 3114 1414 sua
3166 1377 3314 1416 arma
3353 1365 3575 1433 justitiae
3625 1367 3745 1422 Deo

2154 1447 2331 1518 (Rom.
2370 1467 2439 1513 vi,
2478 1449 2588 1522 15),
2620 1467 2683 1505 ac
2713 1451 2925 1506 desinat
2954 1454 3081 1508 talia
3111 1457 3342 1524 operari,
3367 1473 3596 1526 quorum
3638 1463 3744 1515 sti-

2153 1543 2405 1612 pendium
2438 1559 2584 1598 mors
2626 1552 2728 1608 est,
2760 1544 2975 1599 dicente
3015 1546 3180 1600 Paulo
3209 1549 3494 1618 apostolo:
3527 1551 3744 1622 Stipen-

2153 1635 2294 1689 dium
2321 1635 2456 1688 enim
2485 1635 2684 1704 peccati
2705 1653 2841 1690 mors
2869 1635 3059 1706 (lbid.,
3090 1637 3160 1690 25
3189 1678 3202 1693 .
3236 1637 3360 1694 Haec
3385 1657 3546 1707 mors,
3573 1643 3744 1699 etiam

2154 1724 2332 1782 futura
2361 1729 2441 1781 ira
2472 1727 2566 1782 Dei
2591 1729 2804 1794 dicitur,
2838 1745 2958 1800 qua:
2988 1731 3183 1801 iniquis
3214 1740 3270 1786 et
3297 1733 3350 1786 in
3384 1736 3525 1789 malo
3555 1751 3746 1806 perse-

2155 1819 2465 1873 verantibus
2487 1819 2770 1874 inleretur.
2799 1819 2951 1876 Unde
2976 1831 3028 1876 et
3057 1821 3296 1879 Joannes
3325 1825 3566 1894 Baptista
3609 1828 3748 1884 Pha-

456 1929 580 1968 men
611 1915 751 1968 bona
781 1911 1078 1967 seminandi
1129 1926 1233 1965 non
1266 1911 1440 1965 tenuit
1467 1928 1479 1962 :
1530 1910 1608 1964 sic
1630 1914 1791 1964 etiam
1831 1911 1918 1965 ille
1949 1927 2049 1966 nec
2083 1924 2127 1984 Β
2157 1911 2340 1965 τίεωοε
2367 1910 2796 1981 Sadducacosque
2818 1912 2895 1966 sic
2918 1913 3178 1983 increpat,
3204 1923 3261 1968 ut
3287 1917 3448 1970 etiam
3477 1917 3744 1973 Christia-

459 2005 806 2074 indulgentiae
836 2021 938 2060 nec
984 2005 1181 2058 laetitiae
1228 2005 1426 2073 poterit
1470 2003 1883 2073 participatione
1925 2015 2050 2071 gau~

495 2114 608 2161 ere,
653 2113 811 2168 quem
857 2097 1170 2152 seminatori
1201 2104 1490 2159 nocturno,
1520 2096 1568 2148 id
1614 2104 1697 2150 est
1725 2095 1959 2161 diabolo,
1994 2095 2046 2148 in

462 2199 667 2244 tantum
695 2188 939 2242 famulari
966 2188 1253 2255 lavereque
1282 2185 1530 2251 delectat,
1555 2197 1612 2240 ut
1636 2201 1803 2256 usque
1833 2187 1885 2240 in
1913 2202 2049 2240 mor-

454 2293 569 2338 tem
592 2297 698 2338 non
729 2283 972 2351 quiescat
998 2281 1084 2334 illa
1114 2280 1382 2335 seminare
1414 2294 1534 2349 qua:
1578 2280 1890 2347 angelorum
1932 2293 2041 2332 me-

459 2375 686 2429 tentium
727 2374 1054 2429 discretione
1091 2371 1315 2426 collecta
1355 2379 1412 2424 et
1461 2371 1514 2425 in
1561 2369 1845 2427 fasciculos
1899 2371 2050 2424 colli-

457 2477 601 2534 gata,
659 2465 868 2518 Domini
913 2463 1131 2532 judicio,
1182 2463 1298 2517 sine
1342 2462 1706 2518 commutabili
1757 2470 2048 2530 praecepto,

458 2558 881 2628 inexstinguihili
905 2557 1229 2626 deputentur
1254 2555 1507 2610 incendio
1530 2553 1744 2626 (Matth.
1776 2569 1888 2618 xui,
1920 2553 2044 2621 25).:

457 2652 583 2722 quia
613 2660 666 2706 et
691 2650 1066 2720 subsequentis
1089 2650 1219 2704 vitio
1246 2649 1542 2719 iniquitatis
1575 2647 1882 2718 praeteritus
1919 2646 2049 2715 justi

457 2745 746 2800 frustratur
769 2746 942 2799 omnis
973 2744 1126 2799 labor
1153 2743 1344 2807 bonus,
1375 2751 1430 2796 et
1460 2741 1756 2811 iniquitatis
1798 2741 2048 2795 meritum

456 2844 754 2908 permanet,
790 2835 943 2905 cujus
985 2835 1138 2889 labor
1166 2843 1250 2889 est
1284 2833 1457 2888 omnis
1487 2833 1677 2887 malus.
1725 2832 1862 2886 Dicit
1904 2832 2048 2886 enim

457 2931 785 3001 Apostolus:
819 2930 953 2995 Quia
981 2930 1326 3000 unusquisque
1350 2927 1613 2998 propriam
1651 2925 1934 2979 mercedem
1964 2941 2051 2977 ac-

457 3025 628 3092 cipiet,
652 3022 931 3076 secundum
953 3037 1099 3075 suum
1111 3019 1338 3074 laborem
1363 3016 1416 3080 (1
1439 3017 1556 3071 Cor.
1586 3031 1659 3082 ιιι,
1687 3014 1763 3084 8).
1780 3015 1932 3068 Illum
1954 3014 2052 3068 sci-

457 3111 584 3168 licet
603 3114 652 3166 in
675 3129 783 3183 quo
795 3112 1162 3182 unusquisque
1183 3109 1474 3171 invenitur,
1489 3107 1706 3176 quando
1726 3107 1793 3161 de
1806 3105 2050 3175 praesenti

458 3207 656 3262 steculo
689 3207 922 3260 transire
957 3205 1284 3276 praecipitur.
1322 3201 1552 3257 Proinde
1591 3201 1729 3254 sicut
1761 3198 2050 3269 Apostolus

2153 2015 2252 2054 nos
2275 2001 2414 2054 male
2445 2001 2686 2055 viventes
2715 2016 2810 2054 sua
2844 2003 3211 2071 increpatione
3233 2007 3574 2074 perstringat.
3604 2004 3746 2062 Dicit

2152 2109 2382 2162 namque
2408 2111 2420 2146 :
2448 2091 2722 2148 Ccnimina
2746 2095 3052 2160 viperarum,
3077 2097 3190 2165 quis
3210 2095 3348 2149 vobis
3371 2097 3746 2152 demonstravit

2152 2188 2330 2257 fugere
2358 2183 2420 2238 ab
2451 2187 2529 2239 ira
2559 2185 2771 2254 futura?
2795 2183 2976 2238 Facite
2996 2202 3118 2256 ergo
3150 2189 3347 2257 fructus
3369 2189 3558 2258 dignos
3578 2191 3738 2257 paeni-

2153 2284 2325 2336 tentia:
2357 2281 2448 2351 (al.
2479 2281 2802 2352 poenitentia)
2831 2297 2843 2331 :
2878 2291 2927 2332 et
2962 2297 3026 2333 ne
3067 2280 3230 2334 velitis
3271 2281 3440 2335 dicere
3469 2299 3486 2334 :
3531 2282 3739 2336 l’atrem

2151 2372 2394 2427 habemus
2425 2372 2705 2425 Abraham.
2740 2371 2871 2426 Dico
2909 2373 3046 2424 enim
3084 2371 3222 2426 vobis
3269 2374 3388 2443 quia
3436 2384 3617 2444 potens
3664 2385 3744 2427 est

2153 2463 2291 2517 Deus
2321 2464 2384 2517 de
2427 2462 2684 2532 lapidibus
2721 2465 2832 2516 istis
2862 2467 3112 2519 suscitare
3154 2467 3294 2535 ﬁlios
3337 2467 3579 2522 Abraha‘.
3620 2468 3747 2522 lam

2150 2554 2286 2606 enim
2315 2554 2508 2606 securis
2538 2553 2605 2606 ad
2633 2553 2836 2606 radices
2865 2555 3106 2608 arborum
3122 2562 3289 2626 posita
3317 2567 3411 2611 est.
3444 2557 3627 2613 Omnis
3651 2577 3742 2612 ar-

2154 2641 2244 2695 bor
2295 2658 2408 2711 qua:
2455 2659 2557 2695 non
2609 2645 2737 2714 facit
2784 2645 3008 2714 fructum
3053 2646 3240 2700 bonum
3291 2650 3557 2702 excidetur
3601 2661 3650 2704 et
3687 2652 3737 2703 iu

2150 2739 2322 2810 ignem
2345 2741 2577 2792 mittetur
2602 2738 2750 2809 (Luc.
2793 2755 2872 2808 ιιι,
2899 2740 2928 2793 7
2949 2751 2998 2794 et
3028 2745 3185 2813 seq.).
3216 2742 3322 2797 Ista
3348 2761 3468 2798 cum
3501 2743 3744 2800 Praecur-

2151 2843 2244 2882 sor
2274 2828 2574 2882 dominicus
2613 2829 2836 2896 diceret,
2869 2831 3057 2899 procul
3087 2832 3251 2886 dubio
3287 2834 3484 2902 iniquis
3530 2836 3748 2890 diccbat

2153 2924 2207 2972 et
2236 2919 2407 2983 malis,
2457 2932 2593 2986 quos
2631 2920 2792 2973 etiam
2839 2929 3062 2988 propter
3109 2921 3466 2976 imitationem
3514 2940 3743 2994 serpen-

2153 3008 2306 3073 tium,
2337 3009 2442 3063 hoc
2467 3017 2551 3063 est
2577 3008 2826 3063 diabolici
2875 3011 3073 3080 operis,
3117 3010 3427 3082 Viperarum
3474 3016 3746 3085 genimina

2154 3101 2514 3168 nuncupabat.
2548 3099 2753 3166 Quibus
2785 3109 2965 3155 tamen
2997 3102 3232 3156 ostendit
3255 3104 3382 3173 quid
3424 3105 3476 3158 in
3516 3106 3620 3161 hoc
3638 3121 3744 3161 sm-

2154 3192 2276 3248 culo
2299 3191 2559 3256 facerent,
2585 3194 2711 3262 quid
2744 3195 2907 3248 etiam
2941 3195 2994 3248 in
3041 3193 3220 3250 futuro
3254 3196 3456 3263 judicio
3496 3197 3747 3252 formida-

415 3320 420 3324 ·
460 3307 646 3352 monet
676 3315 687 3349 :
721 3297 858 3350 Dum
896 3306 1090 3366 tempus
1137 3295 1400 3358 habemus,
1437 3309 1705 3361 operemur
1746 3293 1936 3345 bonum
1987 3292 2056 3345 ad
2081 3296 2124 3358 (ς
2157 3296 2297 3340 rent.
2350 3283 2672 3354 Prmcipieus
2725 3287 2868 3340 enim
2913 3294 2971 3340 ut
3017 3287 3258 3340 facerent
3311 3290 3514 3344 lructus
3555 3290 3749 3358 dignos

460 3405 670 3454 omnes,
715 3390 940 3444 maxime
983 3397 1156 3441 autem
1199 3387 1268 3439 ad
1315 3386 1624 3439 domesticos
1682 3383 1805 3452 ﬁdei
1849 3382 2048 3454 (Gatat.

470 3479 671 3550 ν1,10).

1083 3632 1308 3688 CAPUT
1345 3630 1433 3686 IX.

534 3767 667 3823 Nam
690 3775 741 3822 et
772 3767 826 3822 in
869 3765 1108 3838 Epistola
1149 3782 1270 3837 qua:
1305 3765 1374 3820 ad
1418 3762 1675 3819 Hebrmos
1704 3765 1901 3834 scripta
1951 3771 2077 3829 est,_

463 3876 572 3916 non
601 3861 776 3916 solum
807 3860 1092 3916 conversio
1133 3860 1184 3912 in
1227 3857 1480 3928 priesenti
1511 3865 1754 3925 tempore
1783 3853 2050 3922 signiﬁca-

463 3963 551 4009 tur
591 3953 929 4019 necessaria,
978 3967 1164 4006 verum
1211 3951 1372 4005 etiam
1425 3948 1731 4018 praecipitur
1785 3961 1952 4014 usque
2001 3946 2053 3999 in

464 4045 624 4101 linem
665 4044 1066 4116 perseverantia
1116 4043 1415 4098 retinenda.
1468 4041 1556 4094 Ait
1603 4041 1748 4094 enim
1784 4057 1795 4088 :
1835 4039 2050 4102 Videte,

463 4141 673 4209 fratres,
699 4155 762 4191 ne
784 4140 915 4207 forte
943 4139 1008 4190 sit
1029 4137 1083 4190 in
1111 4136 1283 4205 aliqua
1306 4145 1524 4188 vestrum
1552 4150 1641 4186 cor
1669 4132 1860 4185 malum
1889 4132 2055 4185 incre-

463 4227 695 4283 dulitatis
721 4228 1017 4282 discedendi
1048 4246 1077 4280 a
1110 4227 1218 4280 Deo
1247 4227 1374 4288 viro,
1407 4224 1497 4277 sed
1527 4224 1803 4276 hortamini
1831 4232 2054 4276 vosmet-
2087 4235 2102 4247 ‘

461 4321 603 4386 ipsos
631 4334 718 4386 per
745 4318 971 4387 singulos
995 4317 1123 4377 dies,
1155 4317 1316 4370 donec
1360 4314 1530 4368 Hodie
1558 4315 1970 4384 cognominatur,
1997 4321 2054 4365 ut

464 4424 568 4461 non
595 4407 872 4461 obduretur
897 4409 1008 4478 quis
1028 4423 1092 4459 ea:
1115 4406 1250 4458 vobis
1273 4405 1484 4475 fallacia
1510 4404 1725 4473 peccati.
1760 4404 2052 4472 Participes

465 4500 603 4551 enim
633 4497 820 4552 Christi
851 4498 1023 4566 e/fecti
1045 4513 1238 4560 sumus,
1261 4497 1305 4548 si
1335 4505 1503 4548 tamen
1525 4496 1726 4548 initium
1742 4493 2052 4548 substunJia.’

463 4605 623 4659 usque
660 4588 730 4640 ad
778 4589 934 4657 ﬁnem
971 4587 1178 4654 ﬁrmum
1211 4587 1522 4639 retineamus
1568 4572 1768 4654 (Hebr:
1787 4601 1862 4649 ιιι,
1903 4583 1970 4637 1‘2.
2001 4594 2048 4639 et

2153 3377 2507 3448 paenitentiae,
2531 3377 2765 3432 ostendit
2795 3377 2881 3430 hic
2910 3378 3105 3431 mutari
3137 3394 3295 3448 posse
3335 3380 3598 3446 homines,
3631 3393 3692 3435 et
3719 3397 3749 3435 a

2152 3471 2400 3541 supplicii
2431 3471 2622 3524 merito
2647 3468 2713 3522 ad
2744 3469 2995 3522 meritum
3028 3471 3201 3536 regni,
3227 3472 3541 3538 paenitentis
3580 3473 3749 3526 animi

2152 3562 2507 3618 conversione
2538 3561 2785 3614 transire.
2838 3560 3147 3629 Adjungens
3183 3569 3386 3624 autem,
3411 3564 3535 3630 quia
3576 3564 3746 3617 omnis

2152 3655 2310 3709 arbor
2347 3670 2461 3725 qua:
2503 3670 2606 3707 non
2651 3653 2779 3723 facit
2813 3654 3039 3722 fructum
3087 3651 3272 3705 bonum
3311 3654 3578 3707 eJ-cidetur
3601 3664 3651 3707 et
3691 3657 3747 3709 in

2154 3746 2326 3818 ignem
2357 3745 2601 3807 mittetur,
2647 3750 2859 3811 tempus
2909 3743 3286 3810 praenuntiavit
3333 3741 3497 3798 futuri
3535 3744 3746 3812 judicii,

2153 3851 2262 3904 quo
2292 3835 2446 3889 malis
2474 3849 2642 3902 usque
2666 3835 2719 3887 in
2748 3832 2907 3886 linem
2937 3833 3280 3889 criminosam
3308 3835 3628 3891 ducentibus
3671 3838 3750 3891 vi-

2157 3936 2287 3991 tam,
2321 3927 2459 3981 sicut
2487 3924 2832 3980 infructuosis
2862 3925 3168 3992 arboribus,
3203 3942 3308 3980 non
3341 3928 3590 3983 remissio
3621 3944 3750 3999 pec-

2157 4031 2401 4076 catorum
2429 4017 2852 4074 misericorditer
2888 4017 3196 4084 donabitur,
3233 4018 3328 4074 sed
3357 4029 3558 4074 aeterna
3597 4037 3750 4075 com-

2155 4113 2335 4167 bustio
2388 4111 2533 4180 juste
2589 4108 2862 4164 reddetur.
2932 4108 3058 4164 ideo
3120 4125 3336 4179 quoque
3409 4109 3746 4166 Salvatorem

2155 4210 2400 4257 nostrum
2451 4199 2691 4269 prmdicit
2720 4198 2788 4251 ad
2833 4197 3212 4252 discretionem
3245 4199 3406 4254 tritici
3447 4200 3747 4269 palearum-

2154 4309 2259 4363 que
2284 4301 2568 4363 venturum
2594 4309 2606 4344 :
2639 4290 2731 4360 qui
2758 4290 2951 4343 habens
2973 4289 3311 4343 ventilabrum
3337 4293 3396 4357 in
3430 4309 3586 4346 manu
3623 4310 3742 4358 sua,

2155 4383 2516 4456 permundubit
2563 4398 2742 4435 aream
2797 4397 2978 4444 suam,
3039 4391 3088 4433 et
3132 4381 3466 4452 congregabit
3521 4384 3747 4437 triticum

2152 4492 2302 4530 suum
2330 4477 2382 4528 in
2421 4474 2679 4537 horreum,
2711 4472 2890 4542 paleas
2939 4481 3107 4524 autem
3133 4471 3393 4525 comburat
3436 4475 3546 4544 igni
3593 4475 3746 4530 inex-

2152 4567 2439 4640 stinguibili
2492 4565 2691 4638 (lbid.,
2749 4565 2860 4634 17).
2916 4563 3172 4618 lniormat
3212 4580 3426 4618 omnem
3483 4576 3745 4635 prmterea

465 4655 620 4751 seq.).
653 4655 786 4745 Quis
811 4687 992 4731 autem
1021 4692 1127 4730 non
1153 4677 1318 4746 ipsius
1344 4676 1592 4746 exemplo
1617 4685 1882 4730 terreatur
1905 4677 2050 4745 Apo-

2157 4660 2518 4717 Christianum
2550 4666 2739 4712 tenore
2775 4655 3098 4724 evangelica:
3137 4655 3404 4719 lectionis,
3449 4665 3508 4710 ut
3547 4657 3751 4712 discre-

466 4770 610 4833 stoli,
638 4777 694 4822 ut
741 4784 770 4821 a
808 4769 962 4823 malis
1001 4768 1254 4838 operibus
1299 4766 1597 4830 discedens,
1643 4767 1696 4819 in
1740 4766 2054 4835 poenitentia

465 4871 522 4916 et
549 4862 905 4916 conversione
936 4862 1028 4931 (at.
1057 4859 1493 4929 conversatione)
1525 4868 1708 4913 currat
1751 4859 1818 4912 ad
1861 4859 2051 4926 Deum,

464 4963 520 5009 et
541 4954 802 5010 sollieitus
819 4961 1006 5008 caveat
1028 4969 1095 5007 ne
1117 4961 1304 5007 tenore
1329 4951 1747 5020 perseverantiae
1770 4949 2046 5012 derelicto,

464 5049 728 5119 reprobus
765 5047 893 5101 liat?
925 5046 1389 5102 Considerandum
1432 5059 1664 5114 namque
1713 5052 1795 5097 est
1842 5043 2050 5097 cunctis

464 5140 712 5196 ﬁdelibus
737 5156 842 5210 qua
865 5139 1222 5194 sollicitudine
1255 5139 1368 5206 ipse
1399 5137 1588 5190 beatus
1631 5133 1827 5187 Paulus
1857 5149 2049 5187 cucur-

464 5233 614 5295 rerit,
646 5246 750 5300 qua
783 5230 1050 5298 vigilantia
1089 5227 1426 5299 pugnaverit,
1458 5225 1561 5292 qda
1593 5224 1883 5277 severitate
1929 5238 2050 5277 cor-

464 5339 567 5394 pus
625 5340 780 5378 suum
829 5324 1193 5392 castigaverit.
1252 5320 1342 5372 Ait
1386 5331 1565 5385 ergo:
1616 5315 1728 5388 Ego
1777 5318 1936 5389 igitur
1977 5317 2052 5370 sic

464 5428 639 5475 curro,
667 5429 771 5465 non
800 5413 945 5484 quasi
989 5416 1042 5465 in
1083 5413 1366 5471 incertum;
1415 5409 1489 5461 sic
1518 5425 1710 5478 pugno,
1765 5424 1866 5461 non
1908 5409 2056 5478 quasi

447 5522 637 5566 ruerem
668 5506 940 5560 verberans
964 5521 979 5558 :
1011 5505 1100 5558 sed
1127 5504 1324 5573 castigo
1354 5518 1540 5571 corpus
1564 5517 1748 5564 meum,
1783 5509 1830 5552 et
1859 5501 1912 5552 in
1941 5516 2055 5553 ser-

462 5603 673 5655 vitutem
699 5598 907 5670 redigo;
939 5614 1004 5649 ne
1034 5598 1166 5666 forte
1195 5610 1308 5646 curn
1345 5593 1463 5646 aliis
1508 5591 1913 5660 pratdicaverim,
1948 5590 2056 5660 ipse

464 5698 709 5766 reprobus
740 5693 932 5763 eﬁ'iciar
962 5689 1016 5760 (Ι
1047 5689 1166 5743 Cor.
1201 5705 1275 5754 Ix,
1298 5687 1386 5749 ‘26,
1419 5684 1531 5757 27).
1561 5683 1685 5739 Hice
1705 5692 1883 5738 autem
1907 5683 2057 5738 dice-

463 5788 578 5852 bat,
609 5788 786 5843 sciens
807 5799 903 5854 per
940 5783 1100 5852 392
1138 5779 1469 5834 Ezechielem
1504 5778 1756 5832 divinitus
1803 5776 2006 5830 dictum
2036 5795 2047 5828 :

464 5879 535 5936 1n
562 5896 618 5933 eo
649 5893 764 5931 cum
785 5873 1087 5930 converterit
1114 5888 1170 5925 se
1190 5870 1361 5940 justus
1390 5887 1421 5922 a
1447 5885 1538 5924 sua
1559 5868 1788 5938 justitia,
1819 5877 1866 5920 et
1894 5868 2054 5938 faciat

457 5969 733 6044 planctum,
759 5975 807 6021 et
837 5965 1118 6029 moriatur;
1143 5964 1196 6036 in
1224 5978 1315 6015 suo
1338 5961 1522 6016 delicto
1542 5959 1677 6028 quod
1694 5960 1833 6030 fecit,
1856 5960 1911 6014 in
1937 5960 2050 6030 ipsa

2159 4755 2305 4808 tione
2328 4751 2508 4805 habita
2535 4749 2842 4804 consideret
2870 4747 2996 4815 quid
3024 4746 3076 4800 in
3110 4747 3282 4814 primo
3311 4745 3609 4803 Salvatoris
3655 4750 3747 4802 ad-

2156 4853 2320 4901 ventu
2366 4840 2524 4896 fuerit
2567 4839 2853 4904 unicuique
2899 4838 3135 4907 piissima
3167 4837 3413 4905 largitate
3460 4839 3744 4904 donatum,

2155 4937 2283 5008 quid
2338 4936 2498 4990 etiam
2547 4933 2768 5000 singulis
2804 4939 3147 5000 exspectetur
3189 4929 3242 4983 in
3290 4931 3550 4997 secundo,
3597 4933 3746 5001 justa

2157 5029 2510 5085 retributione
2535 5023 2884 5079 reddendum.

2787 5177 3015 5234 CAPUT
3056 5177 3120 5232 Χ.

2228 5303 2344 5373 Ipse
2363 5300 2503 5355 enim
2531 5304 2714 5353 noster
2741 5294 2992 5349 Salvator
3014 5303 3068 5348 et
3087 5293 3273 5363 judex,
3305 5296 3396 5365 qui
3429 5311 3573 5353 nunc
3600 5301 3747 5353 venit

2158 5405 2216 5451 ut
2243 5395 2436 5457 salvet,
2461 5400 2587 5446 tunc
2601 5397 2684 5444 est
2705 5397 2886 5442 autem
2899 5397 3156 5442 venturus
3169 5398 3227 5441 ut
3242 5388 3466 5457 judicet;
3493 5393 3586 5460 qui
3607 5407 3753 5448 nunc

2159 5486 2308 5540 venit
2335 5491 2393 5538 ut
2415 5483 2588 5537 bonos
2615 5495 2683 5534 ex
2715 5479 2871 5533 malis
2908 5478 2996 5548 pia
3031 5480 3352 5535 remissione
3397 5481 3594 5551 faciat,
3623 5493 3755 5541 tunc

2163 5587 2343 5632 autem
2369 5584 2627 5630 venturus
2654 5583 2737 5629 est
2774 5583 2833 5627 ut
2860 5573 3032 5627 malos
3061 5589 3091 5627 a
3120 5574 3278 5630 bonis
3299 5574 3444 5644 justa
3477 5577 3758 5633 examina-

2159 5670 2308 5725 tione
2330 5668 2618 5723 discernat.
2633 5661 3071 5718 Primiadventus
3083 5665 3165 5718 sui
3186 5664 3526 5720 demonstrat
3544 5667 3754 5722 beneﬁ-

2159 5763 2301 5818 cium
2329 5759 2515 5815 dicens
2553 5775 2564 5811 :
2611 5756 2762 5810 Venit
2801 5757 2935 5809 enim
2975 5755 3149 5809 Filius
3177 5757 3400 5810 hominis
3438 5775 3667 5829 quaerere
3705 5765 3756 5812 et

2159 5856 2350 5912 salvum
2379 5855 2548 5924 facere
2574 5850 2710 5922 quod
2739 5849 2960 5920 perierat
2994 5847 3144 5919 (Luc.
3177 5865 3284 5913 xIx,
3320 5850 3431 5919 10).
3462 5853 3621 5923 393
3650 5851 3755 5906 se-

2157 5954 2318 6012 eundi
2345 5968 2475 6010 vero
2506 5951 2766 6008 adventus
2792 5947 3131 6005 metuendam
3161 5949 3239 6004 sic
3280 5950 3491 6007 intimat
3517 5951 3756 6025 aequita-

3578 6144 3596 6168 Ι
