4108 6466
1317 351 1402 407 DE
1445 347 1852 405 REMISSIONE
1893 342 2349 402 PECCATORUM
2395 345 2518 400 LIB.
2561 345 2622 400 II.

3505 347 3613 400 502

331 481 442 524 tem
477 485 489 522 :
534 467 711 522 Veniet
742 465 913 522 Filius
939 467 1190 532 hominis,
1226 476 1273 519 et
1305 477 1422 518 tunc
1452 465 1627 519 reddet
1654 463 1920 534 unicuique
1950 471 1994 526 Α
2025 460 2197 515 stolus
2225 459 2329 522 ait,
2371 459 2454 514 bis
2481 460 2571 528 qui
2613 457 2839 526 diligunt
2869 457 3154 512 adventum
3187 457 3303 526 ejus
3351 457 3446 527 (Il.
3478 459 3606 513 Tim.

331 558 610 612 secundum
640 575 797 627 opera
826 573 920 610 sua
949 556 1163 626 (Matth.
1198 573 1304 619 xvi,
1330 555 1441 625 27).
1477 555 1640 608 Primi
1663 554 1924 608 adventus

330 649 756 706 misericordiam
788 665 972 704 rursus
1001 649 1311 708 ostendens
1343 650 1413 702 ait
1451 668 1461 700 :
1497 647 1587 702 Sic
1616 649 1756 701 enim
1787 646 1925 699 Deus

328 740 515 793 dilexit
537 739 804 804 mundum,
833 748 890 792 ut
909 737 1107 793 Filium
1135 756 1278 793 suum
1311 739 1629 810 unigenitum
1659 739 1803 790 daret
1831 754 1847 789 :
1871 745 1926 788 ut

328 832 500 885 omnis
527 832 612 900 qui
643 832 803 885 credit
841 831 894 885 in
922 847 1036 884 eum
1065 847 1166 885 non
1196 839 1402 897 pereat,
1433 831 1521 883 sed
1552 829 1733 882 habeat
1770 829 1927 881 vitam

329 930 600 976 cateruam.
644 919 767 976 Non
797 923 930 975 enim
961 923 1101 975 misit
1135 920 1269 974 Deus
1301 918 1496 974 Filium
1520 937 1665 974 suum
1696 921 1748 972 in
1778 935 1928 972 mun-

331 1013 455 1064 dum
484 1020 540 1064 ut
571 1011 770 1081 judice!
807 1011 1052 1064 mundum
1077 1053 1091 1075 ,
1141 1012 1229 1064 sed
1256 1021 1308 1062 ut
1339 1010 1563 1065 salvetur
1589 1008 1810 1062 mundus
1836 1023 1928 1076 per

330 1104 499 1170 ipsum
532 1099 709 1173 (Joan.
735 1118 848 1166 χιιι,
868 1101 944 1172 6).
971 1100 1203 1156 Secundi
1232 1117 1360 1155 vero
1387 1101 1647 1154 adventus
1667 1098 1926 1167 judicium

230 1245 239 1252 ,
329 1193 411 1247 sic
447 1193 832 1262 pronuntians,
859 1192 988 1246 dicit
1020 1210 1032 1244 :
1065 1190 1233 1244 Multa
1262 1191 1423 1243 habeo
1450 1191 1512 1243 de
1538 1190 1675 1244 vobis
1705 1189 1843 1260 loqui
1879 1196 1928 1240 et

327 1285 567 1356 judicare
597 1283 788 1354 (Ibid.,
819 1301 940 1351 vln,
971 1283 1082 1353 26).
1136 1281 1199 1335 Et
1229 1282 1334 1335 alio
1373 1282 1490 1335 loco
1525 1299 1535 1332 :
1571 1280 1754 1336 Sermo
1780 1294 1929 1351 quem

336 1379 539 1430 locutus
568 1391 682 1429 sum
709 1374 848 1429 robis
876 1417 891 1440 ,
921 1377 1030 1445 ipse
1063 1371 1318 1443 judicabit
1347 1387 1432 1425 vos
1460 1369 1650 1438 (Ibid.
1684 1385 1778 1430 χιι,
1811 1366 1922 1438 48).

338 1467 406 1522 Et
440 1468 547 1522 alio
576 1467 698 1522 loco
733 1485 745 1520 :
781 1466 929 1522 Sicut
965 1467 1121 1519 audio
1139 1464 1353 1536 judico,
1394 1472 1442 1516 et
1477 1461 1732 1532 judicium
1761 1477 1928 1515 meum

333 1577 508 1616 verum
533 1575 606 1615 est
633 1558 820 1631 (Ibid,
845 1575 896 1624 v,
915 1559 1027 1628 50).
1063 1557 1266 1612 Rursus
1294 1554 1612 1610 beneﬁcium
1642 1553 1798 1624 primi
1828 1552 1927 1606 ad-

335 1659 530 1709 ventus
551 1653 666 1717 sui,
697 1669 804 1722 quo
845 1651 1047 1706 nullum
1093 1649 1370 1704 inveniens
1397 1647 1576 1700 vivum
1605 1646 1772 1714 gratis
1808 1659 1928 1699 sus-

333 1747 468 1801 citat
502 1754 766 1807 mortuos,
799 1760 936 1816 quos
959 1745 1144 1812 utique
1173 1742 1297 1798 facit
1325 1757 1396 1796 ex
1424 1741 1600 1809 impiis
1624 1741 1820 1808 justos,
1848 1745 1932 1792 ta-

2030 569 2101 617 tv,
2131 553 2223 622 9);
2257 551 2603 620 operantibus
2632 558 2808 604 autem
2843 550 3358 619 iniquitatem.sicut
3383 552 3616 620 psalmus

2029 648 2215 713 (xxvn,
2250 643 2306 710 4)
2351 644 2602 708 ostendit,
2634 641 2782 697 dabit
2810 642 2973 714 394
3001 641 3298 697 secundum
3327 659 3492 713 opera
3522 659 3617 698 eo-

2029 753 2145 791 rum
2168 779 2181 798 .
2213 745 2268 790 et
2297 735 2591 792 secundum
2622 735 2912 804 nequitiam
2943 734 3243 788 studiorum
3275 735 3531 804 ipsorum,
3563 745 3620 789 et

2027 828 2327 884 secundum
2353 843 2515 898 opera
2547 843 2798 881 manuum
2828 842 3014 880 eorum
3047 827 3245 882 tribuet
3276 826 3400 894 illis,
3433 826 3620 881 reddet

2028 921 2462 988 retributionem_
2483 936 2674 976 eorum
2716 921 2844 990 ipsis
2879 937 2892 972 ε
2926 935 2989 975 ea
3030 920 3236 975 scilicet
3271 935 3461 981 causa,
3493 921 3617 988 quia

2029 1013 2203 1083 qualis
2223 1013 2589 1083 unusquisque
2616 1013 2684 1067 de
2707 1013 2807 1067 hac
2836 1015 2944 1066 vita
2973 1013 3261 1081 egreditur,
3289 1013 3406 1067 talis
3429 1013 3620 1067 intum:

2029 1105 2152 1159 vita:
2172 1105 2288 1160 sine
2312 1103 2646 1158 dubitatione
2675 1103 2953 1168 reddetur;
2983 1119 3082 1158 nec
3102 1103 3168 1158 de
3190 1105 3536 1174 corruptione
3568 1105 3619 1158 in

2030 1195 2491 1264 incorruptionem
2514 1197 2565 1249 in
2592 1195 2683 1248 illo
2707 1195 2853 1264 justo
2883 1196 3174 1250 mutabitur
3195 1196 3416 1264 judicio,
3440 1197 3531 1265 qui
3556 1197 3624 1249 ab

2031 1287 2313 1357 iniquitate
2339 1285 2408 1338 ad
2441 1285 2736 1353 justitiam,
2770 1295 2824 1339 et
2851 1302 2880 1340 a
2911 1286 3052 1340 mala
3081 1287 3187 1339 vita
3219 1287 3285 1340 ad
3316 1287 3513 1341 bonam
3541 1288 3622 1339 vi-

2031 1385 2140 1432 tam
2171 1393 2277 1432 non
2307 1378 2454 1448 prius
2485 1377 2535 1430 in
2567 1377 2670 1432 hoc
2698 1378 2896 1432 szeculo
2923 1377 3081 1431 fuerit
3112 1377 3441 1431 immutatus.

2653 1468 2882 1524 CAPUT
2923 1469 3012 1523 XI.

2106 1561 2396 1632 Propterea
2421 1563 2619 1616 Paulus
2646 1561 2775 1616 dicit
2802 1579 2813 1613 :
2842 1560 3034 1614 Omnes
3055 1562 3260 1631 quidem
3282 1577 3620 1632 resurgemus,
3665 1602 3676 1609 .

2033 1654 2123 1707 sed
2153 1671 2254 1708 non
2301 1670 2476 1708 omnes
2522 1651 2907 1706 immutabimur
2952 1651 3003 1723 (I
3032 1649 3155 1707 Cor.
3189 1669 3276 1714 xv,
3310 1649 3420 1722 5i).
3471 1652 3624 1720 Quod

2033 1760 2157 1800 cum
2187 1745 2376 1799 beatus
2412 1745 2634 1800 dixisset
2672 1744 2962 1814 Apostolus
2986 1787 3001 1812 ,
3036 1759 3103 1797 ne
3140 1759 3331 1798 sensus
3360 1746 3626 1800 sermonis

335 1836 477 1891 libus
517 1836 729 1891 intimat
767 1835 943 1890 verbis
975 1854 986 1888 :
1019 1835 1180 1888 Amen
1206 1875 1219 1898 ,
1252 1849 1400 1886 amen
1442 1832 1554 1886 dico
1592 1831 1732 1885 vobis
1755 1870 1770 1895 ,
1807 1831 1928 1902 quia
1963 1851 2003 1908 Β
2034 1837 2151 1906 ejus
2181 1837 2322 1907 apud
2360 1838 2567 1907 aliquos
2605 1837 2863 1906 penderet
2910 1837 3143 1891 incertus
3169 1879 3184 1903 ,
3231 1836 3388 1890 scivi;
3433 1837 3624 1892 subse-

337 1929 473 1981 venit
496 1927 626 1981 hora
645 1965 660 1989 ,
692 1935 741 1980 et
774 1943 911 1980 nunc
940 1938 1034 1991 est,
1065 1926 1272 1996 quando
1301 1925 1488 1978 mortui
1518 1922 1731 1976 audient
1758 1938 1928 1976 vocem

344 2017 472 2072 Filii
496 2015 613 2082 Dei,
639 2026 689 2071 et
708 2019 793 2088 qui
814 2017 1072 2070 audierint
1100 2015 1444 2088 vivent(Ibid.
1468 2030 1522 2081 v,
1544 2013 1929 2083 25).,Secundi

337 2123 468 2163 vero
497 2107 758 2163 adventus
797 2123 1052 2171 examen,
1085 2121 1194 2176 quo
1221 2107 1559 2176 judicaturus
1588 2110 1671 2158 est
1699 2103 1850 2158 vivos
1875 2111 1931 2156 et

340 2207 580 2254 mortuos
623 2200 1015 2270 subsequenter
1058 2198 1420 2269 praenuntiat,
1463 2196 1649 2250 dicens
1691 2211 1703 2246 :
1744 2194 1926 2256 Amen,

335 2306 485 2344 amen
513 2290 627 2346 dico
657 2291 795 2344 vobis
814 2329 828 2353 ,
871 2290 989 2361 quia
1018 2291 1182 2344 veniet
1213 2288 1342 2343 hora
1361 2327 1374 2352 ,
1405 2276 1612 2359 quando
1641 2301 1816 2339 omnes
1845 2285 1929 2354 qui

336 2381 393 2434 in
423 2382 766 2434 monumentis
796 2391 915 2434 sunt
953 2380 1163 2434 audient
1193 2395 1367 2434 vocem
1394 2378 1503 2448 ejus
1536 2393 1553 2430 :
1580 2387 1628 2430 et
1657 2374 1930 2445 precedent

333 2473 420 2543 qui
442 2471 575 2526 bona
602 2474 866 2542 fecerunt,
903 2471 959 2524 in
994 2471 1420 2525 resurrectionem
1457 2469 1605 2532 uitta;
1645 2468 1730 2538 qui
1759 2477 1931 2519 autem

333 2560 477 2614 mala
499 2569 729 2632 egerunt,
752 2561 804 2612 in
826 2561 1250 2614 resurrectionem
1268 2556 1458 2628 judicii
1485 2555 1674 2628 (Ibid.,
1699 2553 1790 2621 28,
1815 2551 1926 2623 29).

336 2649 628 2706 Praesentis
651 2651 832 2720 itaque
853 2651 1001 2705 vocis
1023 2650 1140 2718 ejus
1169 2649 1382 2702 auditus
1407 2647 1574 2702 donat
1599 2647 1763 2700 vitam
1786 2660 1932 2700 mor-

337 2739 478 2805 tuis,
512 2756 632 2796 cum
672 2739 799 2794 tidei
836 2740 1062 2810 gratiam
1094 2739 1316 2808 largitur
1359 2737 1646 2792 incredulis
1668 2775 1683 2800 ,
1712 2745 1766 2791 et
1795 2749 1932 2804 quos

339 2830 516 2886 malos
545 2831 782 2897 invenit,
816 2833 986 2887 bonos
1024 2829 1153 2887 facit
1183 2847 1197 2895 ;
1247 2830 1528 2901 praesentis
1565 2836 1746 2882 autem
1785 2831 1932 2883 vocis

334 2920 453 2990 ejus
481 2921 692 2976 auditus
730 2922 924 2991 impios
953 2921 1040 2991 pie
1063 2919 1352 2988 justiﬁcat,
1383 2927 1698 2990 peccatores
1723 2917 1930 2972 miseri-

336 3011 573 3068 corditer
599 3013 788 3078 salvat,
822 3027 996 3068 caecos
1025 3011 1320 3068 clementer
1348 3009 1633 3064 illuminat.
1673 3007 1932 3064 Secundae

337 3111 516 3158 autem
546 3107 695 3160 vocis
725 3104 840 3173 ejus
867 3104 1110 3168 auditus,
1140 3103 1280 3157 sicut
1303 3101 1462 3171 justis
1492 3115 1749 3156 coronam
1773 3098 1931 3175 justi-

338 3198 424 3252 tite
445 3196 652 3263 reddet,
668 3197 745 3252 sie
765 3196 961 3266 iniquis
983 3210 1196 3265 poenam
1219 3209 1320 3265 pro
1344 3193 1623 3262 iniquitate
1644 3191 1927 3248 retribuet.

334 3287 395 3344 In
425 3291 608 3359 prima:
639 3290 786 3344 vocis
813 3288 934 3357 ejus
964 3287 1148 3342 auditu
1167 3325 1183 3352 ,
1217 3285 1477 3356 prmvenit
1512 3291 1800 3354 peccantes
1829 3283 1930 3337 mi-

334 3380 626 3435 sericordia
654 3363 1016 3443 redimentisi
1044 3379 1097 3433 in
1127 3376 1374 3433 secunda:
1403 3377 1550 3431 vocis
1575 3375 1779 3443 auditu,
1803 3373 1930 3429 sub-

333 3479 592 3538 sequetur
641 3470 994 3538 operantibus
1043 3479 1068 3506 α
1119 3469 1401 3523 retributio
1451 3466 1758 3536 judicantis.
1832 3464 1930 3522 llic

334 3558 586 3612 omnibus
609 3559 805 3614 dicitur
837 3578 848 3612 :
891 3558 1072 3613 Venite
1101 3560 1169 3612 ad
1192 3576 1272 3612 me
1299 3575 1474 3614 omnes
1499 3560 1584 3630 qui
1605 3558 1854 3612 laboratis
1881 3568 1930 3612 et

335 3651 537 3704 onerati
563 3653 706 3716 estis,
735 3661 783 3704 et
809 3669 902 3722 ego
930 3669 1016 3706 vos
1043 3653 1281 3721 reﬁciam
1309 3650 1528 3719 (Matth.
1563 3667 1636 3717 xi,
1663 3649 1776 3719 9.8).
1819 3650 1932 3707 Illic

335 3749 515 3794 autem
540 3740 744 3794 dextris
773 3749 981 3796 tantum
1009 3740 1216 3796 dicetur
1247 3758 1263 3794 :
1306 3740 1507 3808 Venite,
1536 3740 1786 3796 benedicti
1819 3740 1927 3794 Pa-

335 3939 465 3980 vero
485 3923 693 3980 dicetur
720 3943 732 3978 ;
759 3923 862 3994 Ite,
885 3926 1164 3991 maledicti,
1192 3926 1242 3978 in
1265 3927 1438 3994 ignem
1463 3933 1709 3978 aeternum
1742 3922 1927 3996 (Ibid.,

335 4015 447 4088 ιι).
500 4016 601 4072 Ubi
650 4026 736 4074 est
785 4019 1106 4074 meritorum
1157 4005 1302 4074 tanta
1353 4019 1653 4074 certissima
1695 4019 1931 4087 cognitio

337 4109 620 4181 pastoralis
642 4151 657 4176 ,
697 4124 803 4179 qua
832 4112 1259 4180 segregabuntur
1289 4125 1420 4166 oves
1449 4109 1516 4166 ab
1542 4110 1707 4166 haedis
1725 4151 1738 4176 ,
1772 4119 1829 4166 ut
1857 4112 1932 4167 ita

336 4201 515 4258 nullus
542 4201 722 4258 hzedus
751 4211 984 4274 ponatur
1023 4203 1092 4258 ad
1129 4203 1405 4258 dexteram
1427 4247 1442 4271 ,
1475 4202 1614 4258 sicut
1642 4203 1758 4257 ovis
1787 4203 1931 4260 nulla

341 4293 694 4352 collocabitur
735 4293 802 4348 ad
841 4294 1131 4349 sinistram.
1182 4293 1276 4348 Illa
1325 4294 1527 4363 quippe
1577 4293 1769 4348 merita
1807 4309 1930 4349 cum

339 4387 534 4456 quibus
559 4387 806 4442 homines
834 4402 900 4442 ex
930 4387 1031 4442 hac
1061 4388 1169 4441 vita
1196 4386 1481 4442 discedunt
1505 4429 1521 4454 ,
1558 4387 1670 4456 ipsa
1701 4402 1822 4442 cum
1851 4388 1932 4442 eis

341 4481 396 4535 in
418 4479 509 4534 illa
536 4481 640 4535 vita
680 4480 1047 4537 indesinenter
1079 4490 1241 4551 atque
1270 4481 1783 4538 incommutabiliter
1809 4497 1932 4550 per-

341 4571 668 4638 manebunt,
708 4573 822 4627 sive
850 4573 989 4628 bona
1018 4588 1137 4642 qua:
1163 4574 1251 4628 hic
1276 4573 1452 4628 divina
1483 4573 1654 4643 pietas
1679 4573 1927 4639 contulit,

337 4676 434 4716 seu
463 4663 599 4717 mala
631 4678 750 4733 qua:
788 4663 875 4718 hic
910 4664 1142 4722 humana
1185 4664 1437 4732 iniquitas
1465 4665 1817 4734 comparavit.
1850 4665 1928 4719 Ac

337 4768 434 4824 per
473 4753 577 4809 hoc
615 4755 758 4809 nulla
799 4753 866 4809 ibi
916 4755 1018 4810 erit
1061 4756 1293 4810 remotio
1339 4755 1637 4821 malorum,
1682 4756 1928 4824 quamvis

337 4844 516 4901 futura
558 4847 629 4902 sit
665 4847 930 4901 bonorum
970 4846 1240 4916 promotio
1279 4847 1614 4901 meritorum.
1658 4845 1750 4899 Illa
1781 4847 1925 4900 enim

337 4938 633 4994 manebunt
661 4939 713 4993 in
740 4954 927 5009 ptena,
959 4939 1060 4994 ista
1090 4936 1434 5008 perﬁcientur
1462 4939 1516 4993 in
1543 4939 1733 5006 gloria.
1780 4939 1925 4994 Istud

336 5035 420 5082 est
448 5036 662 5098 tempus
689 5043 798 5097 quo
828 5027 991 5094 Deus,
1025 5027 1164 5082 sicut
1191 5027 1244 5081 in
1275 5026 1482 5098 psalmo
1512 5027 1767 5098 scriptum
1797 5037 1880 5084 est
1908 5048 1920 5082 :

340 5114 466 5172 Non
509 5119 788 5172 secundum
838 5127 1048 5190 peccata
1095 5127 1274 5174 nostra
1306 5121 1426 5190 fecit
1453 5118 1630 5184 nobis,
1661 5136 1823 5192 neque
1851 5138 1932 5176 se-

338 5210 563 5262 cundum
591 5209 886 5286 iniquitates
925 5220 1131 5264 nostras
1171 5208 1407 5264 retribuit
1453 5209 1618 5264 nobis.
1672 5211 1929 5276 Quoniam

336 5299 616 5354 secundant
642 5300 965 5355 altitudinem
993 5302 1104 5356 caeli
1135 5319 1166 5355 a
1195 5312 1329 5356 terra
1350 5344 1366 5370 ,
1402 5303 1724 5371 conﬁrmavit
1748 5303 1932 5358 Domi-

339 5410 434 5448 nus
457 5394 865 5450 misericordiam
895 5412 1040 5448 suam
1068 5413 1220 5466 super
1245 5397 1478 5450 timentes
1506 5413 1639 5450 eum.
1673 5395 1929 5461 Quoniam

337 5489 467 5541 sicut
483 5488 639 5542 distat
662 5497 803 5541 ortus
825 5487 888 5540 ab
910 5503 1112 5552 occasu,
1130 5488 1384 5559 elongaeit
1406 5489 1698 5560 iniquitates
1721 5499 1925 5545 nostras

338 5597 371 5633 ο
400 5579 546 5635 nobis
589 5579 812 5650 (Psalm.
848 5596 937 5642 cn,
974 5580 1057 5644 10,
1096 5579 1179 5643 11,
1215 5579 1324 5652 12).
1371 5581 1427 5636 1η
1459 5581 1550 5635 illo
1581 5589 1760 5635 autem
1783 5581 1926 5649 judi-

339 5671 424 5727 cio
453 5686 707 5726 coronam
735 5670 952 5739 justitia:
980 5669 1172 5725 reddet
1193 5670 1368 5741 justus
1390 5671 1552 5742 jndex
1575 5713 1588 5738 ,
1619 5673 1757 5726 sicut
1783 5671 1924 5743 Apo-

410 5817 434 5842 ⁸
468 5808 654 5884 Inuus.
687 5809 961 5876 legebatur
1002 5806 1127 5866 olim
1172 5822 1466 5884 Oppi-antes.
1516 5809 1640 5878 Qua:
1687 5831 1787 5870 vox
1819 5817 1919 5870 alia

340 5892 497 5935 manu
529 5877 622 5934 init
661 5887 880 5935 mutata.

1961 4625 2012 4683 D

2034 1936 2265 1995 quenter
2299 1925 2542 1982 ﬁdelibus
2575 1927 2998 1992 ostendendum,
3031 1943 3290 1997 quosnam
3321 1928 3510 1983 futura:
3537 1945 3626 1984 re-

2032 2021 2383 2076 surrectionis
2421 2021 2664 2090 tempore
2707 2021 2903 2075 dixerit
2944 2019 3322 2076 immutandos.
3377 2017 3625 2076 Profecto

2033 2113 2175 2168 enim
2206 2113 2252 2168 si
2281 2113 2506 2168 dixisset
2534 2131 2547 2168 :
2577 2113 2777 2168 Omnes
2798 2128 3158 2182 resurgemus,
3183 2112 3274 2166 sed
3300 2128 3405 2167 non
3435 2114 3626 2168 immu-

2035 2206 2304 2269 tabimur,
2357 2208 2552 2263 nullius
2602 2208 2904 2262 immutatio
2953 2207 3129 2261 futura
3181 2206 3510 2262 crederetur.
3562 2205 3628 2262 Et

2034 2296 2229 2352 iterum
2273 2299 2319 2352 si
2359 2298 2584 2353 dixisset
2617 2317 2630 2351 :
2662 2297 2862 2353 Omnes
2889 2313 3245 2368 resurgetuus,
3277 2307 3332 2353 et
3377 2299 3626 2354 immuta-

2031 2388 2239 2455 bimur;
2287 2390 2424 2445 sicut
2459 2406 2647 2446 omnes
2687 2391 2980 2446 creduntur
3018 2392 3368 2447 resurrecturi
3393 2431 3406 2451 ,
3438 2405 3627 2446 omnes

2033 2481 2194 2535 etiam
2225 2481 2574 2537 crederentur
2602 2481 2850 2537 similiter
2887 2481 3219 2536 immutandi.
3266 2475 3333 2536 Ᾱι
3361 2496 3482 2537 cum
3512 2497 3627 2534 om.-

2034 2575 2181 2628 nium
2210 2573 2444 2628 futuram
2475 2577 2926 2631 resurrectionem
2959 2574 3282 2645 praedixerit,
3319 2590 3417 2631 nec
3448 2582 3628 2629 tamen

2032 2679 2221 2719 omnes
2242 2667 2631 2721 asseveraverit
2667 2667 3028 2721 immutandos
3048 2708 3062 2732 ,
3098 2666 3377 2720 admonuit
3401 2681 3500 2721 nos
3521 2667 3629 2720 sol-

2039 2759 2186 2812 licite
2228 2760 2456 2814 scrutari
2502 2760 2720 2828 quinam
2761 2761 2870 2813 sint
2916 2759 2968 2813 in
3020 2760 3415 2815 resurrectione
3464 2757 3627 2812 futuri

2031 2852 2296 2906 examinis
2326 2852 2661 2907 immutandi.
2710 2851 2825 2908 Hoc
2857 2862 3036 2907 autem
3086 2851 3277 2907 nolens
3326 2852 3629 2922 telinquere

2032 2943 2221 2999 beatus
2252 2942 2450 2999 Paulus
2479 2944 2786 3013 ambiguum
2817 2986 2830 3007 ,
2877 2959 2943 2999 ne
2972 2944 3218 2999 licentius
3258 2944 3424 3014 iniqui
3453 2943 3627 2998 delin-

2030 3045 2292 3107 querent,
2323 3040 2365 3093 si
2406 3053 2694 3094 commune
2733 3037 2832 3093 sibi
2871 3052 2991 3093 cum
3017 3037 3176 3105 justis
3215 3052 3406 3090 munus
3435 3034 3627 3090 tutum

2031 3129 2344 3184 mutationis
2412 3129 2734 3193 audissent,
2794 3129 3041 3198 sequenti
3103 3142 3351 3183 sermone
3421 3129 3629 3182 curavit

1957 3233 2003 3298 ο
2035 3222 2321 3277 ostendere
2350 3221 2491 3278 illius
2524 3221 2836 3276 mutationis
2867 3219 3070 3274 donum
3103 3239 3116 3273 :
3153 3219 3217 3274 In
3261 3229 3537 3282 momento,
3571 3220 3622 3274 in

2029 3316 2131 3368 ictu
2180 3315 2315 3367 oculi
2341 3354 2355 3378 ,
2403 3315 2456 3367 in
2502 3313 2782 3367 novissima
2829 3311 2953 3364 tuba
2983 3329 3000 3364 :
3033 3319 3182 3364 canet
3223 3311 3359 3364 enim
3389 3309 3508 3362 tuba
3533 3351 3547 3373 ,
3577 3323 3620 3367 et

2031 3405 2220 3460 mortui
2241 3415 2510 3477 resurgent
2531 3406 2816 3474 incorrupti
2843 3421 2858 3457 :
2881 3414 2929 3456 et
2950 3419 3046 3457 nos
3066 3401 3451 3456 immutabimur
3490 3398 3622 3472 (1b..

2031 3497 2142 3569 59.).
2175 3498 2310 3553 Cum
2339 3498 2492 3565 dicit,
2519 3515 2636 3560 nos,
2668 3496 2906 3552 ostendit
2935 3496 3052 3550 illos
3081 3510 3263 3550 secum
3292 3493 3480 3548 futura:
3507 3507 3626 3547 mu-

2034 3589 2256 3644 tationis
2285 3589 2554 3658 potituros
2591 3587 2738 3643 dono
2765 3629 2779 3653 ,
2823 3602 2960 3657 quos
2990 3587 3041 3640 in
3073 3586 3176 3641 hoc
3221 3595 3464 3655 tempore
3501 3599 3624 3638 cum

2032 3679 2199 3734 Paulo
2226 3682 2496 3751 sociisque
2525 3679 2641 3749 ejus
2679 3689 2828 3736 tenet
2868 3680 3233 3735 ecclesiastica
3265 3688 3518 3746 recteque
3549 3679 3626 3733 vi-

335 3769 515 3794 διυιῦιιι
540 3769 744 3794 υσλιῐιδ
774 3769 981 3796 ιᾱιιιυιιι
1009 3769 1215 3796 UIUCHII‘
1247 3769 1259 3794 .’
1313 3769 1507 3808 ῘσῘΙΙῑτ,
1536 3769 1785 3796 υσηεαιυη
1819 3769 1927 3794 ru-
1973 3796 1986 3809 .

335 3834 431 3886 πίε
455 3834 572 3899 Μ’
605 3833 851 3903 Ρενείρίιθ
881 3849 1094 3905 regnum
1127 3831 1346 3905 (Μαίηίο
1380 3849 1504 3897 xxv!
1537 3831 1662 3900 ὅθί
1702 3833 1931 3888 δίθίδίνίδ
1995 3865 1997 3867 ’
2031 3860 2344 3905 ηιιςιὶίιιηριη
2383 3861 2511 3905 dicit
2546 3879 2558 3905 ε
2594 3857 2808 3905 Onnrtel
2854 3861 2991 3905 enim
3034 3858 3366 3905 rnrruntibile
3408 3860 3504 3905 Imc
3545 3860 3625 3905 iss-

2031 3860 2344 3930 qualitatem
2383 3861 2511 3916 dicit
2546 3879 2558 3913 :
2594 3857 2808 3928 Oportet
2854 3861 2991 3914 enim
3034 3858 3366 3930 corruptibile
3407 3860 3504 3913 hoc
3545 3860 3625 3913 in-

2031 3949 2188 4004 duere
2216 3952 2686 4021 incorruptionem,
2723 3961 2774 4005 et
2803 3950 3023 4004 mortale
3049 3949 3144 4002 hoc
3173 3949 3386 4003 induere
3415 3951 3626 4004 immor-

2036 4040 2286 4096 talitatem
2319 4041 2508 4113 (Ibid,
2542 4041 2652 4113 55).
2696 4041 2768 4099 Ut
2808 4056 2938 4112 ergo
2969 4042 3020 4096 in
3051 4042 3248 4098 talibus
3276 4051 3403 4098 tunc
3432 4057 3628 4112 sequa-

2035 4139 2124 4186 tur
2149 4134 2378 4186 mutatio
2403 4132 2560 4201 justae
2604 4132 2978 4188 retributionis
3003 4175 3018 4201 ,
3059 4148 3202 4188 nunc
3230 4132 3485 4202 przecedit
3513 4148 3628 4188 mu-

2035 4223 2168 4276 tatio
2215 4224 2462 4291 gratuitae
2506 4224 2788 4291 largitatis.
2842 4223 3012 4291 Quam
3058 4225 3408 4280 mutationem
3439 4224 3628 4281 beatus

2034 4310 2296 4380 propheta
2348 4312 2513 4368 David
2551 4312 2875 4379 ostendens,
2906 4315 2981 4368 ait
3027 4333 3039 4367 :
3085 4313 3234 4378 Dixi,
3279 4331 3414 4369 nunc
3458 4318 3626 4387 carpi:

2035 4402 2144 4455 haec
2172 4403 2390 4458 mutatio
2420 4403 2648 4459 dextera:
2682 4402 2888 4458 Επειεὶ
2916 4403 3140 4474 (Psalm.
3176 4423 3352 4471 Lxxvt,
3388 4405 3496 4473 ll).

2635 4494 2865 4550 CAPUT
2909 4495 3020 4550 XII.

2107 4583 2197 4640 His
2224 4599 2355 4654 ergo
2384 4587 2476 4656 qui
2507 4587 2560 4640 in
2590 4587 2840 4655 praesenti
2884 4587 2991 4641 vita
3038 4588 3108 4644 de
3156 4589 3298 4643 malo
3341 4591 3394 4642 in
3427 4589 3626 4644 bonum

2036 4675 2236 4730 iuerint
2275 4677 2542 4732 immutati
2590 4676 2782 4732 l‘uturte
2821 4679 3135 4732 mutationis
3173 4678 3460 4734 retributio
3502 4695 3625 4748 pro-

2035 4765 2264 4820 mittitur
2297 4784 2308 4818 :
2341 4782 2446 4837 qua
2477 4767 2566 4820 liet
2593 4776 2649 4820 ut
2671 4768 2909 4838 quisquis
2939 4769 3026 4824 hic
3053 4767 3120 4822 ad
3147 4768 3368 4823 meliora
3399 4783 3625 4824 conver-

2033 4871 2124 4911 sus
2146 4860 2432 4912 mutaverit
2461 4860 2622 4912 vitam
2643 4901 2666 4924 ,ε
2685 4860 2738 4914 in
2769 4860 2857 4914 illa
2884 4875 3100 4931 quoque
3129 4869 3365 4916 mutatus
3392 4861 3624 4916 retribu-

2036 4946 2181 5000 tione
2204 4987 2217 5008 ,
2257 4946 2455 5001 donum
2487 4949 2726 5018 potiatur
2753 4950 3074 5019 :equalitatis
3117 4951 3370 5018 angelica:
3399 4967 3413 5014 ;
3463 4966 3623 5019 quam

2037 5033 2149 5103 ipse
2169 5033 2435 5101 Salvator,
2459 5038 2549 5107 qui
2584 5038 2753 5093 lidelis
2778 5049 2859 5093 est
2889 5041 2939 5093 in
2968 5039 3148 5094 verbis
3173 5040 3304 5104 suis,
3325 5049 3378 5095 et
3407 5050 3624 5095 sanctus

2034 5123 2086 5178 in
2135 5125 2384 5180 omnibus
2413 5129 2667 5197 operibus
2710 5130 2823 5184 suis
2865 5128 3092 5202 (Psalm.
3126 5145 3301 5193 cxuv,
3335 5129 3423 5199 l3)
3449 5169 3468 5193 ,
3513 5145 3622 5186 non

2033 5214 2228 5283 iniquis
2256 5225 2349 5271 aut
2372 5217 2567 5287 impiis,
2591 5221 2684 5274 sed
2710 5219 2842 5275 solis
2870 5221 3137 5289 promittit
3158 5221 3295 5274 bene
3321 5221 3622 5278 viventibus

2032 5320 2094 5360 ac
2119 5305 2298 5375 justis.
2349 5308 2485 5376 Quia
2518 5327 2617 5366 nec
2657 5310 2788 5380 justi
2835 5321 2957 5367 sunt
2985 5312 3077 5380 qui
3107 5311 3244 5366 bene
3276 5329 3381 5368 non
3413 5315 3616 5377 vivunt.

2033 5413 2132 5453 nec
2161 5398 2358 5468 injuste
2389 5403 2709 5471 punientur,
2751 5404 2840 5472 qui
2888 5402 3054 5458 Deum
3093 5403 3377 5472 diligentes
3409 5405 3434 5444 δ
3465 5421 3618 5462 man-

2037 5488 2162 5544 data
2192 5490 2308 5560 ejus
2334 5501 2718 5560 contemnunt,
2745 5509 2904 5563 quem
2947 5495 3106 5566 395
3143 5496 3216 5550 illi
3245 5497 3497 5565 diligunt,
3527 5501 3617 5568 qui

2033 5583 2149 5654 ejus
2177 5587 2427 5642 mandata
2457 5587 2764 5642 custodiunt
2798 5607 2808 5642 :
2849 5590 2985 5644 sicut
3017 5590 3128 5660 ipse
3167 5592 3419 5647 Dominus
3447 5592 3571 5647 dicit
3601 5613 3613 5646 :

2035 5677 2135 5743 Qui
2163 5681 2332 5752 diligit
2363 5699 2459 5746 me,
2486 5683 2733 5736 mandata
2761 5700 2871 5737 mea
2900 5687 3117 5739 custodit
3159 5684 3334 5740 lloan.
3366 5703 3471 5752 xlv,
3501 5686 3589 5755 i3)

2104 5819 2128 5857 δ
2161 5820 2251 5874 F0:
2270 5828 2319 5871 te
2350 5834 2448 5871 non
2479 5817 2766 5885 diligentes.
2807 5805 2814 5811 ’
