4130 6458
551 361 656 418 51ὶὸ

1570 354 1625 409 S.
1669 351 2034 409 FULGENTII
2072 349 2376 408 EPISCOPI
2418 351 2791 409 RUSPENSlS

3728 364 3833 419 564

550 476 721 530 Deum
750 471 938 541 igitur,
968 471 1058 540 qui
1088 485 1190 525 nec
1221 469 1418 538 injuste
1449 468 1626 538 diligi,
1657 482 1757 522 nec
1789 467 1933 536 juste
1958 472 2137 535 potest
2169 471 2216 527 Α
2247 465 2634 535 indulgentiam
2653 509 2670 534 ,
2702 474 2973 522 transacto
3001 466 3161 537 hujus
3190 466 3314 524 vita:
3342 469 3526 525 limine
3550 473 3833 532 conferen-

550 564 843 636 aliquando
869 563 1170 627 contemni,
1201 562 1278 616 illi
1304 576 1434 616 vere
1461 559 1687 630 diligunt
1723 558 1814 627 qui
1855 556 1973 625 ejus
2002 571 2142 626 prte-

548 658 721 729 eeptis
749 654 1027 713 obediunt.
1074 654 1163 709 Isti
1210 662 1337 708 sunt
1365 653 1457 724 qui
1508 651 1800 708 secundum
1839 663 2143 705 sermonem

548 746 760 805 Domini
809 747 1032 819 (Matth.
1067 762 1202 811 xxu,
1238 744 1336 814 50)
1383 743 1758 805 mutabuntur,
1811 748 1867 796 et
1908 739 2145 809 atquales

547 843 756 913 angelis
782 842 907 907 Dei,
934 840 1369 911 incorruptibiles
1392 839 1599 894 scilicet
1624 846 1786 907 atque
1810 835 2146 895 immortales

547 949 775 990 munere
804 933 945 988 illius
971 932 1284 987 mutationis
1309 930 1485 986 elfeeti
1512 974 1527 996 ,
1560 944 1790 1013 quorum
1830 944 1938 983 non
1968 927 2145 985 anima

546 1028 663 1084 sola
693 1026 989 1082 mutabitur
1016 1026 1066 1079 in
1097 1024 1308 1088 melius,
1336 1030 1396 1077 ut
1415 1022 1529 1091 jam
1561 1035 1787 1092 peccare
1818 1034 1924 1075 non
1955 1017 2142 1088 possit,

546 1117 642 1174 sed
673 1117 836 1173 etiam
866 1131 994 1171 caro
1022 1130 1181 1184 quam
1212 1112 1616 1183 corruptibilem
1655 1120 1818 1180 atque
1861 1108 2145 1165 mortalem

546 1207 819 1272 habuerit,
853 1208 931 1261 sic
961 1207 1012 1259 in
1043 1205 1439 1260 resurrectione
1466 1201 1777 1264 mutabitur,
1807 1208 1866 1255 ut
1888 1200 2001 1270 ipsa
2022 1197 2147 1267 qui-

548 1298 673 1352 dem
702 1300 772 1355 sit
795 1314 913 1367 quas
943 1312 1086 1352 nunc
1113 1305 1221 1363 est,
1243 1295 1339 1350 sed
1361 1309 1537 1363 neque
1562 1292 1951 1363 corruptibilis,
1972 1303 2147 1359 neque

545 1390 793 1444 mortalis
820 1390 991 1459 possit
1019 1403 1162 1452 esse,
1184 1386 1329 1457 quod
1357 1402 1499 1441 nunc
1518 1393 1627 1441 est.
1655 1385 1731 1438 Ae
1754 1398 1851 1453 per
1871 1383 1993 1446 hoc,
2017 1394 2146 1435 caro

543 1488 601 1534 et
634 1479 941 1547 iniquorum
989 1487 1044 1533 et
1080 1478 1385 1547 justorum,
1429 1492 1549 1546 qua:
1585 1491 1725 1530 nunc
1753 1474 2000 1540 moritur,
2031 1472 2145 1541 ipsa

466 1613 476 1622 .
542 1579 629 1625 est
650 1578 1041 1625 resurrectura.
1072 1569 1333 1638 Resurget
1359 1577 1541 1623 autem
1569 1568 1871 1637 iniquorum
1900 1565 1954 1618 in
1983 1571 2145 1618 teter-

541 1678 615 1719 no
634 1662 1127 1731 dolore,‘justorum
1144 1677 1269 1716 vero
1295 1663 1346 1714 in
1370 1668 1574 1715 :nterna
1597 1658 1850 1713 felicitate
1870 1670 2147 1709 mansura.

520 1796 523 1801 .
541 1753 610 1809 Et
628 1755 769 1810 sicut
792 1754 880 1808 illa
905 1759 1152 1821 resurget
1171 1753 1236 1806 ad
1259 1752 1579 1815 cruciatum,
1600 1749 1675 1803 sic
1700 1748 1797 1801 ista
1815 1752 2064 1813 resurget
2081 1742 2146 1797 ad
2164 1737 2173 1746 ’

2245 556 2390 620 dam,
2420 566 2637 613 secutus
2665 558 2908 628 adjunxit
2940 577 2952 612 :
2980 556 3231 614 Extendit
3258 577 3471 616 manum
3496 580 3645 619 suam
3671 567 3725 619 in
3750 584 3837 622 rc-

2249 649 2516 706 tribuendo
2548 648 2825 721 (Ibidem).
2868 648 3038 719 llujus
3082 651 3451 709 retributionis
3496 654 3705 711 initium
3752 668 3835 713 est

2248 757 2371 798 cum
2400 743 2637 814 iniquus,
2666 742 2972 798 mercedem
3001 760 3161 814 quam
3174 746 3415 815 oportuit
3442 749 3644 803 erroris
3668 750 3753 804 sui
3780 750 3837 805 in

2246 833 2537 903 semetipso
2561 833 2853 903 recipiens,
2868 834 3015 903 justo
3029 834 3233 904 judicio
3258 836 3312 891 in
3335 838 3447 893 suis
3469 838 3846 909 iniquitatibus

2247 926 2370 995 igne
2399 926 2738 996 torquebitur
2763 927 3113 996 sempiterno.
3138 926 3325 998 Neque
3353 930 3515 984 etiam
3545 931 3643 986 ista
3671 949 3840 1003 parva

2248 1019 2486 1090 putanda
2515 1027 2599 1074 est
2623 1018 2931 1087 retributio,
2960 1034 3066 1089 qua
3098 1020 3311 1090 iniquus
3334 1023 3557 1092 iustitiae
3582 1026 3701 1082 luce
3732 1028 3843 1097 pri-

2249 1118 2404 1165 vatus
2425 1112 2477 1165 in
2501 1111 2614 1167 suis
2635 1111 2870 1165 tenebris
2889 1126 3074 1166 errare
3094 1113 3442 1182 permittitur,
3465 1117 3845 1186 praajudicatus

2252 1218 2361 1257 non
2391 1218 2581 1265 carne,
2625 1202 2719 1256 sed
2763 1203 3008 1258 cmcitate
3038 1204 3219 1259 cordis
3245 1222 3259 1257 :
3289 1205 3381 1261 ubi
3408 1208 3571 1262 etiam
3602 1208 3734 1263 illud
3778 1210 3847 1268 ad

2250 1296 2524 1350 cumulum
2556 1295 2926 1350 retributionis
2955 1296 3213 1365 pertinet,
3242 1299 3286 1353 si
3314 1314 3490 1354 caecus
3521 1300 3703 1357 lumen
3736 1318 3846 1358 non

2249 1384 2429 1440 solum
2456 1399 2561 1439 non
2589 1392 2755 1455 queat
2787 1386 3033 1455 recipere
3053 1426 3068 1452 ,
3109 1402 3298 1442 verum
3335 1389 3498 1444 etiam
3544 1407 3666 1447 cum
3697 1392 3848 1448 dele-

2250 1476 2495 1531 ctatione
2529 1476 2747 1531 studeat
2774 1477 3026 1549 tenebras
3052 1494 3162 1535 suae
3190 1480 3447 1535 caecitatis
3474 1495 3695 1547 augere.
3737 1483 3846 1539 Ta-

2249 1567 2388 1623 libus
2414 1567 2543 1622 dicit
2569 1567 2828 1623 Dominus
2855 1569 2910 1623 in
2941 1568 3169 1625 Psalmis
3200 1589 3211 1623 :
3246 1570 3317 1625 Et
3340 1588 3441 1628 non
3464 1576 3661 1629 audivit
3682 1593 3849 1646 popu-

2248 1659 2329 1712 lus
2357 1674 2496 1712 meus
2525 1676 2696 1713 vocem
2722 1676 2911 1726 meam,
2939 1670 2989 1715 et
3025 1660 3193 1719 Israel
3223 1680 3327 1718 non
3355 1666 3572 1720 intendit
3603 1668 3769 1732 mihi;
3797 1680 3847 1723 et

2249 1749 2427 1805 dimisi
2454 1751 2572 1805 illos
2599 1750 2878 1806 secundant
2903 1751 3163 1807 desideria
3190 1756 3361 1809 cordis
3390 1772 3588 1824 eorum,
3617 1769 3669 1812 et
3699 1743 3847 1813 ibu'nt

520 1845 813 1915 gaudium.
836 1843 931 1899 illa
961 1844 1030 1898 ob
1062 1844 1165 1899 hoc
1192 1841 1535 1906 animabitur,
1568 1847 1629 1893 ut
1657 1839 1710 1893 iu
1734 1844 1941 1893 aeterna
1968 1841 2143 1889 morte
2179 1852 2222 1911 Β
2248 1843 2300 1897 in
2332 1842 2678 1914 voluptatibus
2705 1846 2811 1899 suis
2844 1844 3071 1916 (Psatm.
3098 1863 3264 1911 Lxxx,
3293 1847 3383 1913 12,
3408 1849 3516 1921 l5).
3543 1850 3621 1906 De
3651 1852 3845 1907 talibus

522 1955 666 1994 cum
720 1938 900 1993 anima
954 1944 1302 2005 torqueatur;
1371 1934 1439 1988 ad
1469 1934 1571 1988 hoc
1601 1933 1701 1987 ista
1737 1932 1898 1995 vivet,
1934 1937 1995 1984 ut
2020 1943 2142 1983 eum

522 2033 721 2089 anima
760 2031 1015 2103 perennis
1044 2030 1173 2084 vita}
1216 2027 1550 2084 beatitudine
1589 2026 1813 2080 fruatur.
1861 2022 2137 2079 Justorum

520 2136 674 2191 ergo
733 2135 977 2190 corpus,
1015 2116 1312 2173 secundum
1360 2114 1605 2186 Apostoli
1656 2111 2139 2183 prtedicationem:

541 2212 849 2268 Seminatur
886 2212 943 2266 in
983 2210 1343 2279 corruptione,
1374 2215 1548 2278 surget
1588 2208 1642 2261 in
1674 2206 2058 2275 incorruptione
2081 2215 2140 2269 λς

544 2307 833 2361 sentiuntur
860 2306 913 2359 in
944 2303 1283 2374 ignobilitate,
1321 2310 1495 2371 surget
1535 2301 1591 2353 in
1630 2299 1829 2370 gloria;
1859 2298 2149 2351 seminatur

544 2397 598 2450 in
621 2395 945 2465 infirmitate,
975 2403 1150 2465 surget
1170 2394 1224 2447 in
1246 2394 1466 2455 virtute;
1500 2390 1785 2444 seminatur
1815 2405 2001 2459 corpus
2028 2390 2145 2441 ani-

543 2491 717 2557 male,
753 2499 927 2561 surget
972 2505 1159 2560 corpus
1198 2488 1434 2557 spiritale
1474 2486 1527 2555 (ι
1550 2485 1670 2541 Cor.
1702 2502 1797 2550 xv,
1817 2483 1887 2536 42
1912 2493 1962 2537 et
1985 2484 2141 2555 δρψ).

545 2584 665 2641 Hoc
693 2599 823 2654 ergo
851 2587 905 2638 in
935 2585 1013 2639 eis
1042 2583 1219 2654 agitur
1244 2598 1341 2653 per
1359 2582 1605 2651 gratiam,
1630 2589 1691 2636 ut
1717 2579 1946 2651 primum
1981 2577 2067 2632 hic
2089 2577 2144 2632 in

545 2677 625 2731 eis
647 2692 745 2747 per
772 2673 1242 2745 justifieationetn,
1262 2675 1314 2728 in
1334 2689 1439 2743 qua
1477 2670 1791 2742 spiritaliter
1823 2668 2144 2737 resurgitur,

543 2766 776 2822 mutatio
809 2765 975 2821 divini
1010 2764 1247 2820 muneris
1282 2764 1596 2827 inclinetur,
1629 2770 1686 2816 et
1718 2759 2065 2831 postmodum
2089 2758 2143 2813 in

546 2856 789 2928 corporis
820 2856 1243 2921 resurrectione,
1271 2869 1377 2924 qua
1395 2852 1813 2923 justillcatorum
1843 2850 2147 2905 immutatio

518 2951 846 3023 perﬁcitur,
882 2953 936 3007 iu
970 2958 1234 3005 mter-num
1278 2962 1504 3003 manens
1544 2945 1785 3018 perfecta
1823 2942 2144 3014 glorificatio

548 3060 662 3098 non
675 3051 933 3099 mutetur.
971 3041 1053 3099 Ad
1072 3041 1178 3096 hoc
1197 3040 1340 3094 enim
1360 3038 1485 3099 illos
1507 3038 1738 3108 primum
1759 3036 1932 3104 gratia
1951 3032 2147 3104 justifi-

547 3133 799 3199 cntionis,
838 3133 1035 3189 deinde
1072 3129 1479 3200 gloriﬁeationis
1508 3138 1702 3195 mutat,
1728 3138 1789 3183 ut
1817 3129 1871 3183 in
1912 3128 1991 3183 eis
2029 3129 2146 3198 ipsa

2246 1936 2409 1990 etiam
2440 1936 2643 1993 Doctor
2670 1938 2913 2007 gentium
2952 1939 3083 1994 dicit
3112 1958 3125 1992 :
3155 1939 3440 2005 Propterea
3480 1944 3700 1997 tradidit
3729 1946 3844 2000 illos

2249 2024 2387 2080 Deus
2413 2037 2434 2064 ο
2456 2027 2511 2083 in
2532 2028 2801 2098 passiones
2820 2030 3123 2101 ignominia:
3146 2030 3324 2099 (Rom.
3344 2048 3378 2095 ι.
3396 2031 3514 2103 26).
3538 2032 3604 2088 Et
3625 2051 3840 2091 rursus:

2246 2115 2533 2187 I’mpterea
2565 2119 2783 2174 tradidit
2806 2120 3093 2176 illos'Deus
3131 2123 3188 2176 in
3218 2124 3489 2194 reprobum
3519 2142 3754 2193 sensum,
3786 2143 3843 2186 ut

2248 2208 2442 2280 faciant
2463 2225 2577 2279 qua:
2597 2226 2699 2264 non
2722 2212 3025 2265 conveniant
3047 2211 3233 2283 (Ibid.,
3251 2212 3365 2285 28).
3385 2213 3683 2269 Traduntur
3698 2232 3830 2285 ergo

2249 2299 2387 2354 tales
2416 2300 2647 2369 primum
2676 2301 2957 2358 desideriis
2984 2303 3096 2359 suis
3136 2303 3383 2373 injustis,
3414 2304 3655 2360 tradendi
3686 2318 3829 2375 post-

2247 2389 2469 2445 modum
2497 2392 2774 2462 suppliciis
2798 2392 2979 2462 justis.
3023 2393 3329 2450 Traduntur
3357 2395 3445 2452 bie
3471 2397 3836 2451 convenienti-

2246 2485 2349 2538 bus
2414 2482 2571 2540 factis
2595 2524 2611 2546 ,
2684 2485 2935 2541 tradendi
2982 2486 3326 2556 postmodum
3392 2489 3836 2544 convenientibus

2247 2576 2440 2647 poenis.
2492 2576 2675 2647 Neque
2723 2579 2867 2636 enim
2913 2578 3039 2650 quia
3087 2578 3478 2635 delectabiliter
3504 2589 3699 2650 peccat
3728 2596 3837 2635 ma~

2247 2668 2363 2732 lus,
2419 2667 2543 2723 ideo
2587 2669 2936 2725 aestimandus
2971 2678 3056 2725 est
3096 2684 3128 2723 a
3156 2679 3427 2725 tormento
3468 2671 3837 2726 retributionis

2247 2766 2540 2815 extraneus
2568 2778 2580 2813 :
2613 2759 3048 2831 quandoquidem
3074 2760 3311 2831 graviter
3338 2762 3453 2833 ipsa
3478 2760 3843 2819 delectatione

2246 2850 2510 2922 peccandi
2532 2850 2647 2921 jam
2682 2852 2904 2923 punitur
2928 2896 2944 2919 ,
2986 2854 3077 2922 qui
3108 2852 3203 2909 tali
3230 2852 3578 2909 delectationi
3607 2870 3838 2910 consen-

2248 2944 2403 2999 sione
2430 2944 2730 3014 subjicitur,
2760 2961 2826 3000 ex
2853 2960 2961 3015 qua
2991 2946 3241 3001 meritum
3271 2947 3568 3017 punitionis
3594 2956 3845 3017 augetur.

2251 3032 2351 3089 Ubi
2381 3042 2585 3104 quanto
2615 3036 2788 3103 magis
2835 3035 3110 3106 perficitur
3151 3037 3300 3108 quod
3346 3038 3544 3107 injuste
3582 3038 3844 3107 delectat,

2250 3133 2402 3191 tanto
2430 3129 2602 3195 magis
2628 3137 2945 3198 recepturus
2979 3137 3063 3183 est
3089 3127 3319 3197 injustus
3346 3143 3455 3198 quo
3481 3129 3711 3200 amplius
3737 3129 3843 3186 do-

518 3258 521 3261 -
549 3224 873 3293 glorificatio
932 3222 1387 3279 incommutabilis
1444 3230 1753 3290 aeternaque
1808 3227 2143 3291 permaneat.
2171 3248 2217 3309 ρ
2250 3217 2377 3273 leat.
2426 3217 2485 3275 Si
2531 3220 2653 3289 quis
2679 3233 2809 3288 ergo
2835 3220 2925 3276 hic
2953 3220 3189 3276 noluerit
3215 3220 3285 3276 ad
3311 3221 3478 3276 Deum
3510 3223 3748 3277 converti
3779 3230 3844 3277 et

550 3316 828 3371 Mutantur
851 3317 939 3371 hic
967 3315 1109 3370 enim
1147 3329 1245 3382 per
1266 3313 1492 3383 primam
1524 3312 2011 3381 resurrectionem,
2039 3325 2146 3380 qua

550 3410 921 3463 illuminantur
950 3416 1010 3462 ut
1037 3413 1448 3470 convertantur;
1489 3422 1594 3476 qua
1634 3406 1842 3461 scilicet
1870 3413 2148 3460 transeunt

520 3536 525 3541 -
551 3501 621 3556 de
642 3509 815 3555 morte
835 3500 901 3555 ad
923 3499 1111 3565 vitam,
1137 3498 1205 3552 de
1226 3497 1507 3566 iniquitate
1531 3496 1597 3552 ad
1620 3496 1905 3565 justitiam,
1931 3495 1997 3552 de
2027 3493 2148 3551 inli-

551 3593 774 3648 delitate
795 3592 859 3648 ad
886 3589 1162 3658 tidem,.de
1184 3590 1340 3646 malis
1373 3589 1582 3645 actibus
1622 3591 1690 3646 ad
1728 3598 1972 3645 sanetam
2012 3606 2145 3647 eon-

549 3685 943 3741 versationem.
986 3682 1112 3739 Ideo
1152 3682 1203 3737 in
1245 3681 1350 3737 illis
1376 3681 1610 3738 secunda
1650 3697 1797 3737 mors
1836 3697 1943 3737 non
1988 3681 2151 3736 habet

551 3784 898 3849 potestatem.
939 3774 1017 3830 De
1045 3774 1241 3830 talibus
1268 3774 1320 3828 in
1342 3774 1664 3845 Apocalypsi
1695 3773 1927 3829 dicitur:
1957 3773 2148 3828 Beatus

548 3879 602 3925 et
632 3878 843 3925 sanctus
873 3868 900 3907 δ
921 3871 1008 3940 qui
1038 3868 1188 3923 habet
1216 3877 1416 3936 partem
1443 3868 1497 3922 in
1531 3868 1905 3922 resurrectione
1936 3867 2145 3937 prima:

549 3964 606 4017 in
646 3963 726 4018 his
764 3960 993 4016 secunda
1021 3976 1160 4016 mors
1191 3977 1294 4015 non
1318 3958 1469 4014 habet
1495 3969 1802 4031 potestatem
1843 3960 2027 4029 (Apoc.
2053 3975 2143 4020 υ,

510 4091 517 4097 .
550 4056 628 4124 t5).
664 4053 723 4108 ln
747 4052 937 4108 eodem
961 4066 1148 4107 rursus
1172 4051 1309 4106 libro
1328 4050 1561 4106 dicitur:
1589 4049 1689 4116 Qui
1711 4052 1911 4118 vicerit,
1931 4067 1962 4103 a
1986 4058 2148 4103 morte

550 4145 778 4200 secunda
799 4161 903 4198 non
927 4144 1144 4200 ltedetur
1181 4144 1366 4213 (Apoc.
1387 4158 1452 4210 tt,
1476 4142 1591 4213 ll).
1617 4143 1769 4198 Sicut
1790 4156 1919 4211 ergo
1941 4142 1993 4196 in
2016 4157 2147 4196 con-

496 4246 519 4289 t-
554 4235 809 4289 versione
833 4235 1016 4292 cordis
1043 4236 1217 4304 prima
1246 4236 1496 4290 consistit
1528 4235 1878 4300 resurrectio,
1899 4235 1978 4290 sic
2002 4249 2151 4290 mors

552 4323 792 4380 secunda
820 4324 874 4378 in
902 4324 1168 4395 supplicio
1192 4326 1549 4395 sempiterno.
1584 4324 1826 4379 Festinet
1855 4325 2035 4394 itaque
2061 4323 2148 4379 hic

554 4416 741 4486 primae
768 4414 1183 4470 resurrectionis
1206 4415 1480 4484 particeps
1518 4411 1635 4469 fieri
1657 4455 1674 4480 ,
1716 4414 1891 4471 omnis
1917 4414 2010 4483 qui
2037 4429 2146 4469 non

553 4506 671 4560 vult
696 4504 950 4561 secundas
971 4506 1163 4560 mortis
1199 4511 1405 4560 aeterna
1452 4504 1733 4574 punitione
1775 4503 2039 4559 damnari.
2090 4502 2154 4561 Si

2250 3325 2281 3365 a
2311 3312 2451 3367 mala
2482 3312 2587 3367 vita
2610 3312 2679 3367 ad
2705 3311 2862 3368 bona.-
2892 3314 3014 3369 vitte
3039 3313 3214 3394 studia
3243 3314 3581 3379 commutari,
3604 3328 3707 3368 nec
3729 3313 3849 3369 illic

2250 3404 2639 3471 immutabitur,
2670 3405 2760 3460 ubi
2790 3404 3017 3461 feliciter
3042 3406 3263 3463 mutatis
3281 3407 3440 3476 justis
3469 3406 3845 3461 immortalitas

2252 3506 2307 3553 et
2343 3500 2676 3571 incorruptio
2705 3501 2999 3557 confertur.
3051 3500 3282 3557 Proinde
3327 3502 3495 3571 iniqui
3540 3502 3627 3557 vel
3672 3502 3833 3573 impii,

2250 3590 2355 3645 boc
2384 3599 2467 3646 est
2490 3592 2576 3647 vel
2604 3592 2697 3662 qui
2725 3607 2981 3661 perverse
3023 3593 3269 3656 credunt,
3297 3593 3412 3648 sive
3459 3594 3552 3664 qui
3594 3593 3838 3661 nequiter

2249 3684 2460 3747 vivunt,
2488 3699 2588 3739 nec
2617 3693 2743 3739 ante
2770 3686 3048 3755 praesentis
3079 3687 3203 3741 vita:
3238 3686 3400 3741 linem
3426 3702 3455 3741 a
3480 3702 3578 3741 sua
3609 3685 3845 3741 inﬁdeli-

2251 3784 2362 3831 tate
2389 3777 2502 3832 sive
2531 3776 2815 3848 iniquitate
2838 3777 3153 3843 discedunt,
3183 3779 3238 3832 in
3264 3778 3439 3833 futura
3462 3779 3843 3843 retributione,

2250 3882 2353 3923 nee
2380 3868 2711 3923 immortales
2742 3884 2841 3924 nec
2870 3869 3305 3941 incorruptibiles
3343 3879 3531 3938 erunt;
3578 3871 3674 3927 sed
3719 3886 3841 3928 cor-

2249 3967 2582 4030 rumpentur‘,
2606 3975 2708 4016 nec
2736 3963 3488 4028 consumentur;amorientur,
3515 3979 3616 4019 nec
3639 3965 3849 4019 exstin—

2248 4058 2498 4119 guentur.
2532 4051 2873 4106 Permanebit
2900 4052 3043 4107 enim
3072 4054 3561 4109 cruciamentorum
3591 4054 3843 4124 perennis

2249 4155 2443 4195 sensus
2470 4141 2523 4194 in
2554 4142 2783 4196 mortuis
2806 4184 2823 4210 ,
2854 4143 2944 4198 ubi
2974 4144 3184 4199 miseris
3209 4146 3347 4199 mori
3390 4161 3498 4199 non
3528 4146 3843 4201 conceditur

2251 4230 2304 4285 in
2334 4231 2528 4300 pmnis.
2578 4230 2657 4286 lbi
2704 4247 2854 4289 mors
2899 4234 3219 4291 miserorum
3250 4235 3373 4290 talis
3412 4236 3551 4302 erit,
3581 4252 3704 4307 qua:
3734 4233 3838 4290 non

2251 4325 2485 4379 animam
2512 4324 2582 4380 de
2609 4339 2841 4394 corpore
2871 4324 3105 4381 dolentis
3133 4326 3401 4391 excludat,
3434 4326 3527 4381 sed
3557 4327 3613 4380 in
3639 4326 3842 4382 dolenti

2250 4431 2482 4488 corpore
2520 4416 2587 4472 ad
2629 4419 2733 4472 hoc
2774 4417 2976 4485 jugiter
3004 4424 3186 4472 teneat
3208 4458 3223 4482 ,
3252 4426 3310 4472 ut
3339 4419 3577 4472 animam
3605 4417 3766 4475 simul
3791 4429 3844 4471 et

2250 4523 2447 4578 corpus
2470 4507 2776 4562 aeternitate
2796 4506 2997 4563 doloris
3026 4506 3247 4577 amigat.
3279 4509 3357 4563 Ac
3381 4509 3607 4578 perime
3633 4522 3849 4577 semper

552 4600 646 4669 qui
666 4599 811 4655 enim
833 4598 889 4654 in
914 4598 1166 4669 prtesenti
1185 4598 1296 4652 vita
1321 4597 1512 4652 timore
1539 4596 1720 4652 divino
1740 4596 1952 4661 mutati,
1976 4604 2149 4651 trans-
2181 4633 2228 4693 Β
2251 4615 2373 4655 cum
2401 4613 2633 4669 corpore
2659 4614 2759 4657 suo
2780 4599 3041 4654 morietur
3069 4602 3276 4665 anima;
3308 4616 3431 4655 eum
3460 4615 3572 4669 quo
3599 4601 3721 4655 sine
3743 4598 3849 4654 line

510 4728 513 4729 ν
552 4698 685 4746 eunt
709 4707 741 4746 a
770 4691 881 4746 vita
908 4691 1049 4746 mala
1073 4689 1141 4745 ad
1168 4689 1333 4745 vitam
1362 4689 1593 4757 bonam,
1638 4688 1739 4760 ipsi
1771 4698 2051 4745 transeunt
2076 4688 2145 4745 de

510 4818 515 4821 λ
550 4790 733 4836 morte
751 4781 820 4837 ad
845 4782 1037 4852 vitam,
1058 4781 1151 4851 qui
1171 4780 1334 4837 etiam
1356 4780 1700 4852 postmodum
1725 4779 1793 4836 de
1813 4780 2149 4851 ignobilitate

702 4878 905 4932 buntur
930 4875 985 4930 in
1013 4874 1259 4945 gloriam.
1991 4885 1999 4895 ί

1153 4963 1383 5019 CAPUT
1426 4962 1559 5018 Xlln‘.

623 5058 893 5118 Caeterum
921 5061 1242 5115 miserorum
1271 5067 1433 5126 atque
1454 5056 1768 5120 infelicium,
1791 5056 1888 5126 qui
1909 5055 1978 5112 de
2002 5056 2151 5112 malo

549 5157 619 5209 ad
653 5153 852 5209 bonum
895 5150 1171 5220 negligant
1199 5149 1352 5204 istius
1379 5148 1502 5203 vitae
1531 5156 1779 5219 tempore
1802 5149 2148 5216 commutari,

552 5281 574 5295 .
599 5254 692 5300 cut
734 5243 900 5299 David
948 5243 1321 5300 sanctissimus
1366 5242 1763 5299 contumaciam
1810 5241 2020 5312 culpat;
2070 5242 2148 5298 sic

547 5337 785 5393 futuram
813 5354 1028 5408 pinnam
1058 5337 1253 5393 divina:
1282 5335 1654 5392 retributionis
1695 5336 1859 5407 396
1893 5349 2147 5405 praenun-

552 5430 654 5483 tiat
696 5427 882 5484 dicens
911 5448 925 5483 :
959 5428 1083 5485 Non
1113 5433 1250 5485 enim
1296 5429 1406 5486 illis
1446 5434 1524 5483 est
1572 5428 1936 5492 commutatio,
1964 5436 2015 5481 et
2041 5443 2147 5481 non

549 5525 830 5578 timuerunt
874 5520 1043 5576 Deum
1090 5522 1315 5591 (Psalm.
1360 5538 1475 5586 uv,
1508 5518 1620 5589 ΞΟ).
1672 5519 1750 5575 Ac
1795 5533 1863 5573 ne
1905 5518 2006 5573 sibi
2052 5519 2147 5588 qui

550 5612 869 5671 commutari
897 5614 1195 5680 noluerint,
1227 5614 1423 5669 frustra
1453 5614 1770 5684 promittant
1796 5618 2142 5683 peccatorum

624 5784 647 5808 ι·
681 5770 779 5843 Ms.
813 5779 869 5828 et
891 5772 1042 5837 Ant.,
1071 5773 1128 5825 in
1156 5772 1619 5843 incorruptionem.

621 5842 647 5884 δ
684 5841 781 5899 Ms.
813 5844 1015 5902 omittit
1041 5852 1089 5898 et
1110 5852 1337 5899 sanctus.
1371 5841 1498 5901 Ant.
1528 5844 1689 5900 habet
1717 5842 1894 5900 beatus
1915 5850 2157 5901 sanctus.

2252 4700 2476 4762 cogetur
2519 4700 2725 4747 aetcrna
2768 4692 3170 4747 communicare
3221 4702 3508 4747 tormenta.
3567 4684 3647 4748 lbi
3701 4709 3844 4749 mors

2254 4785 2448 4839 anima:
2477 4784 2828 4853 corporisque
2857 4786 2966 4839 non
2995 4784 3246 4849 moritur,
3269 4784 3395 4853 quia
3424 4786 3695 4840 cruciatus
3722 4800 3840 4841 cor-

2252 4878 2401 4948 poris
2429 4885 2486 4933 et
2518 4876 2711 4933 animae
2740 4891 2848 4934 non
2884 4875 3085 4933 linitur.
3134 4875 3260 4933 llazc
3287 4877 3487 4948 quippe
3514 4877 3622 4933 erit
3645 4885 3844 4933 astet-na

2255 4985 2403 5025 mors
2445 4968 2752 5037 iniquorum
2772 5008 2790 5033 ,
2820 4976 2879 5023 ut
2906 4967 2959 5022 in
2991 4968 3115 5036 igne
3153 4984 3261 5025 non
3290 4970 3592 5024 moriantur
3619 4978 3839 5031 tetemo.

2256 5076 2329 5117 ne
2348 5061 2675 5131 quandoque
2704 5061 2914 5130 possint
2940 5075 3128 5118 carere
3173 5061 3456 5132 supplicio.
3501 5062 3614 5118 Nec
3660 5064 3735 5119 ibi
3763 5078 3844 5118 ar-

2253 5153 2401 5212 denti
2430 5152 2648 5223 corpori
2677 5152 2879 5221 aliquid
2905 5150 3161 5218 demitur,
3181 5153 3427 5223 quamvis
3455 5153 3638 5210 infelix
3669 5155 3840 5209 anima

2252 5243 2306 5299 in
2338 5261 2438 5299 suo
2466 5259 2697 5315 corpore
2720 5242 2923 5313 jugiter
2941 5252 3231 5311 exuratur;
3251 5244 3345 5299 sed
3367 5253 3428 5300 ut
3455 5254 3629 5300 totum
3650 5260 3844 5316 corpus.

2251 5336 2442 5392 ardere
2472 5351 2584 5391 non
2610 5335 2853 5401 desinat,
2884 5344 3058 5393 totum
3099 5352 3220 5391 cum
3248 5336 3427 5397 anima
3450 5336 3657 5407 jugitcr
3684 5338 3739 5392 in
3768 5337 3840 5391 in-

2249 5428 2442 5485 cendio
2472 5436 2804 5500 perseverat.
2839 5427 2897 5487 la
2924 5444 3032 5499 quo
3063 5430 3206 5489 enim
3247 5444 3477 5501 corpore
3500 5431 3681 5486 anima
3704 5430 3838 5501 justo

2247 5521 2466 5586 vixerit,
2492 5527 2587 5574 aut
2614 5519 2821 5589 inique,
2842 5519 2894 5573 in
2925 5520 3043 5590 ipso
3071 5520 3296 5591 recipiet
3319 5529 3576 5581 aeternam
3604 5533 3832 5592 pennam,

2249 5621 2339 5666 aut
2367 5614 2484 5669 sine
2514 5611 2618 5666 line
2640 5610 2906 5668 hctitiam.

2331 5784 2351 5813 ε
2384 5772 2512 5841 Qua:
2541 5774 2630 5834 hic
2659 5769 2885 5831 aberant
2920 5774 2989 5831 ab
3016 5773 3177 5832 editis
3225 5772 3593 5847 supplevimus
3618 5787 3687 5832 ex
3713 5783 3832 5827 mss.
