4130 6446
312 394 420 451 505

820 506 975 576 397
996 498 1233 555 mror
1264 498 1402 554 xw.

392 618 626 691 Expedit
674 618 833 685 igitur
869 614 1181 682 unicuique,
1225 612 1534 681 priusquam
1582 613 1903 678 praesentem

251 702 271 715 ’
321 712 477 765 ﬁniat
499 710 688 775 vitam,
717 706 879 761 futuri
923 705 1168 775 supplicii
1197 704 1391 756 timore
1419 700 1680 764 converti,
1710 698 1755 752 si
1778 710 1907 751 vere

320 820 434 858 non
474 800 761 869 vult‘post
809 798 966 866 hujus
1015 796 1138 849 vita:
1186 794 1341 848 linem
1366 794 1481 847 sine
1512 792 1615 845 line
1647 788 1903 860 torqueri.

320 895 666 965 Quapropter
695 890 925 945 inaniter
954 889 1006 943 in
1034 894 1328 958 conspectu
1352 885 1443 939 Dei
1494 884 1756 938 malorum
1806 881 1907 935 ho—

321 989 529 1043 ininum
560 998 883 1056 permanens
912 979 1163 1051 iniquitas
1193 975 1512 1032 remittenda
1541 973 1809 1036 creditur;
1855 969 1909 1025 in

322 1080 479 1147 cujus
501 1083 794 1147 conspectu
824 1072 994 1127 inulta
1020 1086 1141 1127 esse
1167 1070 1432 1123 honorum
1463 1083 1685 1137 operum
1715 1064 1911 1120 sterili-

278 1219 282 1223 .
325 1181 411 1225 tas
434 1185 540 1224 non
569 1169 795 1223 sinetur.
826 1165 1013 1234 Neque
1042 1163 1185 1218 enim
1216 1162 1412 1216 dicitur
1432 1158 1712 1229 quisquam
1761 1157 1910 1227 posi-

325 1270 413 1315 tus
460 1259 527 1314 ad
571 1258 843 1313 sinistram
898 1255 1096 1310 idcirco
1124 1255 1294 1307 iturus
1324 1251 1375 1305 in
1408 1252 1583 1320 ignem
1629 1258 1912 1314 aeternum,

325 1352 453 1421 quia
482 1365 675 1420 panem
699 1345 1012 1403 comedenti
1052 1343 1293 1405 abstulit,
1350 1341 1443 1396 sed
1484 1340 1608 1411 quia
1656 1337 1913 1393 esurienti

326 1459 435 1497 non
465 1441 642 1502 dedit;
672 1454 771 1493 nec
798 1438 923 1507 quia
946 1435 1199 1490 vestitum
1256 1432 1598 1502 exspoliavit,
1647 1430 1740 1485 sed
1787 1428 1914 1497 quia

325 1535 646 1590 vestimenta
696 1546 802 1585 non
852 1528 1064 1592 tribuit;
1116 1541 1217 1581 nec
1271 1530 1395 1595 quia
1420 1523 1487 1578 de
1507 1523 1668 1578 domo
1697 1520 1916 1592 propria

328 1640 655 1696 quemquam
686 1621 910 1693 pepulit,
939 1620 1032 1674 sed
1074 1619 1198 1687 quia
1229 1633 1392 1672 unum
1423 1631 1492 1672 ex
1521 1614 1719 1671 Christi
1760 1615 1920 1668 mini-

330 1721 434 1775 mis
453 1718 689 1789 hospitin
711 1732 826 1771 non
855 1712 1077 1782 recepit.
1104 1710 1159 1767 Si
1188 1723 1318 1779 ergo
1346 1710 1444 1764 ibit
1482 1708 1536 1762 in
1584 1707 1927 1763 combustio-

337 1826 463 1865 nem
488 1816 745 1864 aeternam
775 1804 867 1874 qui
894 1818 1088 1874 panem
1115 1816 1269 1856 suum
1298 1798 1553 1854 esurienti
1601 1813 1708 1853 non
1749 1796 1923 1860 dedit,

333 1902 463 1975 quid
487 1900 713 1970 recipiet
735 1898 827 1967 qui
857 1896 1095 1951 alienum
1118 1893 1338 1947 abstulit
1367 1892 1600 1963 panem?
1624 1889 1689 1944 Et
1717 1891 1763 1945 si
1791 1891 1919 1945 mit-

240 2030 243 2033 -
335 2001 483 2048 tetur
511 1991 564 2045 in
586 1998 834 2058 stagnum
867 1987 1003 2055 ignis
1027 1994 1083 2040 et
1108 1984 1379 2054 sulphuris
1400 1984 1491 2052 qui
1515 1982 1715 2037 nudum
1753 1982 1924 2037 vesti-

334 2089 521 2137 mento
568 2095 676 2135 non
727 2079 877 2147 tegit,
927 2075 1056 2145 quid
1085 2090 1341 2146 passurus
1370 2084 1452 2128 est
1479 2073 1572 2142 qui
1602 2073 1924 2128 vestimento

335 2173 570 2231 crudelis
591 2172 888 2243 exspoliat?
912 2169 976 2223 Et
1003 2169 1047 2223 si
1081 2183 1258 2223 rerum
1290 2182 1508 2222 suarum
1556 2180 1752 2220 avarus
1799 2180 1926 2236 pos-

336 2281 518 2322 sessor
544 2264 785 2333 requiem
814 2278 921 2317 non
951 2258 1190 2325 habebit,
1222 2257 1495 2327 quomodo
1521 2255 1817 2310 alienarum
1838 2270 1925 2310 re-

338 2372 459 2411 rum
487 2353 806 2410 insatiabilis
834 2359 1038 2421 raptor,
1069 2350 1113 2415 si
1142 2349 1193 2402 in
1223 2348 1327 2402 hac
1374 2346 1483 2400 vita
1537 2344 1780 2400 converti
1828 2360 1927 2399 ηοο

343 2446 522 2511 luerit,
548 2443 890 2515 postmodum
912 2441 1013 2497 sibi
1045 2439 1113 2494 de
1134 2438 1316 2508 judice
1356 2437 1504 2507 justo
1543 2436 1927 2507 indulgentiam

339 2538 539 2591 frustra
591 2532 888 2603 promittit?
938 2531 1355 2586 Consideremus
1399 2530 1617 2583 divitem
1673 2529 1928 2584 miserum

339 2640 575 2698 purpura
601 2624 875 2695 quondam
905 2625 1175 2694 byssoque
1195 2623 1473 2685 vestitum,
1510 2636 1617 2675 non
1658 2622 1729 2675 ob
1783 2620 1928 2674 aliud

344 2717 868 2787 inexstinguibilibus
918 2715 1147 2771 ﬂammis
1191 2715 1490 2777 ardentem,
1548 2714 1649 2770 nisi
1675 2714 1798 2784 quia
1828 2712 1933 2769 L'a-

343 2822 474 2862 zaro
502 2807 727 2877 pauperi
754 2807 1008 2862 continua
1047 2807 1225 2862 esurie
1252 2806 1518 2860 laboranti
1551 2821 1823 2874 nunquam
1844 2822 1937 2860 vo-

343 2897 446 2951 luit
473 2898 665 2954 saltem
696 2897 864 2952 micas
884 2896 1114 2953 convivii
1144 2896 1227 2952 sui
1257 2896 1531 2951 mortifera
1558 2896 1812 2967 prteditus
1833 2897 1935 2952 ini-

346 2995 554 3057 qmtate
574 2987 776 3056 largiri.
808 2986 910 3054 Qui
959 3003 1083 3042 cum
1134 2986 1517 3042 interminabili
1571 2987 1935 3043 cruciamento

345 3079 653 3142 damnatus,
681 3078 845 3133 etiam
873 3077 1023 3147 digiti
1049 3078 1302 3148 pauperis
1328 3078 1383 3132 in
1411 3086 1611 3133 :eterna
1632 3080 1821 3148 requie
1842 3080 1936 3135 la:-

348 3168 515 3224 tantis
556 3167 838 3238 refrigerio
886 3177 1195 3223 remaneret
1242 3167 1513 3238 indignus,
1567 3169 1802 3224 evidenti
1849 3186 1936 3226 re-

1295 382 1385 438 ΒΕ
1426 373 1828 436 REMISSIONE
1865 368 2330 430 PECCATORUM
2372 366 2498 424 LIB.
2541 366 2603 421 ll.

3490 363 3611 419 566;

1928 493 1977 550 Α
2006 484 2322 558 pmnitentia
2348 500 2455 539 non
2480 482 2675 539 desinit
2696 481 2750 536 in
2779 479 2983 547 futuro,
3011 480 3101 549 qui
3143 481 3511 549 pmnilentiam
3540 483 3592 537 in

2008 578 2256 649 prazsenti
2276 578 2387 633 vita
2408 592 2517 632 non
2546 582 2789 644 egerunt.
2827 573 2972 629 Talis
2997 574 3313 642 paenitentia
3340 590 3446 635 non
3493 574 3599 629 erit

2004 674 2174 745 .398
2200 687 2269 727 ex
2292 670 2541 740 largitate
2568 666 2813 730 Dei,.sed
2841 664 3175 720 cruciatione
3220 665 3489 735 supplicii.
3538 665 3598 720 In

2009 765 2102 818 tali
2126 761 2440 833 paenitentia
2466 760 2645 815 luctus
2665 767 2903 813 aiternus
2928 756 3051 820 erit,
3106 755 3231 824 quia
3272 754 3476 811 fructus
3522 756 3596 810 ibi

2009 854 2337 926 poenitentia:
2366 851 2542 906 nullus
2563 851 2685 905 erit.
2716 848 2831 902 Non
2861 848 3003 902 enim
3053 846 3124 900 ibi
3155 846 3296 900 mala
3341 846 3596 901 voluntas

2011 947 2076 1000 ad
2102 947 2302 1001 bonum
2332 951 2679 1000 convertetur
2728 939 3067 1010 paenitendo;
3115 937 3333 1006 quando
3382 936 3447 990 ad
3499 938 3600 992 hoc

2013 1034 2387 1090 tantummodo
2437 1033 2814 1104 paenitentiam
2844 1030 3061 1084 habebit
3091 1029 3304 1099 iniquus
3333 1028 3384 1082 in
3417 1044 3598 1098 pmna,

2016 1140 2074 1184 ut
2095 1145 2195 1185 nec
2222 1122 2539 1199 pmnitentia
2563 1125 2852 1196 aliquando
2876 1124 3045 1195 possit
3071 1137 3278 1188 carere,
3303 1137 3403 1177 nec
3424 1138 3601 1192 pmna.

2015 1222 2085 1275 At
2106 1221 2182 1276 sic
2210 1220 2298 1275 illa
2328 1218 2580 1274 voluntas
2606 1233 2726 1288 qua:
2755 1218 2842 1271 hic
2872 1217 3115 1287 iniquum
3145 1231 3314 1284 usque
3341 1216 3395 1269 in
3446 1212 3606 1269 linem

2017 1314 2190 1367 lenuit
2210 1312 2554 1373 obduratum,
2589 1310 2655 1365 ad
2684 1311 2788 1365 hoc
2814 1310 2931 1364 sine
2960 1308 3066 1363 line
3096 1308 3466 1378 pmnitentiam
3516 1308 3612 1360 ha-

2008 1405 2164 1477 bebit
2192 1404 2259 1459 de
2286 1402 2583 1458 sceleribus
2611 1401 2740 1467 suis,
2775 1409 2835 1455 ut
2862 1416 2964 1455 nec
2992 1399 3163 1470 possit
3186 1400 3323 1453 ultra
3346 1397 3609 1460 converti,

2021 1510 2121 1548 nec
2144 1492 2447 1547 aeternitate
2472 1490 2651 1545 valeat
2676 1504 2864 1545 carere
2893 1488 3165 1558 supplicii.
3226 1486 3411 1556 Neque
3464 1486 3609 1541 cnim

2020 1586 2198 1642 omnis
2218 1584 2554 1657 paenitentia,
2590 1594 2614 1620 α
2647 1584 2738 1639 ubi
2789 1592 3043 1652 peccator
3086 1581 3255 1650 gratia
3307 1579 3613 1633 miserantis

2020 1679 2115 1734 Dei
2143 1688 2445 1751 praiventus
2471 1679 2548 1733 sic
2574 1675 2884 1747 paenitendo
2910 1682 3130 1745 peccata
3158 1688 3254 1726 sua
3277 1671 3613 1741 pronuntiat,

2026 1781 2083 1824 ut
2113 1788 2210 1841 per
2237 1771 2652 1827 conversionem
2685 1769 2913 1838 gratiam
2965 1765 3298 1823 remissionis
3353 1764 3610 1833 inquirat.

1953 1876 1995 1934 Β
2025 1862 2291 1915 Caeterum
2320 1861 2399 1915 sic
2426 1870 2508 1914 est
2530 1875 2690 1929 quem
2721 1859 2946 1928 pcenitet
2968 1872 3064 1926 pro
3092 1856 3248 1911 malis
3300 1871 3418 1924 quae
3468 1854 3618 1923 fecit,

2029 1969 2129 2009 nec
2158 1962 2337 2008 tamen
2369 1952 2435 2007 ad
2466 1952 2636 2007 Deum
2662 1953 3018 2006 conversione
3065 1958 3304 2004 mutatus
3347 1949 3616 2015 accurrit,

2026 2043 2300 2113 quomodo
2328 2043 2374 2098 si
2397 2043 2517 2113 quis
2544 2044 2595 2096 in
2626 2042 2848 2096 vulnere
2878 2041 3085 2111 positus
3134 2039 3371 2108 graviter
3409 2039 3615 2107 doleat,

2027 2144 2084 2189 et
2104 2134 2424 2205 beneﬁcium
2454 2130 2661 2189 medici
2699 2148 2808 2188 non
2836 2133 3100 2201 requirat.
3147 2131 3469 2188 Pronuntiat
3497 2132 3617 2202 qui—

2029 2225 2153 2280 dem
2180 2224 2426 2281 dolorem
2456 2240 2617 2295 quem
2645 2223 2867 2293 patitur,
2889 2221 2987 2278 sed
3017 2237 3124 2276 non
3154 2221 3505 2291 consequitur
3532 2238 3619 2279 re-

2031 2317 2265 2371 uedium
2290 2332 2399 2388 quo
2420 2324 2661 2372 sanetur.
2696 2312 2990 2385 Propterea
3013 2330 3123 2369 non
3145 2313 3320 2369 omnis
3341 2314 3433 2384 qui
3485 2329 3622 2369 con-

2032 2406 2213 2463 liletur
2232 2416 2514 2479 peccatum
2537 2407 2909 2462 remissionem
2938 2405 3156 2475 accipit,
3181 2405 3305 2475 quia
3335 2404 3477 2475 Deus
3525 2421 3624 2460 no-

2031 2508 2144 2554 ster
2174 2495 2279 2554 non
2308 2506 2515 2553 tantum
2541 2497 2770 2552 attendit
2797 2497 2941 2566 quod
2967 2495 3132 2551 corde
3173 2495 3200 2533 ι’
3226 2503 3520 2565 gestamus.
3546 2495 3626 2550 De

2033 2591 2151 2659 ipso
2176 2590 2319 2645 enim
2348 2588 2588 2659 psalmus
2614 2587 2773 2642 dicit:
2791 2587 3045 2641 Scrutans
3067 2586 3226 2640 corda
3247 2595 3296 2638 et
3322 2601 3469 2638 rencs
3486 2582 3626 2638 Deus

2036 2681 2209 2750 (Psal.
2239 2696 2331 2743 vn,
2361 2680 2470 2748 10).
2498 2679 2637 2733 Dicit
2665 2679 2828 2733 etiam
2852 2678 3102 2732 Salvator
3128 2696 3139 2730 :
3167 2673 3304 2740 Quid
3332 2685 3502 2730 autem
3548 2675 3633 2729 di—

2036 2774 2153 2827 citis
2175 2773 2320 2840 mihi,
2372 2770 2614 2835 Domine,
2647 2769 2886 2834 Domine,
2937 2779 2985 2822 et
3016 2786 3118 2822 non
3150 2769 3322 2839 facitis
3361 2785 3475 2840 qua:
3514 2767 3630 2822 dico

2040 2864 2446 2938 (Luc.v1,46)?
2494 2864 2625 2919 Inde
2670 2874 2751 2918 est
2799 2864 2941 2934 quod
2992 2864 3045 2917 in
3095 2862 3390 2933 Scripturis
3436 2862 3635 2917 divinis

2037 2954 2300 3025 quosdam
2331 2955 2557 3022 legimus
2583 2953 2863 3022 :cqualiter
2893 2961 3113 3022 peccata
3160 2967 3412 3007 sermone
3447 2963 3469 2991 ε
3502 2968 3631 3007 con-

2038 3055 2273 3102 secutos.
2325 3044 2439 3100 Rex
2461 3045 2605 3099 enim
2634 3044 2762 3098 Saul
2794 3044 2861 3098 ad
2910 3042 3255 3113 praedandum
3305 3042 3561 3098 Amalech
3600 3059 3633 3096 a

2042 3137 2154 3192 Deo
2174 3137 2409 3192 directus
2431 3134 2485 3209 (ι
2510 3134 2639 3207 Reg.
2675 3152 2762 3202 xv,
2796 3136 2872 3204 5),
2916 3142 3200 3205 peccatum
3230 3135 3457 3190 incurrit
3507 3135 3634 3204 quia

353 3260 650 3331 sponsione
677 3225 947 3315 Abraham
960 3260 1266 3330 patriarcha
1289 3225 1610 3317 monstravit
1631 3271 1755 3333 post
1789 3263 1929 3319 hanc
1961 3256 2007 3318 C
2041 3237 2368 3333 prmcepfum
2399 3227 2614 3283 Domini
2635 3227 2856 3333 "Emit":
2880 3226 3192 3333 cus‘oflifit'
3225 3225 3306 3332 ξω
3346 3241 3513 3333 Ψξξω
3556 3228 3635 3281 in‘

348 3353 541 3421 vitam,
568 3368 672 3408 nec
691 3353 864 3409 bonos
894 3367 1054 3423 posse
1072 3355 1142 3408 ad
1163 3354 1378 3424 iniquos
1397 3354 1736 3426 aliquatenus
1766 3364 1941 3411 trans-

350 3458 557 3513 meare,
613 3458 714 3500 nec
762 3443 936 3499 malos
982 3460 1014 3499 a
1063 3447 1238 3516 pmnis
1292 3447 1358 3502 ad
1387 3446 1668 3503 beatorum
1696 3449 1939 3518 requiem

348 3550 514 3606 posse
535 3534 860 3606 quandoque
889 3536 1139 3592 transire.
1169 3535 1260 3593 Sic
1287 3538 1430 3593 enim
1470 3538 1600 3593 dicit
1634 3557 1645 3592 :
1679 3538 1787 3594 Fili
1812 3583 1826 3605 ,
1860 3558 1942 3595 re-

351 3627 572 3682 cordare
599 3629 718 3697 quia
740 3626 975 3697 recepisti
1005 3626 1138 3683 bona
1160 3629 1216 3683 in
1238 3629 1478 3691 vila‘tua,
1502 3638 1551 3683 et
1581 3628 1818 3685 Lazarus
1864 3632 1939 3685 si-

353 3716 546 3771 militer
573 3719 732 3771 mala.
760 3714 917 3770 Nunc
937 3726 1107 3771 autem
1129 3717 1211 3770 hic
1240 3718 1558 3783 consolatur,
1610 3730 1661 3772 tu
1682 3736 1799 3775 vero
1819 3737 1940 3774 cru—

352 3811 530 3865 ciaris.
566 3808 633 3863 Et
655 3811 707 3863 in
735 3810 817 3863 his
842 3809 1078 3865 omnibus
1124 3811 1259 3864 inter
1310 3827 1404 3865 nos
1432 3821 1482 3864 et
1529 3828 1616 3865 ros
1644 3813 1801 3867 chaos
1830 3830 1944 3867 ma-

351 3918 510 3973 gnum
531 3903 795 3972 ﬁrmatum
818 3911 915 3965 est,
937 3912 994 3955 ut
1014 3901 1131 3955 hinc
1156 3902 1242 3973 qui
1266 3901 1441 3956 volunt
1467 3904 1690 3957 transire
1718 3904 1788 3957 ad
1831 3922 1940 3973 vos,

352 4011 459 4049 non
488 3996 710 4065 possint,
771 4011 933 4067 neque
976 3995 1074 4049 huc
1112 3995 1233 4049 inde
1280 4004 1599 4049 transmeare
1635 3994 1796 4066 (Luc.
1833 4013 1942 4062 XVI,

351 4081 444 4149 25,
475 4083 600 4154 εδ).

953 4222 1184 4279 CAPUT
1224 4224 1338 4279 XV.

426 4334 662 4391 Proinde
685 4336 884 4392 bonum
902 4336 1057 4391 nobis
1070 4344 1223 4391 estut
1245 4351 1388 4391 nunc
1408 4351 1699 4407 operemur
1719 4336 1944 4403 bonum,

350 4426 482 4482 dum
517 4430 726 4497 tempus
747 4434 833 4481 est
858 4427 1068 4497 operis;
1097 4435 1151 4480 et
1193 4434 1250 4480 ut
1276 4427 1443 4481 simus
1473 4426 1526 4480 in
1565 4440 1743 4481 messe
1793 4425 1944 4481 ditis-

349 4519 496 4583 simi,
524 4516 530 4524 ’
556 4532 658 4573 nec
705 4531 898 4585 segnes
946 4517 1205 4572 debemus
1248 4532 1547 4584 remanere,
1580 4532 1682 4573 nec
1708 4518 1941 4573 steriles.

2041 3322 2372 3394 crepandum
2395 3338 2517 3378 cum
2540 3320 2802 3392 propheta
2825 3318 3044 3376 Samuel
3057 3319 3384 3386 advenisset,
3408 3320 3498 3376 ille
3523 3337 3636 3391 per-

2042 3418 2263 3473 territus
2289 3424 2573 3488 peccatum
2600 3432 2755 3472 suum
2776 3413 3057 3472 confessus
3085 3424 3187 3483 est,
3218 3431 3318 3473 nec
3348 3424 3527 3472 tamen
3555 3427 3638 3473 est

2041 3510 2428 3580 indulgentiam
2465 3518 2791 3566 consecutus
2818 3527 2830 3563 :
2858 3510 2982 3583 quia
3018 3526 3107 3565 cor
3133 3510 3246 3583 ejus
3268 3526 3378 3582 non
3397 3519 3510 3565 erat
3554 3528 3638 3566 re—

2042 3614 2181 3657 ctum
2209 3620 2389 3659 coram
2417 3602 2530 3658 Deo
2554 3602 2877 3674 (Ibid.,24).
2910 3603 3003 3658 llla
3019 3604 3161 3659 enim
3184 3605 3394 3674 peccati
3420 3604 3638 3660 confes—
3733 3588 3742 3597 θ

2042 3695 2125 3749 sio
2152 3709 2218 3749 ex
2250 3695 2445 3749 timore
2474 3693 2574 3748 t‘uit
2596 3694 2867 3764 supplicii,
2898 3708 3006 3749 non
3027 3709 3094 3749 ex
3120 3694 3347 3750 horrore
3398 3695 3632 3765 peccati.

2042 3784 2159 3839 Non
2182 3783 2349 3839 odivit
2369 3784 2514 3853 quod
2536 3783 2755 3848 fecerat,
2774 3785 2867 3839 sed
2895 3784 3069 3856 timuit
3092 3783 3236 3853 quod
3261 3784 3512 3851 nolebat;
3535 3800 3637 3841 nec

2043 3875 2256 3945 culpam
2286 3889 2438 3929 suam
2467 3873 2882 3929 conversatione
2931 3874 3088 3945 (forte
3116 3873 3496 3942 conversione)
3524 3875 3639 3929 cul-

2045 3965 2211 4036 pavit,
2242 3966 2337 4021 sed
2358 3966 2426 4020 ad
2454 3980 2691 4035 praesens
2716 3964 2882 4021 divini
2908 3964 3104 4022 furoris
3123 3980 3411 4035 percussus
3430 3974 3640 4023 terrore

2044 4056 2388 4113 contremuit.
2420 4054 2585 4110 David
2616 4070 2833 4125 quoque
2856 4071 2951 4111 rex
2979 4055 3213 4111 carnalis
3255 4055 3641 4125 concupiscen-

2046 4149 2133 4203 tiae
2153 4147 2398 4203 devictus
2419 4145 2669 4203 illecebra
2696 4144 2785 4216 (ΙΙ
2816 4145 2947 4217 Reg.
2994 4162 3068 4215 χι,
3091 4145 3169 4215 4),
3201 4161 3308 4201 non
3334 4146 3511 4201 solum
3538 4146 3641 4202 mi-

2044 4241 2153 4297 litis
2173 4241 2255 4297 sui
2276 4239 2600 4295 adulteravit
2628 4254 2873 4305 uxorem,
2901 4237 3001 4294 sed
3030 4240 3203 4308 ipsum
3230 4253 3449 4309 quoque
3471 4239 3640 4293 mari—

2046 4344 2158 4389 tqu
2182 4332 2414 4404 peremit
2434 4332 2725 4397 insontem,
2759 4346 2861 4386 nec
2889 4330 3064 4409 solum
3114 4330 3314 4385 nullius
3340 4327 3367 4367 ά
3398 4329 3642 4386 criminis

2043 4428 2125 4482 sui
2149 4441 2324 4493 reum,
2350 4425 2479 4495 quin
2502 4425 2665 4479 etiam
2693 4424 3026 4480 conculcata:
3049 4423 3234 4479 uxoris
3257 4423 3523 4495 ignarum.
3560 4423 3641 4478 Ad

2044 4536 2206 4590 quem
2235 4527 2417 4574 tamen
2447 4534 2572 4573 cum
2602 4517 2811 4571 Nathan
2867 4517 3133 4587 propheta
3189 4515 3557 4571 destinaretur
3613 4531 3646 4568 a

346 4610 558 4665 Bonum
579 4616 664 4664 est
686 4609 976 4679 unicuique
996 4617 1059 4662 ut
1074 4624 1217 4665 nunc
1228 4610 1543 4665 vulneribus
1561 4611 1671 4665 suis
1691 4609 1945 4665 adhibeat
1972 4628 2021 4688 ο
2050 4614 2299 4676 Domino,
2332 4609 2423 4664 ille
2450 4608 2766 4679 prophetica
2799 4607 3172 4677 increpatione
3207 4606 3531 4676 perterritus
3556 4620 3646 4658 ex-

349 4701 726 4757 conversionis
748 4716 814 4756 ac
835 4701 1167 4771 paenitentia:
1191 4701 1511 4768 remedium,
1560 4701 1685 4756 dum
1715 4716 1944 4757 conver-

348 4809 444 4851 sus
492 4793 868 4849 remissionem
916 4800 1098 4862 potest
1117 4793 1366 4862 accipere
1385 4800 1732 4862 peccatorum
1765 4810 1778 4846 :
1810 4807 1945 4863 quo-

348 4886 499 4942 niam
526 4884 691 4940 l‘uturi
721 4885 983 4955 temporis
1002 4883 1320 4955 pmnitentia
1350 4883 1477 4939 talis
1520 4884 1643 4947 erit,
1676 4891 1736 4938 ut
1765 4883 1945 4938 indul-

344 4978 584 5046 gentiam
607 4976 802 5032 mereri
824 4991 932 5032 non
957 4975 1357 5046 possit..Neque
1376 4990 1507 5030 vero
1526 4982 1658 5030 tunc
1677 4975 1752 5029 illi
1774 4976 1949 5030 acturi

344 5075 475 5122 sunt
495 5066 884 5138 penitentiam,
909 5081 1048 5136 quos
1075 5066 1223 5122 Deus
1246 5065 1643 5136 praedestinavit
1660 5065 1729 5119 ad
1749 5065 1933 5120 vitam.

347 5155 592 5226 Ipsorum
619 5156 763 5212 enim
794 5157 850 5212 in
877 5156 1133 5228 praesenti
1164 5165 1439 5226 tempore,
1460 5154 1757 5211 secundum
1793 5154 1939 5225 Apo-

345 5251 473 5307 stoli
496 5251 719 5319 dictum,
742 5265 865 5320 qua:
891 5249 1185 5307 secundum
1214 5251 1382 5305 Deum
1408 5256 1491 5304 est
1509 5247 1939 5316 tristitia,stabi-

346 5347 456 5402 lem
485 5347 713 5402 salutem
741 5353 1001 5416 operatur
1031 5343 1270 5415 (ll-Cor.
1329 5360 1420 5410 vn,
1476 5342 1590 5411 l0),
1633 5350 1694 5396 ut
1733 5342 1787 5396 in
1834 5341 1939 5398 hoc

346 5447 595 5509 tempore
613 5435 1003 5509 pmnitentibus
1027 5442 1193 5505 atque
1230 5434 1526 5502 conversis,
1560 5434 1611 5489 in
1634 5432 1816 5488 l'uturo
1836 5440 1939 5488 sta-

345 5530 472 5586 bilis
497 5531 644 5586 salus
670 5543 735 5584 ac
782 5526 1110 5597 sempiterna
1156 5527 1432 5583 reddatur.
1490 5524 1707 5582 Illorum
1755 5532 1936 5582 autem

364 5696 369 5699 '
423 5700 448 5729 ι
479 5690 680 5747 Desunt
699 5691 788 5746 hic
815 5687 1062 5759 quasdam
1092 5687 1286 5754 verba;
1337 5687 1475 5743 forte
1503 5687 1637 5759 haec,
1671 5688 1938 5759 [ructuosa

347 5773 457 5828 est;
486 5760 578 5816 sed
604 5763 697 5817 illa
725 5756 925 5815 tantum
950 5759 1057 5824 ubi,
1085 5767 1216 5821 etc..
1246 5765 1339 5812 aut
1366 5775 1472 5813 non
1502 5756 1798 5811 dissimilia.

426 5827 451 5872 δ
482 5831 791 5904 Legendum
825 5831 960 5904 quod
989 5847 1096 5896 ore,
1127 5838 1217 5885 aut
1245 5836 1393 5884 certe
1422 5827 1570 5883 locus
1592 5842 1813 5883 mancus
1859 5833 1943 5882 est

350 5914 407 5960 ct
435 5901 799 5975 imperfectus.

2044 4704 2335 4760 clamavit:
2370 4697 2801 4770 Peccavi.(lbid.,
2839 4715 2932 4763 xu,
2964 4697 3075 4767 1‘5).
3106 4697 3205 4752 Cui
3251 4697 3331 4753 sic
3374 4696 3641 4767 propheta

2046 4793 2363 4865 respondit:
2402 4790 2469 4844 Et
2496 4789 2637 4844 Deus
2663 4789 2874 4844 abstulit
2903 4797 3168 4859 peccatum
3226 4796 3385 4851 tuum,
3436 4795 3487 4840 et
3536 4802 3641 4841 non

2049 4884 2286 4938 morieris
2310 4879 2365 4953 (Ι
2389 4880 2519 4952 Reg.
2555 4895 2645 4946 xv,
2668 4879 2782 4951 50).
2826 4877 2966 4934 Ecce
2994 4878 3122 4932 Saul
3165 4877 3302 4931 dixit
3335 4896 3347 4930 :
3400 4875 3641 4930 Peccavi.

2057 4979 2222 5035 David
2252 4992 2469 5048 quoque
2499 4976 2674 5031 dixit:
2704 4973 2944 5030 Peccavi.
2992 4975 3126 5030 Cum
3157 4989 3285 5043 ergo
3329 4976 3382 5029 in
3430 4972 3644 5029 confes—

2045 5072 2198 5126 sione
2221 5070 2429 5141 peccati
2452 5070 2734 5139 utriusque
2762 5082 2866 5122 una
2893 5082 2997 5122 vox
3023 5066 3202 5133 fuerit,
3232 5083 3329 5122 cur
3376 5082 3484 5120 non
3535 5083 3643 5121 una

2046 5167 2129 5215 est
2158 5160 2437 5228 utriusque
2459 5173 2716 5215 concessa
2749 5158 3034 5214 remissio?
3062 5158 3164 5213 nisi
3192 5157 3318 5228 quia
3349 5157 3402 5212 in
3447 5157 3643 5213 simili-

2046 5251 2231 5306 tudine
2250 5250 2607 5307 confessionis
2632 5250 2852 5307 videbat
2875 5249 3018 5306 Deus
3039 5250 3527 5308 dissimilitudinem
3549 5269 3644 5309 vo-

2043 5341 2295 5408 Iuntatis;
2327 5357 2427 5397 nec
2445 5358 2639 5398 sonum
2660 5343 2943 5407 sermonis
2955 5343 3207 5413 attendit,
3254 5344 3351 5401 sed
3380 5344 3643 5400 intentio—

2042 5449 2169 5489 nem
2189 5431 2367 5489 cordis
2390 5434 2442 5488 in
2471 5442 2704 5504 utroque
2751 5433 3022 5490 discrevit.
3059 5433 3208 5491 Unus
3234 5436 3378 5491 enim
3409 5452 3643 5493 conver-

2042 5539 2132 5579 sus
2161 5523 2418 5595 peccandi
2449 5525 2697 5595 protinus
2737 5523 2938 5594 abjecit
2964 5524 3310 5594 desiderium,
3359 5536 3416 5582 et
3471 5525 3645 5598 paeni-

2122 5693 2145 5723 ε
2177 5683 2276 5741 Ms.
2302 5684 2451 5740 addit
2470 5686 2611 5741 hanc
2639 5700 2828 5742 vocem
2850 5703 3102 5741 semone.
3132 5685 3241 5741 Sed
3288 5701 3396 5741 non
3428 5685 3645 5740 videtur

2045 5756 2247 5827 plenus
2280 5771 2470 5827 sensus
2515 5756 2616 5812 nisi
2672 5757 2982 5826 suppleatur
3033 5767 3083 5812 et
3112 5756 3507 5827 indulgentium
3552 5766 3645 5811 aut

2051 5824 2401 5899 quidsimile,
2426 5835 2486 5899 ut
2506 5835 2655 5899 patet
2687 5824 3242 5899 essubsequentibus.

2040 5900 2043 5905 '
2068 5892 2084 5897 ⁷
2124 5894 2150 5934 ἀ
2181 5892 2281 5953 Ms.
2315 5892 2551 5965 crediti,
2577 5897 2898 5967 nonnullius,
2928 5892 3022 5954 sed
3052 5912 3237 5953 errore
3257 5897 3565 5955 manifesto.
