4130 6450
577 356 678 411 567

1627 356 1684 412 S.
1725 354 2102 412 FULGENTII.
2127 354 2428 411 EPISCOPI
2467 355 2836 412 RUSPEA‘SIS

3752 360 3848 418 568

577 475 741 529 tendo
770 457 884 545 ipse
913 491 1066 529 suum
1090 474 1295 544 punivit
1323 473 1645 536 admissum;
1677 472 1816 526 alter
1863 485 1990 524 vero
2030 485 2163 525 con—
2193 475 2243 534 Α
2269 485 2441 536 casse,
2470 471 2633 542 400
2659 487 2820 542 quam
2863 471 2952 525 ille
2979 472 3069 540 qui
3099 471 3303 528 occist
3330 472 3598 528 Christum
3626 493 3639 527 :
3674 483 3846 532 tamen

577 567 864 621 fessionem
885 567 1101 635 quidem
1133 565 1336 635 peccati
1359 565 1439 620 sui
1466 564 1633 617 verbo
1663 561 1904 631 protulit,
1935 561 2030 616 sed
2082 560 2161 615 af-

575 658 773 711 fectum
805 657 1061 727 peccandi
1089 655 1325 726 perversi
1355 653 1532 709 cordis
1553 654 1845 709 obstrictus
1864 653 1996 708 vitio
2051 669 2160 708 non

575 749 792 817 abjecit.

1050 864 1211 933 39)
1248 859 1476 915 CAPUT
1516 860 1653 914 xvr.

645 976 794 1031 Tuuc
826 992 956 1044 ergo
987 976 1206 1046 prodest
1233 975 1442 1046 peccati
1473 974 1762 1037 confessio,
1804 975 1849 1028 si
1883 974 2160 1029 confessus

575 1076 832 1136 peccator
859 1067 1000 1136 quod
1031 1067 1168 1121 male
1197 1067 1412 1130 fecerat,
1453 1066 1593 1120 ultra
1624 1081 1731 1119 non
1762 1064 1940 1131 faciat,
1981 1074 2035 1119 et
2065 1065 2160 1119 bo-

575 1175 767 1212 norum
790 1159 968 1213 studio
989 1174 1210 1228 operum
1235 1158 1628 1228 praeteritorum
1659 1158 1940 1212 criminum
1969 1158 2158 1212 merita

572 1267 828 1320 superare
857 1251 1147 1306 contendat
1175 1269 1190 1315 ;
1236 1261 1293 1305 ut
1335 1250 1629 1305 secundum
1657 1250 1900 1321 Apostoli
1929 1249 2156 1312 dictum,

573 1343 662 1396 ubi
693 1343 981 1397 abundavit
1010 1351 1310 1412 peccatum,
1347 1342 1745 1411 superabundet
1774 1342 1942 1412 gratia
1976 1341 2154 1412 (Rom.

571 1450 626 1497 v,
653 1433 767 1501 2i).
809 1431 1058 1486 Nonnulli
1106 1440 1367 1501 prmterea
1415 1432 1667 1486 virtutem
1709 1433 2038 1501 poenitentia!
2065 1447 2158 1486 ne-

571 1526 822 1585 scientes,
848 1539 954 1577 non
985 1522 1051 1577 ad
1081 1523 1185 1578 hoc
1211 1523 1580 1592 pcenitentiam
1609 1531 1820 1591 gerunt,
1854 1531 1912 1576 ut
1932 1538 2156 1592 speran-

570 1629 654 1672 tes
695 1632 852 1686 opem
897 1616 1091 1670 divinae
1142 1615 1530 1670 misericordia:
1578 1623 1998 1681 convertantur;
2049 1615 2156 1670 imo

571 1706 882 1778 pernitendo
909 1707 1144 1761 deterius
1169 1715 1418 1777 peccant,
1447 1722 1568 1760 cum
1599 1706 1665 1761 de
1693 1716 2034 1776 peccatorum
2066 1721 2153 1761 re-

570 1800 824 1853 missione
853 1798 1161 1867 desperant.
1205 1796 1350 1852 Talis
1379 1797 1478 1850 fuit
1514 1798 1825 1866 poenitentia
1865 1796 2013 1852 Judcc
2041 1805 2154 1851 tra-

568 1891 757 1945 ditoris
789 1889 1008 1962 (Matth.
1032 1906 1193 1952 xxvu,
1225 1889 1302 1960 5),
1334 1904 1365 1958 q

567 1979 644 2034 vlt
691 1981 949 2046 salutem,
999 1980 1093 2036 sed
1134 1981 1442 2050 procuravit
1490 1980 1796 2049 desperanti
1835 1981 2150 2050 perniciem.

569 2071 809 2139 Denique
859 2069 1127 2124 deteriore
1192 2069 1536 2139 semetipsum
1597 2070 1809 2122 vinculo
1860 2070 2154 2138 iniquitatis

570 2161 879 2227 obstrinxit,
901 2176 1021 2214 cum
1052 2175 1109 2214 se
1140 2161 1334 2214 occidit
1361 2169 1666 2227 nocentem,
1697 2177 1856 2229 quam
1889 2169 2000 2214 tum
2030 2177 2150 2215 cum

569 2253 836 2309 Christum
863 2251 1079 2308 tradidit
1106 2253 1467 2307 innocentem.
1503 2251 1784 2307 Peccatum
1815 2254 1956 2307 enim
1982 2253 2151 2308 tradi-

567 2347 730 2400 tionis
757 2345 954 2401 Christi
987 2352 1198 2414 poterat
1219 2343 1384 2406 ludas,
1419 2344 1460 2398 si
1504 2348 1690 2399 vivens
1718 2355 2145 2410 converteretur,

567 2438 800 2504 dimitti;
851 2437 1052 2492 occisio
1095 2451 1225 2490 vero
1252 2447 1347 2490 Sua
1394 2435 1699 2490 nullatenus
1741 2437 2013 2491 relaxatur
2035 2437 2152 2491 'ex-

567 2530 786 2583 stincto.
826 2527 956 2582 Post
987 2526 1326 2581 traditionem
1356 2528 1514 2595 igitur
1541 2524 1738 2581 Christi
1774 2528 1958 2582 habuit
1980 2529 2148 2582 tradi-

571 2631 658 2674 tor
685 2628 898 2690 tempus
925 2635 1033 2689 quo
1062 2635 1160 2691 per
1190 2619 1336 2674 illum
1367 2620 1682 2688 sanguinem
1722 2621 1812 2689 qui
1835 2619 2036 2675 ell'usus
2063 2630 2147 2676 est

570 2720 622 2768 in
674 2713 1048 2768 remissionem
1095 2720 1472 2783 peccatorum,
1529 2713 1695 2784 ipsius
1744 2729 1959 2784 quoque
2001 2713 2150 2770 Judze

568 2807 738 2876 possit
767 2806 969 2860 remitti
997 2815 1279 2876 peccatum
1306 2826 1318 2859 ι
1346 2807 1600 2875 quoniam
1629 2806 1898 2873 Christus,
1923 2809 2014 2877 qui
2045 2824 2146 2878 pro

568 2897 744 2968 impiis
769 2905 1016 2951 mortuus
1043 2905 1144 2961 est,
1171 2913 1277 2952 non
1307 2897 1627 2967 denegasset
1655 2914 1754 2954 suo
1781 2899 2027 2954 tradituri
2057 2915 2146 2955 re-

563 2987 834 3042 missionis
882 2985 1229 3052 beneficium,
1274 2987 1318 3042 si
1371 3003 1476 3041 non
1526 2988 1615 3042 ille
1659 2987 1759 3042 sibi
1809 2989 2147 3058 desperando

565 3077 825 3132 adimeret
871 3084 1080 3148 tempus
1108 3078 1411 3132 remissioni
1453 3094 1793 3134 concessum.
1849 3078 1966 3134 Non
2018 3093 2146 3148 ergo

565 3177 713 3223 recte
741 3153 1112 3239 paenitentiam
1160 3169 1346 3239 gessit,
1397 3185 1497 3225 nec
1532 3169 1740 3238 justum
1792 3170 2058 3227 vindicem
2087 3187 2147 3226 se

572 3260 649 3315 s'u.‘
675 3259 892 3315 sceleris
920 3259 1157 3328 pertulit.
1199 3259 1362 3314 Auxit
1388 3261 1607 3331 quippe,
1637 3278 1743 3314 non
1770 3262 1988 3317 abstulit
2015 3279 2150 3334 sup-

569 3349 788 3420 plicium
821 3350 997 3403 meriti
1025 3350 1262 3404 criminis
1291 3350 1372 3404 sui
1399 3351 1544 3405 ultor
1585 3351 1834 3419 injustus,
1874 3353 1967 3423 qui
1997 3356 2143 3409 occi-

563 3440 673 3494 sori
701 3455 798 3494 suo
821 3447 1032 3509 tempus
1062 3441 1428 3495 conversionis
1458 3440 1656 3495 ademit
1684 3443 1910 3499 occisus.
1953 3443 2028 3499 Ac
2048 3461 2146 3516 per

563 3532 669 3586 hoc
693 3533 816 3600 quia
845 3532 959 3602 ipse
984 3547 1042 3586 se
1072 3532 1284 3599 occidit,
1309 3534 1424 3603 ipse
1450 3533 1550 3588 sibi
1577 3535 1760 3603 utique
1784 3543 1990 3605 tempus
2014 3553 2144 3592 ροη-

563 3623 826 3677 versionis
873 3638 930 3676 se
952 3622 1244 3678 occidendo
1273 3624 1557 3678 subtraxit.
1598 3623 1930 3681 Miserrimus
1958 3625 2138 3689 Judas,

564 3714 654 3782 qui
687 3730 806 3769 cum
837 3715 975 3770 male
997 3716 1199 3770 crimen
1229 3717 1534 3771 traditionis
1575 3717 1870 3782 admiserit,
1905 3720 2055 3788 pejus
2088 3721 2144 3774 il-

562 3805 666 3860 lius
694 3807 930 3861 criminis
959 3807 1344 3876 pmnitudinem
1386 3809 1574 3878 gessit,
1620 3811 1743 3878 quia
1793 3812 2004 3880 penitus
2053 3812 2136 3866 in-

559 3897 887 3965 dulgentiam
917 3916 1026 3954 non
1066 3901 1313 3969 quaesivit
1354 3919 1367 3954 :
1402 3916 1465 3957 ac
1495 3902 1573 3957 sic
1618 3903 1707 3957 illa
1749 3905 1926 3971 gravis
1971 3905 2141 3974 culpae

561 3989 876 4058 poenitentia
924 3992 1162 4048 deterior
1205 4003 1288 4048 est
1327 3996 1540 4049 inventa
1587 4011 1745 4065 quam
1776 3998 1955 4066 culpa.
2007 3997 2139 4052 Illud

518 4081 523 4084 ’
558 4083 757 4137 etenim
787 4084 1070 4139 dominicae
1108 4085 1412 4140 traditionis
1437 4098 1718 4157 peccatum
1743 4087 1931 4142 habuit
1959 4097 2140 4159 poste-

557 4174 669 4228 rius
699 4184 907 4244 tempus
935 4192 1040 4244 quo
1073 4177 1241 4245 possit
1270 4177 1414 4232 ablui
1439 4195 1453 4242 ;
1509 4179 1654 4232 illum
1682 4194 1812 4233 vero
1836 4181 1989 4250 punit
2015 4196 2140 4235 sen-

557 4263 747 4328 tentia,
776 4279 897 4333 qua:
927 4283 1030 4319 non
1061 4267 1468 4322 conversionem
1497 4267 1704 4332 habuit,
1755 4270 1847 4324 sed
1877 4270 2135 4339 despera-

561 4357 781 4411 tionem.
827 4357 952 4411 Ideo
982 4359 1329 4427 pmnitentem
1357 4375 1461 4413 non
1493 4359 1715 4428 adjuvit,
1747 4361 1838 4414 sed
1867 4361 2095 4430 peremit
2121 4379 2132 4413 :

552 4447 681 4512 quia
711 4446 810 4500 sibi
856 4448 1227 4503 conversionis
1258 4456 1466 4518 tempus
1495 4450 1765 4504 occisione
1795 4452 2031 4516 abstulit,
2082 4463 2137 4508 et

557 4536 935 4606 indulgentiam
959 4538 1336 4608 desperatione
1363 4541 1644 4595 subtraxit.

1135 4651 1361 4707 CAPUT
1394 4653 1552 4708 XVII.

624 4761 851 4815 Tantum
884 4763 1043 4830 igitur
1070 4762 1212 4817 valet
1233 4766 1608 4832 opportunitas
1649 4767 1891 4821 concessi
1925 4776 2132 4839 tempo-

549 4853 625 4907 ris
646 4852 711 4906 ad
743 4852 1125 4921 indulgentiam
1157 4862 1505 4922 peccatorum
1533 4856 1544 4908 !
1573 4855 1640 4910 Et
1666 4873 1786 4911 cum
1815 4859 1982 4912 multo
2010 4873 2131 4928 gra-

548 4957 573 4988 ι
587 4941 666 4994 ins
685 4940 754 4994 sit
775 4939 1046 4996 Christum
1070 4941 1346 4997 tradidisse
1366 4958 1524 5012 quam
1547 4947 1838 5014 quemlibet
1859 4947 2129 5004 hominem

547 5031 830 5096 occidisse,
881 5033 1149 5087 occisores
1197 5042 1376 5088 tamen
1406 5033 1631 5099 Christi,
1673 5037 1979 5108 quicunque
2006 5048 2130 5095 sunt

548 5125 602 5177 in
650 5124 903 5193 prtesenti
944 5125 1051 5176 vita
1096 5132 1209 5179 toto
1235 5125 1399 5180 corde
1445 5129 1713 5192 conversi,
1760 5130 2128 5186 remissionem

547 5223 891 5284 peccatorum
923 5215 1090 5284 ipsius
1129 5215 1326 5270 Christi
1354 5225 1478 5270 sunt
1518 5219 1777 5286 sanguine
1808 5224 2082 5277 consecuti
2110 5241 2122 5288 ;

544 5307 785 5374 quisquis
813 5315 1016 5371 autem,
1047 5323 1156 5360 non
1185 5307 1304 5362 dico
1330 5308 1617 5364 haereticus
1645 5325 1740 5364 seu
1770 5326 2029 5382 paganus,
2059 5315 2126 5370 de

543 5395 740 5463 quibus
763 5397 905 5451 nulla
932 5406 1012 5451 est
1039 5397 1302 5452 dubitatio
1331 5398 1475 5469 quod
1506 5400 1626 5466 igne
1644 5401 1942 5468 .punientur
1968 5412 2124 5458 mter-

543 5503 636 5552 nn,
668 5501 774 5555 quo
801 5487 961 5540 etiam
988 5487 1325 5543 Christianus
1354 5489 1670 5554 catholicus,
1701 5491 1747 5543 si
1776 5491 2121 5550 homicidium

541 5579 806 5644 admittat,
843 5589 934 5634 aut
956 5580 1275 5635 adulterium
1297 5580 1480 5649 faciat,
1502 5581 1744 5637 alienare
1770 5583 2004 5654 diripiat,
2038 5587 2122 5640 vel

539 5670 580 5722 si
609 5669 972 5736 juramentum
1003 5671 1242 5741 perjurio
1281 5670 1463 5736 violet,
1502 5681 1595 5726 aut
1634 5671 1824 5728 falsum
1876 5677 2118 5731 testimo-

540 5764 683 5816 nium
713 5763 892 5818 dicere
923 5778 1029 5816 non
1076 5762 1309 5827 dubitet,
1361 5777 1459 5816 nec
1506 5771 1630 5818 ante
1673 5768 1951 5833 praesentis
1998 5767 2120 5821 vitce

540 5856 699 5910 tinem
727 5863 1096 5920 convertatur,
1125 5871 1244 5912 cum
1275 5856 1443 5911 multo
1473 5855 1648 5914 minus
1691 5856 1940 5915 videatur
1988 5874 2118 5931 pec-

2267 564 2474 618 occlsor
2493 562 2715 631 Christi,
2733 564 2777 618 si
2807 571 3150 618 convertatur
3171 563 3222 616 in
3247 565 3498 633 praesenti
3521 565 3650 630 vita,
3675 567 3847 639 salva-

2265 654 2447 719 bitur;
2491 655 2581 708 ille
2610 662 2789 708 autem
2816 670 2912 724 pro
2941 668 3007 708 eo
3035 653 3179 722 quod
3209 654 3262 707 in
3292 655 3546 723 praesenti
3589 655 3698 709 vita
3743 673 3849 712 non

2265 745 2618 810 convertitur,
2670 753 2795 813 post
2825 743 2981 812 hujus
3011 745 3132 798 vitm
3179 743 3340 798 finem
3370 746 3656 800 tormentis
3683 746 3851 818 depu—

2265 836 2465 891 tabilur
2504 851 2621 906 qua:
2670 851 2777 890 non
2807 836 3006 890 habent
3044 834 3226 890 linem.
3260 835 3375 892 Hoc
3414 846 3595 892 autem
3627 838 3702 904 fit,
3738 856 3846 894 non

2263 926 2388 995 quia
2418 926 2518 980 iste
2543 926 2663 996 plus
2689 927 2932 996 peccavit
2952 942 3113 996 quam
3137 927 3224 982 ille
3245 928 3438 998 impius
3460 929 3552 997 qui
3575 928 3848 984 Christum

2263 1017 2477 1082 occidit,
2523 1017 2618 1072 sed
2662 1018 2783 1072 ideo
2832 1018 2923 1072 ille
2964 1027 3324 1086 consequetur
3361 1021 3523 1074 vitam
3564 1029 3847 1087 aeternam,

2261 1112 2386 1185 quia
2415 1109 2860 1180 omnipotentiam
2897 1110 3028 1165 boni
3055 1110 3246 1167 medici
3271 1126 3683 1180 recognoscens,
3714 1129 3852 1169 con-

2262 1214 2397 1270 gruo
2430 1211 2675 1273 tempore
2713 1204 2780 1257 ad
2808 1201 3398 1266 remedium.sanitatis
3443 1205 3702 1271 advenit;
3754 1205 3852 1260 ille

2262 1305 2442 1351 autem
2481 1305 2766 1368 propterea
2792 1306 2967 1352 morte
3013 1297 3406 1353 condemnatur
3449 1306 3672 1362 aeterna,
3719 1299 3851 1367 quia

2260 1389 2555 1458 desperans
2584 1389 3014 1444 benevolentiam
3043 1408 3056 1442 ε
3108 1398 3268 1459 atque
3297 1389 3370 1443 ita
3417 1405 3537 1444 cum
3567 1389 3684 1458 ejus
3711 1404 3850 1458 pee-

2260 1490 2438 1536 catum
2469 1489 2840 1550 comparatum
2889 1480 3143 1535 occisioni
3173 1479 3373 1535 Christi
3411 1480 3579 1534 levius
3633 1480 3841 1534 crimen

2258 1574 2658 1644 pronuntietur,
2713 1575 2827 1642 ipse
2857 1581 3037 1626 tamen
3067 1572 3120 1626 in
3144 1570 3337 1627 eodem
3366 1571 3571 1626 leviore
3611 1570 3842 1626 crimine

2258 1667 2428 1720 multo
2476 1666 2712 1720 deterius
2762 1665 3070 1720 invenitur:
3125 1665 3250 1734 quia
3293 1664 3418 1719 licet
3448 1679 3556 1718 non
3582 1663 3844 1719 occiderit

2258 1759 2553 1826 Christum,
2602 1759 2656 1812 in
2699 1774 2765 1813 eo
2798 1767 2976 1812 tamen
3016 1756 3254 1812 deterius
3295 1758 3541 1826 peccavit
3584 1772 3750 1825 quam
3797 1758 3842 1812 si

2185 1873 2230 1933 Β
2256 1850 2530 1906 Christum
2576 1850 2886 1914 occidisset,
2938 1849 2991 1902 in
3021 1863 3128 1916 quo
3177 1856 3387 1916 tempus
3434 1847 3670 1915 neglexit
3707 1861 3840 1900 con-

2257 1962 2446 2017 gruum
2488 1945 2632 2017 quod
2673 1953 2758 2000 est
2803 1943 3102 1998 remissioni
3132 1950 3474 2012 peccatorum
3515 1939 3694 1994 divina
3725 1940 3841 1993 lon-

2257 2040 2569 2109 ganimitate
2597 2053 2933 2094 concessum.
2965 2035 3040 2090 Ita
3071 2035 3412 2103 cognoscitur
3437 2048 3537 2088 nec
3564 2032 3840 2087 remissio-

2255 2143 2379 2184 nem
2409 2136 2754 2199 peccatorum
2783 2127 2921 2190 dari,
2950 2128 2995 2180 si
3022 2124 3336 2195 poenitentia
3380 2123 3433 2176 in
3459 2122 3566 2176 hoc
3595 2131 3836 2191 tempore

2255 2236 2364 2275 non
2406 2230 2596 2289 agatur
2623 2237 2638 2286 ;
2670 2235 2771 2275 nec
2800 2220 2853 2273 in
2883 2220 2987 2273 hoc
3015 2225 3259 2287 tempore
3299 2215 3666 2287 pmnitentiam
3707 2229 3828 2282 pro-

2253 2311 2432 2379 desse,
2456 2312 2500 2366 si
2527 2319 2869 2381 peccatorum
2911 2308 3158 2364 remissio
3188 2306 3504 2376 desperatur
3530 2324 3542 2358 :
3575 2305 3626 2359 in
3655 2304 3825 2358 futuro

2252 2419 2383 2458 vero
2406 2403 2604 2456 nullam
2647 2402 2801 2457 malis
2829 2400 3239 2456 conversionem
3273 2398 3523 2463 futuram,
3564 2405 3619 2451 et
3649 2396 3832 2449 talium

2253 2497 2623 2569 paenitentiam
2674 2495 2986 2551 continuam
3035 2493 3182 2556 fore,
3232 2491 3328 2547 sed
3380 2505 3627 2544 vacuam.
3689 2486 3832 2541 Sicut

2253 2589 2399 2644 enim
2429 2589 2508 2644 eis
2538 2602 2810 2656 nunquam
2840 2585 3087 2641 remissio
3114 2584 3346 2647 dabitur,
3378 2583 3455 2637 sic
3484 2595 3675 2636 eorum
3701 2593 3831 2633 nun-

2252 2695 2414 2750 quam
2435 2679 2747 2750 ptenitentia
2778 2677 3008 2732 finietur.
3050 2675 3335 2745 Negligunt
3362 2674 3504 2728 enim
3546 2681 3756 2740 tempus
3782 2671 3829 2724 in

2251 2787 2360 2841 quo
2387 2771 2704 2841 pmnitentia
2734 2770 3020 2825 salubriter
3065 2783 3097 2822 a
3135 2766 3505 2838 peccatoribus
3535 2764 3733 2831 agitur,
3781 2770 3830 2816 et

2253 2863 2306 2918 in
2335 2878 2443 2931 quo
2471 2872 2814 2932 peccatorum
2839 2861 3209 2916 remissionem
3237 2859 3412 2930 pietas
3459 2857 3640 2910 divina
3672 2855 3828 2922 largi-

2251 2961 2358 3008 tur.
2378 2953 2605 3024 Propter
2619 2954 2762 3016 quod
2776 2960 2830 3008 et
2847 2954 2958 3024 ipse
2975 2953 3228 3007 Dominus
3247 2951 3299 3005 in
3323 2947 3642 3018 Apocalypsi
3669 2944 3830 3000 Joan-

2251 3047 2334 3101 nis
2363 3045 2546 3101 ﬁdeles
2588 3061 2720 3103 suos
2767 3046 3074 3107 consolans,
3125 3052 3181 3099 et
3220 3042 3411 3111 iniquis
3442 3054 3656 3110 poenam
3689 3037 3826 3091 fulu-

2251 3154 2324 3193 ne
2371 3139 2665 3209 punitionis
2709 3139 3014 3201 intentans,
3061 3137 3136 3191 ita
3191 3135 3427 3203 loquitur
3470 3151 3483 3185 :
3519 3129 3618 3196 Qui
3659 3138 3826 3190 nocet,

2172 3239 2218 3300 ο
2251 3238 2430 3282 noceat
2479 3229 2695 3293 adhuc;
2764 3237 2813 3282 et
2859 3229 2945 3300 qui
2998 3228 3052 3281 in
3105 3225 3341 3280 sordibus
3395 3233 3510 3285 est,
3567 3220 3832 3275 sordescal

2252 3319 2457 3372 adhuc:
2491 3320 2666 3390 justus
2713 3327 2882 3372 autem
2927 3318 3094 3372 adhuc
3132 3317 3358 3388 justiora
3407 3317 3586 3387 faciat,
3629 3321 3676 3366 et
3715 3328 3831 3365 sau-

2247 3419 2358 3462 ctus
2403 3410 2686 3464 sanctiora.
2745 3407 2879 3463 Ecce
2929 3409 3074 3463 venio
3119 3409 3240 3473 cito,
3290 3415 3339 3460 et
3382 3421 3576 3460 merces
3597 3420 3710 3457 mea
3732 3419 3829 3456 me-

2247 3517 2360 3554 cum
2387 3510 2484 3562 est,
2526 3501 2738 3554 reddere
2766 3501 3041 3572 unicuique
3083 3499 3360 3555 secundum
3397 3500 3539 3569 facta
3565 3513 3681 3550 sua.
3717 3494 3826 3565 Ego

2243 3609 2356 3646 sum
2385 3593 2542 3660 alpha
2570 3600 2619 3646 et
2645 3609 2844 3663 omega,
2872 3592 3068 3662 primus
3102 3600 3153 3645 et
3191 3591 3518 3653 novissimus,
3547 3589 3751 3643 initium
3775 3594 3823 3638 et

2243 3687 2384 3756 ﬁnis.
2427 3684 2574 3739 Beati
2603 3687 2687 3757 qui
2727 3685 2960 3740 laverunt
3005 3685 3167 3740 stolas
3214 3701 3354 3748 suas,
3401 3693 3459 3736 ut
3504 3685 3574 3736 sit
3600 3689 3825 3751 potestas

2243 3797 2420 3834 eorum
2447 3781 2502 3834 in
2531 3780 2670 3851 ligno
2700 3780 2835 3840 vitm,
2859 3787 2907 3832 et
2931 3795 3021 3848 per
3049 3786 3226 3848 portas
3253 3779 3446 3830 intrent
3476 3776 3531 3828 in
3572 3776 3824 3828 civitatem

2242 3879 2477 3923 sanctam
2500 3885 2516 3922 :
2550 3871 2679 3940 {oris
2699 3877 2867 3923 autem
2892 3867 3224 3922 remanebunt
3246 3883 3421 3932 canes,
3445 3866 3689 3936 maleﬁci,
3721 3869 3828 3937 for-

2243 3959 2456 4023 nicarii,
2482 3967 2532 4012 et
2561 3959 2852 4024 homicidae,
2881 3968 2930 4014 et
2949 3959 3224 4015 servientes
3243 3957 3421 4021 idolis,
3458 3966 3506 4010 et
3547 3957 3715 4010 omnis
3736 3955 3826 4026 qui

2242 4060 2384 4104 amat
2405 4059 2454 4103 et
2473 4051 2598 4120 facit
2624 4051 2947 4104 mendacium
2971 4050 3153 4120 (Apoc.
3183 4065 3312 4113 xm,
3335 4048 3396 4102 ll
3427 4057 3474 4101 et
3494 4045 3650 4120 semp),
3671 4045 3816 4112 Quis,

2241 4155 2394 4209 rogo,
2427 4149 2534 4194 tam
2559 4140 2707 4195 durze
2729 4141 2899 4211 possit
2927 4139 3152 4195 cervicis
3179 4154 3320 4206 esse,
3363 4146 3455 4193 aut
3481 4139 3604 4207 quis
3639 4138 3712 4191 ita
3742 4137 3815 4190 in-

2239 4234 2585 4288 circumcisus
2629 4233 2792 4289 corde
2822 4232 3124 4303 reperiatur
3151 4241 3206 4286 et
3233 4231 3473 4298 auribus,
3523 4230 3616 4300 qui
3643 4228 3820 4284 verbis

2238 4322 2354 4377 istis
2383 4338 2489 4378 non
2521 4331 2807 4390 terreatur,
2832 4338 2938 4377 non
2971 4331 3372 4391 prosternatur,
3399 4336 3508 4376 non
3533 4328 3818 4375 converta-

2239 4415 2366 4468 tur?
2415 4411 2544 4479 Quis
2586 4429 2692 4467 non
2731 4413 2902 4466 ﬂeat?
2949 4411 3082 4478 Quis
3129 4427 3234 4466 non
3282 4411 3482 4465 intimis
3529 4409 3822 4466 visceribus

2238 4504 2618 4560 intremiscat?
2659 4503 2789 4571 Quis
2818 4520 2926 4558 non
2957 4505 3156 4558 timore
3180 4504 3320 4558 illius
3343 4503 3474 4572 justi
3517 4501 3704 4571 judicii
3753 4502 3818 4556 ad

2163 4619 2216 4678 D
2241 4599 2648 4652 conversionem
2680 4597 3025 4652 tremefactus
3057 4604 3328 4664 accurrat,
3353 4605 3414 4650 ut
3448 4595 3815 4651 remissionem

2239 4698 2589 4757 peccatorum
2619 4699 2675 4743 et
2717 4690 2944 4758 gratiam
2992 4697 3267 4759 perpetua:
3311 4689 3499 4743 salutis
3539 4687 3816 4742 inveniat?

2239 4781 2332 4836 Vae
2361 4782 2435 4836 illi
2465 4784 2553 4851 qui
2589 4792 2713 4837 ante
2739 4791 2948 4852 tempus
2978 4783 3251 4838 novissimi
3282 4782 3564 4836 ventilabri
3591 4798 3701 4838 non
3735 4781 3814 4836 fe-

2238 4873 2517 4929 stinaverit
2547 4890 2614 4929 ex
2645 4874 2798 4944 palea
2831 4875 3064 4929 triticum
3095 4875 3208 4928 fieri
3235 4875 3248 4926 !
3284 4873 3376 4928 Va:
3417 4874 3491 4929 illi
3519 4874 3633 4942 qui,
3662 4881 3810 4927 ante—

2237 4980 2398 5034 quam
2442 4967 2664 5020 veniant
2710 4981 2978 5022 messores
3006 4965 3180 5034 angeli
3210 4965 3278 5020 de
3306 4965 3483 5020 medio
3529 4963 3814 5019 frumento-

2236 5070 2353 5110 rum
2381 5056 2744 5112 comburenda
2775 5057 2979 5111 zizania
3006 5057 3287 5112 collecturi
3317 5055 3529 5125 (Matth.
3559 5070 3673 5121 xm,
3702 5053 3810 5122 59),

2234 5164 2342 5203 non
2365 5149 2633 5205 curaverit
2660 5165 2726 5204 ex
2754 5148 2974 5204 aizaniis
3014 5149 3066 5203 in
3097 5148 3362 5203 frumenta
3392 5147 3638 5202 converti
3662 5147 3675 5198 ι
3708 5145 3809 5200 Nec

2233 5255 2338 5309 que
2365 5242 2506 5295 enim
2541 5241 2734 5296 divinae
2762 5241 3054 5312 Scriptura:
3078 5241 3308 5311 benigna
3337 5239 3498 5296 debet
3539 5239 3808 5296 contemni

2231 5334 2474 5396 monitio,
2493 5347 2610 5402 qua:
2624 5333 2780 5388 nobis
2792 5342 2848 5388 et
2861 5334 3192 5389 celeritatem
3205 5333 3576 5389 conversionis
3590 5331 3810 5387 salubri-

2231 5431 2312 5480 ter
2327 5425 2572 5496 imperat,
2591 5435 2647 5481 et
2663 5426 2996 5482 tardantibus
3017 5429 3152 5482 iram
3171 5427 3402 5482 futuram
3416 5427 3661 5484 vindictae
3681 5426 3807 5483 divi-

2226 5529 2312 5570 na:
2331 5518 2687 5572 commendat.
2724 5516 2813 5573 Sic
2838 5519 2978 5573 enim
3001 5519 3154 5575 dicit:
3181 5517 3266 5573 Ne
3286 5519 3568 5574 tardaveris
3591 5517 3805 5574 converti

2226 5609 2296 5662 ad
2325 5608 2509 5675 Deum,
2543 5621 2592 5665 et
2613 5627 2676 5666 ne
2704 5612 2919 5681 di/Teras
2953 5613 3016 5666 de
3054 5613 3135 5667 die
3162 5615 3215 5666 in
3258 5614 3409 5678 diem,
3432 5630 3495 5667 ne
3523 5610 3686 5668 subito
3721 5628 3799 5664 ve-

2225 5701 2338 5756 niat
2358 5705 2436 5756 ira
2459 5721 2586 5774 ejus,
2613 5714 2661 5758 et
2689 5707 2740 5759 in
2767 5715 2988 5776 tempore
3004 5705 3240 5760 vindicat
3267 5704 3524 5773 disperde!
3553 5714 3599 5759 te
3620 5702 3796 5776 (Ecclt'.

2221 5809 2276 5861 v,
2311 5793 2385 5864 8).
