4108 6498
278 349 393 408 569
1275 360 1358 414 DE
1397 362 1798 419 REMISSIONE
1837 365 2298 426 PECCATOBUM
2331 370 2454 426 LIB.
2495 372 2558 426 ll.
3455 378 3558 434 570

765 468 921 541 ἀοι
953 470 1178 524 CAPUT
1214 471 1394 526 xvm.
1894 481 1944 537 Α

1894 481 1944 537 Α
2468 483 2627 556 [.02
2657 482 2883 540 CAPUT
2913 485 3052 542 χιχ.

359 551 429 609 Ut
454 564 645 646 autem
690 554 897 639 plenius
943 576 1294 630 agnoscamus
1333 565 1612 632 prmsentis
1659 575 1865 622 tantum
2040 569 2290 641 Quisquis
2319 551 2513 628 autem
2528 551 2708 644 potest
2756 576 2998 632 invenire
3033 578 3086 632 in
3127 576 3418 646 Evangelio
3459 590 3556 635 aut

272 645 468 740 saeculi
497 655 707 718 tempus
735 649 980 705 humana:
1008 653 1347 708 conversioni
1369 669 1715 725 concessum,
1748 659 1867 713 illos
1968 659 2198 729 docere,
2247 673 2370 733 post
2399 666 2559 720 linem
2589 667 2695 722 diei
2726 670 3021 738 quemlibet
3049 645 3358 740 operarium
3383 688 3550 728 voca-

273 734 628 830 attendamus
675 741 952 808 operarios
990 756 1126 810 quos
1163 741 1422 798 Dominus
1449 747 1662 800 vocavit
1689 747 1755 802 ad
1785 749 1865 803 vi—
1968 756 2082 804 tum
2115 751 2183 805 ad
2227 753 2460 820 vineam,
2493 755 2654 824 digne
2679 734 2860 826 speret
2886 767 2942 812 et
2969 734 3268 814 certissime
3295 761 3552 830 prazdicet

273 839 439 879 neam
467 826 681 897 (Matth.
717 845 808 897 xx,
839 831 917 900 6).
950 831 1190 898 Quorum
1239 836 1579 891 vocationem
1626 838 1754 894 licet
1781 841 1856 896 di-
1967 839 2190 894 cuilibet
2211 840 2394 911 iniquo
2423 845 2513 913 qui
2538 845 2592 900 in
2620 847 2870 915 praesenti
2892 849 3088 904 smculo
3109 826 3408 906 conversus
3438 868 3548 908 non

272 919 452 972 versis
474 919 621 973 horis
650 922 819 988 egerit
849 922 944 993 (al.
977 923 1227 995 egerint),
1263 926 1394 980 hora
1432 935 1613 984 tamen
1643 931 1864 987 undeci-
1965 925 2156 994 fuerit,
2187 928 2497 987 facultatem
2527 935 2654 990 boni
2691 938 2871 1006 operis
2901 948 2993 994 aut
3020 940 3247 1008 gratiam
3275 943 3552 999 remissio-

272 1023 389 1074 tna,
436 1009 540 1065 hoc
576 1019 660 1064 est
707 1020 831 1067 ante
875 1012 1035 1068 ﬁnem
1065 1014 1171 1069 diei
1192 1019 1600 1072 consummavit.
1656 1018 1715 1074 In
1758 1021 1862 1077 illis
1962 1017 2048 1070 nis
2075 1015 2236 1072 futuri
2264 1021 2442 1075 saeculi
2473 1029 2717 1092 tempore
2755 1027 3173 1082 concedendam.
3215 1029 3348 1085 ltem
3395 1032 3546 1101 quis—

268 1111 461 1158 autem
488 1104 636 1160 horis
662 1105 856 1172 quibus
883 1107 1060 1161 vocati
1089 1116 1212 1162 sunt
1239 1110 1492 1177 operarii,
1526 1124 1860 1179 cognoscun-
1962 1107 2083 1177 quis
2116 1107 2416 1164 ostenderit
2451 1112 2671 1168 cuilibet
2699 1114 2766 1168 ad
2795 1119 3163 1186 operationem
3193 1121 3360 1175 vinea:
3381 1121 3549 1177 domi-

271 1202 369 1247 tur
393 1194 572 1248 mundi
604 1193 759 1263 hujus
782 1205 987 1262 aetates,
1019 1197 1214 1266 quibus
1241 1198 1382 1254 Deus
1410 1199 1478 1254 ad
1506 1215 1640 1269 opus
1661 1203 1860 1258 bonum
1963 1198 2096 1253 nica?
2142 1209 2268 1256 ante
2312 1201 2475 1257 ﬁnem
2522 1204 2630 1260 diei
2676 1222 2784 1262 non
2828 1218 3022 1264 vocato
3068 1211 3345 1266 denarium
3389 1214 3544 1284 jussu

273 1286 489 1339 vocavit
516 1299 654 1353 quos
698 1286 766 1340 ad
814 1301 874 1341 se
902 1288 1136 1356 gratuita
1162 1287 1543 1357 justiﬁcatione
1569 1294 1854 1348 convertit.
1960 1288 2172 1346 Domini
2219 1292 2440 1360 datum,
2503 1295 2662 1364 digne
2713 1312 3055 1368 congrueque
3101 1309 3281 1370 speret
3320 1304 3543 1359 cuilibet

271 1377 555 1447 Accipitur
601 1377 742 1430 enim
796 1393 954 1434 mane
1002 1379 1161 1448 hujus
1206 1379 1312 1434 diei
1360 1381 1427 1435 ab
1474 1381 1624 1437 initio
1675 1385 1858 1440 mundi
1960 1387 2086 1434 ante
2132 1380 2290 1435 linem
2339 1384 2620 1450 prmsentis
2665 1385 2789 1439 Vita!
2849 1401 2955 1440 non
3005 1403 3268 1444 converso
3316 1406 3541 1461 regnum

271 1484 448 1538 usque
476 1467 542 1521 ad
566 1467 823 1522 diluvium
849 1486 862 1534 ;
896 1471 1068 1524 tertiae
1106 1471 1252 1525 bone
1290 1471 1487 1541 quippe
1519 1475 1729 1529 vocatio
1760 1474 1858 1531 fuit
1960 1471 2218 1527 cmlorum
2243 1472 2490 1542 largitate
2519 1473 2733 1529 Domini
2761 1475 3162 1532 conferendum.
3187 1477 3244 1532 Si
3269 1495 3398 1534 vero
3422 1480 3542 1537 illos

267 1580 300 1616 a
327 1563 529 1620 diluvio
579 1581 746 1637 usque
776 1568 841 1621 ad
872 1567 1175 1634 Abraham;
1219 1577 1385 1623 sexta:
1431 1569 1578 1624 hora:
1615 1571 1851 1636 vocatio,
1957 1578 2095 1632 quos
2119 1564 2296 1618 diumi
2325 1566 2505 1635 ορθτίε
2527 1566 2580 1620 in
2604 1567 2760 1621 Vinea
2788 1565 2908 1637 Pius
2936 1568 3088 1622 labor
3111 1571 3369 1637 ειθτευίῑν
3395 1571 3540 1641 ipsos

267 1655 342 1708 ab
372 1655 640 1710 Abraham
673 1672 841 1726 usque
887 1656 956 1711 ad
987 1658 1193 1724 David;
1237 1675 1266 1713 α
1309 1659 1477 1714 David
1512 1675 1640 1715 νει-ο
1686 1675 1855 1730 usque
1959 1662 2163 1709 tantum
2192 1664 2315 1726 post
2343 1655 2503 1713 ﬁnem
2533 1657 2638 1713 diei
2663 1657 2870 1713 denarii
2899 1673 3107 1714 merces
3134 1662 3345 1730 excepit
3374 1678 3536 1727 ;snos

266 1744 343 1798 ad
387 1747 910 1815 transmigrationem
952 1749 1137 1818 populi
1188 1751 1242 1804 in
1287 1749 1665 1821 Babyloniam,
1718 1751 1853 1806 hora
1956 1760 2172 1815 quoque
2199 1747 2244 1802 si
2273 1746 2338 1801 ad
2367 1747 2647 1802 denarium
2671 1757 2886 1804 aeternae
2917 1750 3036 1805 vitm
3076 1753 3358 1820 pervenire
3384 1752 3538 1808 volu-

264 1851 414 1891 nona
443 1838 710 1907 completa
752 1847 871 1904 est;
913 1840 1109 1894 deinde
1152 1840 1286 1894 hora
1316 1839 1602 1896 undecima
1651 1841 1751 1896 fuit
1797 1844 1850 1898 in
1884 1851 1930 1911 Β
1955 1849 2096 1904 mus,
2127 1837 2178 1891 in
2195 1837 2353 1892 Vinea
2367 1837 2643 1894 Dominica
2664 1840 2913 1910 Ρΐωεεηῑί
2937 1849 3179 1911 tempore
3201 1842 3534 1910 laboremus;

265 1929 448 1996 primo
475 1929 707 1984 adventu
735 1929 954 1998 Christi,
1001 1947 1108 2001 quo
1156 1932 1301 1987 venit
1348 1932 1562 1988 humilis
1607 1934 1660 1988 in
1689 1950 1852 1990 carne

1957 1943 2058 1984 nec
2085 1939 2494 1987 contemnamus
2520 1931 2804 2002 imperium
2830 1934 3107 1998 vocantis,
3140 1935 3185 1989 si
3230 1935 3477 1990 nolumus
3505 1950 3534 1989 a

265 2022 504 2087 mortali,
537 2023 589 2077 in
621 2038 726 2092 qua
758 2040 858 2093 pro
888 2033 1110 2094 peccato
1133 2025 1315 2080 mundi
1355 2025 1604 2093 dignatus
1633 2035 1716 2081 est
1745 2027 1848 2082 im-
1953 2019 2203 2088 largitate
2233 2020 2626 2076 remunerantis
2653 2021 2886 2080 excludi.
2925 2020 3027 2088 Qui
3055 2023 3194 2077 enim
3226 2033 3350 2078 ante
3373 2023 3533 2079 ﬁnem

264 2111 514 2166 mortalis
533 2112 723 2168 occidi.
750 2112 874 2168 Hinc
893 2121 977 2168 est
996 2115 1364 2183 operariorum
1387 2124 1658 2184 postrema
1687 2131 1850 2171 voca-
1953 2111 2060 2166 diei
2106 2127 2212 2166 non
2246 2120 2504 2182 operatur
2536 2112 2589 2166 in
2618 2113 2796 2179 vinea,
2851 2111 3001 2168 ﬁnito
3049 2113 3136 2168 die
3183 2129 3291 2168 non
3335 2115 3534 2184 poterit

263 2200 367 2265 tio,
399 2216 515 2270 qua:
538 2217 678 2256 nunc
699 2203 874 2272 agitur
894 2218 1062 2273 usque
1082 2204 1148 2258 ad
1171 2205 1449 2274 praesentis
1470 2205 1647 2260 szeculi
1668 2203 1847 2270 ﬁnem,
1951 2199 2232 2257 denarium
2263 2203 2506 2273 accipere
2532 2221 2544 2257 :
2577 2203 2701 2272 quia
2729 2212 2857 2259 tunc
2885 2218 2992 2258 non
3022 2203 3124 2258 erit
3152 2211 3381 2274 tempus,
3411 2221 3533 2260 cum

265 2291 324 2346 id
348 2299 432 2346 est
477 2293 544 2347 ab
572 2293 805 2348 adventu
835 2293 1153 2350 humilitatis
1200 2293 1318 2364 ejus
1348 2311 1516 2366 usque
1544 2296 1612 2350 ad
1650 2295 1850 2351 adven-
1953 2295 2320 2363 unusquisque
2371 2294 2440 2349 ad
2493 2295 2865 2364 operationem
2913 2295 3083 2349 vineae
3113 2281 3535 2352 misericorditér

268 2394 384 2438 tum
412 2383 744 2440 celsitudinis
770 2402 785 2451 ;
835 2385 902 2439 ab
930 2384 1162 2440 adventu
1185 2401 1293 2455 quo
1322 2386 1495 2441 bonus
1535 2387 1685 2441 venit
1705 2385 1849 2455 judi-
1954 2395 2199 2452 vocetur,
2230 2387 2325 2442 sed
2367 2403 2476 2458 quo
2505 2402 2712 2442 merces
2740 2388 3011 2458 praeterita
3041 2388 3358 2457 operatione
3380 2388 3536 2458 (forte

266 2473 525 2528 candusa
555 2475 730 2536 malis,
781 2482 839 2528 ut
863 2474 1289 2530 misericorditer
1337 2476 1406 2531 de
1449 2477 1606 2531 malis
1651 2477 1853 2532 faceret
1951 2479 2237 2549 prteterita:
2259 2477 2582 2550 operationi)
2623 2479 2897 2533 reddatur.
2957 2478 3077 2533 Non
3125 2492 3256 2548 ergo
3305 2478 3379 2532 ibi
3427 2479 3531 2534 erit

264 2563 460 2626 bonos,
493 2579 661 2632 usque
691 2565 758 2618 ad
787 2564 1078 2644 adventum
1103 2581 1212 2635 quo
1235 2566 1379 2635 juste
1407 2567 1741 2636 judicaturus
1768 2575 1851 2623 est
1951 2571 2040 2641 pia
2086 2571 2319 2635 vocatio,
2369 2571 2464 2627 sed
2497 2570 2644 2639 justa
2692 2571 2943 2626 redditio.
2998 2568 3092 2625 lrle
3135 2569 3386 2624 denarius
3434 2584 3534 2625 nec

262 2664 322 2710 et
349 2654 522 2707 malos
558 2661 614 2708 et
640 2655 848 2721 bonos;
881 2655 950 2709 ab
980 2655 1214 2711 adventu
1243 2657 1343 2727 pia:
1377 2659 1725 2722 remissionis,
1758 2673 1850 2713 us-
1951 2662 2129 2718 otioso
2157 2662 2391 2727 dabitur,
2416 2677 2518 2718 nec
2554 2663 2604 2717 ei
2632 2663 2724 2731 qui
2753 2671 2908 2717 extra
2937 2662 3150 2717 vineam
3176 2662 3307 2718 foris
3335 2678 3532 2732 opera-

262 2761 374 2815 que
417 2745 485 2800 ad
513 2747 799 2801 adventum
839 2746 996 2816 justae
1044 2749 1451 2814 retributionis;
1503 2751 1571 2804 ab
1616 2750 1849 2806 adventu
1950 2761 2057 2807 tur.
2091 2753 2307 2809 Otiosus
2335 2761 2418 2808 est
2439 2763 2618 2809 autem
2647 2754 2948 2810 catholicus
2987 2755 3079 2824 qui
3109 2770 3216 2809 non
3263 2755 3372 2809 vult
3397 2756 3533 2811 bene

264 2852 375 2905 quo
403 2853 473 2891 ex
503 2838 679 2893 usuris
725 2847 781 2893 et
810 2839 1181 2908 iniquitatibus
1211 2840 1460 2895 liberavit
1485 2840 1692 2896 animas
1716 2857 1851 2912 pau-
1949 2843 2165 2912 operari
2191 2860 2203 2895 :
2254 2841 2390 2906 Quia
2417 2843 2545 2914 ﬁdes
2575 2845 2687 2898 sine
2725 2845 2994 2914 operibus,
3027 2845 3201 2900 otiosa
3244 2851 3298 2900 et
3328 2854 3532 2899 mortua

266 2949 456 3003 perum
488 2933 660 3005 (Psal.
695 2950 841 3001 Lm,
875 2934 983 3004 14),
1016 2950 1188 3004 usque
1217 2936 1286 2990 ad
1316 2935 1604 2992 adventum
1625 2953 1734 3008 quo
1762 2952 1853 2993 ve-
1948 2945 2026 2991 εει
2055 2938 2110 2991 in
2138 2938 2411 3006 semetipsa
2445 2935 2582 3008 (Jac.
2612 2951 2668 3000 ιι,
2701 2935 2813 3006 l7).
2844 2935 3007 2991 Extra
3040 2938 3250 2993 vineam
3285 2953 3414 2992 vero
3443 2938 3532 2992 ille

266 3025 379 3080 niet
405 3041 525 3080 cum
565 3026 740 3081 usuris
776 3026 993 3095 exigere
1031 3027 1315 3097 pecuniam
1363 3043 1534 3094 suam,
1585 3044 1614 3082 a
1655 3029 1849 3099 quibus
1949 3035 2228 3099 operatur,
2254 3028 2344 3097 qui
2374 3027 2698 3082 constitutus
2727 3027 2780 3080 in
2809 3027 3050 3096 qualibet
3095 3027 3306 3092 haeresi,
3354 3028 3529 3083 bono-

264 3134 385 3173 eam
415 3119 678 3174 invenerit
712 3129 1084 3191 consumptam
1104 3161 1118 3186 ,
1172 3132 1265 3176 aut
1291 3123 1438 3177 nullo
1484 3123 1613 3178 boni
1661 3124 1845 3192 operis
1947 3138 2066 3177 rum
2096 3120 2310 3192 quidem
2340 3135 2563 3191 operum
2585 3121 2722 3189 gerit
2744 3120 2996 3186 studium,
3020 3120 3114 3176 sed
3137 3120 3250 3190 ipse
3272 3120 3372 3174 sibi
3392 3119 3532 3175 male

263 3211 442 3268 studio
490 3212 816 3282 duplicatam
848 3213 1062 3282 (Matth.
1113 3229 1241 3281 xxv,
1287 3213 1396 3284 27).
1453 3213 1578 3270 Haec
1601 3223 1684 3269 est
1711 3215 1842 3269 hora
1873 3219 1917 3280 C
1948 3211 2219 3267 credendo
2255 3211 2486 3281 denegat
2513 3211 2828 3275 salvationis
2873 3209 3144 3266 effectum.
3198 3211 3336 3266 Dicit
3384 3211 3528 3266 enim

263 3319 423 3373 quam
444 3304 790 3359 novissimam
809 3305 999 3361 beatus
1018 3303 1258 3360 Joannes
1292 3305 1560 3375 appellat:
1605 3305 1840 3372 Pueruli,
1947 3303 2138 3358 beatus
2169 3301 2364 3358 Paulus
2391 3302 2689 3372 apostolus,
2718 3302 2840 3374 quia
2867 3319 3016 3356 omne
3037 3302 3175 3374 quod
3214 3319 3317 3357 non
3356 3313 3432 3357 est
3463 3316 3530 3356 es

265 3398 541 3451 novissima
570 3397 698 3451 hora
739 3407 814 3453 cst
862 3397 918 3469 (Ι
944 3397 1103 3452 Joau.
1137 3416 1194 3464 ιι,
1228 3399 1338 3470 18).
1384 3399 1513 3455 Post
1557 3400 1716 3470 hujus
1745 3402 1844 3457 ho-

1946 3397 2069 3467 ﬁde,
2100 3406 2364 3468 peccatum
2384 3407 2460 3452 est
2489 3397 2667 3468 (Rom.
2698 3414 2807 3463 nv,
2831 3396 2920 3467 25)
2947 3415 2961 3463 ;
3014 3407 3107 3454 et:
3147 3399 3276 3453 Siue
3301 3383 3410 3470 ﬁde
3433 3401 3530 3454 int-

263 3500 337 3541 ra:
363 3487 879 3543 consummationem
909 3503 1019 3543 non
1066 3488 1134 3544 ad
1170 3490 1383 3544 vineam
1427 3491 1686 3547 Dominus
1714 3507 1844 3562 ope-
1945 3487 2189 3558 possibile
2215 3495 2291 3541 est
2310 3488 2513 3559 placere
2534 3487 2644 3544 Deo
2673 3488 2861 3562 (Ilebr.
2885 3505 2960 3555 ιι,
2990 3487 3065 3561 6).
3103 3488 3341 3559 Uterque
3369 3491 3531 3558 igitur

263 3579 438 3633 rarios
465 3587 640 3644 vocat,
671 3579 767 3633 sed
794 3580 977 3634 veniet
1017 3588 1076 3634 ut
1103 3581 1390 3650 unicuique
1430 3583 1733 3638 mercedem
1762 3583 1844 3637 sui
1945 3578 2047 3634 sibi
2088 3580 2278 3634 adimit
2333 3579 2633 3647 denarium,
2685 3588 2913 3649 uterque
2960 3596 3020 3636 se
3060 3581 3128 3635 ab
3156 3581 3530 3651 operariorum

262 3667 444 3738 operis
471 3668 679 3733 reddat,
707 3669 847 3724 sicut
872 3669 986 3738 ipse
1012 3671 1124 3724 ait:
1157 3670 1291 3725 Ecce
1309 3673 1454 3726 venio
1476 3675 1598 3734 cito,
1627 3682 1676 3726 et
1704 3691 1844 3728 mer-
1946 3673 2225 3727 consortio
2271 3672 2438 3728 efﬁcit
2466 3674 2699 3728 alienum
2745 3692 2758 3726 :
2792 3673 2893 3729 iste
2943 3673 3159 3742 quidem
3213 3674 3338 3742 quia
3388 3674 3529 3727 intra

263 3777 348 3815 ce:
376 3777 492 3820 mea
518 3778 715 3816 mecum
753 3770 830 3816 est
872 3761 1056 3833 (Apoc.
1102 3779 1232 3829 ιλιι,
1267 3762 1376 3832 12).
1432 3763 1527 3818 Ille
1570 3765 1671 3818 sibi
1713 3780 1844 3835 ergo
1945 3761 2163 3818 vineam
2201 3763 2530 3819 dominicam
2591 3764 2917 3818 constitutus
2969 3764 3140 3818 noluit
3185 3780 3306 3819 esse
3351 3764 3530 3819 studio

265 3860 446 3922 speret
491 3853 686 3908 divina:
734 3855 1107 3910 retributionis
1152 3855 1429 3910 denarium
1477 3857 1841 3926 tribuendum,
1947 3855 2280 3924 operationis
2326 3863 2605 3918 attentus;
2649 3854 2737 3908 ille
2769 3869 2897 3909 vero
2925 3855 3051 3923 quia
3098 3853 3227 3909 foris
3274 3863 3530 3924 operatus

264 3943 354 4012 qui
381 3950 668 4013 antequam
691 3944 806 4000 dies
833 3945 1116 4014 pnesentis
1142 3946 1322 4000 szeculi
1368 3945 1603 4011 ﬁniatur,
1654 3949 1708 4002 in
1754 3948 1848 4004 do-
1947 3945 2202 4014 estquod
2245 3952 2371 3998 ante
2401 3943 2560 3998 ﬁnem
2605 3944 2712 3999 diei
2761 3945 2898 3999 intra
2945 3945 3156 3999 vineam
3208 3945 3531 3999 dominicam

265 4034 459 4095 ininica
509 4035 664 4089 vinea
711 4034 1050 4091 laudabiliter
1094 4045 1350 4107 operatur
1381 4047 1427 4092 ε.
1468 4037 1652 4107 Neque
1697 4039 1845 4094 enim
1945 4037 2132 4092 debuit
2158 4036 2391 4106 operari.
2426 4033 2502 4089 Ae
2529 4049 2626 4104 per
2654 4034 2759 4089 hoc
2789 4035 2897 4097 ille,
2929 4034 3052 4104 quia
3084 4049 3190 4087 non
3224 4043 3307 4088 est
3335 4048 3532 4102 opera-

267 4125 408 4180 aliud
436 4133 521 4181 est
563 4126 652 4180 illa
679 4128 947 4197 operatio,
981 4128 1081 4183 nisi
1127 4129 1304 4184 cordis
1350 4145 1475 4186 vera
1519 4132 1840 4188 conversio:
1946 4135 2035 4183 tus
2063 4126 2204 4181 unde
2244 4125 2440 4180 salvari
2471 4125 2681 4194 possit;
2733 4124 2823 4179 ille
2865 4115 3078 4188 autem,
3131 4123 3254 4194 quia
3307 4138 3414 4177 non
3459 4122 3530 4178 ibi

267 4216 355 4272 ille
392 4232 521 4272 vero
547 4218 687 4273 sicut
729 4227 946 4290 oportet
974 4221 1042 4275 ad
1073 4221 1242 4275 Deum
1291 4223 1626 4278 convertitur
1652 4225 1707 4279 in
1734 4239 1844 4294 quo
1945 4225 2200 4287 operatus
2223 4222 2328 4279 est,
2359 4215 2448 4269 ubi
2473 4213 2675 4269 donum
2704 4213 2891 4268 salutis
2919 4215 3186 4283 acciperet
3211 4230 3223 4266 :
3256 4220 3310 4267 et
3333 4211 3532 4269 ideirco

272 4315 367 4371 est,
415 4307 555 4362 sicut
583 4307 875 4378 Apostolus
919 4309 1068 4377 dicit,
1101 4309 1233 4366 ﬁdes
1259 4325 1379 4380 quae
1426 4327 1523 4382 per
1562 4313 1843 4370 caritatem
1942 4308 2096 4382 ﬁnito
2125 4309 2211 4364 die
2256 4322 2356 4362 nec
2385 4306 2474 4362 ille
2499 4307 2565 4360 ad
2593 4307 2804 4360 vineam
2849 4307 3048 4360 intrare
3081 4304 3426 4374 permittitur,
3478 4313 3534 4358 et

265 4403 536 4465 operatur.
573 4395 667 4453 llla
697 4414 911 4468 quoque
938 4398 1192 4456 horarum
1223 4394 1506 4459 diversitas
1526 4403 1686 4473 digne
1707 4405 1846 4461 acci-
1944 4394 2023 4456 i'lli
2051 4399 2276 4457 facultas
2302 4401 2456 4456 bona:
2482 4399 2813 4470 operationis
2855 4397 3130 4464 aufertur;
3179 4398 3304 4468 quia
3334 4397 3529 4453 catho-

266 4488 475 4557 piatur,
531 4490 672 4544 sicut
717 4491 963 4560 superius
1013 4493 1327 4562 posuimus,
1394 4503 1612 4549 aetatum
1659 4496 1842 4552 mundi
1945 4491 2081 4548 licus
2144 4491 2364 4561 quidem
2423 4491 2599 4545 malus
2657 4492 2711 4545 in
2769 4492 3019 4546 convivio
3061 4491 3274 4545 Domini
3325 4500 3530 4545 vestem

265 4578 555 4636 distinctio.
597 4581 714 4637 Non
759 4592 937 4637 tamen
984 4584 1276 4652 incongrue
1324 4601 1609 4656 possumus
1655 4588 1708 4642 in
1739 4588 1840 4644 hac
1867 4599 1922 4660 υ
1945 4583 2236 4654 nuptialem
2265 4599 2374 4638 non
2397 4583 2584 4637 habuit
2607 4582 2772 4654 (quod
2803 4581 3000 4636 Paulus
3025 4582 3266 4636 fidelibus
3309 4582 3526 4635 intimat

265 4669 517 4726 horarum
567 4670 879 4728 diversitate
925 4674 1086 4728 etiam
1140 4676 1555 4748 uniuscujusque
1602 4678 1838 4736 hominis
1941 4676 2364 4744 formidandum,
2389 4676 2612 4731 dicens:
2651 4674 2711 4730 Si
2733 4685 2901 4730 tamen
2930 4677 3118 4740 vestiti,
3153 4692 3256 4729 non
3288 4675 3415 4729 nudi
3444 4675 3530 4727 in—

263 4772 448 4820 :etates
497 4765 792 4835 accipere:
835 4774 896 4820 ut
954 4782 1114 4822 mane
1163 4768 1233 4822 sit
1279 4769 1512 4825 hominis
1564 4785 1844 4840 quousque
1941 4767 2206 4821 ueniamur
2243 4764 2332 4836 (II
2360 4764 2480 4820 Cor.
2511 4782 2565 4830 v,
2598 4764 2693 4836 5):
2749 4765 3033 4821 [hereticus
3081 4781 3211 4822 vero
3259 4765 3328 4820 ad
3357 4765 3530 4836 ipsum

271 4855 486 4911 ﬁniatur
533 4857 794 4921 infantia,
853 4857 1046 4912 deinde
1075 4859 1316 4928 pueritiae
1347 4861 1467 4914 linis
1508 4867 1847 4916 consummet
1946 4857 2253 4912 convivium
2300 4865 2544 4925 tempore
2592 4856 2909 4926 acceptabili
2957 4856 3140 4911 venire
3185 4857 3528 4926 contempsit.

265 4949 476 5004 tertiam
501 4991 518 5016 ,
557 4949 932 5005 adolescentia:
957 4951 1219 5006 terminus
1241 4959 1462 5021 peragat
1483 4959 1692 5006 sextam
1712 4991 1729 5017 ,
1755 4952 1844 5020 ju—
1945 4946 2016 5002 Et
2045 4947 2166 5002 ideo
2194 4947 2284 5001 ille
2312 4946 2654 5017 projicietur,
2692 4955 2750 5002 et
2797 4948 2872 5001 illi
2917 4945 3143 5004 facultas
3194 4945 3529 5016 ingrediendi

265 5045 499 5100 ventutis
545 5045 937 5100 consummatio
984 5044 1228 5115 perﬁciat
1276 5060 1474 5100 nonam
1500 5084 1515 5109 ,
1565 5045 1842 5113 gravitatis
1947 5054 2055 5094 non
2083 5038 2316 5093 dabitur.
2369 5037 2520 5092 Nune
2556 5037 2738 5105 itaque
2769 5045 2980 5106 tempus
3021 5045 3079 5091 ut
3108 5038 3260 5107 palea
3293 5044 3528 5091 mutetur

266 5153 454 5192 cursus
499 5146 723 5208 peragat
766 5138 1104 5194 undecimam
1131 5180 1144 5204 ,
1196 5145 1251 5193 et
1291 5136 1544 5206 deinceps
1594 5145 1842 5192 senectus
1947 5130 2001 5184 in
2031 5128 2267 5183 triticum
2297 5144 2310 5193 ;
2343 5143 2485 5182 nunc
2513 5135 2724 5197 tempus
2771 5135 2830 5180 ut
2868 5126 3043 5180 omnis
3075 5126 3284 5195 iniquus
3314 5123 3528 5177 festinet

265 5229 488 5285 tendens
525 5229 594 5285 ad
627 5229 942 5295 terminum,
995 5231 1162 5285 totius
1210 5229 1317 5285 diei
1356 5229 1638 5296 consignet
1681 5243 1839 5283 occa-
1945 5240 2014 5280 ex
2059 5223 2278 5279 zizaniis
2323 5222 2559 5277 triticum
2609 5222 2759 5286 ﬁeri,
2810 5223 2853 5277 si
2901 5237 3007 5276 non
3035 5221 3148 5275 vult
3177 5219 3526 5288 inexstingui-

267 5333 404 5375 sum.
469 5318 524 5374 ln
584 5333 905 5388 quacunque
970 5319 1131 5387 igitur
1175 5319 1298 5374 vitae
1346 5317 1626 5387 praesentis
1683 5323 1841 5372 aetate
1947 5317 2070 5372 bilis
2098 5315 2235 5384 ignis
2254 5314 2557 5370 aeternitate
2578 5313 2842 5370 comburi.
2874 5312 2931 5368 Si
2966 5313 3086 5382 quis
3115 5311 3258 5365 enim
3291 5325 3524 5381 przesen-

266 5409 437 5464 omnis
459 5410 674 5480 iniquus
707 5417 802 5463 aut
829 5409 1026 5478 impius
1060 5418 1175 5464 toto
1215 5409 1379 5466 corde
1407 5407 1568 5464 fuerit
1616 5422 1839 5463 conver—
1951 5408 2018 5463 tis
2045 5405 2305 5477 temporis
2345 5405 2572 5475 gratiam
2623 5419 2910 5474 respuens,
2958 5419 3066 5473 quo
3112 5403 3370 5458 Dominus
3417 5417 3520 5456 non

267 5518 353 5560 sus
379 5502 446 5556 ad
476 5503 662 5566 Deum,
697 5501 880 5556 statim
917 5503 1311 5570 prmteritorum
1360 5501 1598 5559 omnium
1647 5502 1838 5554 remis-
1947 5498 2014 5554 ad
2032 5495 2370 5568 iudicandos,
2421 5495 2515 5552 sed
2552 5495 2619 5550 ad
2648 5494 2933 5551 salvandos
2981 5503 3291 5564 peccatores
3341 5493 3521 5548 venire

267 5595 468 5651 sionem
496 5593 722 5663 accipiet
743 5601 1110 5663 peccatorum.
1167 5587 1170 5590 ’
1948 5591 2196 5658 dignatus
2231 5597 2330 5652 est,
2377 5589 2426 5643 in
2459 5589 2568 5643 suis
2599 5587 2887 5642 crediderit
2914 5588 3281 5657 iniquitatibus
3312 5601 3520 5658 perma-

335 5833 358 5872 δ
390 5831 516 5905 ριιω
538 5842 832 5905 sequuntur
853 5833 917 5889 ad
942 5833 1051 5890 lucc
1074 5840 1248 5922 verba,
1287 5841 1395 5900 Illa
1419 5850 1627 5907 quoque,
1661 5832 1935 5888 habuimus
1965 5847 2030 5888 ex
2058 5848 2184 5887 mss.
2217 5831 2445 5888 duobus.
2474 5830 2673 5887 Absunt
2706 5846 2834 5888 vero
2865 5831 2930 5887 ab
2955 5833 3182 5890 excusis.
