  <div class='ocr_page' id='page_1' title='image "/cluster/home/n/w/nwhite01/storage/ocr_20150623/65/hvd.32044015469315/293.png"; bbox 0 0 4108 6462; ppageno 0'>
   <div class='ocr_carea' id='block_1_1' title="bbox 604 379 701 434">
    <p class='ocr_par' dir='ltr' id='par_1_1' title="bbox 604 379 701 434">
     <span class='ocr_line' id='line_1_1' title="bbox 604 379 701 434; baseline 0.01 -1"><span class='ocrx_word' id='word_1_1' title='bbox 604 379 701 434; x_wconf 78' lang='grc'><strong>571</strong></span> 
     </span>
    </p>
   </div>
   <div class='ocr_carea' id='block_1_2' title="bbox 601 491 2261 555">
    <p class='ocr_par' dir='ltr' id='par_1_2' title="bbox 601 491 2261 555">
     <span class='ocr_line' id='line_1_2' title="bbox 601 491 2261 555; baseline -0.002 -7"><span class='ocrx_word' id='word_1_2' title='bbox 601 492 855 555; x_wconf 88' lang='lat' dir='ltr'><strong>nendum,</strong></span> <span class='ocrx_word' id='word_1_3' title='bbox 903 491 1103 545; x_wconf 80' lang='lat' dir='ltr'><strong>nullam</strong></span> <span class='ocrx_word' id='word_1_4' title='bbox 1153 491 1388 546; x_wconf 79' lang='lat' dir='ltr'><strong>inveniet</strong></span> <span class='ocrx_word' id='word_1_5' title='bbox 1425 491 1847 545; x_wconf 84' lang='lat' dir='ltr'><strong>misericordiam</strong></span> <span class='ocrx_word' id='word_1_6' title='bbox 1899 491 1953 545; x_wconf 92' lang='lat' dir='ltr'><strong>in</strong></span> <span class='ocrx_word' id='word_1_7' title='bbox 2002 491 2185 545; x_wconf 82' lang='lat' dir='ltr'><strong>futuro</strong></span> <span class='ocrx_word' id='word_1_8' title='bbox 2215 493 2261 551; x_wconf 81' lang='grc' dir='ltr'><strong>Α</strong></span> 
     </span>
    </p>
   </div>
   <div class='ocr_carea' id='block_1_3' title="bbox 599 580 2184 651">
    <p class='ocr_par' dir='ltr' id='par_1_3' title="bbox 599 580 2184 651">
     <span class='ocr_line' id='line_1_3' title="bbox 599 580 2184 651; baseline -0.002 -13"><span class='ocrx_word' id='word_1_9' title='bbox 599 581 801 650; x_wconf 81' lang='lat' dir='ltr'><strong>judicio</strong></span> <span class='ocrx_word' id='word_1_10' title='bbox 843 597 857 634; x_wconf 89' lang='lat'><strong>:</strong></span> <span class='ocrx_word' id='word_1_11' title='bbox 897 581 1025 650; x_wconf 88' lang='lat' dir='ltr'><strong>quia</strong></span> <span class='ocrx_word' id='word_1_12' title='bbox 1080 596 1184 637; x_wconf 87' lang='lat' dir='ltr'><strong>nec</strong></span> <span class='ocrx_word' id='word_1_13' title='bbox 1242 591 1485 649; x_wconf 87' lang='lat' dir='ltr'><strong>tempore</strong></span> <span class='ocrx_word' id='word_1_14' title='bbox 1546 580 1911 636; x_wconf 88' lang='lat' dir='ltr'><strong>ventilatiouis</strong></span> <span class='ocrx_word' id='word_1_15' title='bbox 1971 580 2184 651; x_wconf 79' lang='lat' dir='ltr'><strong>paleam</strong></span> 
     </span>
    </p>
   </div>
   <div class='ocr_carea' id='block_1_4' title="bbox 599 670 2184 741">
    <p class='ocr_par' dir='ltr' id='par_1_4' title="bbox 599 670 2184 741">
     <span class='ocr_line' id='line_1_4' title="bbox 599 670 2184 741; baseline -0.001 -13"><span class='ocrx_word' id='word_1_16' title='bbox 599 674 873 728; x_wconf 81' lang='lat' dir='ltr'><strong>frumento</strong></span> <span class='ocrx_word' id='word_1_17' title='bbox 896 673 1109 727; x_wconf 82' lang='lat' dir='ltr'><strong>misceri</strong></span> <span class='ocrx_word' id='word_1_18' title='bbox 1136 672 1423 727; x_wconf 77' lang='lat' dir='ltr'><strong>ventilator</strong></span> <span class='ocrx_word' id='word_1_19' title='bbox 1461 670 1551 725; x_wconf 88' lang='lat' dir='ltr'><strong>ille</strong></span> <span class='ocrx_word' id='word_1_20' title='bbox 1592 671 1887 741; x_wconf 89' lang='lat' dir='ltr'><strong>permittet,</strong></span> <span class='ocrx_word' id='word_1_21' title='bbox 1918 686 2019 726; x_wconf 88' lang='lat' dir='ltr'><strong>nec</strong></span> <span class='ocrx_word' id='word_1_22' title='bbox 2047 678 2184 726; x_wconf 88' lang='lat' dir='ltr'><strong>tem-</strong></span> 
     </span>
    </p>
   </div>
   <div class='ocr_carea' id='block_1_5' title="bbox 599 759 2182 833">
    <p class='ocr_par' dir='ltr' id='par_1_5' title="bbox 599 759 2182 833">
     <span class='ocr_line' id='line_1_5' title="bbox 599 759 2182 833; baseline -0.002 -15"><span class='ocrx_word' id='word_1_23' title='bbox 599 777 735 833; x_wconf 90' lang='lat' dir='ltr'><strong>pore</strong></span> <span class='ocrx_word' id='word_1_24' title='bbox 774 761 1058 817; x_wconf 65' lang='lat' dir='ltr'><strong>reddendae</strong></span> <span class='ocrx_word' id='word_1_25' title='bbox 1084 762 1308 816; x_wconf 74' lang='lat' dir='ltr'><strong>rationis</strong></span> <span class='ocrx_word' id='word_1_26' title='bbox 1335 759 1495 832; x_wconf 63' lang='lat' dir='ltr'><strong>m3</strong></span> <span class='ocrx_word' id='word_1_27' title='bbox 1524 760 1711 815; x_wconf 80' lang='lat' dir='ltr'><strong>talenti</strong></span> <span class='ocrx_word' id='word_1_28' title='bbox 1741 768 2066 830; x_wconf 78' lang='lat' dir='ltr'><strong>potestatem</strong></span> <span class='ocrx_word' id='word_1_29' title='bbox 2096 761 2182 831; x_wconf 91' lang='lat' dir='ltr'><strong>pi-</strong></span> 
     </span>
    </p>
   </div>
   <div class='ocr_carea' id='block_1_6' title="bbox 598 850 2183 922">
    <p class='ocr_par' dir='ltr' id='par_1_6' title="bbox 598 850 2183 922">
     <span class='ocr_line' id='line_1_6' title="bbox 598 850 2183 922; baseline 0 -15"><span class='ocrx_word' id='word_1_30' title='bbox 598 867 719 922; x_wconf 87' lang='lat' dir='ltr'><strong>gre,</strong></span> <span class='ocrx_word' id='word_1_31' title='bbox 765 852 939 907; x_wconf 90' lang='lat' dir='ltr'><strong>inutili</strong></span> <span class='ocrx_word' id='word_1_32' title='bbox 970 850 1191 920; x_wconf 62' lang='lat' dir='ltr'><strong>famulo;</strong></span> <span class='ocrx_word' id='word_1_33' title='bbox 1214 851 1476 905; x_wconf 88' lang='lat' dir='ltr'><strong>severitas</strong></span> <span class='ocrx_word' id='word_1_34' title='bbox 1503 850 1681 905; x_wconf 82' lang='lat' dir='ltr'><strong>divina</strong></span> <span class='ocrx_word' id='word_1_35' title='bbox 1728 852 2029 916; x_wconf 78' lang='lat' dir='ltr'><strong>concedet;</strong></span> <span class='ocrx_word' id='word_1_36' title='bbox 2087 852 2183 907; x_wconf 88' lang='lat' dir='ltr'><strong>sed</strong></span> 
     </span>
    </p>
   </div>
   <div class='ocr_carea' id='block_1_7' title="bbox 599 942 2183 1016">
    <p class='ocr_par' dir='ltr' id='par_1_7' title="bbox 599 942 2183 1016">
     <span class='ocr_line' id='line_1_7' title="bbox 599 942 2183 1016; baseline -0.001 -16"><span class='ocrx_word' id='word_1_37' title='bbox 599 946 740 1000; x_wconf 91' lang='lat' dir='ltr'><strong>sicut</strong></span> <span class='ocrx_word' id='word_1_38' title='bbox 785 945 970 1016; x_wconf 83' lang='lat' dir='ltr'><strong>paleas</strong></span> <span class='ocrx_word' id='word_1_39' title='bbox 1012 951 1142 998; x_wconf 90' lang='lat' dir='ltr'><strong>tunc</strong></span> <span class='ocrx_word' id='word_1_40' title='bbox 1188 942 1638 1011; x_wconf 80' lang='lat' dir='ltr'><strong>inexstinguibilis</strong></span> <span class='ocrx_word' id='word_1_41' title='bbox 1668 943 1805 1011; x_wconf 82' lang='lat' dir='ltr'><strong>ignis</strong></span> <span class='ocrx_word' id='word_1_42' title='bbox 1844 953 2056 1008; x_wconf 83' lang='lat' dir='ltr'><strong>exuret,</strong></span> <span class='ocrx_word' id='word_1_43' title='bbox 2106 944 2183 999; x_wconf 87' lang='lat' dir='ltr'><strong>sic</strong></span> 
     </span>
    </p>
   </div>
   <div class='ocr_carea' id='block_1_8' title="bbox 599 1034 2182 1112">
    <p class='ocr_par' dir='ltr' id='par_1_8' title="bbox 599 1034 2182 1112">
     <span class='ocr_line' id='line_1_8' title="bbox 599 1034 2182 1112; baseline -0.001 -21"><span class='ocrx_word' id='word_1_44' title='bbox 599 1051 831 1107; x_wconf 83' lang='lat' dir='ltr'><strong>nequam</strong></span> <span class='ocrx_word' id='word_1_45' title='bbox 856 1035 1175 1112; x_wconf 81' lang='lat' dir='ltr'><strong>pigrumque</strong></span> <span class='ocrx_word' id='word_1_46' title='bbox 1196 1050 1411 1089; x_wconf 91' lang='lat' dir='ltr'><strong>servum</strong></span> <span class='ocrx_word' id='word_1_47' title='bbox 1443 1034 1681 1088; x_wconf 89' lang='lat' dir='ltr'><strong>tenebris</strong></span> <span class='ocrx_word' id='word_1_48' title='bbox 1707 1035 2063 1089; x_wconf 78' lang='lat' dir='ltr'><strong>exterioribus</strong></span> <span class='ocrx_word' id='word_1_49' title='bbox 2084 1034 2182 1089; x_wconf 89' lang='lat' dir='ltr'><strong>de-</strong></span> 
     </span>
    </p>
   </div>
   <div class='ocr_carea' id='block_1_9' title="bbox 599 1124 2179 1197">
    <p class='ocr_par' dir='ltr' id='par_1_9' title="bbox 599 1124 2179 1197">
     <span class='ocr_line' id='line_1_9' title="bbox 599 1124 2179 1197; baseline -0.001 -17"><span class='ocrx_word' id='word_1_50' title='bbox 599 1133 841 1197; x_wconf 86' lang='lat' dir='ltr'><strong>putatum</strong></span> <span class='ocrx_word' id='word_1_51' title='bbox 874 1126 1031 1181; x_wconf 86' lang='lat' dir='ltr'><strong>ﬁctus</strong></span> <span class='ocrx_word' id='word_1_52' title='bbox 1071 1132 1126 1180; x_wconf 90' lang='lat' dir='ltr'><strong>et</strong></span> <span class='ocrx_word' id='word_1_53' title='bbox 1168 1125 1369 1180; x_wconf 90' lang='lat' dir='ltr'><strong>stridor</strong></span> <span class='ocrx_word' id='word_1_54' title='bbox 1392 1124 1636 1179; x_wconf 85' lang='lat' dir='ltr'><strong>dentium</strong></span> <span class='ocrx_word' id='word_1_55' title='bbox 1665 1132 1899 1179; x_wconf 77' lang='lat' dir='ltr'><strong>:eteruus</strong></span> <span class='ocrx_word' id='word_1_56' title='bbox 1927 1124 2179 1194; x_wconf 81' lang='lat' dir='ltr'><strong>excipiet.</strong></span> 
     </span>
    </p>
   </div>
   <div class='ocr_carea' id='block_1_10' title="bbox 598 1203 2217 1286">
    <p class='ocr_par' dir='ltr' id='par_1_10' title="bbox 598 1203 2217 1286">
     <span class='ocr_line' id='line_1_10' title="bbox 598 1203 2217 1286; baseline -0.002 -14"><span class='ocrx_word' id='word_1_57' title='bbox 598 1217 737 1285; x_wconf 69' lang='lat' dir='ltr'><strong>Quid</strong></span> <span class='ocrx_word' id='word_1_58' title='bbox 765 1226 847 1272; x_wconf 91' lang='lat' dir='ltr'><strong>est</strong></span> <span class='ocrx_word' id='word_1_59' title='bbox 880 1217 1025 1272; x_wconf 83' lang='lat' dir='ltr'><strong>enim</strong></span> <span class='ocrx_word' id='word_1_60' title='bbox 1058 1214 1205 1271; x_wconf 88' lang='lat' dir='ltr'><strong>aliud</strong></span> <span class='ocrx_word' id='word_1_61' title='bbox 1233 1216 1375 1286; x_wconf 91' lang='lat' dir='ltr'><strong>quod</strong></span> <span class='ocrx_word' id='word_1_62' title='bbox 1390 1203 1492 1269; x_wconf 69' lang='lat' dir='ltr'><strong>ille</strong></span> <span class='ocrx_word' id='word_1_63' title='bbox 1520 1230 1711 1270; x_wconf 87' lang='lat' dir='ltr'><strong>servus</strong></span> <span class='ocrx_word' id='word_1_64' title='bbox 1737 1215 1890 1283; x_wconf 90' lang='lat' dir='ltr'><strong>ligari</strong></span> <span class='ocrx_word' id='word_1_65' title='bbox 1932 1213 2182 1269; x_wconf 87' lang='lat' dir='ltr'><strong>manibus</strong></span> <span class='ocrx_word' id='word_1_66' title='bbox 2202 1210 2217 1219; x_wconf 82' lang='grc'><em>’</em></span> 
     </span>
    </p>
   </div>
   <div class='ocr_carea' id='block_1_11' title="bbox 596 1303 2183 1379">
    <p class='ocr_par' dir='ltr' id='par_1_11' title="bbox 596 1303 2183 1379">
     <span class='ocr_line' id='line_1_11' title="bbox 596 1303 2183 1379; baseline -0.003 -17"><span class='ocrx_word' id='word_1_67' title='bbox 596 1308 813 1379; x_wconf 79' lang='lat' dir='ltr'><strong>iubetur</strong></span> <span class='ocrx_word' id='word_1_68' title='bbox 835 1316 890 1362; x_wconf 91' lang='lat' dir='ltr'><strong>et</strong></span> <span class='ocrx_word' id='word_1_69' title='bbox 918 1306 1164 1376; x_wconf 88' lang='lat' dir='ltr'><strong>pedibus,</strong></span> <span class='ocrx_word' id='word_1_70' title='bbox 1202 1305 1305 1359; x_wconf 89' lang='lat' dir='ltr'><strong>nisi</strong></span> <span class='ocrx_word' id='word_1_71' title='bbox 1353 1313 1412 1358; x_wconf 91' lang='lat' dir='ltr'><strong>ut</strong></span> <span class='ocrx_word' id='word_1_72' title='bbox 1447 1305 1498 1358; x_wconf 90' lang='lat' dir='ltr'><strong>in</strong></span> <span class='ocrx_word' id='word_1_73' title='bbox 1543 1305 1791 1359; x_wconf 89' lang='lat' dir='ltr'><strong>manibus</strong></span> <span class='ocrx_word' id='word_1_74' title='bbox 1837 1304 1961 1358; x_wconf 91' lang='lat' dir='ltr'><strong>mali</strong></span> <span class='ocrx_word' id='word_1_75' title='bbox 2002 1303 2183 1373; x_wconf 89' lang='lat' dir='ltr'><strong>operis</strong></span> 
     </span>
    </p>
   </div>
   <div class='ocr_carea' id='block_1_12' title="bbox 596 1394 2182 1467">
    <p class='ocr_par' dir='ltr' id='par_1_12' title="bbox 596 1394 2182 1467">
     <span class='ocr_line' id='line_1_12' title="bbox 596 1394 2182 1467; baseline -0.003 -14"><span class='ocrx_word' id='word_1_76' title='bbox 596 1408 802 1466; x_wconf 82' lang='lat' dir='ltr'><strong>reatus,</strong></span> <span class='ocrx_word' id='word_1_77' title='bbox 826 1399 878 1452; x_wconf 93' lang='lat' dir='ltr'><strong>in</strong></span> <span class='ocrx_word' id='word_1_78' title='bbox 909 1396 1135 1467; x_wconf 88' lang='lat' dir='ltr'><strong>pedibus</strong></span> <span class='ocrx_word' id='word_1_79' title='bbox 1165 1404 1345 1451; x_wconf 91' lang='lat' dir='ltr'><strong>autem</strong></span> <span class='ocrx_word' id='word_1_80' title='bbox 1375 1396 1530 1450; x_wconf 76' lang='lat' dir='ltr'><strong>mala:</strong></span> <span class='ocrx_word' id='word_1_81' title='bbox 1560 1396 1852 1450; x_wconf 86' lang='lat' dir='ltr'><strong>voluntatis</strong></span> <span class='ocrx_word' id='word_1_82' title='bbox 1880 1394 2182 1465; x_wconf 87' lang='lat' dir='ltr'><strong>puniendus</strong></span> 
     </span>
    </p>
   </div>
   <div class='ocr_carea' id='block_1_13' title="bbox 599 1487 1208 1545">
    <p class='ocr_par' dir='ltr' id='par_1_13' title="bbox 599 1487 1208 1545">
     <span class='ocr_line' id='line_1_13' title="bbox 599 1487 1208 1545; baseline -0.005 0"><span class='ocrx_word' id='word_1_83' title='bbox 599 1491 915 1545; x_wconf 84' lang='lat' dir='ltr'><strong>ostendatur</strong></span> <span class='ocrx_word' id='word_1_84' title='bbox 943 1487 1208 1543; x_wconf 65' lang='lat' dir='ltr'><strong>allectus?</strong></span> 
     </span>
    </p>
   </div>
   <div class='ocr_carea' id='block_1_14' title="bbox 1210 1576 1586 1634">
    <p class='ocr_par' dir='ltr' id='par_1_14' title="bbox 1210 1576 1586 1634">
     <span class='ocr_line' id='line_1_14' title="bbox 1210 1576 1586 1634; baseline -0.011 0"><span class='ocrx_word' id='word_1_85' title='bbox 1210 1576 1439 1634; x_wconf 86' lang='lat' dir='ltr'><strong>CAPUT</strong></span> <span class='ocrx_word' id='word_1_86' title='bbox 1468 1576 1586 1631; x_wconf 78' lang='lat' dir='ltr'><strong>XX.</strong></span> 
     </span>
    </p>
   </div>
   <div class='ocr_carea' id='block_1_15' title="bbox 667 1666 2179 1740">
    <p class='ocr_par' dir='ltr' id='par_1_15' title="bbox 667 1666 2179 1740">
     <span class='ocr_line' id='line_1_15' title="bbox 667 1666 2179 1740; baseline -0.004 -15"><span class='ocrx_word' id='word_1_87' title='bbox 667 1670 838 1740; x_wconf 84' lang='lat' dir='ltr'><strong>Hujus</strong></span> <span class='ocrx_word' id='word_1_88' title='bbox 866 1671 1327 1740; x_wconf 82' lang='lat' dir='ltr'><strong>Opportunitatem</strong></span> <span class='ocrx_word' id='word_1_89' title='bbox 1359 1669 1618 1739; x_wconf 90' lang='lat' dir='ltr'><strong>temporis</strong></span> <span class='ocrx_word' id='word_1_90' title='bbox 1644 1675 1864 1722; x_wconf 91' lang='lat' dir='ltr'><strong>sanctus</strong></span> <span class='ocrx_word' id='word_1_91' title='bbox 1894 1666 2060 1720; x_wconf 85' lang='lat' dir='ltr'><strong>Isaias</strong></span> <span class='ocrx_word' id='word_1_92' title='bbox 2097 1666 2179 1719; x_wconf 91' lang='lat' dir='ltr'><strong>di-</strong></span> 
     </span>
    </p>
   </div>
   <div class='ocr_carea' id='block_1_16' title="bbox 595 1757 2177 1829">
    <p class='ocr_par' dir='ltr' id='par_1_16' title="bbox 595 1757 2177 1829">
     <span class='ocr_line' id='line_1_16' title="bbox 595 1757 2177 1829; baseline -0.004 -14"><span class='ocrx_word' id='word_1_93' title='bbox 595 1762 796 1817; x_wconf 90' lang='lat' dir='ltr'><strong>vinitus</strong></span> <span class='ocrx_word' id='word_1_94' title='bbox 826 1762 1145 1816; x_wconf 81' lang='lat' dir='ltr'><strong>informatus</strong></span> <span class='ocrx_word' id='word_1_95' title='bbox 1171 1761 1408 1829; x_wconf 83' lang='lat' dir='ltr'><strong>agnovit,</strong></span> <span class='ocrx_word' id='word_1_96' title='bbox 1431 1760 1520 1829; x_wconf 89' lang='lat' dir='ltr'><strong>qui</strong></span> <span class='ocrx_word' id='word_1_97' title='bbox 1544 1774 1643 1813; x_wconf 88' lang='lat' dir='ltr'><strong>nos</strong></span> <span class='ocrx_word' id='word_1_98' title='bbox 1672 1757 1737 1812; x_wconf 91' lang='lat' dir='ltr'><strong>ad</strong></span> <span class='ocrx_word' id='word_1_99' title='bbox 1769 1757 2177 1813; x_wconf 89' lang='lat' dir='ltr'><strong>conversionem</strong></span> 
     </span>
    </p>
   </div>
   <div class='ocr_carea' id='block_1_17' title="bbox 1612 373 2815 434">
    <p class='ocr_par' dir='ltr' id='par_1_17' title="bbox 1612 373 2815 434">
     <span class='ocr_line' id='line_1_17' title="bbox 1612 373 2815 434; baseline -0.002 -1"><span class='ocrx_word' id='word_1_100' title='bbox 1612 378 1668 433; x_wconf 92' lang='lat' dir='ltr'><strong>S.</strong></span> <span class='ocrx_word' id='word_1_101' title='bbox 1708 376 2070 434; x_wconf 76' lang='lat' dir='ltr'><strong>FULGENTII</strong></span> <span class='ocrx_word' id='word_1_102' title='bbox 2108 375 2409 432; x_wconf 76' lang='lat' dir='ltr'><strong>EPISCOPI</strong></span> <span class='ocrx_word' id='word_1_103' title='bbox 2449 373 2815 431; x_wconf 78' lang='lat' dir='ltr'><strong>RUSPENSIS</strong></span> 
     </span>
    </p>
   </div>
   <div class='ocr_carea' id='block_1_18' title="bbox 3791 375 3917 431">
    <p class='ocr_par' dir='ltr' id='par_1_18' title="bbox 3791 375 3917 431">
     <span class='ocr_line' id='line_1_18' title="bbox 3791 375 3917 431; baseline 0 -2"><span class='ocrx_word' id='word_1_104' title='bbox 3791 375 3917 431; x_wconf 55' lang='grc' dir='ltr'><strong>ετξ</strong></span> 
     </span>
    </p>
   </div>
   <div class='ocr_carea' id='block_1_19' title="bbox 2780 486 3445 568">
    <p class='ocr_par' dir='ltr' id='par_1_19' title="bbox 2780 486 3445 568">
     <span class='ocr_line' id='line_1_19' title="bbox 2780 486 3445 568; baseline 0.005 -27"><span class='ocrx_word' id='word_1_105' title='bbox 2780 487 2945 561; x_wconf 58' lang='grc' dir='ltr'>ωδ</span> <span class='ocrx_word' id='word_1_106' title='bbox 2969 486 3199 543; x_wconf 83' lang='lat' dir='ltr'><strong>CAPUT</strong></span> <span class='ocrx_word' id='word_1_107' title='bbox 3230 487 3371 544; x_wconf 71' lang='lat' dir='ltr'><strong>xm.</strong></span> <span class='ocrx_word' id='word_1_108' title='bbox 3437 559 3445 568; x_wconf 87' lang='lat'>_</span> 
     </span>
    </p>
   </div>
   <div class='ocr_carea' id='block_1_20' title="bbox 2356 579 3895 653">
    <p class='ocr_par' dir='ltr' id='par_1_20' title="bbox 2356 579 3895 653">
     <span class='ocr_line' id='line_1_20' title="bbox 2356 579 3895 653; baseline -0.001 -18"><span class='ocrx_word' id='word_1_109' title='bbox 2356 580 2618 653; x_wconf 86' lang='lat' dir='ltr'><strong>Equidem</strong></span> <span class='ocrx_word' id='word_1_110' title='bbox 2658 589 2784 652; x_wconf 91' lang='lat' dir='ltr'><strong>post</strong></span> <span class='ocrx_word' id='word_1_111' title='bbox 2804 582 2944 636; x_wconf 90' lang='lat' dir='ltr'><strong>hanc</strong></span> <span class='ocrx_word' id='word_1_112' title='bbox 2971 580 3162 643; x_wconf 89' lang='lat' dir='ltr'><strong>vitam,</strong></span> <span class='ocrx_word' id='word_1_113' title='bbox 3192 580 3321 635; x_wconf 91' lang='lat' dir='ltr'><strong>licet</strong></span> <span class='ocrx_word' id='word_1_114' title='bbox 3341 579 3664 650; x_wconf 74' lang='lat' dir='ltr'><strong>pmnitentia</strong></span> <span class='ocrx_word' id='word_1_115' title='bbox 3700 579 3895 634; x_wconf 76' lang='lat' dir='ltr'><strong>futura</strong></span> 
     </span>
    </p>
   </div>
   <div class='ocr_carea' id='block_1_21' title="bbox 2282 671 3896 744">
    <p class='ocr_par' dir='ltr' id='par_1_21' title="bbox 2282 671 3896 744">
     <span class='ocr_line' id='line_1_21' title="bbox 2282 671 3896 744; baseline -0.002 -16"><span class='ocrx_word' id='word_1_116' title='bbox 2282 674 2353 730; x_wconf 86' lang='lat' dir='ltr'><strong>sit</strong></span> <span class='ocrx_word' id='word_1_117' title='bbox 2389 673 2719 744; x_wconf 90' lang='lat' dir='ltr'><strong>iniquorum,</strong></span> <span class='ocrx_word' id='word_1_118' title='bbox 2752 687 2860 726; x_wconf 90' lang='lat' dir='ltr'><strong>non</strong></span> <span class='ocrx_word' id='word_1_119' title='bbox 2901 672 3010 726; x_wconf 89' lang='lat' dir='ltr'><strong>illis</strong></span> <span class='ocrx_word' id='word_1_120' title='bbox 3038 679 3218 727; x_wconf 91' lang='lat' dir='ltr'><strong>tamen</strong></span> <span class='ocrx_word' id='word_1_121' title='bbox 3250 678 3599 742; x_wconf 88' lang='lat' dir='ltr'><strong>peccatorum</strong></span> <span class='ocrx_word' id='word_1_122' title='bbox 3628 671 3896 725; x_wconf 82' lang='lat' dir='ltr'><strong>remissio</strong></span> 
     </span>
    </p>
   </div>
   <div class='ocr_carea' id='block_1_22' title="bbox 2281 762 3897 833">
    <p class='ocr_par' dir='ltr' id='par_1_22' title="bbox 2281 762 3897 833">
     <span class='ocr_line' id='line_1_22' title="bbox 2281 762 3897 833; baseline -0.002 -14"><span class='ocrx_word' id='word_1_123' title='bbox 2281 763 2517 828; x_wconf 86' lang='lat' dir='ltr'><strong>dabitur,</strong></span> <span class='ocrx_word' id='word_1_124' title='bbox 2564 763 2660 818; x_wconf 86' lang='lat' dir='ltr'><strong>sed</strong></span> <span class='ocrx_word' id='word_1_125' title='bbox 2698 763 2816 833; x_wconf 90' lang='lat' dir='ltr'><strong>ipsa</strong></span> <span class='ocrx_word' id='word_1_126' title='bbox 2853 777 3071 831; x_wconf 90' lang='lat' dir='ltr'><strong>quoque</strong></span> <span class='ocrx_word' id='word_1_127' title='bbox 3110 762 3425 832; x_wconf 77' lang='lat' dir='ltr'><strong>ptenitentia</strong></span> <span class='ocrx_word' id='word_1_128' title='bbox 3458 762 3764 833; x_wconf 90' lang='lat' dir='ltr'><strong>punitionis</strong></span> <span class='ocrx_word' id='word_1_129' title='bbox 3790 775 3897 830; x_wconf 81' lang='lat' dir='ltr'><strong>ge-</strong></span> 
     </span>
    </p>
   </div>
   <div class='ocr_carea' id='block_1_23' title="bbox 2283 852 3882 921">
    <p class='ocr_par' dir='ltr' id='par_1_23' title="bbox 2283 852 3882 921">
     <span class='ocr_line' id='line_1_23' title="bbox 2283 852 3882 921; baseline -0.001 -14"><span class='ocrx_word' id='word_1_130' title='bbox 2283 853 2491 907; x_wconf 89' lang='lat' dir='ltr'><strong>nerabit</strong></span> <span class='ocrx_word' id='word_1_131' title='bbox 2510 860 2816 921; x_wconf 87' lang='lat' dir='ltr'><strong>augmenta.</strong></span> <span class='ocrx_word' id='word_1_132' title='bbox 2845 852 3059 907; x_wconf 80' lang='lat' dir='ltr'><strong>Valebit</strong></span> <span class='ocrx_word' id='word_1_133' title='bbox 3087 853 3231 907; x_wconf 92' lang='lat' dir='ltr'><strong>enim</strong></span> <span class='ocrx_word' id='word_1_134' title='bbox 3261 852 3329 907; x_wconf 92' lang='lat' dir='ltr'><strong>ad</strong></span> <span class='ocrx_word' id='word_1_135' title='bbox 3349 853 3624 908; x_wconf 87' lang='lat' dir='ltr'><strong>cumulum</strong></span> <span class='ocrx_word' id='word_1_136' title='bbox 3657 853 3882 907; x_wconf 84' lang='lat' dir='ltr'><strong>crucia-</strong></span> 
     </span>
    </p>
   </div>
   <div class='ocr_carea' id='block_1_24' title="bbox 2282 942 3897 1014">
    <p class='ocr_par' dir='ltr' id='par_1_24' title="bbox 2282 942 3897 1014">
     <span class='ocr_line' id='line_1_24' title="bbox 2282 942 3897 1014; baseline 0 -17"><span class='ocrx_word' id='word_1_137' title='bbox 2282 944 2448 999; x_wconf 90' lang='lat' dir='ltr'><strong>tionis</strong></span> <span class='ocrx_word' id='word_1_138' title='bbox 2475 952 2729 1009; x_wconf 71' lang='lat' dir='ltr'><strong>:eternas;</strong></span> <span class='ocrx_word' id='word_1_139' title='bbox 2762 943 2851 998; x_wconf 91' lang='lat' dir='ltr'><strong>ubi</strong></span> <span class='ocrx_word' id='word_1_140' title='bbox 2879 942 3073 999; x_wconf 88' lang='lat' dir='ltr'><strong>duritia</strong></span> <span class='ocrx_word' id='word_1_141' title='bbox 3103 946 3345 1014; x_wconf 87' lang='lat' dir='ltr'><strong>perversi</strong></span> <span class='ocrx_word' id='word_1_142' title='bbox 3367 945 3565 1010; x_wconf 90' lang='lat' dir='ltr'><strong>cordis,</strong></span> <span class='ocrx_word' id='word_1_143' title='bbox 3601 959 3727 1013; x_wconf 65' lang='lat' dir='ltr'><strong>quae</strong></span> <span class='ocrx_word' id='word_1_144' title='bbox 3758 951 3897 998; x_wconf 86' lang='lat' dir='ltr'><strong>ante</strong></span> 
     </span>
    </p>
   </div>
   <div class='ocr_carea' id='block_1_25' title="bbox 2282 1033 3891 1106">
    <p class='ocr_par' dir='ltr' id='par_1_25' title="bbox 2282 1033 3891 1106">
     <span class='ocr_line' id='line_1_25' title="bbox 2282 1033 3891 1106; baseline 0.001 -20"><span class='ocrx_word' id='word_1_145' title='bbox 2282 1033 2443 1091; x_wconf 86' lang='lat' dir='ltr'><strong>tinem</strong></span> <span class='ocrx_word' id='word_1_146' title='bbox 2475 1036 2761 1106; x_wconf 67' lang='lat' dir='ltr'><strong>praesentis</strong></span> <span class='ocrx_word' id='word_1_147' title='bbox 2785 1035 2909 1089; x_wconf 66' lang='lat' dir='ltr'><strong>vita:</strong></span> <span class='ocrx_word' id='word_1_148' title='bbox 2942 1050 3049 1090; x_wconf 90' lang='lat' dir='ltr'><strong>non</strong></span> <span class='ocrx_word' id='word_1_149' title='bbox 3095 1035 3258 1090; x_wconf 82' lang='lat' dir='ltr'><strong>fuerit</strong></span> <span class='ocrx_word' id='word_1_150' title='bbox 3286 1035 3487 1089; x_wconf 81' lang='lat' dir='ltr'><strong>salubri</strong></span> <span class='ocrx_word' id='word_1_151' title='bbox 3530 1033 3891 1090; x_wconf 82' lang='lat' dir='ltr'><strong>confessione</strong></span> 
     </span>
    </p>
   </div>
   <div class='ocr_carea' id='block_1_26' title="bbox 2283 1123 3887 1193">
    <p class='ocr_par' dir='ltr' id='par_1_26' title="bbox 2283 1123 3887 1193">
     <span class='ocr_line' id='line_1_26' title="bbox 2283 1123 3887 1193; baseline -0.004 -10"><span class='ocrx_word' id='word_1_152' title='bbox 2283 1128 2502 1192; x_wconf 90' lang='lat' dir='ltr'><strong>abolita,</strong></span> <span class='ocrx_word' id='word_1_153' title='bbox 2549 1141 2671 1182; x_wconf 91' lang='lat' dir='ltr'><strong>cum</strong></span> <span class='ocrx_word' id='word_1_154' title='bbox 2719 1124 2948 1179; x_wconf 83' lang='lat' dir='ltr'><strong>ﬂammis</strong></span> <span class='ocrx_word' id='word_1_155' title='bbox 2991 1125 3271 1180; x_wconf 88' lang='lat' dir='ltr'><strong>ultricibus</strong></span> <span class='ocrx_word' id='word_1_156' title='bbox 3315 1126 3431 1179; x_wconf 89' lang='lat' dir='ltr'><strong>sine</strong></span> <span class='ocrx_word' id='word_1_157' title='bbox 3477 1125 3586 1180; x_wconf 84' lang='lat' dir='ltr'><strong>line</strong></span> <span class='ocrx_word' id='word_1_158' title='bbox 3632 1123 3887 1193; x_wconf 79' lang='lat' dir='ltr'><strong>graviter</strong></span> 
     </span>
    </p>
   </div>
   <div class='ocr_carea' id='block_1_27' title="bbox 2282 1214 3892 1286">
    <p class='ocr_par' dir='ltr' id='par_1_27' title="bbox 2282 1214 3892 1286">
     <span class='ocr_line' id='line_1_27' title="bbox 2282 1214 3892 1286; baseline -0.004 -13"><span class='ocrx_word' id='word_1_159' title='bbox 2282 1227 2487 1283; x_wconf 88' lang='lat' dir='ltr'><strong>uretur,</strong></span> <span class='ocrx_word' id='word_1_160' title='bbox 2517 1232 2615 1273; x_wconf 90' lang='lat' dir='ltr'><strong>sua</strong></span> <span class='ocrx_word' id='word_1_161' title='bbox 2644 1217 2859 1285; x_wconf 82' lang='lat' dir='ltr'><strong>gravius</strong></span> <span class='ocrx_word' id='word_1_162' title='bbox 2887 1215 3224 1285; x_wconf 66' lang='lat' dir='ltr'><strong>paenitudine</strong></span> <span class='ocrx_word' id='word_1_163' title='bbox 3248 1218 3520 1286; x_wconf 89' lang='lat' dir='ltr'><strong>punietur.</strong></span> <span class='ocrx_word' id='word_1_164' title='bbox 3563 1214 3706 1281; x_wconf 84' lang='lat' dir='ltr'><strong>Quid</strong></span> <span class='ocrx_word' id='word_1_165' title='bbox 3735 1215 3892 1269; x_wconf 85' lang='lat' dir='ltr'><strong>enim</strong></span> 
     </span>
    </p>
   </div>
   <div class='ocr_carea' id='block_1_28' title="bbox 2282 1308 3893 1379">
    <p class='ocr_par' dir='ltr' id='par_1_28' title="bbox 2282 1308 3893 1379">
     <span class='ocr_line' id='line_1_28' title="bbox 2282 1308 3893 1379; baseline -0.005 -13"><span class='ocrx_word' id='word_1_166' title='bbox 2282 1311 2523 1366; x_wconf 88' lang='lat' dir='ltr'><strong>deterius</strong></span> <span class='ocrx_word' id='word_1_167' title='bbox 2549 1325 2711 1379; x_wconf 90' lang='lat' dir='ltr'><strong>quam</strong></span> <span class='ocrx_word' id='word_1_168' title='bbox 2740 1309 2820 1364; x_wconf 93' lang='lat' dir='ltr'><strong>sic</strong></span> <span class='ocrx_word' id='word_1_169' title='bbox 2847 1309 2916 1363; x_wconf 91' lang='lat' dir='ltr'><strong>de</strong></span> <span class='ocrx_word' id='word_1_170' title='bbox 2940 1309 3218 1379; x_wconf 60' lang='lat' dir='ltr'><strong>praeterito</strong></span> <span class='ocrx_word' id='word_1_171' title='bbox 3249 1308 3363 1377; x_wconf 76' lang='lat' dir='ltr'><strong>iugi</strong></span> <span class='ocrx_word' id='word_1_172' title='bbox 3394 1309 3715 1378; x_wconf 73' lang='lat' dir='ltr'><strong>pmnitentia</strong></span> <span class='ocrx_word' id='word_1_173' title='bbox 3750 1322 3893 1361; x_wconf 83' lang='lat' dir='ltr'><strong>con-</strong></span> 
     </span>
    </p>
   </div>
   <div class='ocr_carea' id='block_1_29' title="bbox 2282 1400 3887 1471">
    <p class='ocr_par' dir='ltr' id='par_1_29' title="bbox 2282 1400 3887 1471">
     <span class='ocr_line' id='line_1_29' title="bbox 2282 1400 3887 1471; baseline -0.005 -13"><span class='ocrx_word' id='word_1_174' title='bbox 2282 1403 2406 1466; x_wconf 92' lang='lat' dir='ltr'><strong>teri,</strong></span> <span class='ocrx_word' id='word_1_175' title='bbox 2454 1410 2513 1456; x_wconf 91' lang='lat' dir='ltr'><strong>ut</strong></span> <span class='ocrx_word' id='word_1_176' title='bbox 2538 1416 2811 1471; x_wconf 91' lang='lat' dir='ltr'><strong>nunquam</strong></span> <span class='ocrx_word' id='word_1_177' title='bbox 2842 1401 3018 1471; x_wconf 86' lang='lat' dir='ltr'><strong>possit</strong></span> <span class='ocrx_word' id='word_1_178' title='bbox 3045 1400 3315 1470; x_wconf 74' lang='lat' dir='ltr'><strong>pmnitens</strong></span> <span class='ocrx_word' id='word_1_179' title='bbox 3358 1415 3387 1454; x_wconf 93' lang='lat' dir='ltr'><strong>a</strong></span> <span class='ocrx_word' id='word_1_180' title='bbox 3415 1408 3692 1454; x_wconf 90' lang='lat' dir='ltr'><strong>termento</strong></span> <span class='ocrx_word' id='word_1_181' title='bbox 3722 1412 3887 1452; x_wconf 84' lang='lat' dir='ltr'><strong>com-</strong></span> 
     </span>
    </p>
   </div>
   <div class='ocr_carea' id='block_1_30' title="bbox 2282 1491 3887 1563">
    <p class='ocr_par' dir='ltr' id='par_1_30' title="bbox 2282 1491 3887 1563">
     <span class='ocr_line' id='line_1_30' title="bbox 2282 1491 3887 1563; baseline -0.002 -15"><span class='ocrx_word' id='word_1_182' title='bbox 2282 1495 2429 1550; x_wconf 78' lang='lat' dir='ltr'><strong>ntissi</strong></span> <span class='ocrx_word' id='word_1_183' title='bbox 2459 1494 2699 1548; x_wconf 86' lang='lat' dir='ltr'><strong>criminis</strong></span> <span class='ocrx_word' id='word_1_184' title='bbox 2729 1493 2990 1548; x_wconf 87' lang='lat' dir='ltr'><strong>liberari?</strong></span> <span class='ocrx_word' id='word_1_185' title='bbox 3033 1493 3219 1563; x_wconf 86' lang='lat' dir='ltr'><strong>Neque</strong></span> <span class='ocrx_word' id='word_1_186' title='bbox 3258 1494 3403 1548; x_wconf 87' lang='lat' dir='ltr'><strong>enim</strong></span> <span class='ocrx_word' id='word_1_187' title='bbox 3433 1493 3541 1547; x_wconf 91' lang='lat' dir='ltr'><strong>hoc</strong></span> <span class='ocrx_word' id='word_1_188' title='bbox 3568 1494 3623 1546; x_wconf 91' lang='lat' dir='ltr'><strong>in</strong></span> <span class='ocrx_word' id='word_1_189' title='bbox 3656 1491 3887 1545; x_wconf 84' lang='lat' dir='ltr'><strong>homine</strong></span> 
     </span>
    </p>
   </div>
   <div class='ocr_carea' id='block_1_31' title="bbox 2281 1584 3883 1656">
    <p class='ocr_par' dir='ltr' id='par_1_31' title="bbox 2281 1584 3883 1656">
     <span class='ocr_line' id='line_1_31' title="bbox 2281 1584 3883 1656; baseline -0.003 -15"><span class='ocrx_word' id='word_1_190' title='bbox 2281 1593 2597 1656; x_wconf 79' lang='lat' dir='ltr'><strong>praesentem</strong></span> <span class='ocrx_word' id='word_1_191' title='bbox 2625 1585 2791 1641; x_wconf 89' lang='lat' dir='ltr'><strong>vitam</strong></span> <span class='ocrx_word' id='word_1_192' title='bbox 2821 1586 2873 1639; x_wconf 94' lang='lat' dir='ltr'><strong>in</strong></span> <span class='ocrx_word' id='word_1_193' title='bbox 2903 1586 3014 1640; x_wconf 91' lang='lat' dir='ltr'><strong>suis</strong></span> <span class='ocrx_word' id='word_1_194' title='bbox 3038 1586 3194 1640; x_wconf 90' lang='lat' dir='ltr'><strong>malis</strong></span> <span class='ocrx_word' id='word_1_195' title='bbox 3214 1586 3469 1656; x_wconf 86' lang='lat' dir='ltr'><strong>operibus</strong></span> <span class='ocrx_word' id='word_1_196' title='bbox 3493 1584 3719 1639; x_wconf 88' lang='lat' dir='ltr'><strong>ﬁniente</strong></span> <span class='ocrx_word' id='word_1_197' title='bbox 3742 1598 3883 1637; x_wconf 79' lang='lat' dir='ltr'><strong>cou-</strong></span> 
     </span>
    </p>
   </div>
   <div class='ocr_carea' id='block_1_32' title="bbox 2280 1674 3883 1747">
    <p class='ocr_par' dir='ltr' id='par_1_32' title="bbox 2280 1674 3883 1747">
     <span class='ocr_line' id='line_1_32' title="bbox 2280 1674 3883 1747; baseline -0.002 -16"><span class='ocrx_word' id='word_1_198' title='bbox 2280 1674 2634 1744; x_wconf 85' lang='lat' dir='ltr'><strong>siderabitur,</strong></span> <span class='ocrx_word' id='word_1_199' title='bbox 2686 1685 2746 1730; x_wconf 93' lang='lat' dir='ltr'><strong>ut</strong></span> <span class='ocrx_word' id='word_1_200' title='bbox 2794 1677 2920 1747; x_wconf 90' lang='lat' dir='ltr'><strong>quia</strong></span> <span class='ocrx_word' id='word_1_201' title='bbox 2968 1676 3116 1731; x_wconf 91' lang='lat' dir='ltr'><strong>ﬁnita</strong></span> <span class='ocrx_word' id='word_1_202' title='bbox 3164 1676 3492 1731; x_wconf 90' lang='lat' dir='ltr'><strong>videbuntur</strong></span> <span class='ocrx_word' id='word_1_203' title='bbox 3534 1675 3656 1745; x_wconf 88' lang='lat' dir='ltr'><strong>ejus</strong></span> <span class='ocrx_word' id='word_1_204' title='bbox 3706 1690 3883 1743; x_wconf 78' lang='lat' dir='ltr'><strong>opera</strong></span> 
     </span>
    </p>
   </div>
   <div class='ocr_carea' id='block_1_33' title="bbox 2281 1767 3884 1837">
    <p class='ocr_par' dir='ltr' id='par_1_33' title="bbox 2281 1767 3884 1837">
     <span class='ocr_line' id='line_1_33' title="bbox 2281 1767 3884 1837; baseline -0.001 -16"><span class='ocrx_word' id='word_1_205' title='bbox 2281 1768 2446 1833; x_wconf 89' lang='lat' dir='ltr'><strong>mala,</strong></span> <span class='ocrx_word' id='word_1_206' title='bbox 2473 1767 2728 1822; x_wconf 89' lang='lat' dir='ltr'><strong>ﬁniantur</strong></span> <span class='ocrx_word' id='word_1_207' title='bbox 2756 1767 2873 1837; x_wconf 89' lang='lat' dir='ltr'><strong>ejus</strong></span> <span class='ocrx_word' id='word_1_208' title='bbox 2891 1769 3218 1837; x_wconf 89' lang='lat' dir='ltr'><strong>quandoque</strong></span> <span class='ocrx_word' id='word_1_209' title='bbox 3244 1777 3543 1824; x_wconf 88' lang='lat' dir='ltr'><strong>tormenta:</strong></span> <span class='ocrx_word' id='word_1_210' title='bbox 3574 1768 3673 1822; x_wconf 85' lang='lat' dir='ltr'><strong>sed</strong></span> <span class='ocrx_word' id='word_1_211' title='bbox 3697 1775 3884 1820; x_wconf 87' lang='lat' dir='ltr'><strong>atten-</strong></span> 
     </span>
    </p>
   </div>
   <div class='ocr_carea' id='block_1_34' title="bbox 595 1848 3885 1930">
    <p class='ocr_par' dir='ltr' id='par_1_34' title="bbox 595 1848 3885 1930">
     <span class='ocr_line' id='line_1_34' title="bbox 595 1848 3885 1930; baseline -0.002 -21"><span class='ocrx_word' id='word_1_212' title='bbox 595 1854 679 1909; x_wconf 86' lang='lat' dir='ltr'><strong>his</strong></span> <span class='ocrx_word' id='word_1_213' title='bbox 718 1855 897 1910; x_wconf 89' lang='lat' dir='ltr'><strong>verbis</strong></span> <span class='ocrx_word' id='word_1_214' title='bbox 946 1855 1153 1908; x_wconf 88' lang='lat' dir='ltr'><strong>hortari</strong></span> <span class='ocrx_word' id='word_1_215' title='bbox 1202 1869 1310 1908; x_wconf 86' lang='lat' dir='ltr'><strong>non</strong></span> <span class='ocrx_word' id='word_1_216' title='bbox 1349 1853 1581 1907; x_wconf 86' lang='lat' dir='ltr'><strong>desinit:</strong></span> <span class='ocrx_word' id='word_1_217' title='bbox 1629 1849 1855 1916; x_wconf 76' lang='lat' dir='ltr'><strong>Quwrite</strong></span> <span class='ocrx_word' id='word_1_218' title='bbox 1900 1848 2181 1904; x_wconf 83' lang='lat' dir='ltr'><strong>Dominum</strong></span> <span class='ocrx_word' id='word_1_219' title='bbox 2213 1859 2255 1918; x_wconf 76' lang='grc' dir='ltr'><strong><em>Β</em></strong></span> <span class='ocrx_word' id='word_1_220' title='bbox 2283 1858 2513 1915; x_wconf 67' lang='lat' dir='ltr'><strong>det,ij</strong></span> <span class='ocrx_word' id='word_1_221' title='bbox 2530 1875 2599 1915; x_wconf 77' lang='lat' dir='ltr'><strong>eo</strong></span> <span class='ocrx_word' id='word_1_222' title='bbox 2615 1860 2810 1928; x_wconf 58' lang='lat' dir='ltr'><strong>iniqua:</strong></span> <span class='ocrx_word' id='word_1_223' title='bbox 2828 1860 3121 1914; x_wconf 62' lang='lat' dir='ltr'><strong>voluntatis</strong></span> <span class='ocrx_word' id='word_1_224' title='bbox 3144 1861 3491 1930; x_wconf 61' lang='lat' dir='ltr'><strong>perversitas,</strong></span> <span class='ocrx_word' id='word_1_225' title='bbox 3517 1874 3681 1929; x_wconf 81' lang='lat' dir='ltr'><strong>quam</strong></span> <span class='ocrx_word' id='word_1_226' title='bbox 3707 1873 3885 1926; x_wconf 76' lang='lat' dir='ltr'><strong>usque</strong></span> 
     </span>
    </p>
   </div>
   <div class='ocr_carea' id='block_1_35' title="bbox 595 1943 2177 2015">
    <p class='ocr_par' dir='ltr' id='par_1_35' title="bbox 595 1943 2177 2015">
     <span class='ocr_line' id='line_1_35' title="bbox 595 1943 2177 2015; baseline -0.005 -15"><span class='ocrx_word' id='word_1_227' title='bbox 595 1948 717 2000; x_wconf 86' lang='lat' dir='ltr'><strong>dum</strong></span> <span class='ocrx_word' id='word_1_228' title='bbox 763 1947 979 2000; x_wconf 80' lang='lat' dir='ltr'><strong>inveniri</strong></span> <span class='ocrx_word' id='word_1_229' title='bbox 1030 1954 1212 2015; x_wconf 87' lang='lat' dir='ltr'><strong>potest,</strong></span> <span class='ocrx_word' id='word_1_230' title='bbox 1262 1945 1493 1998; x_wconf 81' lang='lat' dir='ltr'><strong>inrocate</strong></span> <span class='ocrx_word' id='word_1_231' title='bbox 1546 1960 1661 1998; x_wconf 82' lang='lat' dir='ltr'><strong>eum</strong></span> <span class='ocrx_word' id='word_1_232' title='bbox 1709 1943 1830 1996; x_wconf 86' lang='lat' dir='ltr'><strong>dum</strong></span> <span class='ocrx_word' id='word_1_233' title='bbox 1873 1957 2033 2012; x_wconf 84' lang='lat' dir='ltr'><strong>prope</strong></span> <span class='ocrx_word' id='word_1_234' title='bbox 2080 1948 2177 1993; x_wconf 82' lang='lat' dir='ltr'><strong>est.</strong></span> 
     </span>
    </p>
   </div>
   <div class='ocr_carea' id='block_1_36' title="bbox 595 2031 2182 2109">
    <p class='ocr_par' dir='ltr' id='par_1_36' title="bbox 595 2031 2182 2109">
     <span class='ocr_line' id='line_1_36' title="bbox 595 2031 2182 2109; baseline -0.008 -17"><span class='ocrx_word' id='word_1_235' title='bbox 595 2037 931 2109; x_wconf 84' lang='lat' dir='ltr'><strong>Derelinquat</strong></span> <span class='ocrx_word' id='word_1_236' title='bbox 969 2037 1155 2107; x_wconf 85' lang='lat' dir='ltr'><strong>impius</strong></span> <span class='ocrx_word' id='word_1_237' title='bbox 1190 2037 1329 2089; x_wconf 78' lang='lat' dir='ltr'><strong>viam</strong></span> <span class='ocrx_word' id='word_1_238' title='bbox 1361 2050 1531 2098; x_wconf 87' lang='lat' dir='ltr'><strong>suam,</strong></span> <span class='ocrx_word' id='word_1_239' title='bbox 1560 2042 1610 2087; x_wconf 86' lang='lat' dir='ltr'><strong>et</strong></span> <span class='ocrx_word' id='word_1_240' title='bbox 1649 2034 1726 2086; x_wconf 76' lang='lat' dir='ltr'><strong>vir</strong></span> <span class='ocrx_word' id='word_1_241' title='bbox 1753 2033 1956 2103; x_wconf 81' lang='lat' dir='ltr'><strong>iniquus</strong></span> <span class='ocrx_word' id='word_1_242' title='bbox 1985 2031 2182 2099; x_wconf 83' lang='lat' dir='ltr'><strong>cogita-</strong></span> 
     </span>
    </p>
   </div>
   <div class='ocr_carea' id='block_1_37' title="bbox 596 2118 2182 2190">
    <p class='ocr_par' dir='ltr' id='par_1_37' title="bbox 596 2118 2182 2190">
     <span class='ocr_line' id='line_1_37' title="bbox 596 2118 2182 2190; baseline -0.006 -11"><span class='ocrx_word' id='word_1_243' title='bbox 596 2132 788 2183; x_wconf 83' lang='lat' dir='ltr'><strong>tionem</strong></span> <span class='ocrx_word' id='word_1_244' title='bbox 811 2145 957 2181; x_wconf 85' lang='lat' dir='ltr'><strong>suam</strong></span> <span class='ocrx_word' id='word_1_245' title='bbox 980 2144 998 2190; x_wconf 87' lang='lat'><strong>;</strong></span> <span class='ocrx_word' id='word_1_246' title='bbox 1026 2136 1075 2181; x_wconf 88' lang='lat' dir='ltr'><strong>et</strong></span> <span class='ocrx_word' id='word_1_247' title='bbox 1095 2134 1420 2179; x_wconf 83' lang='lat' dir='ltr'><strong>convertatur</strong></span> <span class='ocrx_word' id='word_1_248' title='bbox 1440 2124 1510 2176; x_wconf 84' lang='lat' dir='ltr'><strong>ad</strong></span> <span class='ocrx_word' id='word_1_249' title='bbox 1529 2121 1829 2187; x_wconf 87' lang='lat' dir='ltr'><strong>Dominum,</strong></span> <span class='ocrx_word' id='word_1_250' title='bbox 1847 2129 1894 2175; x_wconf 84' lang='lat' dir='ltr'><strong>et</strong></span> <span class='ocrx_word' id='word_1_251' title='bbox 1916 2118 2182 2174; x_wconf 76' lang='lat' dir='ltr'><strong>miserebi-</strong></span> 
     </span>
    </p>
   </div>
   <div class='ocr_carea' id='block_1_38' title="bbox 599 2208 2182 2289">
    <p class='ocr_par' dir='ltr' id='par_1_38' title="bbox 599 2208 2182 2289">
     <span class='ocr_line' id='line_1_38' title="bbox 599 2208 2182 2289; baseline -0.007 -18"><span class='ocrx_word' id='word_1_252' title='bbox 599 2231 680 2272; x_wconf 85' lang='lat' dir='ltr'><strong>tur</strong></span> <span class='ocrx_word' id='word_1_253' title='bbox 701 2220 813 2289; x_wconf 84' lang='lat' dir='ltr'><strong>ejus</strong></span> <span class='ocrx_word' id='word_1_254' title='bbox 838 2235 854 2281; x_wconf 85' lang='lat'><strong>;</strong></span> <span class='ocrx_word' id='word_1_255' title='bbox 879 2230 925 2270; x_wconf 84' lang='lat' dir='ltr'><strong>et</strong></span> <span class='ocrx_word' id='word_1_256' title='bbox 954 2216 1023 2269; x_wconf 85' lang='lat' dir='ltr'><strong>ad</strong></span> <span class='ocrx_word' id='word_1_257' title='bbox 1053 2215 1215 2268; x_wconf 86' lang='lat' dir='ltr'><strong>Deum</strong></span> <span class='ocrx_word' id='word_1_258' title='bbox 1244 2222 1499 2278; x_wconf 84' lang='lat' dir='ltr'><strong>nostrum,</strong></span> <span class='ocrx_word' id='word_1_259' title='bbox 1536 2213 1778 2284; x_wconf 85' lang='lat' dir='ltr'><strong>quoniam</strong></span> <span class='ocrx_word' id='word_1_260' title='bbox 1808 2210 1996 2263; x_wconf 85' lang='lat' dir='ltr'><strong>multus</strong></span> <span class='ocrx_word' id='word_1_261' title='bbox 2016 2208 2182 2262; x_wconf 84' lang='lat' dir='ltr'><strong>estad</strong></span> 
     </span>
    </p>
   </div>
   <div class='ocr_carea' id='block_1_39' title="bbox 595 2299 2181 2381">
    <p class='ocr_par' dir='ltr' id='par_1_39' title="bbox 595 2299 2181 2381">
     <span class='ocr_line' id='line_1_39' title="bbox 595 2299 2181 2381; baseline -0.008 -17"><span class='ocrx_word' id='word_1_262' title='bbox 595 2308 964 2381; x_wconf 81' lang='lat' dir='ltr'><strong>ignoscendum</strong></span> <span class='ocrx_word' id='word_1_263' title='bbox 1006 2305 1162 2376; x_wconf 84' lang='lat' dir='ltr'><strong>(Isai.</strong></span> <span class='ocrx_word' id='word_1_264' title='bbox 1193 2321 1284 2372; x_wconf 75' lang='grc' dir='ltr'><strong>ιν,</strong></span> <span class='ocrx_word' id='word_1_265' title='bbox 1328 2304 1380 2371; x_wconf 86' lang='grc'>6,</span> <span class='ocrx_word' id='word_1_266' title='bbox 1414 2304 1493 2375; x_wconf 88' lang='lat'><strong>7).</strong></span> <span class='ocrx_word' id='word_1_267' title='bbox 1546 2302 1696 2357; x_wconf 85' lang='lat' dir='ltr'><strong>Nunc</strong></span> <span class='ocrx_word' id='word_1_268' title='bbox 1746 2316 1875 2371; x_wconf 85' lang='lat' dir='ltr'><strong>ergo</strong></span> <span class='ocrx_word' id='word_1_269' title='bbox 1922 2299 2181 2354; x_wconf 89' lang='lat' dir='ltr'><strong>Dominus</strong></span> 
     </span>
    </p>
   </div>
   <div class='ocr_carea' id='block_1_40' title="bbox 595 2389 2178 2471">
    <p class='ocr_par' dir='ltr' id='par_1_40' title="bbox 595 2389 2178 2471">
     <span class='ocr_line' id='line_1_40' title="bbox 595 2389 2178 2471; baseline -0.009 -15"><span class='ocrx_word' id='word_1_270' title='bbox 595 2399 914 2471; x_wconf 69' lang='lat' dir='ltr'><strong>qumrendus</strong></span> <span class='ocrx_word' id='word_1_271' title='bbox 944 2406 1046 2465; x_wconf 90' lang='lat' dir='ltr'><strong>est,</strong></span> <span class='ocrx_word' id='word_1_272' title='bbox 1078 2413 1200 2451; x_wconf 91' lang='lat' dir='ltr'><strong>cum</strong></span> <span class='ocrx_word' id='word_1_273' title='bbox 1228 2403 1408 2465; x_wconf 90' lang='lat' dir='ltr'><strong>potest</strong></span> <span class='ocrx_word' id='word_1_274' title='bbox 1453 2410 1483 2447; x_wconf 88' lang='lat' dir='ltr'><strong>a</strong></span> <span class='ocrx_word' id='word_1_275' title='bbox 1525 2392 1889 2464; x_wconf 64' lang='lat' dir='ltr'><strong>quaerentibus</strong></span> <span class='ocrx_word' id='word_1_276' title='bbox 1930 2389 2178 2444; x_wconf 84' lang='lat' dir='ltr'><strong>inveniri.</strong></span> 
     </span>
    </p>
   </div>
   <div class='ocr_carea' id='block_1_41' title="bbox 597 2482 2181 2557">
    <p class='ocr_par' dir='ltr' id='par_1_41' title="bbox 597 2482 2181 2557">
     <span class='ocr_line' id='line_1_41' title="bbox 597 2482 2181 2557; baseline -0.006 -10"><span class='ocrx_word' id='word_1_277' title='bbox 597 2492 748 2547; x_wconf 80' lang='lat' dir='ltr'><strong>Nunc</strong></span> <span class='ocrx_word' id='word_1_278' title='bbox 773 2490 1122 2555; x_wconf 88' lang='lat' dir='ltr'><strong>invocandus,</strong></span> <span class='ocrx_word' id='word_1_279' title='bbox 1149 2502 1273 2543; x_wconf 92' lang='lat' dir='ltr'><strong>cum</strong></span> <span class='ocrx_word' id='word_1_280' title='bbox 1296 2495 1380 2542; x_wconf 90' lang='lat' dir='ltr'><strong>est</strong></span> <span class='ocrx_word' id='word_1_281' title='bbox 1406 2487 1683 2557; x_wconf 80' lang='lat' dir='ltr'><strong>proximus</strong></span> <span class='ocrx_word' id='word_1_282' title='bbox 1707 2484 2000 2539; x_wconf 84' lang='lat' dir='ltr'><strong>invocanti.</strong></span> <span class='ocrx_word' id='word_1_283' title='bbox 2032 2482 2181 2538; x_wconf 84' lang='lat' dir='ltr'><strong>Nunc</strong></span> 
     </span>
    </p>
   </div>
   <div class='ocr_carea' id='block_1_42' title="bbox 595 2575 2182 2653">
    <p class='ocr_par' dir='ltr' id='par_1_42' title="bbox 595 2575 2182 2653">
     <span class='ocr_line' id='line_1_42' title="bbox 595 2575 2182 2653; baseline -0.007 -14"><span class='ocrx_word' id='word_1_284' title='bbox 595 2582 891 2653; x_wconf 87' lang='lat' dir='ltr'><strong>impietatis</strong></span> <span class='ocrx_word' id='word_1_285' title='bbox 913 2582 1021 2648; x_wconf 86' lang='lat' dir='ltr'><strong>via,</strong></span> <span class='ocrx_word' id='word_1_286' title='bbox 1070 2595 1213 2635; x_wconf 87' lang='lat' dir='ltr'><strong>nunc</strong></span> <span class='ocrx_word' id='word_1_287' title='bbox 1261 2586 1343 2634; x_wconf 88' lang='lat' dir='ltr'><strong>est</strong></span> <span class='ocrx_word' id='word_1_288' title='bbox 1386 2578 1684 2648; x_wconf 88' lang='lat' dir='ltr'><strong>iniquitatis</strong></span> <span class='ocrx_word' id='word_1_289' title='bbox 1717 2576 1973 2645; x_wconf 84' lang='lat' dir='ltr'><strong>cogitatio</strong></span> <span class='ocrx_word' id='word_1_290' title='bbox 2016 2575 2182 2629; x_wconf 89' lang='lat' dir='ltr'><strong>relin-</strong></span> 
     </span>
    </p>
   </div>
   <div class='ocr_carea' id='block_1_43' title="bbox 594 2664 2182 2744">
    <p class='ocr_par' dir='ltr' id='par_1_43' title="bbox 594 2664 2182 2744">
     <span class='ocr_line' id='line_1_43' title="bbox 594 2664 2182 2744; baseline -0.006 -17"><span class='ocrx_word' id='word_1_291' title='bbox 594 2672 831 2744; x_wconf 91' lang='lat' dir='ltr'><strong>quenda.</strong></span> <span class='ocrx_word' id='word_1_292' title='bbox 873 2671 1025 2726; x_wconf 87' lang='lat' dir='ltr'><strong>Nunc</strong></span> <span class='ocrx_word' id='word_1_293' title='bbox 1064 2679 1146 2726; x_wconf 89' lang='lat' dir='ltr'><strong>est</strong></span> <span class='ocrx_word' id='word_1_294' title='bbox 1175 2668 1477 2726; x_wconf 89' lang='lat' dir='ltr'><strong>necessaria</strong></span> <span class='ocrx_word' id='word_1_295' title='bbox 1524 2669 1809 2723; x_wconf 89' lang='lat' dir='ltr'><strong>conversio</strong></span> <span class='ocrx_word' id='word_1_296' title='bbox 1855 2664 2182 2736; x_wconf 81' lang='lat' dir='ltr'><strong>peccatoris,</strong></span> 
     </span>
    </p>
   </div>
   <div class='ocr_carea' id='block_1_44' title="bbox 594 2755 2181 2835">
    <p class='ocr_par' dir='ltr' id='par_1_44' title="bbox 594 2755 2181 2835">
     <span class='ocr_line' id='line_1_44' title="bbox 594 2755 2181 2835; baseline -0.008 -15"><span class='ocrx_word' id='word_1_297' title='bbox 594 2780 703 2835; x_wconf 90' lang='lat' dir='ltr'><strong>qua</strong></span> <span class='ocrx_word' id='word_1_298' title='bbox 739 2771 920 2834; x_wconf 90' lang='lat' dir='ltr'><strong>potest</strong></span> <span class='ocrx_word' id='word_1_299' title='bbox 948 2762 1214 2818; x_wconf 88' lang='lat' dir='ltr'><strong>benellcio</strong></span> <span class='ocrx_word' id='word_1_300' title='bbox 1240 2761 1435 2816; x_wconf 65' lang='lat' dir='ltr'><strong>divinae</strong></span> <span class='ocrx_word' id='word_1_301' title='bbox 1460 2758 1793 2814; x_wconf 86' lang='lat' dir='ltr'><strong>remissionis</strong></span> <span class='ocrx_word' id='word_1_302' title='bbox 1833 2764 1985 2811; x_wconf 91' lang='lat' dir='ltr'><strong>reatu</strong></span> <span class='ocrx_word' id='word_1_303' title='bbox 2012 2755 2181 2810; x_wconf 83' lang='lat' dir='ltr'><strong>totius</strong></span> 
     </span>
    </p>
   </div>
   <div class='ocr_carea' id='block_1_45' title="bbox 595 2845 2179 2927">
    <p class='ocr_par' dir='ltr' id='par_1_45' title="bbox 595 2845 2179 2927">
     <span class='ocr_line' id='line_1_45' title="bbox 595 2845 2179 2927; baseline -0.01 -13"><span class='ocrx_word' id='word_1_304' title='bbox 595 2872 785 2914; x_wconf 85' lang='lat' dir='ltr'><strong>carere</strong></span> <span class='ocrx_word' id='word_1_305' title='bbox 814 2856 1038 2927; x_wconf 87' lang='lat' dir='ltr'><strong>peccati.</strong></span> <span class='ocrx_word' id='word_1_306' title='bbox 1090 2852 1356 2909; x_wconf 71' lang='lat' dir='ltr'><strong>Cmtcrum</strong></span> <span class='ocrx_word' id='word_1_307' title='bbox 1402 2852 1544 2907; x_wconf 91' lang='lat' dir='ltr'><strong>bona</strong></span> <span class='ocrx_word' id='word_1_308' title='bbox 1585 2850 1680 2905; x_wconf 88' lang='lat' dir='ltr'><strong>Dei</strong></span> <span class='ocrx_word' id='word_1_309' title='bbox 1730 2864 1837 2903; x_wconf 91' lang='lat' dir='ltr'><strong>non</strong></span> <span class='ocrx_word' id='word_1_310' title='bbox 1882 2845 2084 2901; x_wconf 85' lang='lat' dir='ltr'><strong>videbit</strong></span> <span class='ocrx_word' id='word_1_311' title='bbox 2126 2847 2179 2899; x_wconf 93' lang='lat' dir='ltr'><strong>in</strong></span> 
     </span>
    </p>
   </div>
   <div class='ocr_carea' id='block_1_46' title="bbox 594 2938 2181 3017">
    <p class='ocr_par' dir='ltr' id='par_1_46' title="bbox 594 2938 2181 3017">
     <span class='ocr_line' id='line_1_46' title="bbox 594 2938 2181 3017; baseline -0.011 -10"><span class='ocrx_word' id='word_1_312' title='bbox 594 2959 741 3007; x_wconf 87' lang='lat' dir='ltr'><strong>terra</strong></span> <span class='ocrx_word' id='word_1_313' title='bbox 771 2947 1060 3003; x_wconf 90' lang='lat' dir='ltr'><strong>viventium</strong></span> <span class='ocrx_word' id='word_1_314' title='bbox 1092 2944 1266 3017; x_wconf 80' lang='lat' dir='ltr'><strong>(Psal.</strong></span> <span class='ocrx_word' id='word_1_315' title='bbox 1294 2959 1439 3010; x_wconf 76' lang='lat' dir='ltr'><strong>xxvi,</strong></span> <span class='ocrx_word' id='word_1_316' title='bbox 1465 2942 1575 3010; x_wconf 73' lang='grc'><strong>15),</strong></span> <span class='ocrx_word' id='word_1_317' title='bbox 1605 2942 1651 2995; x_wconf 92' lang='lat' dir='ltr'><strong>si</strong></span> <span class='ocrx_word' id='word_1_318' title='bbox 1678 2940 1800 3009; x_wconf 92' lang='lat' dir='ltr'><strong>quis</strong></span> <span class='ocrx_word' id='word_1_319' title='bbox 1829 2939 1880 2993; x_wconf 93' lang='lat' dir='ltr'><strong>in</strong></span> <span class='ocrx_word' id='word_1_320' title='bbox 1910 2938 2011 2992; x_wconf 90' lang='lat' dir='ltr'><strong>hac</strong></span> <span class='ocrx_word' id='word_1_321' title='bbox 2035 2945 2181 2991; x_wconf 89' lang='lat' dir='ltr'><strong>terra</strong></span> 
     </span>
    </p>
   </div>
   <div class='ocr_carea' id='block_1_47' title="bbox 594 3031 2176 3101">
    <p class='ocr_par' dir='ltr' id='par_1_47' title="bbox 594 3031 2176 3101">
     <span class='ocr_line' id='line_1_47' title="bbox 594 3031 2176 3101; baseline -0.01 -4"><span class='ocrx_word' id='word_1_322' title='bbox 594 3041 940 3099; x_wconf 90' lang='lat' dir='ltr'><strong>morientium</strong></span> <span class='ocrx_word' id='word_1_323' title='bbox 974 3038 1347 3094; x_wconf 88' lang='lat' dir='ltr'><strong>remissionem</strong></span> <span class='ocrx_word' id='word_1_324' title='bbox 1378 3049 1485 3090; x_wconf 93' lang='lat' dir='ltr'><strong>non</strong></span> <span class='ocrx_word' id='word_1_325' title='bbox 1514 3031 1784 3101; x_wconf 90' lang='lat' dir='ltr'><strong>acceperit</strong></span> <span class='ocrx_word' id='word_1_326' title='bbox 1810 3038 2176 3100; x_wconf 85' lang='lat' dir='ltr'><strong>peccatorum.</strong></span> 
     </span>
    </p>
   </div>
   <div class='ocr_carea' id='block_1_48' title="bbox 593 3120 2180 3202">
    <p class='ocr_par' dir='ltr' id='par_1_48' title="bbox 593 3120 2180 3202">
     <span class='ocr_line' id='line_1_48' title="bbox 593 3120 2180 3202; baseline -0.011 -11"><span class='ocrx_word' id='word_1_327' title='bbox 593 3135 714 3191; x_wconf 74' lang='lat' dir='ltr'><strong>Hoc</strong></span> <span class='ocrx_word' id='word_1_328' title='bbox 751 3135 894 3190; x_wconf 89' lang='lat' dir='ltr'><strong>enim</strong></span> <span class='ocrx_word' id='word_1_329' title='bbox 926 3134 1043 3202; x_wconf 90' lang='lat' dir='ltr'><strong>ipse</strong></span> <span class='ocrx_word' id='word_1_330' title='bbox 1085 3127 1467 3201; x_wconf 73' lang='lat' dir='ltr'><strong>prmordinavit</strong></span> <span class='ocrx_word' id='word_1_331' title='bbox 1511 3124 1788 3180; x_wconf 88' lang='lat' dir='ltr'><strong>hominum</strong></span> <span class='ocrx_word' id='word_1_332' title='bbox 1826 3120 2077 3176; x_wconf 88' lang='lat' dir='ltr'><strong>Salvator</strong></span> <span class='ocrx_word' id='word_1_333' title='bbox 2123 3126 2180 3173; x_wconf 92' lang='lat' dir='ltr'><strong>et</strong></span> 
     </span>
    </p>
   </div>
   <div class='ocr_carea' id='block_1_49' title="bbox 589 3210 2178 3295">
    <p class='ocr_par' dir='ltr' id='par_1_49' title="bbox 589 3210 2178 3295">
     <span class='ocr_line' id='line_1_49' title="bbox 589 3210 2178 3295; baseline -0.01 -14"><span class='ocrx_word' id='word_1_334' title='bbox 589 3227 776 3295; x_wconf 80' lang='lat' dir='ltr'><strong>judcx,</strong></span> <span class='ocrx_word' id='word_1_335' title='bbox 800 3233 859 3279; x_wconf 92' lang='lat' dir='ltr'><strong>ut</strong></span> <span class='ocrx_word' id='word_1_336' title='bbox 878 3224 1070 3293; x_wconf 89' lang='lat' dir='ltr'><strong>quibus</strong></span> <span class='ocrx_word' id='word_1_337' title='bbox 1089 3228 1309 3290; x_wconf 86' lang='lat' dir='ltr'><strong>peccata</strong></span> <span class='ocrx_word' id='word_1_338' title='bbox 1337 3216 1579 3281; x_wconf 91' lang='lat' dir='ltr'><strong>dimittit,</strong></span> <span class='ocrx_word' id='word_1_339' title='bbox 1613 3215 1666 3269; x_wconf 92' lang='lat' dir='ltr'><strong>in</strong></span> <span class='ocrx_word' id='word_1_340' title='bbox 1699 3214 1800 3268; x_wconf 93' lang='lat' dir='ltr'><strong>hac</strong></span> <span class='ocrx_word' id='word_1_341' title='bbox 1826 3221 1969 3266; x_wconf 87' lang='lat' dir='ltr'><strong>terra</strong></span> <span class='ocrx_word' id='word_1_342' title='bbox 1996 3210 2178 3265; x_wconf 91' lang='lat' dir='ltr'><strong>dimit-</strong></span> 
     </span>
    </p>
   </div>
   <div class='ocr_carea' id='block_1_50' title="bbox 595 3302 2178 3385">
    <p class='ocr_par' dir='ltr' id='par_1_50' title="bbox 595 3302 2178 3385">
     <span class='ocr_line' id='line_1_50' title="bbox 595 3302 2178 3385; baseline -0.01 -13"><span class='ocrx_word' id='word_1_343' title='bbox 595 3325 705 3375; x_wconf 90' lang='lat' dir='ltr'><strong>tat..</strong></span> <span class='ocrx_word' id='word_1_344' title='bbox 726 3315 954 3385; x_wconf 87' lang='lat' dir='ltr'><strong>Propter</strong></span> <span class='ocrx_word' id='word_1_345' title='bbox 982 3312 1127 3382; x_wconf 92' lang='lat' dir='ltr'><strong>quod</strong></span> <span class='ocrx_word' id='word_1_346' title='bbox 1160 3309 1356 3365; x_wconf 69' lang='lat' dir='ltr'><strong>Judtcis</strong></span> <span class='ocrx_word' id='word_1_347' title='bbox 1381 3306 1672 3363; x_wconf 86' lang='lat' dir='ltr'><strong>incredulis</strong></span> <span class='ocrx_word' id='word_1_348' title='bbox 1697 3305 1861 3360; x_wconf 89' lang='lat' dir='ltr'><strong>dicit:</strong></span> <span class='ocrx_word' id='word_1_349' title='bbox 1899 3302 1968 3357; x_wconf 89' lang='lat' dir='ltr'><strong>Ut</strong></span> <span class='ocrx_word' id='word_1_350' title='bbox 2007 3311 2178 3356; x_wconf 76' lang='lat' dir='ltr'><strong>autem</strong></span> 
     </span>
    </p>
   </div>
   <div class='ocr_carea' id='block_1_51' title="bbox 591 3395 2207 3477">
    <p class='ocr_par' dir='ltr' id='par_1_51' title="bbox 591 3395 2207 3477">
     <span class='ocr_line' id='line_1_51' title="bbox 591 3395 2207 3477; baseline -0.009 -16"><span class='ocrx_word' id='word_1_351' title='bbox 591 3408 771 3461; x_wconf 80' lang='lat' dir='ltr'><strong>sciatis</strong></span> <span class='ocrx_word' id='word_1_352' title='bbox 811 3407 931 3477; x_wconf 85' lang='lat' dir='ltr'><strong>quia</strong></span> <span class='ocrx_word' id='word_1_353' title='bbox 970 3410 1269 3473; x_wconf 78' lang='lat' dir='ltr'><strong>potestatem</strong></span> <span class='ocrx_word' id='word_1_354' title='bbox 1306 3398 1457 3452; x_wconf 84' lang='lat' dir='ltr'><strong>habet</strong></span> <span class='ocrx_word' id='word_1_355' title='bbox 1493 3396 1663 3451; x_wconf 81' lang='lat' dir='ltr'><strong>Filius</strong></span> <span class='ocrx_word' id='word_1_356' title='bbox 1697 3396 1919 3451; x_wconf 80' lang='lat' dir='ltr'><strong>hominis</strong></span> <span class='ocrx_word' id='word_1_357' title='bbox 1956 3395 2012 3447; x_wconf 85' lang='lat' dir='ltr'><strong>in</strong></span> <span class='ocrx_word' id='word_1_358' title='bbox 2039 3399 2207 3447; x_wconf 72' lang='lat' dir='ltr'><strong>terra</strong></span> 
     </span>
    </p>
   </div>
   <div class='ocr_carea' id='block_1_52' title="bbox 592 3485 2174 3564">
    <p class='ocr_par' dir='ltr' id='par_1_52' title="bbox 592 3485 2174 3564">
     <span class='ocr_line' id='line_1_52' title="bbox 592 3485 2174 3564; baseline -0.008 -12"><span class='ocrx_word' id='word_1_359' title='bbox 592 3496 881 3552; x_wconf 78' lang='lat' dir='ltr'><strong>dimittendi</strong></span> <span class='ocrx_word' id='word_1_360' title='bbox 898 3503 1106 3564; x_wconf 85' lang='lat' dir='ltr'><strong>peccata</strong></span> <span class='ocrx_word' id='word_1_361' title='bbox 1128 3489 1339 3555; x_wconf 54' lang='lat' dir='ltr'><strong>iMatth.</strong></span> <span class='ocrx_word' id='word_1_362' title='bbox 1366 3506 1439 3555; x_wconf 79' lang='lat' dir='ltr'><strong>Ix,</strong></span> <span class='ocrx_word' id='word_1_363' title='bbox 1459 3488 1535 3559; x_wconf 83' lang='lat'><strong>6).</strong></span> <span class='ocrx_word' id='word_1_364' title='bbox 1556 3487 1710 3554; x_wconf 89' lang='lat' dir='ltr'><strong>Quod</strong></span> <span class='ocrx_word' id='word_1_365' title='bbox 1729 3502 1836 3541; x_wconf 87' lang='lat' dir='ltr'><strong>non</strong></span> <span class='ocrx_word' id='word_1_366' title='bbox 1866 3486 1989 3541; x_wconf 90' lang='lat' dir='ltr'><strong>ideo</strong></span> <span class='ocrx_word' id='word_1_367' title='bbox 2015 3485 2174 3548; x_wconf 83' lang='lat' dir='ltr'><strong>dixit,</strong></span> 
     </span>
    </p>
   </div>
   <div class='ocr_carea' id='block_1_53' title="bbox 591 3576 2179 3657">
    <p class='ocr_par' dir='ltr' id='par_1_53' title="bbox 591 3576 2179 3657">
     <span class='ocr_line' id='line_1_53' title="bbox 591 3576 2179 3657; baseline -0.008 -16"><span class='ocrx_word' id='word_1_368' title='bbox 591 3588 718 3657; x_wconf 91' lang='lat' dir='ltr'><strong>quia</strong></span> <span class='ocrx_word' id='word_1_369' title='bbox 762 3584 1163 3641; x_wconf 84' lang='lat' dir='ltr'><strong>transeuntibus</strong></span> <span class='ocrx_word' id='word_1_370' title='bbox 1204 3580 1511 3636; x_wconf 85' lang='lat' dir='ltr'><strong>hominibus</strong></span> <span class='ocrx_word' id='word_1_371' title='bbox 1556 3579 1625 3634; x_wconf 90' lang='lat' dir='ltr'><strong>de</strong></span> <span class='ocrx_word' id='word_1_372' title='bbox 1665 3578 1768 3633; x_wconf 91' lang='lat' dir='ltr'><strong>hac</strong></span> <span class='ocrx_word' id='word_1_373' title='bbox 1811 3586 1984 3643; x_wconf 85' lang='lat' dir='ltr'><strong>terra,</strong></span> <span class='ocrx_word' id='word_1_374' title='bbox 2020 3576 2179 3645; x_wconf 88' lang='lat' dir='ltr'><strong>hujus</strong></span> 
     </span>
    </p>
   </div>
   <div class='ocr_carea' id='block_1_54' title="bbox 592 3669 2175 3749">
    <p class='ocr_par' dir='ltr' id='par_1_54' title="bbox 592 3669 2175 3749">
     <span class='ocr_line' id='line_1_54' title="bbox 592 3669 2175 3749; baseline -0.009 -14"><span class='ocrx_word' id='word_1_375' title='bbox 592 3679 851 3749; x_wconf 87' lang='lat' dir='ltr'><strong>temporis</strong></span> <span class='ocrx_word' id='word_1_376' title='bbox 880 3682 1121 3746; x_wconf 85' lang='lat' dir='ltr'><strong>peccata,</strong></span> <span class='ocrx_word' id='word_1_377' title='bbox 1151 3674 1195 3729; x_wconf 88' lang='lat' dir='ltr'><strong>si</strong></span> <span class='ocrx_word' id='word_1_378' title='bbox 1224 3672 1418 3743; x_wconf 89' lang='lat' dir='ltr'><strong>quibus</strong></span> <span class='ocrx_word' id='word_1_379' title='bbox 1444 3670 1626 3734; x_wconf 90' lang='lat' dir='ltr'><strong>vellet,</strong></span> <span class='ocrx_word' id='word_1_380' title='bbox 1653 3669 1897 3724; x_wconf 82' lang='lat' dir='ltr'><strong>relaxare</strong></span> <span class='ocrx_word' id='word_1_381' title='bbox 1918 3683 2024 3722; x_wconf 87' lang='lat' dir='ltr'><strong>non</strong></span> <span class='ocrx_word' id='word_1_382' title='bbox 2045 3683 2175 3738; x_wconf 87' lang='lat' dir='ltr'><strong>pos-</strong></span> 
     </span>
    </p>
   </div>
   <div class='ocr_carea' id='block_1_55' title="bbox 590 3758 2171 3833">
    <p class='ocr_par' dir='ltr' id='par_1_55' title="bbox 590 3758 2171 3833">
     <span class='ocr_line' id='line_1_55' title="bbox 590 3758 2171 3833; baseline -0.008 -8"><span class='ocrx_word' id='word_1_383' title='bbox 590 3772 663 3827; x_wconf 79' lang='lat' dir='ltr'><strong>sit</strong></span> <span class='ocrx_word' id='word_1_384' title='bbox 689 3787 701 3823; x_wconf 92' lang='lat'>:</span> <span class='ocrx_word' id='word_1_385' title='bbox 732 3769 823 3823; x_wconf 89' lang='lat' dir='ltr'><strong>sed</strong></span> <span class='ocrx_word' id='word_1_386' title='bbox 853 3775 911 3822; x_wconf 91' lang='lat' dir='ltr'><strong>ut</strong></span> <span class='ocrx_word' id='word_1_387' title='bbox 940 3766 1185 3821; x_wconf 86' lang='lat' dir='ltr'><strong>homines</strong></span> <span class='ocrx_word' id='word_1_388' title='bbox 1210 3770 1566 3833; x_wconf 87' lang='lat' dir='ltr'><strong>agnoscerent</strong></span> <span class='ocrx_word' id='word_1_389' title='bbox 1594 3770 1806 3831; x_wconf 89' lang='lat' dir='ltr'><strong>tempus</strong></span> <span class='ocrx_word' id='word_1_390' title='bbox 1833 3758 2171 3814; x_wconf 87' lang='lat' dir='ltr'><strong>remissionis</strong></span> 
     </span>
    </p>
   </div>
   <div class='ocr_carea' id='block_1_56' title="bbox 587 3851 2177 3919">
    <p class='ocr_par' dir='ltr' id='par_1_56' title="bbox 587 3851 2177 3919">
     <span class='ocr_line' id='line_1_56' title="bbox 587 3851 2177 3919; baseline -0.009 -1"><span class='ocrx_word' id='word_1_391' title='bbox 587 3872 645 3919; x_wconf 87' lang='lat' dir='ltr'><strong>et</strong></span> <span class='ocrx_word' id='word_1_392' title='bbox 673 3859 1042 3917; x_wconf 88' lang='lat' dir='ltr'><strong>retributionis</strong></span> <span class='ocrx_word' id='word_1_393' title='bbox 1062 3857 1239 3912; x_wconf 88' lang='lat' dir='ltr'><strong>divina</strong></span> <span class='ocrx_word' id='word_1_394' title='bbox 1262 3852 1771 3910; x_wconf 89' lang='lat' dir='ltr'><strong>incommutabiliter</strong></span> <span class='ocrx_word' id='word_1_395' title='bbox 1791 3851 2177 3907; x_wconf 87' lang='lat' dir='ltr'><strong>constitutione</strong></span> 
     </span>
    </p>
   </div>
   <div class='ocr_carea' id='block_1_57' title="bbox 586 3942 2172 4019">
    <p class='ocr_par' dir='ltr' id='par_1_57' title="bbox 586 3942 2172 4019">
     <span class='ocr_line' id='line_1_57' title="bbox 586 3942 2172 4019; baseline -0.009 -10"><span class='ocrx_word' id='word_1_396' title='bbox 586 3954 909 4019; x_wconf 87' lang='lat' dir='ltr'><strong>discretum,</strong></span> <span class='ocrx_word' id='word_1_397' title='bbox 941 3965 1042 4005; x_wconf 90' lang='lat' dir='ltr'><strong>nec</strong></span> <span class='ocrx_word' id='word_1_398' title='bbox 1069 3947 1258 4003; x_wconf 89' lang='lat' dir='ltr'><strong>audire</strong></span> <span class='ocrx_word' id='word_1_399' title='bbox 1284 3942 1517 4001; x_wconf 84' lang='lat' dir='ltr'><strong>humana</strong></span> <span class='ocrx_word' id='word_1_400' title='bbox 1548 3943 1782 3998; x_wconf 87' lang='lat' dir='ltr'><strong>inaniter</strong></span> <span class='ocrx_word' id='word_1_401' title='bbox 1805 3951 2049 4013; x_wconf 87' lang='lat' dir='ltr'><strong>speraret</strong></span> <span class='ocrx_word' id='word_1_402' title='bbox 2076 3957 2172 3995; x_wconf 80' lang='lat' dir='ltr'><strong>va-</strong></span> 
     </span>
    </p>
   </div>
   <div class='ocr_carea' id='block_1_58' title="bbox 586 4035 2172 4114">
    <p class='ocr_par' dir='ltr' id='par_1_58' title="bbox 586 4035 2172 4114">
     <span class='ocr_line' id='line_1_58' title="bbox 586 4035 2172 4114; baseline -0.009 -13"><span class='ocrx_word' id='word_1_403' title='bbox 586 4045 728 4102; x_wconf 90' lang='lat' dir='ltr'><strong>nitas</strong></span> <span class='ocrx_word' id='word_1_404' title='bbox 772 4042 914 4114; x_wconf 88' lang='lat' dir='ltr'><strong>quod</strong></span> <span class='ocrx_word' id='word_1_405' title='bbox 971 4041 1149 4097; x_wconf 92' lang='lat' dir='ltr'><strong>divina</strong></span> <span class='ocrx_word' id='word_1_406' title='bbox 1197 4039 1539 4110; x_wconf 90' lang='lat' dir='ltr'><strong>promitteret</strong></span> <span class='ocrx_word' id='word_1_407' title='bbox 1569 4038 1727 4109; x_wconf 80' lang='lat' dir='ltr'><strong>(forte</strong></span> <span class='ocrx_word' id='word_1_408' title='bbox 1753 4050 1861 4092; x_wconf 92' lang='lat' dir='ltr'><strong>nou</strong></span> <span class='ocrx_word' id='word_1_409' title='bbox 1891 4035 2172 4105; x_wconf 85' lang='lat' dir='ltr'><strong>promitte-</strong></span> 
     </span>
    </p>
   </div>
   <div class='ocr_carea' id='block_1_59' title="bbox 585 4125 2175 4205">
    <p class='ocr_par' dir='ltr' id='par_1_59' title="bbox 585 4125 2175 4205">
     <span class='ocr_line' id='line_1_59' title="bbox 585 4125 2175 4205; baseline -0.008 -15"><span class='ocrx_word' id='word_1_410' title='bbox 585 4136 695 4205; x_wconf 90' lang='lat' dir='ltr'><strong>ret)</strong></span> <span class='ocrx_word' id='word_1_411' title='bbox 724 4136 942 4188; x_wconf 88' lang='lat' dir='ltr'><strong>veritas.</strong></span> <span class='ocrx_word' id='word_1_412' title='bbox 994 4132 1132 4186; x_wconf 85' lang='lat' dir='ltr'><strong>Hinc</strong></span> <span class='ocrx_word' id='word_1_413' title='bbox 1160 4128 1410 4200; x_wconf 88' lang='lat' dir='ltr'><strong>estquod</strong></span> <span class='ocrx_word' id='word_1_414' title='bbox 1458 4128 1623 4183; x_wconf 89' lang='lat' dir='ltr'><strong>etiam</strong></span> <span class='ocrx_word' id='word_1_415' title='bbox 1652 4128 1813 4182; x_wconf 90' lang='lat' dir='ltr'><strong>beato</strong></span> <span class='ocrx_word' id='word_1_416' title='bbox 1838 4125 2022 4190; x_wconf 90' lang='lat' dir='ltr'><strong>Petro,</strong></span> <span class='ocrx_word' id='word_1_417' title='bbox 2068 4126 2175 4179; x_wconf 89' lang='lat' dir='ltr'><strong>hoc</strong></span> 
     </span>
    </p>
   </div>
   <div class='ocr_carea' id='block_1_60' title="bbox 585 4216 2175 4289">
    <p class='ocr_par' dir='ltr' id='par_1_60' title="bbox 585 4216 2175 4289">
     <span class='ocr_line' id='line_1_60' title="bbox 585 4216 2175 4289; baseline -0.007 -9"><span class='ocrx_word' id='word_1_418' title='bbox 585 4234 670 4280; x_wconf 89' lang='lat' dir='ltr'><strong>est</strong></span> <span class='ocrx_word' id='word_1_419' title='bbox 692 4224 950 4279; x_wconf 72' lang='lat' dir='ltr'><strong>Ecclesia:</strong></span> <span class='ocrx_word' id='word_1_420' title='bbox 978 4238 1110 4289; x_wconf 66' lang='lat' dir='ltr'><strong>sum,</strong></span> <span class='ocrx_word' id='word_1_421' title='bbox 1146 4223 1199 4276; x_wconf 90' lang='lat' dir='ltr'><strong>iu</strong></span> <span class='ocrx_word' id='word_1_422' title='bbox 1226 4230 1370 4275; x_wconf 90' lang='lat' dir='ltr'><strong>terra</strong></span> <span class='ocrx_word' id='word_1_423' title='bbox 1383 4219 1594 4289; x_wconf 81' lang='lat' dir='ltr'><strong>ligandi</strong></span> <span class='ocrx_word' id='word_1_424' title='bbox 1610 4219 1959 4286; x_wconf 87' lang='lat' dir='ltr'><strong>solvendique</strong></span> <span class='ocrx_word' id='word_1_425' title='bbox 1989 4216 2175 4271; x_wconf 88' lang='lat' dir='ltr'><strong>tribuit</strong></span> 
     </span>
    </p>
   </div>
   <div class='ocr_carea' id='block_1_61' title="bbox 584 4306 2173 4384">
    <p class='ocr_par' dir='ltr' id='par_1_61' title="bbox 584 4306 2173 4384">
     <span class='ocr_line' id='line_1_61' title="bbox 584 4306 2173 4384; baseline -0.005 -16"><span class='ocrx_word' id='word_1_426' title='bbox 584 4321 912 4384; x_wconf 90' lang='lat' dir='ltr'><strong>potestatem</strong></span> <span class='ocrx_word' id='word_1_427' title='bbox 939 4329 952 4364; x_wconf 93' lang='lat'>:</span> <span class='ocrx_word' id='word_1_428' title='bbox 982 4320 1041 4365; x_wconf 91' lang='lat' dir='ltr'><strong>ut</strong></span> <span class='ocrx_word' id='word_1_429' title='bbox 1068 4324 1484 4378; x_wconf 83' lang='lat' dir='ltr'><strong>aguosceremus</strong></span> <span class='ocrx_word' id='word_1_430' title='bbox 1513 4310 1569 4362; x_wconf 92' lang='lat' dir='ltr'><strong>in</strong></span> <span class='ocrx_word' id='word_1_431' title='bbox 1599 4317 1843 4378; x_wconf 89' lang='lat' dir='ltr'><strong>tempore</strong></span> <span class='ocrx_word' id='word_1_432' title='bbox 1870 4306 2029 4376; x_wconf 88' lang='lat' dir='ltr'><strong>hujus</strong></span> <span class='ocrx_word' id='word_1_433' title='bbox 2048 4307 2173 4360; x_wconf 68' lang='lat' dir='ltr'><strong>vita:</strong></span> 
     </span>
    </p>
   </div>
   <div class='ocr_carea' id='block_1_62' title="bbox 584 4396 2169 4470">
    <p class='ocr_par' dir='ltr' id='par_1_62' title="bbox 584 4396 2169 4470">
     <span class='ocr_line' id='line_1_62' title="bbox 584 4396 2169 4470; baseline -0.003 -14"><span class='ocrx_word' id='word_1_434' title='bbox 584 4396 876 4470; x_wconf 80' lang='lat' dir='ltr'><strong>gratuitam</strong></span> <span class='ocrx_word' id='word_1_435' title='bbox 905 4400 1067 4454; x_wconf 92' lang='lat' dir='ltr'><strong>tribui</strong></span> <span class='ocrx_word' id='word_1_436' title='bbox 1109 4401 1161 4453; x_wconf 91' lang='lat' dir='ltr'><strong>in</strong></span> <span class='ocrx_word' id='word_1_437' title='bbox 1204 4407 1553 4469; x_wconf 89' lang='lat' dir='ltr'><strong>peccatorum</strong></span> <span class='ocrx_word' id='word_1_438' title='bbox 1594 4398 1915 4452; x_wconf 89' lang='lat' dir='ltr'><strong>remissione</strong></span> <span class='ocrx_word' id='word_1_439' title='bbox 1957 4397 2169 4452; x_wconf 88' lang='lat' dir='ltr'><strong>miseri-</strong></span> 
     </span>
    </p>
   </div>
   <div class='ocr_carea' id='block_1_63' title="bbox 585 4489 2169 4560">
    <p class='ocr_par' dir='ltr' id='par_1_63' title="bbox 585 4489 2169 4560">
     <span class='ocr_line' id='line_1_63' title="bbox 585 4489 2169 4560; baseline -0.004 -11"><span class='ocrx_word' id='word_1_440' title='bbox 585 4494 848 4560; x_wconf 91' lang='lat' dir='ltr'><strong>cordiam,</strong></span> <span class='ocrx_word' id='word_1_441' title='bbox 890 4494 946 4547; x_wconf 93' lang='lat' dir='ltr'><strong>in</strong></span> <span class='ocrx_word' id='word_1_442' title='bbox 970 4493 1149 4547; x_wconf 82' lang='lat' dir='ltr'><strong>futuro</strong></span> <span class='ocrx_word' id='word_1_443' title='bbox 1181 4498 1361 4546; x_wconf 89' lang='lat' dir='ltr'><strong>autem</strong></span> <span class='ocrx_word' id='word_1_444' title='bbox 1400 4490 1601 4560; x_wconf 88' lang='lat' dir='ltr'><strong>justam</strong></span> <span class='ocrx_word' id='word_1_445' title='bbox 1624 4491 1834 4546; x_wconf 89' lang='lat' dir='ltr'><strong>cunctis</strong></span> <span class='ocrx_word' id='word_1_446' title='bbox 1863 4489 2169 4545; x_wconf 89' lang='lat' dir='ltr'><strong>mercedem</strong></span> 
     </span>
    </p>
   </div>
   <div class='ocr_carea' id='block_1_64' title="bbox 2284 1949 3886 2021">
    <p class='ocr_par' dir='ltr' id='par_1_64' title="bbox 2284 1949 3886 2021">
     <span class='ocr_line' id='line_1_64' title="bbox 2284 1949 3886 2021; baseline -0.002 -16"><span class='ocrx_word' id='word_1_447' title='bbox 2284 1951 2336 2005; x_wconf 89' lang='lat' dir='ltr'><strong>in</strong></span> <span class='ocrx_word' id='word_1_448' title='bbox 2369 1951 2529 2007; x_wconf 86' lang='lat' dir='ltr'><strong>linem</strong></span> <span class='ocrx_word' id='word_1_449' title='bbox 2559 1953 2839 2021; x_wconf 63' lang='lat' dir='ltr'><strong>praesentis</strong></span> <span class='ocrx_word' id='word_1_450' title='bbox 2865 1952 2989 2006; x_wconf 65' lang='lat' dir='ltr'><strong>vita:</strong></span> <span class='ocrx_word' id='word_1_451' title='bbox 3017 1952 3189 2021; x_wconf 81' lang='lat' dir='ltr'><strong>diligit</strong></span> <span class='ocrx_word' id='word_1_452' title='bbox 3216 1959 3272 2007; x_wconf 91' lang='lat' dir='ltr'><strong>et</strong></span> <span class='ocrx_word' id='word_1_453' title='bbox 3300 1959 3449 2006; x_wconf 86' lang='lat' dir='ltr'><strong>tenet</strong></span> <span class='ocrx_word' id='word_1_454' title='bbox 3478 1952 3722 2020; x_wconf 90' lang='lat' dir='ltr'><strong>iniquus,</strong></span> <span class='ocrx_word' id='word_1_455' title='bbox 3755 1949 3886 2003; x_wconf 83' lang='lat' dir='ltr'><strong>licet</strong></span> 
     </span>
    </p>
   </div>
   <div class='ocr_carea' id='block_1_65' title="bbox 2286 2040 3880 2113">
    <p class='ocr_par' dir='ltr' id='par_1_65' title="bbox 2286 2040 3880 2113">
     <span class='ocr_line' id='line_1_65' title="bbox 2286 2040 3880 2113; baseline -0.003 -17"><span class='ocrx_word' id='word_1_456' title='bbox 2286 2043 2461 2112; x_wconf 86' lang='lat' dir='ltr'><strong>ipsam</strong></span> <span class='ocrx_word' id='word_1_457' title='bbox 2485 2042 2876 2113; x_wconf 40' lang='lat' dir='ltr'><strong>vitamhquam</strong></span> <span class='ocrx_word' id='word_1_458' title='bbox 2922 2041 3155 2111; x_wconf 83' lang='lat' dir='ltr'><strong>pessime</strong></span> <span class='ocrx_word' id='word_1_459' title='bbox 3183 2042 3338 2111; x_wconf 89' lang='lat' dir='ltr'><strong>gerit,</strong></span> <span class='ocrx_word' id='word_1_460' title='bbox 3389 2042 3604 2095; x_wconf 90' lang='lat' dir='ltr'><strong>amittat</strong></span> <span class='ocrx_word' id='word_1_461' title='bbox 3651 2040 3880 2094; x_wconf 87' lang='lat' dir='ltr'><strong>invitus.</strong></span> 
     </span>
    </p>
   </div>
   <div class='ocr_carea' id='block_1_66' title="bbox 2282 2132 3883 2202">
    <p class='ocr_par' dir='ltr' id='par_1_66' title="bbox 2282 2132 3883 2202">
     <span class='ocr_line' id='line_1_66' title="bbox 2282 2132 3883 2202; baseline -0.002 -15"><span class='ocrx_word' id='word_1_462' title='bbox 2282 2133 2384 2201; x_wconf 83' lang='lat' dir='ltr'><strong>Qui</strong></span> <span class='ocrx_word' id='word_1_463' title='bbox 2402 2132 2527 2187; x_wconf 92' lang='lat' dir='ltr'><strong>dum</strong></span> <span class='ocrx_word' id='word_1_464' title='bbox 2548 2132 2742 2187; x_wconf 93' lang='lat' dir='ltr'><strong>malam</strong></span> <span class='ocrx_word' id='word_1_465' title='bbox 2764 2133 3097 2188; x_wconf 91' lang='lat' dir='ltr'><strong>voluntatem</strong></span> <span class='ocrx_word' id='word_1_466' title='bbox 3118 2141 3244 2188; x_wconf 88' lang='lat' dir='ltr'><strong>ante</strong></span> <span class='ocrx_word' id='word_1_467' title='bbox 3267 2132 3427 2187; x_wconf 89' lang='lat' dir='ltr'><strong>ﬁnem</strong></span> <span class='ocrx_word' id='word_1_468' title='bbox 3449 2132 3742 2202; x_wconf 73' lang='lat' dir='ltr'><strong>prmsentis</strong></span> <span class='ocrx_word' id='word_1_469' title='bbox 3755 2132 3883 2185; x_wconf 65' lang='lat' dir='ltr'><strong>vitae</strong></span> 
     </span>
    </p>
   </div>
   <div class='ocr_carea' id='block_1_67' title="bbox 2283 2222 3885 2294">
    <p class='ocr_par' dir='ltr' id='par_1_67' title="bbox 2283 2222 3885 2294">
     <span class='ocr_line' id='line_1_67' title="bbox 2283 2222 3885 2294; baseline -0.003 -14"><span class='ocrx_word' id='word_1_470' title='bbox 2283 2232 2491 2280; x_wconf 87' lang='lat' dir='ltr'><strong>mutare</strong></span> <span class='ocrx_word' id='word_1_471' title='bbox 2506 2240 2614 2279; x_wconf 90' lang='lat' dir='ltr'><strong>non</strong></span> <span class='ocrx_word' id='word_1_472' title='bbox 2637 2231 2807 2289; x_wconf 87' lang='lat' dir='ltr'><strong>curat,</strong></span> <span class='ocrx_word' id='word_1_473' title='bbox 2826 2223 3061 2279; x_wconf 87' lang='lat' dir='ltr'><strong>ostendit</strong></span> <span class='ocrx_word' id='word_1_474' title='bbox 3081 2224 3432 2294; x_wconf 89' lang='lat' dir='ltr'><strong>proculdubio</strong></span> <span class='ocrx_word' id='word_1_475' title='bbox 3450 2224 3527 2278; x_wconf 89' lang='lat' dir='ltr'><strong>sic</strong></span> <span class='ocrx_word' id='word_1_476' title='bbox 3540 2239 3601 2277; x_wconf 89' lang='lat' dir='ltr'><strong>se</strong></span> <span class='ocrx_word' id='word_1_477' title='bbox 3618 2222 3885 2291; x_wconf 75' lang='lat' dir='ltr'><strong>iniquita-</strong></span> 
     </span>
    </p>
   </div>
   <div class='ocr_carea' id='block_1_68' title="bbox 2281 2314 3885 2387">
    <p class='ocr_par' dir='ltr' id='par_1_68' title="bbox 2281 2314 3885 2387">
     <span class='ocr_line' id='line_1_68' title="bbox 2281 2314 3885 2387; baseline -0.002 -16"><span class='ocrx_word' id='word_1_478' title='bbox 2281 2325 2364 2372; x_wconf 91' lang='lat' dir='ltr'><strong>tcs</strong></span> <span class='ocrx_word' id='word_1_479' title='bbox 2383 2332 2509 2372; x_wconf 87' lang='lat' dir='ltr'><strong>suas</strong></span> <span class='ocrx_word' id='word_1_480' title='bbox 2528 2316 2769 2385; x_wconf 84' lang='lat' dir='ltr'><strong>diligere,</strong></span> <span class='ocrx_word' id='word_1_481' title='bbox 2793 2325 2851 2371; x_wconf 95' lang='lat' dir='ltr'><strong>ut</strong></span> <span class='ocrx_word' id='word_1_482' title='bbox 2877 2316 2923 2373; x_wconf 88' lang='lat' dir='ltr'><strong>si</strong></span> <span class='ocrx_word' id='word_1_483' title='bbox 2950 2326 3131 2387; x_wconf 88' lang='lat' dir='ltr'><strong>posset</strong></span> <span class='ocrx_word' id='word_1_484' title='bbox 3150 2317 3236 2372; x_wconf 90' lang='lat' dir='ltr'><strong>hic</strong></span> <span class='ocrx_word' id='word_1_485' title='bbox 3256 2317 3374 2371; x_wconf 87' lang='lat' dir='ltr'><strong>sine</strong></span> <span class='ocrx_word' id='word_1_486' title='bbox 3393 2314 3500 2371; x_wconf 90' lang='lat' dir='ltr'><strong>ﬁne</strong></span> <span class='ocrx_word' id='word_1_487' title='bbox 3529 2316 3745 2379; x_wconf 84' lang='lat' dir='ltr'><strong>vivere,</strong></span> <span class='ocrx_word' id='word_1_488' title='bbox 3762 2315 3885 2369; x_wconf 82' lang='lat' dir='ltr'><strong>sine</strong></span> 
     </span>
    </p>
   </div>
   <div class='ocr_carea' id='block_1_69' title="bbox 2284 2407 3883 2480">
    <p class='ocr_par' dir='ltr' id='par_1_69' title="bbox 2284 2407 3883 2480">
     <span class='ocr_line' id='line_1_69' title="bbox 2284 2407 3883 2480; baseline -0.001 -18"><span class='ocrx_word' id='word_1_489' title='bbox 2284 2411 2388 2465; x_wconf 86' lang='lat' dir='ltr'><strong>ﬁne</strong></span> <span class='ocrx_word' id='word_1_490' title='bbox 2405 2409 2563 2464; x_wconf 90' lang='lat' dir='ltr'><strong>vellet</strong></span> <span class='ocrx_word' id='word_1_491' title='bbox 2579 2410 2631 2464; x_wconf 94' lang='lat' dir='ltr'><strong>in</strong></span> <span class='ocrx_word' id='word_1_492' title='bbox 2647 2409 3015 2478; x_wconf 89' lang='lat' dir='ltr'><strong>iniquitatibus</strong></span> <span class='ocrx_word' id='word_1_493' title='bbox 3057 2423 3395 2480; x_wconf 90' lang='lat' dir='ltr'><strong>permanere.</strong></span> <span class='ocrx_word' id='word_1_494' title='bbox 3426 2407 3543 2463; x_wconf 86' lang='lat' dir='ltr'><strong>Non</strong></span> <span class='ocrx_word' id='word_1_495' title='bbox 3568 2420 3706 2475; x_wconf 84' lang='lat' dir='ltr'><strong>ergo</strong></span> <span class='ocrx_word' id='word_1_496' title='bbox 3721 2421 3883 2477; x_wconf 87' lang='lat' dir='ltr'><strong>prop-</strong></span> 
     </span>
    </p>
   </div>
   <div class='ocr_carea' id='block_1_70' title="bbox 2285 2499 3879 2570">
    <p class='ocr_par' dir='ltr' id='par_1_70' title="bbox 2285 2499 3879 2570">
     <span class='ocr_line' id='line_1_70' title="bbox 2285 2499 3879 2570; baseline -0.001 -16"><span class='ocrx_word' id='word_1_497' title='bbox 2285 2509 2434 2556; x_wconf 88' lang='lat' dir='ltr'><strong>terea</strong></span> <span class='ocrx_word' id='word_1_498' title='bbox 2453 2499 2675 2556; x_wconf 89' lang='lat' dir='ltr'><strong>cuilibet</strong></span> <span class='ocrx_word' id='word_1_499' title='bbox 2689 2500 2870 2569; x_wconf 86' lang='lat' dir='ltr'><strong>iniquo</strong></span> <span class='ocrx_word' id='word_1_500' title='bbox 2883 2509 3154 2570; x_wconf 88' lang='lat' dir='ltr'><strong>parcetur,</strong></span> <span class='ocrx_word' id='word_1_501' title='bbox 3169 2501 3293 2569; x_wconf 90' lang='lat' dir='ltr'><strong>quia</strong></span> <span class='ocrx_word' id='word_1_502' title='bbox 3312 2502 3422 2569; x_wconf 87' lang='lat' dir='ltr'><strong>jam</strong></span> <span class='ocrx_word' id='word_1_503' title='bbox 3434 2499 3702 2555; x_wconf 89' lang='lat' dir='ltr'><strong>desideria</strong></span> <span class='ocrx_word' id='word_1_504' title='bbox 3718 2499 3879 2554; x_wconf 75' lang='lat' dir='ltr'><strong>make</strong></span> 
     </span>
    </p>
   </div>
   <div class='ocr_carea' id='block_1_71' title="bbox 2281 2591 3875 2662">
    <p class='ocr_par' dir='ltr' id='par_1_71' title="bbox 2281 2591 3875 2662">
     <span class='ocr_line' id='line_1_71' title="bbox 2281 2591 3875 2662; baseline -0.001 -16"><span class='ocrx_word' id='word_1_505' title='bbox 2281 2592 2577 2648; x_wconf 80' lang='lat' dir='ltr'><strong>voluntatis</strong></span> <span class='ocrx_word' id='word_1_506' title='bbox 2624 2591 2851 2661; x_wconf 91' lang='lat' dir='ltr'><strong>implere</strong></span> <span class='ocrx_word' id='word_1_507' title='bbox 2879 2608 2987 2646; x_wconf 92' lang='lat' dir='ltr'><strong>non</strong></span> <span class='ocrx_word' id='word_1_508' title='bbox 3026 2593 3256 2662; x_wconf 87' lang='lat' dir='ltr'><strong>poterit;</strong></span> <span class='ocrx_word' id='word_1_509' title='bbox 3306 2592 3400 2647; x_wconf 89' lang='lat' dir='ltr'><strong>sed</strong></span> <span class='ocrx_word' id='word_1_510' title='bbox 3447 2591 3570 2646; x_wconf 89' lang='lat' dir='ltr'><strong>ideo</strong></span> <span class='ocrx_word' id='word_1_511' title='bbox 3622 2591 3734 2647; x_wconf 89' lang='lat' dir='ltr'><strong>sine</strong></span> <span class='ocrx_word' id='word_1_512' title='bbox 3761 2592 3875 2645; x_wconf 83' lang='lat' dir='ltr'><strong>ﬁne</strong></span> 
     </span>
    </p>
   </div>
   <div class='ocr_carea' id='block_1_72' title="bbox 2282 2667 3870 2753">
    <p class='ocr_par' dir='ltr' id='par_1_72' title="bbox 2282 2667 3870 2753">
     <span class='ocr_line' id='line_1_72' title="bbox 2282 2667 3870 2753; baseline -0.001 -16"><span class='ocrx_word' id='word_1_513' title='bbox 2282 2667 2641 2753; x_wconf 70' lang='lat' dir='ltr'><strong>torquebitur,</strong></span> <span class='ocrx_word' id='word_1_514' title='bbox 2667 2682 2792 2753; x_wconf 90' lang='lat' dir='ltr'><strong>quia</strong></span> <span class='ocrx_word' id='word_1_515' title='bbox 2815 2682 3051 2752; x_wconf 92' lang='lat' dir='ltr'><strong>quandiu</strong></span> <span class='ocrx_word' id='word_1_516' title='bbox 3076 2683 3161 2737; x_wconf 87' lang='lat' dir='ltr'><strong>hic</strong></span> <span class='ocrx_word' id='word_1_517' title='bbox 3181 2697 3406 2753; x_wconf 90' lang='lat' dir='ltr'><strong>peccare</strong></span> <span class='ocrx_word' id='word_1_518' title='bbox 3425 2683 3625 2751; x_wconf 89' lang='lat' dir='ltr'><strong>potuit,</strong></span> <span class='ocrx_word' id='word_1_519' title='bbox 3649 2696 3870 2752; x_wconf 82' lang='lat' dir='ltr'><strong>peccare</strong></span> 
     </span>
    </p>
   </div>
   <div class='ocr_carea' id='block_1_73' title="bbox 2282 2770 3872 2841">
    <p class='ocr_par' dir='ltr' id='par_1_73' title="bbox 2282 2770 3872 2841">
     <span class='ocr_line' id='line_1_73' title="bbox 2282 2770 3872 2841; baseline 0.001 -16"><span class='ocrx_word' id='word_1_520' title='bbox 2282 2787 2390 2826; x_wconf 87' lang='lat' dir='ltr'><strong>non</strong></span> <span class='ocrx_word' id='word_1_521' title='bbox 2420 2771 2646 2827; x_wconf 89' lang='lat' dir='ltr'><strong>destitit.</strong></span> <span class='ocrx_word' id='word_1_522' title='bbox 2696 2770 2764 2825; x_wconf 87' lang='lat' dir='ltr'><strong>Et</strong></span> <span class='ocrx_word' id='word_1_523' title='bbox 2789 2771 2859 2827; x_wconf 87' lang='lat' dir='ltr'><strong>ob</strong></span> <span class='ocrx_word' id='word_1_524' title='bbox 2887 2772 2993 2827; x_wconf 90' lang='lat' dir='ltr'><strong>hoc</strong></span> <span class='ocrx_word' id='word_1_525' title='bbox 3020 2772 3196 2827; x_wconf 90' lang='lat' dir='ltr'><strong>nullus</strong></span> <span class='ocrx_word' id='word_1_526' title='bbox 3222 2771 3437 2826; x_wconf 89' lang='lat' dir='ltr'><strong>dabitur</strong></span> <span class='ocrx_word' id='word_1_527' title='bbox 3464 2772 3652 2841; x_wconf 90' lang='lat' dir='ltr'><strong>iniquo</strong></span> <span class='ocrx_word' id='word_1_528' title='bbox 3680 2772 3872 2826; x_wconf 87' lang='lat' dir='ltr'><strong>termi-</strong></span> 
     </span>
    </p>
   </div>
   <div class='ocr_carea' id='block_1_74' title="bbox 2281 2863 3870 2935">
    <p class='ocr_par' dir='ltr' id='par_1_74' title="bbox 2281 2863 3870 2935">
     <span class='ocr_line' id='line_1_74' title="bbox 2281 2863 3870 2935; baseline 0.003 -18"><span class='ocrx_word' id='word_1_529' title='bbox 2281 2877 2384 2917; x_wconf 91' lang='lat' dir='ltr'><strong>nus</strong></span> <span class='ocrx_word' id='word_1_530' title='bbox 2411 2863 2726 2933; x_wconf 90' lang='lat' dir='ltr'><strong>punitionis,</strong></span> <span class='ocrx_word' id='word_1_531' title='bbox 2756 2865 2881 2933; x_wconf 89' lang='lat' dir='ltr'><strong>quia</strong></span> <span class='ocrx_word' id='word_1_532' title='bbox 2911 2865 3222 2934; x_wconf 86' lang='lat' dir='ltr'><strong>priusquam</strong></span> <span class='ocrx_word' id='word_1_533' title='bbox 3255 2866 3573 2920; x_wconf 89' lang='lat' dir='ltr'><strong>terminaret</strong></span> <span class='ocrx_word' id='word_1_534' title='bbox 3597 2865 3763 2935; x_wconf 85' lang='lat' dir='ltr'><strong>hujus</strong></span> <span class='ocrx_word' id='word_1_535' title='bbox 3785 2866 3870 2921; x_wconf 86' lang='lat' dir='ltr'><strong>vi-</strong></span> 
     </span>
    </p>
   </div>
   <div class='ocr_carea' id='block_1_75' title="bbox 2281 2954 3868 3025">
    <p class='ocr_par' dir='ltr' id='par_1_75' title="bbox 2281 2954 3868 3025">
     <span class='ocr_line' id='line_1_75' title="bbox 2281 2954 3868 3025; baseline 0.002 -18"><span class='ocrx_word' id='word_1_536' title='bbox 2281 2960 2349 3007; x_wconf 64' lang='lat' dir='ltr'><strong>ta:</strong></span> <span class='ocrx_word' id='word_1_537' title='bbox 2378 2969 2627 3018; x_wconf 90' lang='lat' dir='ltr'><strong>cursum,</strong></span> <span class='ocrx_word' id='word_1_538' title='bbox 2681 2971 2789 3010; x_wconf 91' lang='lat' dir='ltr'><strong>non</strong></span> <span class='ocrx_word' id='word_1_539' title='bbox 2828 2955 3009 3025; x_wconf 91' lang='lat' dir='ltr'><strong>posuit</strong></span> <span class='ocrx_word' id='word_1_540' title='bbox 3045 2954 3361 3010; x_wconf 88' lang='lat' dir='ltr'><strong>criminibus</strong></span> <span class='ocrx_word' id='word_1_541' title='bbox 3405 2956 3517 3011; x_wconf 93' lang='lat' dir='ltr'><strong>suis</strong></span> <span class='ocrx_word' id='word_1_542' title='bbox 3558 2957 3868 3010; x_wconf 88' lang='lat' dir='ltr'><strong>terminum.</strong></span> 
     </span>
    </p>
   </div>
   <div class='ocr_carea' id='block_1_76' title="bbox 2280 3044 3874 3115">
    <p class='ocr_par' dir='ltr' id='par_1_76' title="bbox 2280 3044 3874 3115">
     <span class='ocr_line' id='line_1_76' title="bbox 2280 3044 3874 3115; baseline 0.001 -16"><span class='ocrx_word' id='word_1_543' title='bbox 2280 3044 2537 3111; x_wconf 84' lang='lat' dir='ltr'><strong>Quamvis</strong></span> <span class='ocrx_word' id='word_1_544' title='bbox 2582 3047 2725 3101; x_wconf 91' lang='lat' dir='ltr'><strong>enim</strong></span> <span class='ocrx_word' id='word_1_545' title='bbox 2770 3047 2937 3101; x_wconf 88' lang='lat' dir='ltr'><strong>vitam</strong></span> <span class='ocrx_word' id='word_1_546' title='bbox 2985 3062 3137 3101; x_wconf 88' lang='lat' dir='ltr'><strong>suam</strong></span> <span class='ocrx_word' id='word_1_547' title='bbox 3180 3047 3377 3101; x_wconf 87' lang='lat' dir='ltr'><strong>malam</strong></span> <span class='ocrx_word' id='word_1_548' title='bbox 3420 3055 3680 3115; x_wconf 87' lang='lat' dir='ltr'><strong>quantum</strong></span> <span class='ocrx_word' id='word_1_549' title='bbox 3710 3048 3874 3101; x_wconf 87' lang='lat' dir='ltr'><strong>vellet</strong></span> 
     </span>
    </p>
   </div>
   <div class='ocr_carea' id='block_1_77' title="bbox 2279 3137 3872 3209">
    <p class='ocr_par' dir='ltr' id='par_1_77' title="bbox 2279 3137 3872 3209">
     <span class='ocr_line' id='line_1_77' title="bbox 2279 3137 3872 3209; baseline 0.001 -17"><span class='ocrx_word' id='word_1_550' title='bbox 2279 3137 2609 3208; x_wconf 88' lang='lat' dir='ltr'><strong>prolongare</strong></span> <span class='ocrx_word' id='word_1_551' title='bbox 2631 3154 2739 3194; x_wconf 92' lang='lat' dir='ltr'><strong>non</strong></span> <span class='ocrx_word' id='word_1_552' title='bbox 2772 3147 2959 3208; x_wconf 88' lang='lat' dir='ltr'><strong>posset</strong></span> <span class='ocrx_word' id='word_1_553' title='bbox 2984 3139 3229 3209; x_wconf 90' lang='lat' dir='ltr'><strong>quisquis</strong></span> <span class='ocrx_word' id='word_1_554' title='bbox 3271 3139 3359 3194; x_wconf 89' lang='lat' dir='ltr'><strong>hic</strong></span> <span class='ocrx_word' id='word_1_555' title='bbox 3403 3139 3576 3193; x_wconf 90' lang='lat' dir='ltr'><strong>noluit</strong></span> <span class='ocrx_word' id='word_1_556' title='bbox 3623 3139 3872 3195; x_wconf 89' lang='lat' dir='ltr'><strong>converti</strong></span> 
     </span>
    </p>
   </div>
   <div class='ocr_carea' id='block_1_78' title="bbox 2205 3227 3879 3301">
    <p class='ocr_par' dir='ltr' id='par_1_78' title="bbox 2205 3227 3879 3301">
     <span class='ocr_line' id='line_1_78' title="bbox 2205 3227 3879 3301; baseline 0.002 -19"><span class='ocrx_word' id='word_1_557' title='bbox 2205 3238 2249 3299; x_wconf 73' lang='grc' dir='ltr'>ο</span> <span class='ocrx_word' id='word_1_558' title='bbox 2282 3227 2408 3283; x_wconf 90' lang='lat' dir='ltr'><strong>dum</strong></span> <span class='ocrx_word' id='word_1_559' title='bbox 2432 3230 2656 3294; x_wconf 91' lang='lat' dir='ltr'><strong>viveret,</strong></span> <span class='ocrx_word' id='word_1_560' title='bbox 2688 3228 2957 3298; x_wconf 85' lang='lat' dir='ltr'><strong>eamdem,</strong></span> <span class='ocrx_word' id='word_1_561' title='bbox 2981 3237 3161 3283; x_wconf 91' lang='lat' dir='ltr'><strong>tamen</strong></span> <span class='ocrx_word' id='word_1_562' title='bbox 3183 3228 3226 3284; x_wconf 89' lang='lat' dir='ltr'><strong>sl</strong></span> <span class='ocrx_word' id='word_1_563' title='bbox 3248 3230 3432 3297; x_wconf 88' lang='lat' dir='ltr'><strong>vellet,</strong></span> <span class='ocrx_word' id='word_1_564' title='bbox 3455 3237 3664 3284; x_wconf 88' lang='lat' dir='ltr'><strong>mutare</strong></span> <span class='ocrx_word' id='word_1_565' title='bbox 3684 3241 3879 3301; x_wconf 87' lang='lat' dir='ltr'><strong>posset</strong></span> 
     </span>
    </p>
   </div>
   <div class='ocr_carea' id='block_1_79' title="bbox 2282 3316 3874 3388">
    <p class='ocr_par' dir='ltr' id='par_1_79' title="bbox 2282 3316 3874 3388">
     <span class='ocr_line' id='line_1_79' title="bbox 2282 3316 3874 3388; baseline 0.003 -18"><span class='ocrx_word' id='word_1_566' title='bbox 2282 3316 2336 3370; x_wconf 92' lang='lat' dir='ltr'><strong>in</strong></span> <span class='ocrx_word' id='word_1_567' title='bbox 2366 3317 2578 3383; x_wconf 89' lang='lat' dir='ltr'><strong>melius,</strong></span> <span class='ocrx_word' id='word_1_568' title='bbox 2609 3317 2919 3388; x_wconf 89' lang='lat' dir='ltr'><strong>priusquam</strong></span> <span class='ocrx_word' id='word_1_569' title='bbox 2948 3318 3144 3371; x_wconf 85' lang='lat' dir='ltr'><strong>malam</strong></span> <span class='ocrx_word' id='word_1_570' title='bbox 3173 3318 3340 3372; x_wconf 89' lang='lat' dir='ltr'><strong>vitam</strong></span> <span class='ocrx_word' id='word_1_571' title='bbox 3366 3317 3552 3374; x_wconf 85' lang='lat' dir='ltr'><strong>ﬁniret</strong></span> <span class='ocrx_word' id='word_1_572' title='bbox 3565 3319 3787 3386; x_wconf 88' lang='lat' dir='ltr'><strong>invitus,</strong></span> <span class='ocrx_word' id='word_1_573' title='bbox 3818 3322 3874 3374; x_wconf 89' lang='lat' dir='ltr'><strong>in</strong></span> 
     </span>
    </p>
   </div>
   <div class='ocr_carea' id='block_1_80' title="bbox 2280 3408 3869 3481">
    <p class='ocr_par' dir='ltr' id='par_1_80' title="bbox 2280 3408 3869 3481">
     <span class='ocr_line' id='line_1_80' title="bbox 2280 3408 3869 3481; baseline 0.003 -19"><span class='ocrx_word' id='word_1_574' title='bbox 2280 3410 2438 3464; x_wconf 90' lang='lat' dir='ltr'><strong>malis</strong></span> <span class='ocrx_word' id='word_1_575' title='bbox 2464 3410 2724 3478; x_wconf 65' lang='lat' dir='ltr'><strong>gehennae</strong></span> <span class='ocrx_word' id='word_1_576' title='bbox 2760 3411 2877 3465; x_wconf 89' lang='lat' dir='ltr'><strong>sine</strong></span> <span class='ocrx_word' id='word_1_577' title='bbox 2905 3408 3013 3465; x_wconf 89' lang='lat' dir='ltr'><strong>ﬁne</strong></span> <span class='ocrx_word' id='word_1_578' title='bbox 3039 3424 3341 3466; x_wconf 88' lang='lat' dir='ltr'><strong>mansurus.</strong></span> <span class='ocrx_word' id='word_1_579' title='bbox 3394 3409 3465 3465; x_wconf 87' lang='lat' dir='ltr'><strong>Ut</strong></span> <span class='ocrx_word' id='word_1_580' title='bbox 3509 3410 3616 3466; x_wconf 91' lang='lat' dir='ltr'><strong>hac</strong></span> <span class='ocrx_word' id='word_1_581' title='bbox 3649 3427 3783 3481; x_wconf 88' lang='lat' dir='ltr'><strong>ergo</strong></span> <span class='ocrx_word' id='word_1_582' title='bbox 3812 3413 3869 3467; x_wconf 89' lang='lat' dir='ltr'><strong>in</strong></span> 
     </span>
    </p>
   </div>
   <div class='ocr_carea' id='block_1_81' title="bbox 2280 3501 3872 3572">
    <p class='ocr_par' dir='ltr' id='par_1_81' title="bbox 2280 3501 3872 3572">
     <span class='ocr_line' id='line_1_81' title="bbox 2280 3501 3872 3572; baseline -0.002 -14"><span class='ocrx_word' id='word_1_583' title='bbox 2280 3502 2656 3558; x_wconf 89' lang='lat' dir='ltr'><strong>combustione</strong></span> <span class='ocrx_word' id='word_1_584' title='bbox 2673 3508 2877 3556; x_wconf 63' lang='lat' dir='ltr'><strong>aeterna</strong></span> <span class='ocrx_word' id='word_1_585' title='bbox 2898 3502 3208 3557; x_wconf 90' lang='lat' dir='ltr'><strong>crucientur</strong></span> <span class='ocrx_word' id='word_1_586' title='bbox 3233 3501 3326 3572; x_wconf 91' lang='lat' dir='ltr'><strong>qui</strong></span> <span class='ocrx_word' id='word_1_587' title='bbox 3349 3511 3673 3572; x_wconf 70' lang='lat' dir='ltr'><strong>prtesentem</strong></span> <span class='ocrx_word' id='word_1_588' title='bbox 3704 3503 3872 3556; x_wconf 80' lang='lat' dir='ltr'><strong>vitam</strong></span> 
     </span>
    </p>
   </div>
   <div class='ocr_carea' id='block_1_82' title="bbox 2279 3592 3871 3665">
    <p class='ocr_par' dir='ltr' id='par_1_82' title="bbox 2279 3592 3871 3665">
     <span class='ocr_line' id='line_1_82' title="bbox 2279 3592 3871 3665; baseline -0.001 -16"><span class='ocrx_word' id='word_1_589' title='bbox 2279 3595 2332 3649; x_wconf 93' lang='lat' dir='ltr'><strong>in</strong></span> <span class='ocrx_word' id='word_1_590' title='bbox 2355 3594 2510 3648; x_wconf 91' lang='lat' dir='ltr'><strong>malis</strong></span> <span class='ocrx_word' id='word_1_591' title='bbox 2532 3594 2771 3665; x_wconf 88' lang='lat' dir='ltr'><strong>moribus</strong></span> <span class='ocrx_word' id='word_1_592' title='bbox 2791 3602 2848 3649; x_wconf 92' lang='lat' dir='ltr'><strong>et</strong></span> <span class='ocrx_word' id='word_1_593' title='bbox 2866 3592 3120 3664; x_wconf 86' lang='lat' dir='ltr'><strong>operibus</strong></span> <span class='ocrx_word' id='word_1_594' title='bbox 3137 3594 3346 3658; x_wconf 83' lang='lat' dir='ltr'><strong>ﬁniunt,</strong></span> <span class='ocrx_word' id='word_1_595' title='bbox 3370 3593 3442 3648; x_wconf 91' lang='lat' dir='ltr'><strong>ad</strong></span> <span class='ocrx_word' id='word_1_596' title='bbox 3458 3593 3728 3663; x_wconf 88' lang='lat' dir='ltr'><strong>justitiam</strong></span> <span class='ocrx_word' id='word_1_597' title='bbox 3747 3609 3871 3664; x_wconf 88' lang='lat' dir='ltr'><strong>per-</strong></span> 
     </span>
    </p>
   </div>
   <div class='ocr_carea' id='block_1_83' title="bbox 2280 3682 3872 3754">
    <p class='ocr_par' dir='ltr' id='par_1_83' title="bbox 2280 3682 3872 3754">
     <span class='ocr_line' id='line_1_83' title="bbox 2280 3682 3872 3754; baseline -0.001 -15"><span class='ocrx_word' id='word_1_598' title='bbox 2280 3686 2416 3739; x_wconf 92' lang='lat' dir='ltr'><strong>tinet</strong></span> <span class='ocrx_word' id='word_1_599' title='bbox 2466 3683 2598 3753; x_wconf 90' lang='lat' dir='ltr'><strong>justi</strong></span> <span class='ocrx_word' id='word_1_600' title='bbox 2653 3682 2858 3739; x_wconf 78' lang='lat' dir='ltr'><strong>.Iudicis</strong></span> <span class='ocrx_word' id='word_1_601' title='bbox 2900 3683 3175 3738; x_wconf 89' lang='lat' dir='ltr'><strong>reddentis</strong></span> <span class='ocrx_word' id='word_1_602' title='bbox 3220 3684 3512 3754; x_wconf 89' lang='lat' dir='ltr'><strong>unicuique</strong></span> <span class='ocrx_word' id='word_1_603' title='bbox 3574 3683 3872 3741; x_wconf 83' lang='lat' dir='ltr'><strong>secundum</strong></span> 
     </span>
    </p>
   </div>
   <div class='ocr_carea' id='block_1_84' title="bbox 2278 3775 3871 3847">
    <p class='ocr_par' dir='ltr' id='par_1_84' title="bbox 2278 3775 3871 3847">
     <span class='ocr_line' id='line_1_84' title="bbox 2278 3775 3871 3847; baseline -0.001 -15"><span class='ocrx_word' id='word_1_604' title='bbox 2278 3791 2446 3846; x_wconf 88' lang='lat' dir='ltr'><strong>opera</strong></span> <span class='ocrx_word' id='word_1_605' title='bbox 2492 3792 2609 3832; x_wconf 88' lang='lat' dir='ltr'><strong>sua.</strong></span> <span class='ocrx_word' id='word_1_606' title='bbox 2661 3775 2831 3846; x_wconf 89' lang='lat' dir='ltr'><strong>Cujus</strong></span> <span class='ocrx_word' id='word_1_607' title='bbox 2873 3777 3059 3845; x_wconf 87' lang='lat' dir='ltr'><strong>utique</strong></span> <span class='ocrx_word' id='word_1_608' title='bbox 3103 3792 3211 3833; x_wconf 91' lang='lat' dir='ltr'><strong>non</strong></span> <span class='ocrx_word' id='word_1_609' title='bbox 3239 3784 3326 3831; x_wconf 89' lang='lat' dir='ltr'><strong>est</strong></span> <span class='ocrx_word' id='word_1_610' title='bbox 3364 3776 3564 3846; x_wconf 85' lang='lat' dir='ltr'><strong>iujusta</strong></span> <span class='ocrx_word' id='word_1_611' title='bbox 3613 3776 3871 3847; x_wconf 83' lang='lat' dir='ltr'><strong>redditio,</strong></span> 
     </span>
    </p>
   </div>
   <div class='ocr_carea' id='block_1_85' title="bbox 2275 3869 3871 3941">
    <p class='ocr_par' dir='ltr' id='par_1_85' title="bbox 2275 3869 3871 3941">
     <span class='ocr_line' id='line_1_85' title="bbox 2275 3869 3871 3941; baseline 0 -18"><span class='ocrx_word' id='word_1_612' title='bbox 2275 3884 2382 3939; x_wconf 89' lang='lat' dir='ltr'><strong>qua</strong></span> <span class='ocrx_word' id='word_1_613' title='bbox 2411 3869 2470 3924; x_wconf 94' lang='lat' dir='ltr'><strong>ﬁt</strong></span> <span class='ocrx_word' id='word_1_614' title='bbox 2496 3877 2556 3924; x_wconf 90' lang='lat' dir='ltr'><strong>ut</strong></span> <span class='ocrx_word' id='word_1_615' title='bbox 2584 3870 2753 3939; x_wconf 91' lang='lat' dir='ltr'><strong>iniqui</strong></span> <span class='ocrx_word' id='word_1_616' title='bbox 2784 3885 3056 3940; x_wconf 89' lang='lat' dir='ltr'><strong>nunquam</strong></span> <span class='ocrx_word' id='word_1_617' title='bbox 3077 3881 3303 3926; x_wconf 90' lang='lat' dir='ltr'><strong>careant</strong></span> <span class='ocrx_word' id='word_1_618' title='bbox 3320 3871 3611 3941; x_wconf 89' lang='lat' dir='ltr'><strong>supplicio,</strong></span> <span class='ocrx_word' id='word_1_619' title='bbox 3640 3884 3871 3940; x_wconf 85' lang='lat' dir='ltr'><strong>quorum</strong></span> 
     </span>
    </p>
   </div>
   <div class='ocr_carea' id='block_1_86' title="bbox 2274 3960 3872 4032">
    <p class='ocr_par' dir='ltr' id='par_1_86' title="bbox 2274 3960 3872 4032">
     <span class='ocr_line' id='line_1_86' title="bbox 2274 3960 3872 4032; baseline 0.001 -17"><span class='ocrx_word' id='word_1_620' title='bbox 2274 3961 2525 4016; x_wconf 89' lang='lat' dir='ltr'><strong>voluntas</strong></span> <span class='ocrx_word' id='word_1_621' title='bbox 2565 3962 2621 4015; x_wconf 91' lang='lat' dir='ltr'><strong>in</strong></span> <span class='ocrx_word' id='word_1_622' title='bbox 2661 3961 2763 4017; x_wconf 79' lang='lat' dir='ltr'><strong>hac</strong></span> <span class='ocrx_word' id='word_1_623' title='bbox 2805 3962 2911 4016; x_wconf 90' lang='lat' dir='ltr'><strong>vita</strong></span> <span class='ocrx_word' id='word_1_624' title='bbox 2958 3960 3133 4017; x_wconf 92' lang='lat' dir='ltr'><strong>noluit</strong></span> <span class='ocrx_word' id='word_1_625' title='bbox 3175 3976 3364 4017; x_wconf 89' lang='lat' dir='ltr'><strong>carere</strong></span> <span class='ocrx_word' id='word_1_626' title='bbox 3404 3971 3658 4032; x_wconf 87' lang='lat' dir='ltr'><strong>peccato.</strong></span> <span class='ocrx_word' id='word_1_627' title='bbox 3708 3960 3872 4016; x_wconf 84' lang='lat' dir='ltr'><strong>Tales</strong></span> 
     </span>
    </p>
   </div>
   <div class='ocr_carea' id='block_1_87' title="bbox 2276 4053 3873 4123">
    <p class='ocr_par' dir='ltr' id='par_1_87' title="bbox 2276 4053 3873 4123">
     <span class='ocr_line' id='line_1_87' title="bbox 2276 4053 3873 4123; baseline -0.002 -14"><span class='ocrx_word' id='word_1_628' title='bbox 2276 4054 2421 4109; x_wconf 90' lang='lat' dir='ltr'><strong>enim</strong></span> <span class='ocrx_word' id='word_1_629' title='bbox 2450 4054 2619 4122; x_wconf 87' lang='lat' dir='ltr'><strong>magis</strong></span> <span class='ocrx_word' id='word_1_630' title='bbox 2658 4053 3003 4109; x_wconf 88' lang='lat' dir='ltr'><strong>delectantur</strong></span> <span class='ocrx_word' id='word_1_631' title='bbox 3026 4068 3256 4123; x_wconf 84' lang='lat' dir='ltr'><strong>peccare</strong></span> <span class='ocrx_word' id='word_1_632' title='bbox 3295 4068 3457 4123; x_wconf 84' lang='lat' dir='ltr'><strong>quam</strong></span> <span class='ocrx_word' id='word_1_633' title='bbox 3486 4053 3718 4117; x_wconf 88' lang='lat' dir='ltr'><strong>vivere.;</strong></span> <span class='ocrx_word' id='word_1_634' title='bbox 3770 4067 3873 4107; x_wconf 88' lang='lat' dir='ltr'><strong>nec</strong></span> 
     </span>
    </p>
   </div>
   <div class='ocr_carea' id='block_1_88' title="bbox 2275 4145 3870 4216">
    <p class='ocr_par' dir='ltr' id='par_1_88' title="bbox 2275 4145 3870 4216">
     <span class='ocr_line' id='line_1_88' title="bbox 2275 4145 3870 4216; baseline 0.001 -18"><span class='ocrx_word' id='word_1_635' title='bbox 2275 4145 2346 4199; x_wconf 90' lang='lat' dir='ltr'><strong>ob</strong></span> <span class='ocrx_word' id='word_1_636' title='bbox 2373 4145 2478 4199; x_wconf 90' lang='lat' dir='ltr'><strong>hoc</strong></span> <span class='ocrx_word' id='word_1_637' title='bbox 2505 4153 2749 4214; x_wconf 87' lang='lat' dir='ltr'><strong>peccant,</strong></span> <span class='ocrx_word' id='word_1_638' title='bbox 2779 4153 2838 4199; x_wconf 92' lang='lat' dir='ltr'><strong>ut</strong></span> <span class='ocrx_word' id='word_1_639' title='bbox 2863 4160 3079 4216; x_wconf 90' lang='lat' dir='ltr'><strong>semper</strong></span> <span class='ocrx_word' id='word_1_640' title='bbox 3103 4146 3304 4212; x_wconf 89' lang='lat' dir='ltr'><strong>vivant,</strong></span> <span class='ocrx_word' id='word_1_641' title='bbox 3335 4145 3431 4201; x_wconf 90' lang='lat' dir='ltr'><strong>sed</strong></span> <span class='ocrx_word' id='word_1_642' title='bbox 3456 4146 3580 4201; x_wconf 88' lang='lat' dir='ltr'><strong>ideo</strong></span> <span class='ocrx_word' id='word_1_643' title='bbox 3603 4145 3693 4201; x_wconf 87' lang='lat' dir='ltr'><strong>hic</strong></span> <span class='ocrx_word' id='word_1_644' title='bbox 3719 4160 3870 4200; x_wconf 69' lang='grc' dir='ltr'><strong>θεω-</strong></span> 
     </span>
    </p>
   </div>
   <div class='ocr_carea' id='block_1_89' title="bbox 2273 4222 3871 4307">
    <p class='ocr_par' dir='ltr' id='par_1_89' title="bbox 2273 4222 3871 4307">
     <span class='ocr_line' id='line_1_89' title="bbox 2273 4222 3871 4307; baseline 0 -16"><span class='ocrx_word' id='word_1_645' title='bbox 2273 4251 2372 4306; x_wconf 89' lang='lat' dir='ltr'><strong>per</strong></span> <span class='ocrx_word' id='word_1_646' title='bbox 2392 4236 2573 4291; x_wconf 90' lang='lat' dir='ltr'><strong>vivere</strong></span> <span class='ocrx_word' id='word_1_647' title='bbox 2586 4222 2837 4307; x_wconf 74' lang='lat' dir='ltr'><strong>cupiunt,</strong></span> <span class='ocrx_word' id='word_1_648' title='bbox 2850 4245 2911 4291; x_wconf 92' lang='lat' dir='ltr'><strong>ut</strong></span> <span class='ocrx_word' id='word_1_649' title='bbox 2926 4251 3199 4306; x_wconf 89' lang='lat' dir='ltr'><strong>nunquam</strong></span> <span class='ocrx_word' id='word_1_650' title='bbox 3222 4237 3474 4292; x_wconf 86' lang='lat' dir='ltr'><strong>desinant</strong></span> <span class='ocrx_word' id='word_1_651' title='bbox 3493 4250 3724 4307; x_wconf 87' lang='lat' dir='ltr'><strong>peccare</strong></span> <span class='ocrx_word' id='word_1_652' title='bbox 3741 4235 3871 4291; x_wconf 89' lang='lat' dir='ltr'><strong>dum</strong></span> 
     </span>
    </p>
   </div>
   <div class='ocr_carea' id='block_1_90' title="bbox 2274 4327 3870 4397">
    <p class='ocr_par' dir='ltr' id='par_1_90' title="bbox 2274 4327 3870 4397">
     <span class='ocr_line' id='line_1_90' title="bbox 2274 4327 3870 4397; baseline 0.001 -17"><span class='ocrx_word' id='word_1_653' title='bbox 2274 4328 2481 4381; x_wconf 90' lang='lat' dir='ltr'><strong>vivunt.</strong></span> <span class='ocrx_word' id='word_1_654' title='bbox 2522 4327 2693 4382; x_wconf 85' lang='lat' dir='ltr'><strong>Nemo</strong></span> <span class='ocrx_word' id='word_1_655' title='bbox 2730 4335 2911 4383; x_wconf 90' lang='lat' dir='ltr'><strong>autem</strong></span> <span class='ocrx_word' id='word_1_656' title='bbox 2939 4344 3163 4384; x_wconf 85' lang='lat' dir='ltr'><strong>securus</strong></span> <span class='ocrx_word' id='word_1_657' title='bbox 3192 4337 3512 4397; x_wconf 75' lang='lat' dir='ltr'><strong>prtesentem</strong></span> <span class='ocrx_word' id='word_1_658' title='bbox 3542 4328 3708 4382; x_wconf 90' lang='lat' dir='ltr'><strong>vitam</strong></span> <span class='ocrx_word' id='word_1_659' title='bbox 3755 4334 3870 4381; x_wconf 80' lang='lat' dir='ltr'><strong>ter-</strong></span> 
     </span>
    </p>
   </div>
   <div class='ocr_carea' id='block_1_91' title="bbox 2274 4418 3870 4489">
    <p class='ocr_par' dir='ltr' id='par_1_91' title="bbox 2274 4418 3870 4489">
     <span class='ocr_line' id='line_1_91' title="bbox 2274 4418 3870 4489; baseline 0.002 -18"><span class='ocrx_word' id='word_1_660' title='bbox 2274 4419 2462 4483; x_wconf 75' lang='lat' dir='ltr'><strong>utinat,</strong></span> <span class='ocrx_word' id='word_1_661' title='bbox 2513 4418 2615 4473; x_wconf 88' lang='lat' dir='ltr'><strong>nisi</strong></span> <span class='ocrx_word' id='word_1_662' title='bbox 2657 4419 2974 4489; x_wconf 90' lang='lat' dir='ltr'><strong>priusquam</strong></span> <span class='ocrx_word' id='word_1_663' title='bbox 3027 4420 3193 4474; x_wconf 90' lang='lat' dir='ltr'><strong>vitam</strong></span> <span class='ocrx_word' id='word_1_664' title='bbox 3242 4418 3423 4485; x_wconf 90' lang='lat' dir='ltr'><strong>ﬁniat,</strong></span> <span class='ocrx_word' id='word_1_665' title='bbox 3474 4418 3542 4473; x_wconf 92' lang='lat' dir='ltr'><strong>ab</strong></span> <span class='ocrx_word' id='word_1_666' title='bbox 3583 4419 3870 4487; x_wconf 81' lang='lat' dir='ltr'><strong>iniquitate</strong></span> 
     </span>
    </p>
   </div>
   <div class='ocr_carea' id='block_1_92' title="bbox 2271 4510 3864 4577">
    <p class='ocr_par' dir='ltr' id='par_1_92' title="bbox 2271 4510 3864 4577">
     <span class='ocr_line' id='line_1_92' title="bbox 2271 4510 3864 4577; baseline 0 -12"><span class='ocrx_word' id='word_1_667' title='bbox 2271 4510 2549 4576; x_wconf 89' lang='lat' dir='ltr'><strong>discedat;</strong></span> <span class='ocrx_word' id='word_1_668' title='bbox 2597 4526 2664 4566; x_wconf 89' lang='lat' dir='ltr'><strong>ne</strong></span> <span class='ocrx_word' id='word_1_669' title='bbox 2694 4520 2825 4568; x_wconf 89' lang='lat' dir='ltr'><strong>tunc</strong></span> <span class='ocrx_word' id='word_1_670' title='bbox 2853 4512 3089 4567; x_wconf 89' lang='lat' dir='ltr'><strong>inaniter</strong></span> <span class='ocrx_word' id='word_1_671' title='bbox 3114 4528 3211 4567; x_wconf 92' lang='lat' dir='ltr'><strong>sua</strong></span> <span class='ocrx_word' id='word_1_672' title='bbox 3240 4513 3374 4567; x_wconf 87' lang='lat' dir='ltr'><strong>velit</strong></span> <span class='ocrx_word' id='word_1_673' title='bbox 3402 4510 3606 4567; x_wconf 85' lang='lat' dir='ltr'><strong>deﬂere</strong></span> <span class='ocrx_word' id='word_1_674' title='bbox 3630 4512 3864 4577; x_wconf 86' lang='lat' dir='ltr'><strong>scelera,</strong></span> 
     </span>
    </p>
   </div>
   <div class='ocr_carea' id='block_1_93' title="bbox 583 4582 3869 4678">
    <p class='ocr_par' dir='ltr' id='par_1_93' title="bbox 583 4582 3869 4678">
     <span class='ocr_line' id='line_1_93' title="bbox 583 4582 3869 4678; baseline -0.002 -37"><span class='ocrx_word' id='word_1_675' title='bbox 583 4601 685 4658; x_wconf 90' lang='lat' dir='ltr'><strong>pro</strong></span> <span class='ocrx_word' id='word_1_676' title='bbox 713 4585 980 4642; x_wconf 79' lang='lat' dir='ltr'><strong>factorum</strong></span> <span class='ocrx_word' id='word_1_677' title='bbox 1007 4585 1270 4678; x_wconf 85' lang='lat' dir='ltr'><strong>qualitate</strong></span> <span class='ocrx_word' id='word_1_678' title='bbox 1316 4583 1683 4678; x_wconf 76' lang='lat' dir='ltr'><strong>reddendam;</strong></span> <span class='ocrx_word' id='word_1_679' title='bbox 1714 4597 1826 4678; x_wconf 79' lang='lat' dir='ltr'><strong>nec</strong></span> <span class='ocrx_word' id='word_1_680' title='bbox 1867 4582 2168 4650; x_wconf 81' lang='lat' dir='ltr'><strong>ambigere-</strong></span> <span class='ocrx_word' id='word_1_681' title='bbox 2196 4616 2251 4678; x_wconf 69' lang='grc' dir='ltr'>Β</span> <span class='ocrx_word' id='word_1_682' title='bbox 2273 4599 2496 4670; x_wconf 65' lang='lat' dir='ltr'><strong>quando</strong></span> <span class='ocrx_word' id='word_1_683' title='bbox 2519 4601 2825 4657; x_wconf 57' lang='lat' dir='ltr'><strong>nullatenus</strong></span> <span class='ocrx_word' id='word_1_684' title='bbox 2850 4604 3052 4672; x_wconf 57' lang='lat' dir='ltr'><strong>potem</strong></span> <span class='ocrx_word' id='word_1_685' title='bbox 3070 4603 3243 4657; x_wconf 60' lang='lat' dir='ltr'><strong>mare</strong></span> <span class='ocrx_word' id='word_1_686' title='bbox 3272 4611 3563 4657; x_wconf 47' lang='lat' dir='ltr'><strong>tormenta.</strong></span> <span class='ocrx_word' id='word_1_687' title='bbox 3588 4601 3707 4657; x_wconf 68' lang='lat' dir='ltr'><strong>Non</strong></span> <span class='ocrx_word' id='word_1_688' title='bbox 3734 4615 3869 4670; x_wconf 56' lang='lat' dir='ltr'><strong>ergo</strong></span> 
     </span>
    </p>
   </div>
   <div class='ocr_carea' id='block_1_94' title="bbox 579 4674 2167 4745">
    <p class='ocr_par' dir='ltr' id='par_1_94' title="bbox 579 4674 2167 4745">
     <span class='ocr_line' id='line_1_94' title="bbox 579 4674 2167 4745; baseline -0.005 -10"><span class='ocrx_word' id='word_1_689' title='bbox 579 4694 700 4735; x_wconf 88' lang='lat' dir='ltr'><strong>mus</strong></span> <span class='ocrx_word' id='word_1_690' title='bbox 730 4692 873 4733; x_wconf 91' lang='lat' dir='ltr'><strong>nunc</strong></span> <span class='ocrx_word' id='word_1_691' title='bbox 901 4675 1082 4731; x_wconf 90' lang='lat' dir='ltr'><strong>omnia</strong></span> <span class='ocrx_word' id='word_1_692' title='bbox 1111 4689 1270 4745; x_wconf 91' lang='lat' dir='ltr'><strong>posse</strong></span> <span class='ocrx_word' id='word_1_693' title='bbox 1289 4681 1511 4744; x_wconf 87' lang='lat' dir='ltr'><strong>peccata</strong></span> <span class='ocrx_word' id='word_1_694' title='bbox 1531 4674 1749 4739; x_wconf 89' lang='lat' dir='ltr'><strong>dimitti,</strong></span> <span class='ocrx_word' id='word_1_695' title='bbox 1774 4681 1833 4728; x_wconf 90' lang='lat' dir='ltr'><strong>et</strong></span> <span class='ocrx_word' id='word_1_696' title='bbox 1858 4688 2002 4728; x_wconf 92' lang='lat' dir='ltr'><strong>nunc</strong></span> <span class='ocrx_word' id='word_1_697' title='bbox 2019 4688 2167 4744; x_wconf 75' lang='lat' dir='ltr'><strong>qua:-</strong></span> 
     </span>
    </p>
   </div>
   <div class='ocr_carea' id='block_1_95' title="bbox 579 4766 2165 4842">
    <p class='ocr_par' dir='ltr' id='par_1_95' title="bbox 579 4766 2165 4842">
     <span class='ocr_line' id='line_1_95' title="bbox 579 4766 2165 4842; baseline -0.005 -13"><span class='ocrx_word' id='word_1_698' title='bbox 579 4789 795 4842; x_wconf 87' lang='lat' dir='ltr'><strong>cunque</strong></span> <span class='ocrx_word' id='word_1_699' title='bbox 824 4788 931 4827; x_wconf 92' lang='lat' dir='ltr'><strong>non</strong></span> <span class='ocrx_word' id='word_1_700' title='bbox 961 4771 1161 4826; x_wconf 81' lang='lat' dir='ltr'><strong>fuerint</strong></span> <span class='ocrx_word' id='word_1_701' title='bbox 1186 4769 1424 4836; x_wconf 88' lang='lat' dir='ltr'><strong>dimissa,</strong></span> <span class='ocrx_word' id='word_1_702' title='bbox 1464 4776 1591 4824; x_wconf 90' lang='lat' dir='ltr'><strong>tunc</strong></span> <span class='ocrx_word' id='word_1_703' title='bbox 1614 4769 1778 4838; x_wconf 81' lang='lat' dir='ltr'><strong>exigi.</strong></span> <span class='ocrx_word' id='word_1_704' title='bbox 1826 4766 1982 4835; x_wconf 90' lang='lat' dir='ltr'><strong>Quod</strong></span> <span class='ocrx_word' id='word_1_705' title='bbox 2002 4768 2165 4821; x_wconf 87' lang='lat' dir='ltr'><strong>etiam</strong></span> 
     </span>
    </p>
   </div>
   <div class='ocr_carea' id='block_1_96' title="bbox 578 4860 2165 4931">
    <p class='ocr_par' dir='ltr' id='par_1_96' title="bbox 578 4860 2165 4931">
     <span class='ocr_line' id='line_1_96' title="bbox 578 4860 2165 4931; baseline -0.005 -10"><span class='ocrx_word' id='word_1_706' title='bbox 578 4866 772 4922; x_wconf 90' lang='lat' dir='ltr'><strong>beatus</strong></span> <span class='ocrx_word' id='word_1_707' title='bbox 804 4862 969 4918; x_wconf 88' lang='lat' dir='ltr'><strong>David</strong></span> <span class='ocrx_word' id='word_1_708' title='bbox 990 4862 1163 4918; x_wconf 89' lang='lat' dir='ltr'><strong>sancti</strong></span> <span class='ocrx_word' id='word_1_709' title='bbox 1187 4860 1419 4931; x_wconf 90' lang='lat' dir='ltr'><strong>Spiritus</strong></span> <span class='ocrx_word' id='word_1_710' title='bbox 1448 4860 1780 4916; x_wconf 89' lang='lat' dir='ltr'><strong>revelatione</strong></span> <span class='ocrx_word' id='word_1_711' title='bbox 1809 4873 2165 4928; x_wconf 81' lang='lat' dir='ltr'><strong>cognoscens,</strong></span> 
     </span>
    </p>
   </div>
   <div class='ocr_carea' id='block_1_97' title="bbox 577 4951 2166 5025">
    <p class='ocr_par' dir='ltr' id='par_1_97' title="bbox 577 4951 2166 5025">
     <span class='ocr_line' id='line_1_97' title="bbox 577 4951 2166 5025; baseline -0.005 -14"><span class='ocrx_word' id='word_1_712' title='bbox 577 4956 690 5025; x_wconf 91' lang='lat' dir='ltr'><strong>cui,</strong></span> <span class='ocrx_word' id='word_1_713' title='bbox 718 4956 858 5010; x_wconf 80' lang='lat' dir='ltr'><strong>sicut</strong></span> <span class='ocrx_word' id='word_1_714' title='bbox 888 4954 1003 5024; x_wconf 89' lang='lat' dir='ltr'><strong>ipse</strong></span> <span class='ocrx_word' id='word_1_715' title='bbox 1032 4960 1281 5017; x_wconf 91' lang='lat' dir='ltr'><strong>testatur,</strong></span> <span class='ocrx_word' id='word_1_716' title='bbox 1320 4952 1526 5008; x_wconf 91' lang='lat' dir='ltr'><strong>incerta</strong></span> <span class='ocrx_word' id='word_1_717' title='bbox 1556 4959 1612 5006; x_wconf 91' lang='lat' dir='ltr'><strong>et</strong></span> <span class='ocrx_word' id='word_1_718' title='bbox 1647 4951 1857 5006; x_wconf 86' lang='lat' dir='ltr'><strong>occulta</strong></span> <span class='ocrx_word' id='word_1_719' title='bbox 1887 4951 2166 5020; x_wconf 72' lang='lat' dir='ltr'><strong>sapientia:</strong></span> 
     </span>
    </p>
   </div>
   <div class='ocr_carea' id='block_1_98' title="bbox 575 5043 2164 5116">
    <p class='ocr_par' dir='ltr' id='par_1_98' title="bbox 575 5043 2164 5116">
     <span class='ocr_line' id='line_1_98' title="bbox 575 5043 2164 5116; baseline -0.004 -12"><span class='ocrx_word' id='word_1_720' title='bbox 575 5063 689 5104; x_wconf 77' lang='lat' dir='ltr'><strong>sua:</strong></span> <span class='ocrx_word' id='word_1_721' title='bbox 717 5046 1152 5103; x_wconf 80' lang='lat' dir='ltr'><strong>manilestaverat</strong></span> <span class='ocrx_word' id='word_1_722' title='bbox 1179 5044 1438 5101; x_wconf 90' lang='lat' dir='ltr'><strong>Dominus</strong></span> <span class='ocrx_word' id='word_1_723' title='bbox 1462 5043 1633 5116; x_wconf 79' lang='lat' dir='ltr'><strong>(Psal.</strong></span> <span class='ocrx_word' id='word_1_724' title='bbox 1658 5060 1710 5109; x_wconf 84' lang='lat' dir='ltr'><strong>L,</strong></span> <span class='ocrx_word' id='word_1_725' title='bbox 1742 5043 1820 5109; x_wconf 90' lang='lat'><strong>8),</strong></span> <span class='ocrx_word' id='word_1_726' title='bbox 1851 5044 2164 5114; x_wconf 87' lang='lat' dir='ltr'><strong>priusquam</strong></span> 
     </span>
    </p>
   </div>
   <div class='ocr_carea' id='block_1_99' title="bbox 574 5136 2166 5208">
    <p class='ocr_par' dir='ltr' id='par_1_99' title="bbox 574 5136 2166 5208">
     <span class='ocr_line' id='line_1_99' title="bbox 574 5136 2166 5208; baseline -0.008 -13"><span class='ocrx_word' id='word_1_727' title='bbox 574 5141 643 5196; x_wconf 88' lang='lat' dir='ltr'><strong>de</strong></span> <span class='ocrx_word' id='word_1_728' title='bbox 672 5140 775 5195; x_wconf 89' lang='lat' dir='ltr'><strong>hoc</strong></span> <span class='ocrx_word' id='word_1_729' title='bbox 819 5138 1017 5196; x_wconf 75' lang='lat' dir='ltr'><strong>szeculo</strong></span> <span class='ocrx_word' id='word_1_730' title='bbox 1046 5146 1136 5193; x_wconf 90' lang='lat' dir='ltr'><strong>eat</strong></span> <span class='ocrx_word' id='word_1_731' title='bbox 1183 5138 1277 5208; x_wconf 88' lang='lat' dir='ltr'><strong>(al.</strong></span> <span class='ocrx_word' id='word_1_732' title='bbox 1309 5138 1497 5204; x_wconf 78' lang='lat' dir='ltr'><strong>exeat)</strong></span> <span class='ocrx_word' id='word_1_733' title='bbox 1525 5136 1898 5189; x_wconf 85' lang='lat' dir='ltr'><strong>remissionem</strong></span> <span class='ocrx_word' id='word_1_734' title='bbox 1928 5136 2166 5203; x_wconf 85' lang='lat' dir='ltr'><strong>postulat</strong></span> 
     </span>
    </p>
   </div>
   <div class='ocr_carea' id='block_1_100' title="bbox 574 5228 2160 5302">
    <p class='ocr_par' dir='ltr' id='par_1_100' title="bbox 574 5228 2160 5302">
     <span class='ocr_line' id='line_1_100' title="bbox 574 5228 2160 5302; baseline -0.003 -15"><span class='ocrx_word' id='word_1_735' title='bbox 574 5238 917 5302; x_wconf 80' lang='lat' dir='ltr'><strong>peccatorum</strong></span> <span class='ocrx_word' id='word_1_736' title='bbox 941 5271 956 5295; x_wconf 98' lang='lat'><strong>,</strong></span> <span class='ocrx_word' id='word_1_737' title='bbox 1007 5229 1193 5284; x_wconf 87' lang='lat' dir='ltr'><strong>dicens</strong></span> <span class='ocrx_word' id='word_1_738' title='bbox 1241 5246 1254 5280; x_wconf 86' lang='lat'><strong>:</strong></span> <span class='ocrx_word' id='word_1_739' title='bbox 1302 5228 1524 5281; x_wconf 85' lang='lat' dir='ltr'><strong>Remitte</strong></span> <span class='ocrx_word' id='word_1_740' title='bbox 1580 5228 1706 5280; x_wconf 83' lang='lat' dir='ltr'><strong>mihi</strong></span> <span class='ocrx_word' id='word_1_741' title='bbox 1760 5237 1819 5279; x_wconf 86' lang='lat' dir='ltr'><strong>ut</strong></span> <span class='ocrx_word' id='word_1_742' title='bbox 1865 5228 2160 5298; x_wconf 74' lang='lat' dir='ltr'><strong>refrigerer,</strong></span> 
     </span>
    </p>
   </div>
   <div class='ocr_carea' id='block_1_101' title="bbox 574 5318 2157 5394">
    <p class='ocr_par' dir='ltr' id='par_1_101' title="bbox 574 5318 2157 5394">
     <span class='ocr_line' id='line_1_101' title="bbox 574 5318 2157 5394; baseline -0.004 -14"><span class='ocrx_word' id='word_1_743' title='bbox 574 5324 871 5394; x_wconf 78' lang='lat' dir='ltr'><strong>priusquam</strong></span> <span class='ocrx_word' id='word_1_744' title='bbox 889 5341 1025 5391; x_wconf 88' lang='lat' dir='ltr'><strong>eam,</strong></span> <span class='ocrx_word' id='word_1_745' title='bbox 1047 5333 1094 5377; x_wconf 86' lang='lat' dir='ltr'><strong>et</strong></span> <span class='ocrx_word' id='word_1_746' title='bbox 1117 5322 1338 5392; x_wconf 82' lang='lat' dir='ltr'><strong>amplius</strong></span> <span class='ocrx_word' id='word_1_747' title='bbox 1359 5336 1462 5374; x_wconf 86' lang='lat' dir='ltr'><strong>non</strong></span> <span class='ocrx_word' id='word_1_748' title='bbox 1482 5335 1570 5373; x_wconf 82' lang='lat' dir='ltr'><strong>ero</strong></span> <span class='ocrx_word' id='word_1_749' title='bbox 1596 5318 1768 5388; x_wconf 84' lang='lat' dir='ltr'><strong>(Psal.</strong></span> <span class='ocrx_word' id='word_1_750' title='bbox 1794 5334 2020 5385; x_wconf 77' lang='lat' dir='ltr'><strong>xxxvm,</strong></span> <span class='ocrx_word' id='word_1_751' title='bbox 2047 5319 2157 5389; x_wconf 66' lang='grc'><strong>14).</strong></span> 
     </span>
    </p>
   </div>
   <div class='ocr_carea' id='block_1_102' title="bbox 2274 4690 3865 4763">
    <p class='ocr_par' dir='ltr' id='par_1_102' title="bbox 2274 4690 3865 4763">
     <span class='ocr_line' id='line_1_102' title="bbox 2274 4690 3865 4763; baseline 0.001 -18"><span class='ocrx_word' id='word_1_752' title='bbox 2274 4690 2504 4746; x_wconf 90' lang='lat' dir='ltr'><strong>inaniter</strong></span> <span class='ocrx_word' id='word_1_753' title='bbox 2525 4692 2577 4746; x_wconf 88' lang='lat' dir='ltr'><strong>in</strong></span> <span class='ocrx_word' id='word_1_754' title='bbox 2601 4694 2854 4763; x_wconf 69' lang='lat' dir='ltr'><strong>praesenti</strong></span> <span class='ocrx_word' id='word_1_755' title='bbox 2875 4694 3072 4750; x_wconf 58' lang='lat' dir='ltr'><strong>sarculo</strong></span> <span class='ocrx_word' id='word_1_756' title='bbox 3096 4694 3407 4763; x_wconf 66' lang='lat' dir='ltr'><strong>paenitentia</strong></span> <span class='ocrx_word' id='word_1_757' title='bbox 3430 4694 3699 4750; x_wconf 84' lang='lat' dir='ltr'><strong>universis</strong></span> <span class='ocrx_word' id='word_1_758' title='bbox 3722 4693 3865 4747; x_wconf 83' lang='lat' dir='ltr'><strong>indi-</strong></span> 
     </span>
    </p>
   </div>
   <div class='ocr_carea' id='block_1_103' title="bbox 2272 4783 3862 4855">
    <p class='ocr_par' dir='ltr' id='par_1_103' title="bbox 2272 4783 3862 4855">
     <span class='ocr_line' id='line_1_103' title="bbox 2272 4783 3862 4855; baseline 0.002 -18"><span class='ocrx_word' id='word_1_759' title='bbox 2272 4783 2430 4847; x_wconf 67' lang='lat' dir='ltr'><strong>citur,</strong></span> <span class='ocrx_word' id='word_1_760' title='bbox 2456 4796 2628 4853; x_wconf 89' lang='lat' dir='ltr'><strong>neque</strong></span> <span class='ocrx_word' id='word_1_761' title='bbox 2654 4783 2853 4840; x_wconf 82' lang='lat' dir='ltr'><strong>frustra</strong></span> <span class='ocrx_word' id='word_1_762' title='bbox 2880 4786 2933 4840; x_wconf 90' lang='lat' dir='ltr'><strong>in</strong></span> <span class='ocrx_word' id='word_1_763' title='bbox 2958 4786 3061 4840; x_wconf 90' lang='lat' dir='ltr'><strong>hac</strong></span> <span class='ocrx_word' id='word_1_764' title='bbox 3079 4786 3189 4840; x_wconf 89' lang='lat' dir='ltr'><strong>vita</strong></span> <span class='ocrx_word' id='word_1_765' title='bbox 3211 4785 3499 4841; x_wconf 87' lang='lat' dir='ltr'><strong>conversio</strong></span> <span class='ocrx_word' id='word_1_766' title='bbox 3519 4785 3862 4855; x_wconf 69' lang='lat' dir='ltr'><strong>praedicatur.</strong></span> 
     </span>
    </p>
   </div>
   <div class='ocr_carea' id='block_1_104' title="bbox 2274 4872 3865 4944">
    <p class='ocr_par' dir='ltr' id='par_1_104' title="bbox 2274 4872 3865 4944">
     <span class='ocr_line' id='line_1_104' title="bbox 2274 4872 3865 4944; baseline 0.003 -17"><span class='ocrx_word' id='word_1_767' title='bbox 2274 4872 2372 4929; x_wconf 90' lang='lat' dir='ltr'><strong>Hic</strong></span> <span class='ocrx_word' id='word_1_768' title='bbox 2418 4873 2562 4928; x_wconf 91' lang='lat' dir='ltr'><strong>enim</strong></span> <span class='ocrx_word' id='word_1_769' title='bbox 2585 4874 2901 4944; x_wconf 75' lang='lat' dir='ltr'><strong>pmnitentia</strong></span> <span class='ocrx_word' id='word_1_770' title='bbox 2929 4875 3260 4931; x_wconf 88' lang='lat' dir='ltr'><strong>remissionis</strong></span> <span class='ocrx_word' id='word_1_771' title='bbox 3286 4875 3492 4930; x_wconf 91' lang='lat' dir='ltr'><strong>invenit</strong></span> <span class='ocrx_word' id='word_1_772' title='bbox 3517 4875 3774 4938; x_wconf 81' lang='lat' dir='ltr'><strong>fructum,</strong></span> <span class='ocrx_word' id='word_1_773' title='bbox 3816 4874 3865 4932; x_wconf 82' lang='lat' dir='ltr'><strong>si</strong></span> 
     </span>
    </p>
   </div>
   <div class='ocr_carea' id='block_1_105' title="bbox 2270 4965 3858 5037">
    <p class='ocr_par' dir='ltr' id='par_1_105' title="bbox 2270 4965 3858 5037">
     <span class='ocr_line' id='line_1_105' title="bbox 2270 4965 3858 5037; baseline 0.001 -18"><span class='ocrx_word' id='word_1_774' title='bbox 2270 4973 2547 5035; x_wconf 89' lang='lat' dir='ltr'><strong>peccator,</strong></span> <span class='ocrx_word' id='word_1_775' title='bbox 2575 4965 2702 5020; x_wconf 92' lang='lat' dir='ltr'><strong>dum</strong></span> <span class='ocrx_word' id='word_1_776' title='bbox 2741 4967 2828 5021; x_wconf 91' lang='lat' dir='ltr'><strong>hic</strong></span> <span class='ocrx_word' id='word_1_777' title='bbox 2854 4967 3005 5030; x_wconf 89' lang='lat' dir='ltr'><strong>vivit,</strong></span> <span class='ocrx_word' id='word_1_778' title='bbox 3037 4968 3295 5037; x_wconf 86' lang='lat' dir='ltr'><strong>peccandi</strong></span> <span class='ocrx_word' id='word_1_779' title='bbox 3320 4968 3558 5037; x_wconf 85' lang='lat' dir='ltr'><strong>deponat</strong></span> <span class='ocrx_word' id='word_1_780' title='bbox 3584 4966 3858 5022; x_wconf 72' lang='lat' dir='ltr'><strong>allectum.</strong></span> 
     </span>
    </p>
   </div>
   <div class='ocr_carea' id='block_1_106' title="bbox 2271 5053 3864 5128">
    <p class='ocr_par' dir='ltr' id='par_1_106' title="bbox 2271 5053 3864 5128">
     <span class='ocr_line' id='line_1_106' title="bbox 2271 5053 3864 5128; baseline 0.003 -21"><span class='ocrx_word' id='word_1_781' title='bbox 2271 5053 2559 5111; x_wconf 69' lang='lat' dir='ltr'><strong>Praesentis</strong></span> <span class='ocrx_word' id='word_1_782' title='bbox 2597 5072 2830 5126; x_wconf 84' lang='lat' dir='ltr'><strong>namque</strong></span> <span class='ocrx_word' id='word_1_783' title='bbox 2864 5058 3048 5113; x_wconf 65' lang='lat' dir='ltr'><strong>saeculi</strong></span> <span class='ocrx_word' id='word_1_784' title='bbox 3096 5067 3310 5128; x_wconf 86' lang='lat' dir='ltr'><strong>tempus</strong></span> <span class='ocrx_word' id='word_1_785' title='bbox 3336 5058 3649 5113; x_wconf 88' lang='lat' dir='ltr'><strong>misericors</strong></span> <span class='ocrx_word' id='word_1_786' title='bbox 3676 5057 3864 5114; x_wconf 81' lang='lat' dir='ltr'><strong>Domi-</strong></span> 
     </span>
    </p>
   </div>
   <div class='ocr_carea' id='block_1_107' title="bbox 2268 5148 3861 5222">
    <p class='ocr_par' dir='ltr' id='par_1_107' title="bbox 2268 5148 3861 5222">
     <span class='ocr_line' id='line_1_107' title="bbox 2268 5148 3861 5222; baseline 0.001 -20"><span class='ocrx_word' id='word_1_787' title='bbox 2268 5164 2371 5203; x_wconf 91' lang='lat' dir='ltr'><strong>nus</strong></span> <span class='ocrx_word' id='word_1_788' title='bbox 2397 5158 2453 5203; x_wconf 92' lang='lat' dir='ltr'><strong>et</strong></span> <span class='ocrx_word' id='word_1_789' title='bbox 2476 5148 2656 5219; x_wconf 89' lang='lat' dir='ltr'><strong>justus</strong></span> <span class='ocrx_word' id='word_1_790' title='bbox 2682 5150 2859 5205; x_wconf 89' lang='lat' dir='ltr'><strong>solum</strong></span> <span class='ocrx_word' id='word_1_791' title='bbox 2880 5150 3216 5206; x_wconf 88' lang='lat' dir='ltr'><strong>remissionis</strong></span> <span class='ocrx_word' id='word_1_792' title='bbox 3243 5148 3508 5207; x_wconf 78' lang='lat' dir='ltr'><strong>beneﬁcio</strong></span> <span class='ocrx_word' id='word_1_793' title='bbox 3531 5149 3817 5222; x_wconf 85' lang='lat' dir='ltr'><strong>deputavit</strong></span> <span class='ocrx_word' id='word_1_794' title='bbox 3839 5167 3861 5204; x_wconf 80' lang='lat'><strong>:</strong></span> 
     </span>
    </p>
   </div>
   <div class='ocr_carea' id='block_1_108' title="bbox 2267 5237 3861 5311">
    <p class='ocr_par' dir='ltr' id='par_1_108' title="bbox 2267 5237 3861 5311">
     <span class='ocr_line' id='line_1_108' title="bbox 2267 5237 3861 5311; baseline 0.001 -19"><span class='ocrx_word' id='word_1_795' title='bbox 2267 5237 2504 5294; x_wconf 82' lang='lat' dir='ltr'><strong>futurum</strong></span> <span class='ocrx_word' id='word_1_796' title='bbox 2553 5254 2683 5295; x_wconf 90' lang='lat' dir='ltr'><strong>vero</strong></span> <span class='ocrx_word' id='word_1_797' title='bbox 2724 5240 2886 5310; x_wconf 75' lang='lat' dir='ltr'><strong>justze</strong></span> <span class='ocrx_word' id='word_1_798' title='bbox 2932 5241 3276 5296; x_wconf 90' lang='lat' dir='ltr'><strong>retributioni</strong></span> <span class='ocrx_word' id='word_1_799' title='bbox 3303 5248 3502 5308; x_wconf 87' lang='lat' dir='ltr'><strong>servat,</strong></span> <span class='ocrx_word' id='word_1_800' title='bbox 3552 5255 3664 5311; x_wconf 89' lang='lat' dir='ltr'><strong>quo</strong></span> <span class='ocrx_word' id='word_1_801' title='bbox 3690 5253 3861 5295; x_wconf 83' lang='lat' dir='ltr'><strong>unus—</strong></span> 
     </span>
    </p>
   </div>
   <div class='ocr_carea' id='block_1_109' title="bbox 2265 5330 3863 5403">
    <p class='ocr_par' dir='ltr' id='par_1_109' title="bbox 2265 5330 3863 5403">
     <span class='ocr_line' id='line_1_109' title="bbox 2265 5330 3863 5403; baseline 0.003 -18"><span class='ocrx_word' id='word_1_802' title='bbox 2265 5330 2494 5402; x_wconf 83' lang='lat' dir='ltr'><strong>quisque</strong></span> <span class='ocrx_word' id='word_1_803' title='bbox 2521 5348 2620 5403; x_wconf 92' lang='lat' dir='ltr'><strong>pro</strong></span> <span class='ocrx_word' id='word_1_804' title='bbox 2644 5332 2905 5403; x_wconf 88' lang='lat' dir='ltr'><strong>qualitate</strong></span> <span class='ocrx_word' id='word_1_805' title='bbox 2926 5331 3260 5388; x_wconf 86' lang='lat' dir='ltr'><strong>credulitatis</strong></span> <span class='ocrx_word' id='word_1_806' title='bbox 3285 5339 3342 5387; x_wconf 86' lang='lat' dir='ltr'><strong>et</strong></span> <span class='ocrx_word' id='word_1_807' title='bbox 3365 5331 3545 5403; x_wconf 85' lang='lat' dir='ltr'><strong>operis</strong></span> <span class='ocrx_word' id='word_1_808' title='bbox 3563 5330 3863 5403; x_wconf 73' lang='lat' dir='ltr'><strong>condigna,</strong></span> 
     </span>
    </p>
   </div>
   <div class='ocr_carea' id='block_1_110' title="bbox 574 5412 3033 5491">
    <p class='ocr_par' dir='ltr' id='par_1_110' title="bbox 574 5412 3033 5491">
     <span class='ocr_line' id='line_1_110' title="bbox 574 5412 3033 5491; baseline 0.001 -19"><span class='ocrx_word' id='word_1_809' title='bbox 574 5415 773 5473; x_wconf 89' lang='lat' dir='ltr'><strong>Beatus</strong></span> <span class='ocrx_word' id='word_1_810' title='bbox 806 5419 992 5489; x_wconf 90' lang='lat' dir='ltr'><strong>utique</strong></span> <span class='ocrx_word' id='word_1_811' title='bbox 1026 5415 1295 5486; x_wconf 87' lang='lat' dir='ltr'><strong>propheta</strong></span> <span class='ocrx_word' id='word_1_812' title='bbox 1334 5428 1444 5468; x_wconf 90' lang='lat' dir='ltr'><strong>non</strong></span> <span class='ocrx_word' id='word_1_813' title='bbox 1474 5420 1587 5467; x_wconf 91' lang='lat' dir='ltr'><strong>tam</strong></span> <span class='ocrx_word' id='word_1_814' title='bbox 1614 5412 1841 5467; x_wconf 86' lang='lat' dir='ltr'><strong>sollicite</strong></span> <span class='ocrx_word' id='word_1_815' title='bbox 1862 5412 2161 5483; x_wconf 83' lang='lat' dir='ltr'><strong>postularet</strong></span> <span class='ocrx_word' id='word_1_816' title='bbox 2262 5419 2357 5476; x_wconf 88' lang='lat' dir='ltr'><strong>sed</strong></span> <span class='ocrx_word' id='word_1_817' title='bbox 2386 5437 2495 5478; x_wconf 90' lang='lat' dir='ltr'><strong>non</strong></span> <span class='ocrx_word' id='word_1_818' title='bbox 2525 5420 2757 5477; x_wconf 90' lang='lat' dir='ltr'><strong>ﬁnienda</strong></span> <span class='ocrx_word' id='word_1_819' title='bbox 2788 5421 3033 5491; x_wconf 84' lang='lat' dir='ltr'><strong>recipiat.</strong></span> 
     </span>
    </p>
   </div>
   <div class='ocr_carea' id='block_1_111' title="bbox 575 5502 2158 5580">
    <p class='ocr_par' dir='ltr' id='par_1_111' title="bbox 575 5502 2158 5580">
     <span class='ocr_line' id='line_1_111' title="bbox 575 5502 2158 5580; baseline -0.003 -18"><span class='ocrx_word' id='word_1_820' title='bbox 575 5518 701 5564; x_wconf 89' lang='lat' dir='ltr'><strong>ante</strong></span> <span class='ocrx_word' id='word_1_821' title='bbox 717 5510 837 5566; x_wconf 69' lang='lat' dir='ltr'><strong>vitae</strong></span> <span class='ocrx_word' id='word_1_822' title='bbox 857 5505 1137 5580; x_wconf 77' lang='lat' dir='ltr'><strong>przesentis</strong></span> <span class='ocrx_word' id='word_1_823' title='bbox 1162 5503 1450 5559; x_wconf 90' lang='lat' dir='ltr'><strong>terminum</strong></span> <span class='ocrx_word' id='word_1_824' title='bbox 1477 5502 1852 5559; x_wconf 89' lang='lat' dir='ltr'><strong>remissionem</strong></span> <span class='ocrx_word' id='word_1_825' title='bbox 1873 5503 1976 5558; x_wconf 90' lang='lat' dir='ltr'><strong>sibi</strong></span> <span class='ocrx_word' id='word_1_826' title='bbox 1997 5503 2158 5558; x_wconf 87' lang='lat' dir='ltr'><strong>tribui</strong></span> 
     </span>
    </p>
   </div>
   <div class='ocr_carea' id='block_1_112' title="bbox 574 5595 2155 5672">
    <p class='ocr_par' dir='ltr' id='par_1_112' title="bbox 574 5595 2155 5672">
     <span class='ocr_line' id='line_1_112' title="bbox 574 5595 2155 5672; baseline -0.004 -14"><span class='ocrx_word' id='word_1_827' title='bbox 574 5609 935 5672; x_wconf 79' lang='lat' dir='ltr'><strong>peccatorum,</strong></span> <span class='ocrx_word' id='word_1_828' title='bbox 984 5598 1032 5654; x_wconf 88' lang='lat' dir='ltr'><strong>si</strong></span> <span class='ocrx_word' id='word_1_829' title='bbox 1059 5595 1225 5654; x_wconf 86' lang='lat' dir='ltr'><strong>sciret</strong></span> <span class='ocrx_word' id='word_1_830' title='bbox 1260 5605 1386 5668; x_wconf 90' lang='lat' dir='ltr'><strong>post</strong></span> <span class='ocrx_word' id='word_1_831' title='bbox 1414 5597 1555 5653; x_wconf 88' lang='lat' dir='ltr'><strong>hanc</strong></span> <span class='ocrx_word' id='word_1_832' title='bbox 1579 5596 1746 5651; x_wconf 90' lang='lat' dir='ltr'><strong>vitam</strong></span> <span class='ocrx_word' id='word_1_833' title='bbox 1777 5597 1863 5652; x_wconf 88' lang='lat' dir='ltr'><strong>vel</strong></span> <span class='ocrx_word' id='word_1_834' title='bbox 1906 5596 2155 5668; x_wconf 86' lang='lat' dir='ltr'><strong>cuiquam</strong></span> 
     </span>
    </p>
   </div>
   <div class='ocr_carea' id='block_1_113' title="bbox 574 5691 2151 5767">
    <p class='ocr_par' dir='ltr' id='par_1_113' title="bbox 574 5691 2151 5767">
     <span class='ocr_line' id='line_1_113' title="bbox 574 5691 2151 5767; baseline -0.005 -14"><span class='ocrx_word' id='word_1_835' title='bbox 574 5696 908 5767; x_wconf 75' lang='lat' dir='ltr'><strong>profuturam</strong></span> <span class='ocrx_word' id='word_1_836' title='bbox 936 5691 1334 5764; x_wconf 75' lang='lat' dir='ltr'><strong>pmnitentiam,</strong></span> <span class='ocrx_word' id='word_1_837' title='bbox 1366 5693 1452 5748; x_wconf 87' lang='lat' dir='ltr'><strong>vel</strong></span> <span class='ocrx_word' id='word_1_838' title='bbox 1482 5693 1857 5749; x_wconf 90' lang='lat' dir='ltr'><strong>remissionem</strong></span> <span class='ocrx_word' id='word_1_839' title='bbox 1897 5699 2151 5761; x_wconf 89' lang='lat' dir='ltr'><strong>peccato-</strong></span> 
     </span>
    </p>
   </div>
   <div class='ocr_carea' id='block_1_114' title="bbox 573 5785 2153 5859">
    <p class='ocr_par' dir='ltr' id='par_1_114' title="bbox 573 5785 2153 5859">
     <span class='ocr_line' id='line_1_114' title="bbox 573 5785 2153 5859; baseline -0.004 -16"><span class='ocrx_word' id='word_1_840' title='bbox 573 5806 689 5844; x_wconf 87' lang='lat' dir='ltr'><strong>rum</strong></span> <span class='ocrx_word' id='word_1_841' title='bbox 720 5798 850 5844; x_wconf 89' lang='lat' dir='ltr'><strong>tuuc</strong></span> <span class='ocrx_word' id='word_1_842' title='bbox 874 5785 1242 5859; x_wconf 66' lang='lat' dir='ltr'><strong>paenitentiam</strong></span> <span class='ocrx_word' id='word_1_843' title='bbox 1274 5785 1555 5855; x_wconf 82' lang='lat' dir='ltr'><strong>agentibus</strong></span> <span class='ocrx_word' id='word_1_844' title='bbox 1577 5785 1758 5842; x_wconf 80' lang='lat' dir='ltr'><strong>divino</strong></span> <span class='ocrx_word' id='word_1_845' title='bbox 1779 5799 2000 5841; x_wconf 89' lang='lat' dir='ltr'><strong>munere</strong></span> <span class='ocrx_word' id='word_1_846' title='bbox 2023 5798 2153 5839; x_wconf 92' lang='lat' dir='ltr'><strong>con-</strong></span> 
     </span>
    </p>
   </div>
   <div class='ocr_carea' id='block_1_115' title="bbox 575 5878 886 5937">
    <p class='ocr_par' dir='ltr' id='par_1_115' title="bbox 575 5878 886 5937">
     <span class='ocr_line' id='line_1_115' title="bbox 575 5878 886 5937; baseline -0.019 0"><span class='ocrx_word' id='word_1_847' title='bbox 575 5878 886 5937; x_wconf 80' lang='lat' dir='ltr'><strong>cedendum.</strong></span> 
     </span>
    </p>
   </div>
   <div class='ocr_carea' id='block_1_116' title="bbox 2746 5515 3358 5599">
    <p class='ocr_par' dir='ltr' id='par_1_116' title="bbox 2746 5515 3358 5599">
     <span class='ocr_line' id='line_1_116' title="bbox 2746 5515 3358 5599; baseline 0.002 -28"><span class='ocrx_word' id='word_1_848' title='bbox 2746 5515 3165 5599; x_wconf 21' lang='lat' dir='ltr'><strong>nos‘capur</strong></span> <span class='ocrx_word' id='word_1_849' title='bbox 3195 5515 3358 5572; x_wconf 80' lang='lat' dir='ltr'><strong>xxu.</strong></span> 
     </span>
    </p>
   </div>
   <div class='ocr_carea' id='block_1_117' title="bbox 2335 5604 3852 5679">
    <p class='ocr_par' dir='ltr' id='par_1_117' title="bbox 2335 5604 3852 5679">
     <span class='ocr_line' id='line_1_117' title="bbox 2335 5604 3852 5679; baseline 0.003 -20"><span class='ocrx_word' id='word_1_850' title='bbox 2335 5604 2571 5663; x_wconf 87' lang='lat' dir='ltr'><strong>Proinde</strong></span> <span class='ocrx_word' id='word_1_851' title='bbox 2599 5621 2744 5663; x_wconf 89' lang='lat' dir='ltr'><strong>nunc</strong></span> <span class='ocrx_word' id='word_1_852' title='bbox 2773 5606 2950 5663; x_wconf 91' lang='lat' dir='ltr'><strong>omnis</strong></span> <span class='ocrx_word' id='word_1_853' title='bbox 2969 5607 3184 5678; x_wconf 84' lang='lat' dir='ltr'><strong>iniquus</strong></span> <span class='ocrx_word' id='word_1_854' title='bbox 3210 5608 3351 5663; x_wconf 89' lang='lat' dir='ltr'><strong>intra</strong></span> <span class='ocrx_word' id='word_1_855' title='bbox 3377 5606 3678 5664; x_wconf 84' lang='lat' dir='ltr'><strong>Ecclesiam</strong></span> <span class='ocrx_word' id='word_1_856' title='bbox 3704 5607 3852 5679; x_wconf 87' lang='lat' dir='ltr'><strong>posi-</strong></span> 
     </span>
    </p>
   </div>
   <div class='ocr_carea' id='block_1_118' title="bbox 2260 5698 3853 5772">
    <p class='ocr_par' dir='ltr' id='par_1_118' title="bbox 2260 5698 3853 5772">
     <span class='ocr_line' id='line_1_118' title="bbox 2260 5698 3853 5772; baseline -0.001 -19"><span class='ocrx_word' id='word_1_857' title='bbox 2260 5708 2346 5755; x_wconf 88' lang='lat' dir='ltr'><strong>tus</strong></span> <span class='ocrx_word' id='word_1_858' title='bbox 2395 5698 2592 5753; x_wconf 89' lang='lat' dir='ltr'><strong>malam</strong></span> <span class='ocrx_word' id='word_1_859' title='bbox 2632 5700 3099 5756; x_wconf 88' lang='lat' dir='ltr'><strong>conversationem</strong></span> <span class='ocrx_word' id='word_1_860' title='bbox 3132 5708 3382 5772; x_wconf 86' lang='lat' dir='ltr'><strong>respuat,</strong></span> <span class='ocrx_word' id='word_1_861' title='bbox 3438 5707 3493 5755; x_wconf 88' lang='lat' dir='ltr'><strong>et</strong></span> <span class='ocrx_word' id='word_1_862' title='bbox 3544 5700 3703 5756; x_wconf 69' lang='lat' dir='ltr'><strong>bona:</strong></span> <span class='ocrx_word' id='word_1_863' title='bbox 3731 5699 3853 5753; x_wconf 61' lang='lat' dir='ltr'><strong>vita</strong></span> 
     </span>
    </p>
   </div>
   <div class='ocr_carea' id='block_1_119' title="bbox 2258 5787 3850 5860">
    <p class='ocr_par' dir='ltr' id='par_1_119' title="bbox 2258 5787 3850 5860">
     <span class='ocr_line' id='line_1_119' title="bbox 2258 5787 3850 5860; baseline 0 -17"><span class='ocrx_word' id='word_1_864' title='bbox 2258 5804 2471 5844; x_wconf 89' lang='lat' dir='ltr'><strong>cursum</strong></span> <span class='ocrx_word' id='word_1_865' title='bbox 2499 5787 2712 5843; x_wconf 81' lang='lat' dir='ltr'><strong>festinet</strong></span> <span class='ocrx_word' id='word_1_866' title='bbox 2733 5789 2992 5860; x_wconf 85' lang='lat' dir='ltr'><strong>arripere,</strong></span> <span class='ocrx_word' id='word_1_867' title='bbox 3022 5798 3080 5845; x_wconf 93' lang='lat' dir='ltr'><strong>ut</strong></span> <span class='ocrx_word' id='word_1_868' title='bbox 3107 5790 3172 5846; x_wconf 91' lang='lat' dir='ltr'><strong>ad</strong></span> <span class='ocrx_word' id='word_1_869' title='bbox 3194 5799 3450 5846; x_wconf 69' lang='lat' dir='ltr'><strong>mternam</strong></span> <span class='ocrx_word' id='word_1_870' title='bbox 3479 5791 3648 5845; x_wconf 89' lang='lat' dir='ltr'><strong>vitam</strong></span> <span class='ocrx_word' id='word_1_871' title='bbox 3672 5790 3850 5844; x_wconf 86' lang='lat' dir='ltr'><strong>valeat</strong></span> 
     </span>
    </p>
   </div>
   <div class='ocr_carea' id='block_1_120' title="bbox 2254 5878 3845 5953">
    <p class='ocr_par' dir='ltr' id='par_1_120' title="bbox 2254 5878 3845 5953">
     <span class='ocr_line' id='line_1_120' title="bbox 2254 5878 3845 5953; baseline 0 -17"><span class='ocrx_word' id='word_1_872' title='bbox 2254 5881 2561 5949; x_wconf 87' lang='lat' dir='ltr'><strong>pervenire.</strong></span> <span class='ocrx_word' id='word_1_873' title='bbox 2606 5878 2756 5936; x_wconf 84' lang='lat' dir='ltr'><strong>Nunc</strong></span> <span class='ocrx_word' id='word_1_874' title='bbox 2787 5881 2960 5938; x_wconf 92' lang='lat' dir='ltr'><strong>omnis</strong></span> <span class='ocrx_word' id='word_1_875' title='bbox 3001 5880 3196 5952; x_wconf 91' lang='lat' dir='ltr'><strong>impius</strong></span> <span class='ocrx_word' id='word_1_876' title='bbox 3225 5896 3443 5953; x_wconf 85' lang='lat' dir='ltr'><strong>pravam</strong></span> <span class='ocrx_word' id='word_1_877' title='bbox 3471 5879 3593 5937; x_wconf 87' lang='lat' dir='ltr'><strong>ﬁdei</strong></span> <span class='ocrx_word' id='word_1_878' title='bbox 3624 5886 3845 5937; x_wconf 87' lang='lat' dir='ltr'><strong>senten-</strong></span> 
     </span>
    </p>
   </div>
  </div>
