4130 6450
259 358 372 414 573

1190 350 1275 406 DE
1309 347 1810 406 INCARNATIONE
1846 346 1998 402 FILII
2037 345 2146 400 DEI
2183 344 2379 400 LIBER
2420 343 2618 400 UNUS.

3424 342 3526 397 574

265 478 400 531 tiam
427 473 693 543 deponat,
722 477 779 525 et
806 467 873 524 ad
901 466 1189 524 Ecelesiam
1215 467 1398 521 venire
1428 475 1451 501 ⁸
1482 480 1588 519 non
1615 462 1843 518 dillerat.
1877 457 1923 526 Ἀ
1953 461 2091 529 leve)
2125 461 2312 530 jugum
2352 459 2646 514 Salvatoris
2688 459 2976 531 levemque
3031 460 3296 514 sarcinam
3337 459 3525 524 tollat;

264 568 424 623 Nunc
451 565 552 620 sibi
588 563 764 619 omnis
789 562 950 616 homo
978 561 1179 614 dextra:
1201 560 1367 630 partis
1386 566 1663 627 comparet
1686 557 1849 611 meri-

262 668 404 722 tum,
434 656 480 711 si
508 671 614 710 non
641 654 755 708 vult
783 653 1008 707 sinistra:
1028 652 1196 722 partis
1220 649 1459 720 perferre
1501 657 1846 704 tormentum.

262 748 421 802 Nunc
449 745 689 800 ambulet
710 743 930 813 justitia:
949 743 1112 808 viam,
1139 750 1198 795 ut
1225 740 1292 794 ad
1320 741 1546 810 patriam
1569 739 1766 801 veniat,
1794 739 1848 792 in

263 854 374 906 qua
406 837 648 907 requiem
688 835 884 889 habeat
915 833 1317 902 sempiternam.
1366 831 1518 884 Nunc
1551 829 1724 883 omnis
1759 829 1850 898 qui

264 927 441 982 Deum
482 927 635 981 malis
671 925 926 995 operibus
960 924 1273 986 exacerbat,
1325 929 1561 976 transeat
1595 921 1660 974 ad
1687 921 1850 976 vitam

264 1019 489 1083 bonam,
522 1033 620 1087 per
647 1031 807 1086 quam
838 1015 1100 1085 propitius
1123 1014 1261 1068 Deus
1283 1013 1596 1081 acquiritur,
1627 1020 1684 1066 ut
1711 1011 1854 1065 acci-

267 1111 386 1179 piat
405 1109 570 1162 vitam
599 1115 856 1162 mternam
878 1149 894 1174 ,
930 1121 1089 1175 quam
1118 1104 1258 1160 Deus
1281 1105 1436 1160 bonis
1464 1105 1579 1160 sine
1609 1103 1714 1156 ﬁne
1743 1104 1850 1156 lar-

256 1201 434 1268 gitur.
464 1198 632 1253 Nemo
655 1199 910 1268 desperet
930 1197 1348 1252 misericordiam
1367 1195 1480 1261 Dei,
1506 1194 1851 1249 considerans

271 1290 617 1345 atrocitatem
644 1288 926 1357 cujuslibet
948 1289 1214 1352 criminis;
1235 1301 1333 1340 nec
1355 1294 1530 1339 tamen
1549 1284 1739 1354 aliquis
1753 1284 1852 1339 sub

269 1398 369 1452 spe
390 1381 769 1436 misericordia:
794 1381 886 1434 Dei
907 1387 1218 1449 permaneat
1247 1380 1299 1432 in
1317 1378 1578 1448 peccatis,
1610 1377 1702 1431 sed
1723 1391 1851 1431 con-

271 1470 490 1526 ﬁdentia
519 1470 786 1540 sperantis
812 1470 883 1522 ita
912 1470 1028 1523 sine
1053 1469 1388 1524 dubitatione
1409 1475 1557 1537 petat
1587 1467 1853 1536 pmniten—

273 1562 360 1615 tia:
389 1569 633 1631 portum,
675 1569 732 1614 ut
758 1560 1030 1614 humilitas
1052 1559 1362 1629 paenitentis
1392 1557 1558 1626 fugiat
1600 1558 1852 1627 despera-

269 1652 437 1706 tionis
473 1650 672 1705 letbale
715 1649 1069 1718 naufragium.
1103 1648 1170 1702 Et
1201 1650 1278 1703 sic
1305 1649 1396 1702 Dei
1427 1647 1851 1702 misericordiam

269 1740 481 1810 diligat,
501 1748 562 1794 ut
591 1739 706 1808 ejus
733 1740 1037 1795 consideret
1065 1755 1186 1794 cum
1217 1741 1410 1794 timore
1426 1738 1709 1806 justitiam.
1742 1737 1851 1792 To-

1951 569 2093 607 nunc
2119 553 2186 606 ab
2212 568 2278 606 eo
2303 552 2472 607 discat
2514 551 2638 620 quia
2666 551 2810 610 mitis
2830 559 2915 606 est
2943 559 2998 606 et
3025 551 3238 605 humilis
3264 551 3452 618 corde,
3481 552 3529 607 si

1952 647 2142 700 anima:
2163 661 2271 699 sua:
2294 647 2530 714 requiem
2555 644 2824 699 desiderat
2845 645 3114 709 invenire;
3138 659 3279 698 nunc
3315 659 3531 698 aversus

1953 739 2018 792 ad
2049 738 2458 792 conversionem
2488 746 2704 802 currat;
2750 754 2891 792 nunc
2919 739 3130 808 iniquus
3158 738 3224 790 ab
3251 737 3533 806 iniquitate

1953 827 2215 890 discedat,
2241 844 2381 883 nunc
2405 844 2589 884 errans
2609 829 2675 882 ad
2704 830 2844 883 viam
2868 829 3109 884 veritatis
3137 828 3343 884 redeat.
3373 827 3533 883 Modo

1953 929 2158 990 qumrat
2185 921 2396 976 Domini
2421 921 2863 990 misericordiam,
2889 923 2978 993 qui
3009 939 3113 976 non
3142 923 3256 976 vult
3282 923 3389 992 pati
3418 923 3536 978 sine

1956 1011 2060 1067 ﬁne
2090 1012 2380 1068 miseriam.
2409 1013 2565 1069 Modo
2595 1023 2800 1083 qumrat
2825 1023 3079 1068 mternam
3104 1015 3288 1079 vitam,
3313 1015 3400 1084 qui
3424 1031 3536 1070 non

1953 1104 2066 1156 vult
2091 1104 2144 1157 in
2166 1113 2427 1158 mternum
2457 1106 2612 1159 mori.
2630 1105 2781 1159 Nunc
2812 1107 3102 1175 prmveniat
3124 1107 3174 1160 in
3196 1105 3535 1161 confessione

1953 1194 2144 1249 faciem
2172 1195 2286 1258 Dei,
2321 1197 2412 1266 qui
2443 1213 2548 1250 non
2586 1197 2701 1250 vult
2722 1198 3053 1267 sempiterna
3080 1198 3357 1267 punitione
3386 1198 3534 1252 dam-

1954 1288 2090 1342 nari.
2121 1287 2273 1343 Nune
2297 1291 2438 1343 enim
2473 1287 2746 1344 fructuose
2769 1291 3085 1359 pmnitentia
3113 1292 3348 1358 geritur,
3367 1321 3373 1331 ι
3392 1307 3534 1346 nunc

1953 1379 2199 1434 remissio
2216 1388 2561 1450 peccatorum
2586 1380 2867 1450 pmnitenti
2889 1382 3229 1447 conceditur;
3249 1397 3390 1436 nunc
3411 1396 3534 1436 con-

1953 1485 2110 1524 verso
2142 1471 2290 1538 regni
2318 1470 2578 1525 cmlorum
2610 1471 2877 1540 possessio
2907 1488 3012 1525 non
3055 1479 3298 1539 negatur,
3347 1471 3399 1524 in
3427 1486 3534 1540 qua

1954 1561 2070 1615 sine
2097 1559 2199 1614 line
2224 1561 2421 1614 vivitur
2447 1569 2502 1614 et
2547 1562 2661 1615 sine
2689 1560 2793 1616 line
2822 1562 3082 1630 gaudetur
3106 1580 3117 1614 :
3145 1562 3232 1615 ubi
3265 1576 3363 1615 nec
3387 1575 3534 1614 mors

1955 1651 2257 1706 laetantibus
2279 1652 2663 1720 adimitvitam,
2686 1669 2786 1708 nec
2808 1670 3009 1708 maeror
3035 1653 3335 1708 viventibus
3355 1659 3536 1722 potest

1955 1739 2166 1796 auferre
2195 1741 2453 1795 lmtitiam.
2485 1742 2540 1796 In
2571 1744 2714 1812 quali
2743 1744 2886 1798 enim
2923 1743 3025 1798 ﬁde
3054 1753 3108 1798 et
3141 1758 3304 1812 opere
3339 1757 3533 1796 unum-

267 1843 387 1888 tum
416 1833 517 1887 sibi
546 1841 728 1902 speret
756 1831 984 1886 relaxari
1017 1845 1176 1900 posse
1215 1845 1508 1894 converso,
1541 1845 1641 1884 nec
1670 1828 1850 1884 dimit-
1883 1847 1926 1905 Β
1954 1846 2220 1903 quemque
2247 1834 2524 1888 hominum
2551 1835 2673 1888 vitae
2698 1835 2852 1904 hujus
2882 1836 3146 1890 invenerit
3183 1835 3321 1900 ﬁnis,
3345 1836 3465 1888 talis
3487 1834 3536 1889 ei

269 1923 493 1979 tendum
518 1931 695 1977 tamen
717 1923 917 1991 aliquid
945 1923 1214 1977 existimet
1242 1922 1523 1977 obdurato.
1555 1922 1669 1977 Hoc
1709 1930 1852 1977 tem-

267 2031 406 2084 pore
430 2023 600 2070 mutet
641 2016 854 2083 iniquus
883 2016 1075 2081 vitam,
1117 2023 1172 2070 et
1202 2031 1310 2070 non
1344 2009 1582 2070 inveniet
1616 2031 1852 2084 poenam.

270 2101 463 2176 Fugiat
483 2109 712 2176 culpam,
745 2116 800 2162 et
821 2108 1046 2177 accipiet
1071 2107 1302 2162 veniam.
1335 2107 1391 2160 In
1422 2107 1524 2161 hoc
1545 2107 1686 2160 enim
1717 2114 1853 2160 tem-

270 2215 408 2270 pore
426 2200 743 2255 benelicium
774 2200 1104 2254 remissionis
1129 2200 1444 2269 acquiritur,
1482 2197 1697 2266 quando
1727 2213 1852 2250 mu-

272 2289 531 2343 tationem
559 2289 876 2354 voluntatis,
919 2289 1096 2344 meriti
1126 2303 1342 2358 quoque
1369 2288 1596 2342 mutatio
1622 2287 1849 2342 comita-

274 2385 380 2431 tur.
399 2377 546 2434 Nunc
567 2381 742 2434 omnis
762 2380 853 2449 qui
875 2379 1088 2434 laborat
1109 2387 1166 2434 et
1192 2387 1448 2434 oneratus
1473 2387 1572 2448 est,
1601 2378 1666 2433 ad
1680 2377 1849 2432 Deum

271 2476 554 2523 vocantem
576 2469 893 2525 reﬁciendas
922 2471 1102 2524 veniat
1135 2488 1147 2522 :
1179 2487 1323 2524 nunc
1347 2485 1507 2540 super
1530 2484 1588 2526 se
1608 2470 1728 2524 lene
1747 2469 1843 2537 (al.

343 2568 368 2593 ³
401 2556 523 2617 Ms.,
556 2559 762 2626 redire}

1956 1922 2237 1977 retributio
2267 1922 2510 1989 dabitur,
2551 1923 2701 1993 cujus
2740 1943 2846 1980 non
2896 1926 2997 1979 erit
3028 1925 3167 1980 linis.
3218 1924 3353 1990 Quia
3395 1924 3537 1978 sicut

1957 2014 2131 2068 omnis
2158 2015 2249 2083 qui
2278 2025 2404 2069 ante
2434 2014 2594 2069 ﬁnem
2628 2017 2750 2070 vita:
2789 2018 3069 2086 przcsentis
3108 2032 3400 2072 conversus
3428 2030 3537 2069 non

1959 2105 2148 2172 fuerit,
2193 2113 2248 2160 ct
2294 2107 2346 2160 in
2387 2107 2543 2160 malis
2589 2108 2698 2161 suis
2730 2108 2956 2173 linierit,
2993 2108 3130 2162 ultra
3164 2106 3403 2176 requiem
3429 2121 3539 2160 non

1959 2197 2175 2252 habebit
2204 2215 2216 2249 :
2249 2197 2326 2252 sic
2355 2199 2529 2253 omnis
2557 2199 2648 2267 qui
2693 2199 2745 2252 in
2778 2199 2882 2255 hoc
2913 2208 3154 2269 tempore
3182 2198 3376 2254 divinis
3405 2211 3542 2266 pne-

1957 2291 2126 2358 ceptis
2156 2289 2443 2355 obediens,
2478 2306 2508 2344 a
2537 2291 2693 2346 malis
2716 2291 2826 2346 suis
2855 2306 3146 2346 conversus
3175 2289 3366 2352 luerit,
3411 2287 3456 2341 si
3484 2287 3542 2340 in

1957 2380 2058 2435 lide
2085 2389 2232 2435 recta
2265 2391 2320 2435 et
2357 2382 2498 2436 bona
2541 2383 2647 2435 vita
2688 2383 2824 2436 intra
2869 2381 3167 2437 Ecclesiam
3217 2378 3541 2436 catholicam

1953 2473 2383 2540 perseveraverit
2411 2488 2579 2542 usque
2606 2474 2659 2528 in
2687 2474 2870 2541 linem,
2890 2473 2978 2529 hic
2993 2473 3176 2528 salvus
3198 2471 3322 2526 erit.
3345 2470 3537 2523 Amen.
3589 2479 3593 2484 '

1315 2774 1457 2886 S.
1534 2775 2520 2889 FULGENTH
3319 2887 3322 2890 .

597 2967 797 3078 DE
962 2964 2260 3081 INCARNATION'E
2395 2969 2814 3082 FILII
2954 2972 3226 3082 DEI

967 3161 1108 3231 ET
1180 3159 1569 3232 VILIUM
1643 3158 2271 3230 ANIMALIUM
2324 3161 2866 3255 AUCTORE,

1152 3311 1284 3388 AD
1365 3306 1855 3386 SCARILAM
1885 3363 1908 3403 ,

1989 3306 2282 3384 LIBER
2360 3309 2664 3387 UNUS.

349 3526 513 3600 ωε
542 3529 591 3582 1.
642 3528 819 3584 Lectis
843 3530 1037 3584 litteris
1065 3543 1201 3598 quas
1229 3528 1449 3592 misisti,
1486 3526 1558 3582 ﬁli
1586 3528 1864 3583 carissime
1893 3531 1939 3593 C
2038 3529 2090 3582 2.
2119 3527 2391 3598 Scripsisti
2422 3543 2551 3596 ergo
2571 3571 2584 3595 ,
2616 3537 2674 3581 ut
2706 3528 2810 3582 tuis
2839 3537 2960 3582 utar
2988 3529 3196 3598 verbis,
3243 3529 3388 3600 quod
3429 3530 3550 3584 dum

280 3618 505 3688 Scarila,
536 3622 748 3688 gavisus
773 3636 890 3676 sum
911 3621 964 3675 in
989 3620 1236 3684 Domino,
1281 3627 1336 3673 et
1370 3619 1661 3674 exsultavit
1684 3621 1862 3674 anima

279 3726 398 3767 mea
430 3713 482 3766 in
507 3711 617 3767 Deo
638 3713 859 3768 salutari
883 3727 1028 3779 meo,
1058 3713 1182 3780 quia
1206 3711 1379 3765 induit
1396 3726 1492 3766 vos
1513 3711 1747 3766 studium
1778 3727 1865 3766 sa-

280 3799 440 3864 lutis,
486 3810 541 3855 ct
569 3803 715 3856 cordi
743 3810 924 3856 vestro
963 3800 1290 3858 desiderium
1316 3799 1541 3868 justitia:
1569 3800 1866 3854 clementer

280 3891 494 3956 infudit,
527 3909 634 3962 quo
671 3910 857 3949 veram
905 3893 1063 3947 ﬁdem
1095 3905 1426 3959 cognoscere
1465 3891 1710 3961 cupiatis.
1764 3890 1867 3945 Per

281 3982 423 4037 hanc.
448 3985 590 4038 enim
617 3985 742 4038 vitae
768 3985 986 4052 largitas
1011 3983 1076 4037 ad
1117 3984 1362 4038 homines
1393 3984 1565 4045 venit,
1597 3981 1740 4053 quod
1770 3998 1867 4053 per

281 4076 601 4146 prophetam
628 4077 766 4132 Deus
795 4079 910 4147 ipse
936 4084 1164 4132 testatus
1193 4083 1275 4130 est
1301 4075 1484 4130 dicens
1517 4093 1530 4128 :
1560 4074 1740 4129 Justus
1767 4091 1859 4128 au-

283 4172 388 4219 tem
416 4183 484 4220 ex
507 4167 615 4236 ﬁde
643 4170 760 4222 vivit
791 4168 980 4239 (Rom.
1009 4184 1054 4236 l,
1094 4168 1190 4237 l7)
1217 4185 1230 4233 ;
1260 4167 1392 4221 ﬁdes
1421 4175 1599 4221 autem
1621 4167 1710 4220 illa
1739 4181 1866 4220 vera

281 4259 601 4328 appellanda
623 4269 721 4319 est.
741 4277 860 4331 quat
880 4271 962 4316 est
983 4277 1131 4324 vera,
1151 4276 1256 4314 non
1287 4261 1427 4324 licta,
1451 4275 1612 4328 quam
1642 4267 1860 4313 sanctus

281 4349 627 4404 commendat
655 4351 940 4420 Apostolus
964 4351 1150 4406 dicens
1187 4369 1199 4402 :
1232 4349 1388 4404 Finis
1427 4360 1598 4404 autem
1625 4351 1865 4419 pracepti

281 4447 360 4493 est
388 4442 582 4494 caritas
611 4441 674 4495 de
707 4443 861 4496 corde
887 4458 1048 4510 puro,
1080 4451 1128 4495 et
1158 4442 1472 4497 conscientia
1503 4440 1656 4504 bona,
1687 4450 1736 4493 et
1763 4439 1868 4509 [ide

282 4545 389 4582 non
416 4529 539 4598 ﬁcta
569 4528 622 4600 (1
647 4530 778 4584 Tim.
812 4547 851 4597 ι,
878 4529 953 4599 5).
985 4531 1116 4585 Nam
1146 4531 1272 4600 quia
1304 4531 1443 4587 idem
1466 4532 1655 4585 beatus
1672 4527 1867 4584 Paulus

282 4620 457 4687 gratia
490 4636 590 4675 nos
618 4621 747 4676 dicit
771 4621 948 4675 salvos
977 4621 1146 4676 factos
1174 4636 1294 4676 esse
1332 4635 1431 4690 per
1471 4620 1626 4675 ﬁdem
1646 4663 1661 4687 ,
1705 4636 1866 4690 quam

282 4723 395 4764 non
424 4725 492 4764 ex
530 4711 705 4775 nobis,
730 4710 825 4782 sed
852 4709 948 4766 Dei
978 4713 1172 4766 asserit
1197 4711 1397 4765 donum
1430 4711 1653 4781 (Ephes.
1687 4727 1750 4774 ιι,
1774 4711 1870 4781 8),

281 4801 473 4870 utique
502 4817 626 4856 vera
652 4802 798 4858 salus
826 4817 932 4857 non
961 4803 1064 4856 erit
1089 4801 1180 4857 ubi
1208 4817 1334 4856 vera
1367 4801 1496 4856 fides
1536 4815 1643 4854 non
1669 4800 1866 4865 fuerit;

1967 3620 2036 3672 ad
2085 3636 2320 3673 mensam
2366 3618 2650 3672 Christiani
2700 3618 2951 3674 Ecclesia:
2993 3622 3261 3676 catholica?
3308 3623 3406 3692 ﬁlii
3451 3623 3550 3675 mei

1965 3710 2151 3764 Erenti
2180 3711 2242 3762 de
2267 3709 2362 3763 Dei
2385 3709 2744 3762 incarnatione
2768 3711 2956 3763 locutio
2983 3720 3302 3774 nasceretur,
3327 3728 3459 3764 unus
3487 3727 3552 3764 ex

1966 3802 2106 3856 vobis
2135 3803 2230 3854 Ιιοε
2260 3803 2322 3854 de
2346 3803 2460 3870 ipsa
2496 3802 2858 3854 incarnatione
2889 3804 3109 3854 asseruit
3149 3804 3392 3872 quoniam
3446 3819 3550 3856 non

1967 3893 2106 3948 Deus
2143 3894 2300 3946 Pater
2342 3909 2549 3946 carnem
2579 3893 2764 3956 induit,
2799 3893 2888 3946 sed
2926 3893 3091 3947 solum
3120 3893 3215 3946 Dei
3260 3893 3448 3946 Filius.
3484 3892 3551 3944 Et

1968 3990 2099 4041 alius
2123 3987 2255 4039 dixit
2279 4002 2295 4038 :
2322 3982 2442 4054 Ipse
2463 3983 2620 4047 Deus,
2651 3984 2736 4054 qui
2766 4001 2896 4036 unus
2918 3994 2994 4037 est
3017 3986 3068 4037 in
3095 3985 3276 4047 tribus,
3309 3984 3550 4054 dignatus

1968 4087 2045 4131 est
2074 4093 2282 4130 carnem
2308 4075 2465 4145 407
2498 4089 2777 4138 assumere,
2805 4083 2859 4126 ut
2881 4084 3110 4128 nostram
3134 4076 3421 4128 servitutem
3451 4090 3553 4144 qua

1967 4186 2060 4239 per
2083 4169 2549 4239 transgressionem
2586 4166 2751 4235 patris
2787 4167 2950 4220 nostri
2974 4165 3102 4219 Atla:
3123 4163 3335 4235 obligati
3356 4163 3552 4218 detine-

1971 4261 2171 4322 brmur,
2197 4259 2265 4312 ad
2279 4258 2564 4314 libertatem
2585 4258 2902 4330 perduceret.
2929 4256 3132 4311 Deinde
3155 4255 3290 4310 dicis
3304 4271 3400 4310 vos
3421 4256 3555 4308 scire

1970 4369 2153 4422 cupere
2178 4353 2222 4405 si
2244 4353 2353 4422 ipse
2381 4350 2520 4405 Deus
2547 4349 2704 4405 Pater
2725 4348 3042 4403 descenderit
3062 4357 3110 4401 et
3131 4365 3337 4400 carnem
3359 4363 3556 4400 assum-

1970 4445 2152 4514 pserit,
2171 4459 2239 4495 an
2260 4445 2368 4512 ipso
2388 4442 2658 4505 residente,
2683 4441 2848 4495 Verbo
2864 4439 3186 4493 mandaverit
3203 4438 3337 4508 quod
3347 4454 3556 4490 carnem

1973 4533 2328 4603 assumpserit.
2384 4531 2529 4585 Dicis
2571 4547 2664 4584 nos
2703 4531 2856 4583 etiam
2881 4530 3013 4582 scire
3053 4529 3293 4584 quoniam
3334 4525 3555 4578 I'erbum

1974 4640 2100 4678 caro
2125 4625 2318 4693 factum
2342 4629 2448 4684 est,
2479 4629 2534 4673 ut
2562 4621 2671 4686 ipse
2695 4617 2950 4671 habitaret
2979 4618 3031 4670 in
3059 4615 3226 4670 nobis.
3264 4611 3362 4668 Ubi
3392 4615 3555 4668 etiam

1974 4720 2090 4778 ι)ωο
2117 4716 2280 4774 verba
2314 4713 2580 4770 subvertis
2608 4711 2792 4766 dicens
2818 4728 2830 4762 :
2859 4711 2964 4765 Sed
2986 4711 3119 4762 inter
3149 4707 3389 4771 Verbum,
3421 4707 3556 4769 quod

1974 4810 2115 4866 Deus
2143 4818 2248 4873 est,
2296 4817 2346 4860 et
2373 4804 2614 4870 Patrem,
2655 4806 2741 4874 qui
2781 4801 2919 4855 Deus
2948 4811 3054 4864 est,
3096 4817 3199 4852 una
3228 4808 3558 4869 utrarumque

282 4907 406 4960 qua:
427 4908 547 4947 cum
578 4892 833 4950 divinitus
873 4893 1198 4961 infunditur,
1228 4893 1414 4964 procul
1444 4892 1608 4948 dubio
1635 4893 1867 4960 gratuita
1895 4917 1947 4978 ι)
1977 4899 2295 4955 descenderit
2316 4897 2384 4950 ad
2405 4895 2718 4949 induendam
2748 4910 2957 4947 carnem
2981 4894 3245 4963 majestas,
3283 4893 3402 4962 quia
3432 4891 3559 4961 legi-

286 4986 536 5054 largitate
557 4986 818 5053 donatur;
848 4996 904 5042 et
927 4987 1017 5042 ubi
1039 5002 1138 5056 per
1155 5001 1338 5042 veram
1360 4984 1516 5040 tidem
1544 4984 1742 5038 veritas
1761 4985 1874 5039 fue-

284 5079 360 5134 rit
382 5078 731 5143 credulitatis,
766 5080 965 5135 veritas
988 5080 1174 5149 utique
1206 5077 1553 5134 comitabitur
1573 5085 1630 5133 et
1648 5078 1862 5132 salutis:

283 5169 528 5236 quisquis
556 5177 736 5224 autem
765 5185 796 5224 a
826 5185 951 5224 vera
997 5170 1102 5229 ﬁde
1139 5169 1464 5234 deviaverit,
1511 5184 1652 5224 verae
1680 5168 1872 5224 salutis

284 5261 514 5332 gratiam
542 5277 650 5316 non
678 5263 919 5320 habebit.
941 5261 1174 5318 Proinde
1197 5271 1413 5332 torpere
1435 5277 1541 5316 non
1569 5261 1729 5316 debet
1745 5260 1872 5316 ﬁde-

286 5353 354 5407 lis
377 5354 587 5408 animus
605 5353 671 5409 ad
701 5354 1044 5423 qumrendum
1073 5355 1118 5409 si
1148 5354 1279 5425 quid
1309 5355 1363 5413 in
1383 5362 1724 5410 sacramento
1747 5352 1871 5409 fidei

285 5447 391 5501 sibi
410 5448 586 5503 cernit
609 5449 915 5517 ambiguum
937 5466 950 5500 :
969 5449 1200 5504 maxime
1222 5449 1275 5510 in
1303 5449 1560 5520 mysterio
1587 5448 1874 5504 dominicae

287 5541 698 5605 incarnationis,
717 5555 813 5611 per
837 5556 996 5610 quam
1021 5540 1226 5610 justitia
1257 5541 1461 5612 impiis,
1494 5541 1602 5594 vita
1622 5541 1868 5605 mortuis,

285 5633 436 5688 salus
471 5632 725 5697 inﬁrmis,
779 5641 834 5687 et
870 5647 1010 5687 verae
1057 5633 1320 5688 libertatis
1347 5641 1427 5687 est
1465 5631 1632 5700 gratia
1673 5631 1870 5686 donata

288 5727 539 5798 captivis.

1974 5012 2113 5061 mus,
2153 4991 2326 5060 inquis
2356 5008 2368 5042 ε
2408 5007 2425 5040 ι
2457 4987 2560 5044 Hic
2588 4987 2726 5042 Deus
2755 4997 2930 5042 noster
2949 5028 2962 5050 ,
2999 4996 3047 5040 et
3077 5003 3179 5040 non
3220 4983 3559 5040 arstimabitur

1975 5087 2110 5141 alius
2140 5083 2329 5153 absque
2349 5079 2440 5136 illo
2480 5096 2498 5133 :
2539 5089 2654 5148 post
2680 5079 2790 5133 [nec
2812 5079 2865 5131 in
2896 5089 3032 5132 terra
3063 5078 3198 5131 visus
3221 5085 3327 5139 est,
3366 5085 3414 5128 et
3443 5090 3559 5126 cum

1975 5172 2266 5230 hominibus
2302 5181 2630 5244 conversatus
2657 5180 2734 5223 est
2757 5171 2774 5240 (
2792 5169 2994 5223 Baruch
3024 5185 3110 5235 ιιι,
3142 5167 3263 5238 56).
3297 5187 3317 5218 ι
3375 5165 3560 5219 Adhuc

1975 5264 2128 5320 addis
2148 5272 2204 5318 et
2229 5261 2392 5327 dicis,
2418 5261 2560 5330 quod
2589 5277 2703 5315 cum
2725 5259 2863 5314 istud
2887 5259 3233 5312 testimonium
3263 5256 3316 5309 in
3337 5255 3559 5308 medium

1975 5355 2277 5426 proferretis
2299 5393 2314 5417 ,
2359 5352 2452 5406 hoc
2479 5351 2569 5406 ille
2603 5351 2894 5405 econtraria
2922 5350 3120 5403 locutus
3147 5357 3223 5402 est
3249 5365 3264 5401 :
3296 5345 3376 5402 De
3416 5345 3562 5402 Filio

1978 5449 2072 5504 hoc
2093 5447 2225 5502 dixit
2249 5456 2298 5512 τι,
2324 5463 2425 5499 non
2451 5445 2514 5499 de
2542 5444 2702 5501 Patre
2726 5461 2744 5497 :
2770 5453 2822 5497 et
2850 5454 2901 5497 tu
2931 5444 2978 5497 ei
3007 5441 3076 5495 ad
3103 5459 3332 5513 prwsens
3361 5446 3560 5497 locutus

1977 5558 2063 5603 es,
2105 5549 2162 5594 ut
2189 5539 2324 5612 quod
2351 5537 2504 5592 simul
2543 5537 2739 5608 pariter
2765 5535 3018 5606 ignoratis
3050 5533 3119 5588 ad
3157 5552 3250 5590 nos
3291 5551 3554 5590 recursum

1979 5634 2237 5703 faceretis.
2272 5631 2406 5686 IIuic
2433 5629 2835 5699 interrogationi
2857 5645 3016 5700 quam
3039 5630 3209 5701 prima
3239 5646 3363 5701 pars
3385 5629 3559 5684 conti-

1980 5734 2082 5778 uet
2133 5733 2343 5778 tuarum
2380 5723 2678 5777 litterarum
2736 5720 3001 5774 reddenda
3037 5737 3176 5777 nunc
3207 5732 3287 5776 est
3319 5738 3348 5776 a
3384 5719 3563 5786 nobis,

365 5859 873 5946 fEmendamuSﬁx
908 5860 1021 5933 ipsa
1048 5859 1274 5932 epistola
1302 5874 1418 5931 quae
1450 5858 1675 5916 habetur
1706 5872 1864 5928 supra
1898 5851 1981 5911 l0:
2011 5855 2287 5931 legebatur
2314 5857 2456 5915 enim
2487 5873 2586 5911 non
2621 5854 2773 5923 dixit,
2807 5854 2898 5912 sed
2924 5856 3083 5912 male.
