4108 6494
617 368 723 424 575

1657 373 1712 426 s.
1754 371 2116 428 sumsum
2159 353 2462 428 Episcopi
2499 371 2872 429 RUSPENSIS

3815 372 3937 427 576

616 485 730 541 Deo
751 485 987 541 donante
1017 494 1178 555 atque
1207 485 1514 555 adjuvante,
1546 487 1825 556 responsio
1851 505 1864 552 ;
1895 503 1999 556 qua
2027 488 2192 552 ï¬nita,
2303 494 2406 554 tur,
2433 488 2525 558 qui
2554 496 2610 543 et
2635 487 2930 544 secundum
2959 486 3298 542 divinitatem
3317 529 3329 552 ,
3374 495 3427 543 et
3448 488 3757 543 secu.:dum
3790 507 3924 544 car-

615 576 771 632 alteri
799 591 1018 649 quoque
1042 577 1397 647 respondere,
1422 586 1677 646 quantum
1711 575 1854 632 Deus
1891 577 2198 645 donaverit,

619 685 728 726 non
753 669 975 741 pigebit.

686 805 741 860 '5.
767 801 1346 874 Principaliterntaque
1366 802 1503 858 scire
1524 802 1684 859 debet
1699 804 1876 859 omnis
1904 806 2202 862 catholicus

609 894 956 949 Christianus
1004 909 1168 948 unum
1212 908 1331 947 esse
1371 893 1539 947 Deum
1577 902 1816 948 sanctam
1860 895 2199 962 Trinitatem,

609 987 661 1040 id
681 993 784 1045 est.
812 983 1048 1052 Patrem,
1075 994 1129 1040 et
1153 983 1363 1050 Filium,
1385 994 1439 1039 et
1451 986 1706 1055 Spiritum
1732 999 1976 1042 sanctum
1994 1006 2007 1054 ;
2028 989 2200 1058 ipsam

616 1091 748 1132 vero
774 1076 1090 1132 Trinitatem
1121 1092 1239 1146 qua:
1266 1093 1403 1133 unus
1431 1085 1512 1132 est
1559 1077 1726 1144 Deus,
1778 1093 1936 1132 unam
1984 1079 2200 1150 quidem

613 1185 734 1226 esse
758 1178 1026 1238 naturam,
1056 1185 1162 1224 non
1191 1178 1372 1224 tamen
1395 1187 1555 1224 unam
1583 1188 1702 1226 esse
1733 1188 2038 1242 personam.
2064 1173 2200 1240 Quia

613 1269 670 1316 et
696 1260 840 1332 quod
869 1261 1061 1316 dicitur
1091 1276 1226 1316 unus
1254 1261 1393 1316 Deus
1430 1277 1549 1317 esse
1575 1263 1840 1332 Trinitas,
1864 1280 2046 1319 verum
2078 1272 2196 1331 est;

614 1371 754 1412 unus
766 1355 905 1411 Deus
934 1363 1018 1411 est
1032 1356 1174 1410 enim
1195 1356 1450 1425 Trinitas,
1473 1358 1598 1426 quia
1635 1374 1741 1412 non
1763 1359 1921 1413 aliam
1952 1368 2198 1416 naturam

613 1442 778 1500 habet
807 1443 994 1510 Pater,
1033 1455 1088 1500 et
1129 1446 1290 1500 aliam
1320 1446 1515 1512 Filius,
1549 1457 1602 1502 et
1630 1448 1787 1502 aliam
1818 1449 2048 1520 Spiritus
2077 1466 2201 1505 san-

610 1541 756 1595 ctus,
786 1531 880 1588 sed
905 1549 1010 1588 una
1039 1543 1229 1588 natura
1257 1543 1340 1588 est
1369 1535 1482 1604 ipsa
1512 1534 1744 1591 Trinitas
1774 1537 1913 1591 Deus
1937 1555 1951 1602 ;
1994 1553 2092 1593 nec
2119 1547 2200 1592 ta-

607 1638 734 1691 men
760 1639 863 1678 una
887 1640 1114 1694 persona
1144 1635 1226 1680 est
1248 1625 1424 1691 Pater,
1455 1635 1509 1680 et
1530 1625 1715 1689 Filius,
1739 1635 1792 1681 et
1817 1626 2046 1698 Spiritus
2074 1645 2199 1684 san-

608 1724 747 1778 ctus,
780 1715 874 1769 sed
897 1731 1127 1786 persona
1167 1714 1341 1770 Patris
1361 1716 1526 1771 solius
1553 1715 1728 1771 Patris
1750 1726 1852 1782 est,
1883 1727 1938 1773 et
1966 1735 2194 1788 persona

608 1804 730 1863 Filii
753 1807 919 1861 solius
951 1806 1070 1860 Filii
1099 1815 1198 1872 est,
1229 1815 1284 1860 et
1314 1822 1543 1876 persona
1571 1805 1802 1876 Spiritus
1829 1808 2000 1861 sancti
2029 1808 2198 1862 solius

609 1892 843 1965 Spiritus
886 1897 1056 1951 sancti
1102 1908 1206 1952 est.
1259 1895 1623 1951 Personaliter
1657 1911 1786 1966 ergo
1814 1899 1905 1966 qui
1933 1906 2016 1951 est
2037 1895 2198 1952 Pater

609 2004 720 2042 non
742 1997 825 2042 est
848 1988 960 2058 ipse
989 1988 1174 2052 Filius,
1203 1997 1258 2044 et
1287 1990 1376 2057 qui
1401 1988 1566 2043 Filius
1591 1997 1676 2043 est
1703 2004 1808 2043 non
1833 1997 1916 2043 est
1948 1989 2060 2057 ipse
2075 1987 2197 2059 Spi-

608 2081 745 2134 ritus
781 2090 1015 2138 sanctus.
1062 2081 1216 2148 Quod
1257 2097 1384 2136 vero
1415 2081 1732 2135 naturaliter
1767 2088 1849 2136 est
1889 2079 2050 2136 Pater
2087 2081 2194 2140 hoc

609 2184 694 2228 est
725 2173 918 2239 Filius,
943 2175 1047 2229 hoc
1075 2184 1157 2231 est
1183 2173 1415 2244 Spiritus
1442 2183 1678 2238 sanctus,
1723 2175 1847 2243 quia
1879 2176 2198 2232 naturaliter

611 2267 728 2336 ipsa
770 2265 1003 2320 Trinitas
1043 2282 1180 2320 unus
1218 2276 1300 2320 est
1345 2266 1486 2320 Deus
1528 2283 1543 2319 :
1585 2267 1673 2320 ubi
1714 2267 1886 2334 major
1915 2268 2197 2337 minorque

610 2374 720 2413 non
751 2357 975 2422 dicitur,
1019 2359 1144 2427 quia
1173 2374 1274 2413 nec
1305 2358 1452 2428 prior
1479 2357 1616 2412 alius
1645 2357 1772 2422 alio,
1805 2373 1905 2412 nec
1928 2360 2198 2428 posterior

609 2451 898 2506 invenitur.
932 2451 1006 2506 lbi
1033 2451 1306 2505 mternitas
1351 2459 1513 2518 atque
1551 2451 1884 2507 immensitas
1927 2459 2073 2504 tanta
2114 2461 2198 2506 est

610 2541 1028 2611 uniuscujusque
1045 2557 1310 2612 personze,
1333 2551 1532 2612 quanta
1565 2536 1723 2596 trium
1746 2543 2062 2597 naturaliter
2077 2559 2198 2612 per-

608 2648 882 2688 sonarum.
912 2632 1071 2688 Solus
1103 2642 1280 2688 tamen
1311 2633 1471 2688 Pater
1508 2645 1590 2688 est
1626 2634 1716 2702 qui
1748 2633 1938 2688 Filium
1969 2635 2150 2704 genuit
2179 2653 2192 2699 ;

609 2727 756 2781 solus
785 2735 867 2780 est
895 2725 1060 2780 Filius
1087 2727 1179 2796 qui
1208 2726 1276 2780 de
1305 2725 1464 2781 Patre
1493 2735 1648 2782 natus
1673 2744 1687 2791 ;
1738 2726 1886 2781 solus
1920 2736 2001 2782 est
2034 2727 2195 2781 etiam

608 2817 843 2888 Spiritus
882 2827 1128 2883 sanctus,
1182 2818 1272 2886 qui
1310 2833 1410 2872 nec
1443 2825 1599 2872 natus
1633 2826 1715 2872 est
1742 2817 1810 2872 de
1849 2816 2042 2884 Patre,
2097 2833 2197 2874 nec

608 2910 801 2964 Filium
829 2909 1042 2978 genuit,
1075 2908 1169 2965 sed
1197 2925 1226 2962 a
1259 2907 1418 2963 Patre
1447 2907 1690 2978 Filioque
1722 2910 2006 2979 processit.
2038 2908 2197 2964 Pater

607 3016 736 3070 ergo
762 3001 926 3057 solius
952 3007 1036 3055 est
1073 3000 1234 3055 Pater
1264 3000 1414 3064 Filii,
1453 3009 1507 3057 et
1536 3001 1701 3056 Filius
1723 3011 1805 3055 est
1833 3003 2002 3057 solius
2029 3001 2196 3057 Filius

608 3093 804 3162 Patris,
826 3103 1046 3148 sanctus
1085 3102 1265 3148 autem
1291 3093 1522 3162 Spiritus
1551 3109 1655 3146 non
1678 3092 1851 3148 Patris
1874 3093 2061 3157 solius,
2096 3107 2197 3148 nec

608 3184 727 3238 Filii
767 3184 966 3250 solius,
1018 3182 1114 3239 sed
1143 3184 1302 3238 simul
1330 3182 1507 3238 Patris
1533 3194 1586 3238 et
1616 3182 1735 3236 Filii
1777 3198 1912 3238 unus
1949 3190 2006 3237 et
2038 3197 2191 3238 com-

609 3276 789 3330 munis
811 3285 912 3330 est.

681 3406 733 3462 4.
759 3406 820 3461 In
841 3408 943 3464 hac
961 3408 1141 3477 itaque
1164 3406 1428 3461 Trinitate
1447 3415 1573 3461 sunt
1593 3406 1836 3477 quaedam
1866 3407 2198 3476 singularum

612 3517 967 3572 personarum
993 3501 1231 3571 propria.
1253 3500 1392 3566 Quid
1419 3501 1463 3554 si
1487 3509 1664 3555 tamen
1695 3501 1925 3571 propriis
1954 3516 2200 3570 personae

613 3599 1004 3650 monstrantur.
1027 3588 1121 3644 sed
1142 3605 1250 3643 non
1279 3601 1624 3659 separantur,
1651 3605 1877 3659 quarum
1905 3600 2093 3645 natura
2116 3600 2195 3658 ut,

611 3698 734 3739 cum
761 3682 1146 3752 inseparabiles
1185 3683 1314 3747 sint,
1365 3680 1618 3737 confundi
1646 3698 1752 3737 non
1781 3684 1969 3753 possit,
2000 3682 2093 3738 sed
2132 3683 2200 3738 ad

612 3777 719 3831 hoc
740 3777 792 3831 in
824 3775 1050 3843 singulis
1071 3774 1317 3844 personis
1337 3773 1542 3842 singula
1576 3784 1848 3841 maneant,
1883 3785 1939 3830 ut
1967 3783 2022 3830 et
2050 3783 2203 3831 natu-

612 3867 780 3922 ralem
813 3867 1074 3921 unitatem
1106 3880 1250 3920 vene
1278 3865 1582 3932 Trinitatis,
1616 3874 1673 3922 et
1703 3867 2044 3938 personalem
2075 3867 2198 3922 Tri-

611 3959 838 4013 nitatem
872 3972 1010 4012 vera:
1039 3957 1260 4012 unitatis
1288 3956 1585 4012 ostendat?
1632 3956 1913 4028 Proprium
1944 3967 2029 4013 est
2069 3972 2200 4029 ergo

611 4049 779 4106 solius
807 4047 1014 4113 Patris,
1065 4049 1210 4118 quod
1240 4065 1350 4105 non
1385 4059 1467 4104 est
1497 4058 1651 4104 natus
1675 4051 1808 4120 ipse,
1847 4049 1939 4106 sed
1970 4051 2155 4119 genuit
2181 4067 2197 4116 ;

611 4140 888 4209 proprium
912 4148 996 4194 est
1024 4148 1077 4194 et
1098 4139 1219 4194 Filii
1245 4139 1392 4209 quod
1416 4157 1525 4196 non
1555 4142 1740 4209 genuit
1769 4142 1900 4211 ipse,
1925 4141 2018 4196 sed
2042 4149 2200 4196 natus

609 4241 725 4297 est;
750 4233 1027 4302 proprium
1057 4231 1220 4303 408
1240 4248 1369 4287 vero
1395 4241 1477 4288 est
1502 4240 1556 4288 et
1582 4232 1814 4303 Spiritus
1841 4234 2031 4300 sancti,
2055 4234 2200 4303 quod

613 4339 716 4378 nec
746 4324 930 4392 genuit
961 4323 1074 4393 ipse
1100 4338 1199 4378 nec
1227 4332 1386 4379 natus
1413 4331 1495 4379 est
1513 4365 1526 4388 ,
1559 4325 1654 4379 sed
1675 4325 1741 4379 de
1768 4325 2012 4393 genitore
2049 4325 2201 4393 geni-

615 4427 780 4485 toque
817 4415 1081 4486 procedit.
1127 4415 1274 4471 Sicut
1304 4425 1388 4471 est
1425 4426 1604 4470 autem
1644 4417 1760 4470 sine
1805 4416 1958 4471 initio
1996 4425 2199 4470 mterna

613 4506 890 4575 generatio
921 4503 1114 4571 Patris,
1141 4515 1196 4561 et
1216 4507 1330 4561 sine
1361 4506 1514 4560 initio
1536 4517 1738 4561 acterna
1770 4507 2020 4560 nativitas
2042 4505 2196 4573 Filii;

610 4598 692 4655 sic
714 4598 1031 4654 naturaliter
1059 4597 1176 4652 sine
1205 4598 1359 4653 initio
1388 4604 1471 4652 est
1490 4604 1692 4652 :eterna
1722 4599 1994 4668 processio
2020 4597 2194 4668 Spiri-

612 4701 700 4748 tus
725 4691 913 4746 sancti.
957 4690 1034 4745 De
1071 4689 1168 4744 Dei
1205 4690 1350 4744 enim
1392 4687 1568 4744 Patris
1606 4691 1906 4745 mternitate
1934 4707 2054 4762 qua:
2082 4691 2199 4746 sine

611 4783 768 4839 initio
799 4789 1012 4847 manet,
1045 4781 1168 4836 talis
1207 4791 1289 4835 est
1315 4781 1500 4850 utique
1525 4781 1774 4836 nativitas
1803 4781 1950 4849 Filii,
1985 4791 2040 4836 et
2069 4798 2198 4853 pro-

611 4881 784 4936 cessio
808 4878 1038 4948 Spiritus
1063 4877 1258 4945 sancti,
1291 4885 1426 4932 utet
1454 4877 1543 4932 illa
1565 4878 1840 4943 nativitas,
1872 4887 1926 4931 et
1957 4877 2043 4932 illa
2075 4893 2202 4947 pro-

612 4970 787 5025 cessio
815 4978 1082 5023 coaeterna
1113 4967 1181 5021 sit
1208 4966 1281 5020 illi
1314 4967 1540 5037 origini,
1575 4969 1627 5022 in
1655 4983 1761 5038 qua
1784 4968 1991 5022 initium
2019 4968 2196 5022 nulla-

614 5070 770 5116 tenus
797 5059 973 5129 potuit
1003 5058 1250 5112 inveniri.
1285 5057 1550 5125 Quoniam
1583 5072 1712 5127 ergo
1743 5059 1845 5114 hoc
1874 5060 1926 5113 in
1957 5075 2014 5115 se
2037 5060 2200 5114 habet

613 5149 871 5205 naturalis
897 5149 986 5204 illa
1013 5149 1189 5203 unitas
1218 5148 1527 5216 Trinitatis,
1561 5159 1616 5204 ut
1644 5159 1828 5204 natum
1851 5167 1972 5206 esse
2000 5151 2098 5205 soli
2129 5152 2199 5206 sit

611 5242 889 5312 proprium
918 5240 1089 5306 Filio,
1119 5241 1207 5295 ille
1236 5241 1327 5310 qui
1351 5242 1498 5296 solus
1527 5242 1578 5295 in
1609 5257 1668 5296 se
1698 5242 1860 5297 habet
1887 5259 2072 5298 veram
2104 5260 2199 5298 na-

613 5334 876 5390 tivitatem
906 5335 1254 5390 humanitatis
1283 5351 1351 5390 ex
1384 5334 1598 5403 Virgine
1632 5353 1645 5400 ;
1689 5335 1846 5404 hujus
1877 5339 2074 5392 etenim
2101 5337 2200 5392 fuit

612 5427 907 5482 secundum
929 5443 1144 5484 carnem
1164 5444 1347 5484 veram
1373 5427 1571 5483 habere
1601 5429 1916 5484 naturaliter
1946 5439 2194 5495 matrem,

613 5508 705 5589 qui
735 5520 1028 5575 secundum
1068 5521 1407 5576 divinitatem
1459 5534 1642 5574 verum
1683 5520 1847 5574 habet
1886 5521 2200 5577 naturaliter

615 5609 828 5666 Patrem
864 5630 874 5664 :
901 5613 1123 5682 proinde
1151 5614 1242 5683 qui
1268 5621 1349 5668 cst
1379 5611 1447 5666 de
1477 5619 1683 5667 :eterno
1712 5612 1868 5668 Patre
1899 5613 2017 5668 sine
2044 5615 2198 5670 initio

611 5707 850 5774 genitus,
905 5707 1017 5776 ipse
1048 5715 1130 5762 est
1171 5707 1237 5760 de
1269 5705 1551 5774 temporali
1605 5716 1778 5762 matre
1829 5708 2199 5777 temporaliter

613 5805 804 5862 natus;
855 5807 907 5852 et
953 5799 1150 5852 idcirco
1183 5813 1288 5850 non
1333 5797 1504 5851 solum
1548 5799 1598 5853 in
1645 5798 1957 5862 divinitate,
2012 5816 2194 5855 verum

612 5887 775 5943 etiam
813 5889 864 5944 in
906 5903 1087 5943 carne-
1110 5887 1374 5945 veraciter
1399 5886 1712 5960 Unigenitus
1744 5891 1836 5946 Dei
1867 5889 2035 5946 Filius
2060 5892 2192 5948 diei-

2306 596 2428 636 nem
2458 581 2607 636 solus
2635 581 2847 649 genitus
2870 580 3158 634 invenitur.

2374 672 2427 727 5.
2474 671 2653 728 Solius
2682 674 2864 740 itaque
2893 671 3152 740 unigeniti
3183 670 3278 727 Dei
3310 673 3525 741 propria
3554 684 3638 727 est
3667 682 3925 743 utraque

2303 762 2576 831 nativitas,
2600 778 2704 816 una
2719 763 3006 817 scilicetex
3021 762 3246 817 veritate
3264 771 3468 817 natura:
3491 763 3717 826 divina,
3733 765 3920 818 altera

2303 869 2433 908 vero
2466 869 2532 908 ex
2561 855 2733 923 gratia
2775 855 3126 910 humanitatis
3147 865 3454 926 assumptte.
3489 854 3733 926 Propter
3763 859 3921 925 quod

2303 945 2630 1016 evangelista
2667 945 2905 1002 Joannes
2934 948 3267 1017 unigenitum
3307 963 3336 1002 a
3367 946 3528 1004 Patre
3561 949 3770 1003 asserit
3794 949 3923 1019 ple-

2303 1052 2430 1091 num
2465 1039 2650 1106 gratia:
2679 1047 2734 1092 et
2762 1039 3007 1094 veritatis
3062 1037 3260 1111 (Joan.
3295 1056 3338 1104 Î¹,
3375 1039 3496 1109 Î—).
3536 1038 3785 1094 Proinde
3818 1055 3920 1095 ca-

2302 1127 2475 1182 venda
2497 1137 2580 1184 est
2605 1129 2694 1184 illa
2721 1128 2999 1185 mortifera
3022 1141 3077 1184 et
3105 1131 3430 1185 omnimodis
3449 1131 3726 1186 diabolica
3760 1131 3922 1186 blas-

2304 1220 2520 1289 phemia
2571 1234 2676 1289 qua
2713 1219 2951 1275 creditur
2978 1221 3064 1275 vel
3102 1221 3301 1276 dicitur
3325 1222 3484 1275 simul
3515 1223 3632 1292 ipsa
3663 1221 3925 1278 Trinitas

2302 1325 2520 1366 carnem
2541 1311 2918 1382 assumpsisse,
2938 1311 3081 1380 quod
3107 1313 3370 1368 catholica
3391 1311 3522 1368 ï¬des
3546 1331 3655 1368 non
3685 1315 3921 1383 recipit,

2302 1402 2399 1459 sed
2452 1405 2699 1474 nequitia
2748 1403 3040 1459 Sabelliani
3094 1406 3296 1459 erroris
3342 1404 3568 1458 invenit.
3629 1404 3922 1460 Sabellius

2301 1496 2531 1565 quippe,
2579 1496 2671 1565 qui
2710 1493 2926 1549 Patrem
2957 1504 3017 1550 et'
3048 1494 3242 1550 Filium
3272 1504 3329 1550 et
3356 1494 3618 1566 Spiritum
3648 1505 3918 1550 sanctum

2303 1601 2411 1641 non
2436 1595 2544 1642 tres
2567 1587 2717 1652 deos,
2745 1586 3028 1641 sed'unum
3057 1585 3224 1640 Deum
3246 1601 3436 1641 verum
3466 1586 3762 1655 prtedicari
3781 1601 3918 1656 cog-

2303 1678 2488 1746 novit,
2525 1679 2603 1734 sic
2631 1678 2834 1733 audivit
2862 1679 3006 1748 quod
3035 1693 3220 1733 verum
3251 1687 3364 1746 est,
3393 1687 3450 1732 ut
3479 1679 3582 1734 sibi
3613 1691 3919 1747 generaret

2303 1769 2418 1841 ipse
2449 1769 2590 1839 quod
2622 1769 2813 1826 falsum
2853 1779 2954 1825 est.
2985 1769 3226 1839 Denique
3253 1770 3378 1839 quia
3409 1771 3488 1826 sic
3515 1787 3685 1825 unam
3733 1770 3918 1827 Patris

2228 1865 2272 1925 Î’
2301 1870 2356 1916 et
2393 1860 2510 1914 Filii
2540 1868 2594 1915 et
2627 1860 2858 1930 Spiritus
2887 1862 3058 1915 sancti
3090 1862 3344 1929 cognovit
3371 1877 3492 1917 esse
3517 1871 3814 1928 naturam,
3855 1875 3915 1918 ut

2301 1949 2539 2020 ejusdem
2570 1959 2776 2005 natura:
2811 1966 2971 2005 unam
3004 1966 3111 2006 non
3140 1949 3413 2006 dubitaret
3442 1952 3756 2022 przedicare
3790 1968 3910 2022 per-

2298 2060 2510 2112 sonam,
2534 2045 2600 2099 ad
2623 2046 2726 2099 hoc
2747 2053 2830 2100 est
2858 2046 3063 2100 insania
3082 2045 3162 2100 sui
3192 2047 3554 2115 praecipitatus
3585 2045 3825 2108 erroris,
3851 2057 3899 2098 ut

2298 2138 2474 2208 ipsum
2494 2135 2709 2192 Patrem
2732 2146 2916 2192 natmn
2945 2137 3012 2192 de
3026 2137 3244 2207 Virgine
3267 2147 3550 2192 assereret.
3573 2136 3903 2194 Necessario

2299 2239 2481 2285 autem
2503 2245 2842 2299 consequens
2872 2228 2988 2294 fuit,
3021 2239 3080 2284 ut
3105 2229 3191 2284 cui
3214 2229 3376 2283 dabat
3402 2229 3690 2284 veritatem
3712 2230 3900 2284 buma-

2299 2337 2382 2376 na:
2410 2323 2726 2387 nativitatis,
2760 2323 2860 2393 ipsi
2895 2323 3182 2393 deputaret
3214 2324 3496 2379 veritatem
3526 2325 3805 2394 passionis
3852 2334 3904 2386 et

2299 2416 2507 2471 mortis.
2540 2413 2694 2471 Unde
2716 2423 3014 2471 sectatores
3043 2402 3284 2484 ejusdem
3315 2417 3534 2471 Sabellii
3564 2433 3678 2471 non
3724 2417 3898 2471 solum

2299 2508 2654 2574 Sabellianos,
2685 2509 2780 2565 sed
2805 2510 2968 2563 etiam
2994 2508 3422 2578 Patripassianos
3444 2509 3691 2564 Ecclesia
3714 2509 3901 2564 catho-

2299 2601 2400 2656 lica
2431 2602 2748 2670 nominavit,
2794 2609 2850 2656 et
2879 2601 3092 2656 vinculo
3122 2601 3480 2656 anathematis
3502 2617 3629 2656 cum
3656 2616 3750 2656 suo
3789 2617 3894 2654 au-

2299 2700 2453 2746 ctore
2477 2691 2769 2746 damnavit.

2372 2779 2426 2835 6.
2447 2781 2598 2836 Absit
2617 2782 2780 2848 igitur
2793 2796 2821 2835 a
2842 2782 3083 2840 ï¬delibus
3106 2783 3206 2838 ista
3227 2783 3577 2854 perversitas,
3593 2796 3696 2836 nec
3713 2795 3893 2850 quem-

2299 2889 2458 2943 quam
2481 2872 2818 2943 redemptum
2849 2876 3110 2943 sanguine
3141 2875 3400 2944 unigeniti
3429 2874 3547 2928 Filii
3571 2874 3656 2928 sui
3679 2875 3893 2943 permit-

2300 2976 2378 3020 tat
2431 2967 2570 3023 Deus
2620 2968 2724 3022 isto
2773 2966 3053 3023 mortifero
3097 2983 3258 3022 sensu
3303 2965 3542 3037 perï¬dia
3590 2965 3890 3036 profanari.

2299 3058 2504 3127 Magnae
2531 3060 2731 3130 quippe
2779 3059 3072 3130 impietatis
3115 3068 3198 3114 est
3236 3059 3282 3114 si
3317 3059 3512 3128 aliquis
3553 3059 3611 3112 in
3651 3057 3811 3112 Patre
3837 3067 3894 3113 et

2301 3151 2436 3207 Filio
2478 3161 2534 3207 et
2571 3153 2775 3223 Spiritu
2804 3161 3023 3218 sancto,
3065 3160 3160 3207 aut
3189 3159 3414 3224 propter
3453 3166 3613 3206 unam
3643 3159 3893 3206 naturam

2223 3247 2269 3310 Î¿
2301 3242 2432 3297 velit
2458 3259 2616 3298 unam
2640 3243 2922 3315 praedicari
2951 3259 3260 3314 personam,
3287 3250 3380 3296 aut
3403 3251 3622 3313 propter
3642 3250 3752 3296 tres
3774 3257 3899 3311 per-

2304 3351 2500 3404 sonas,
2543 3345 2653 3392 tres
2700 3343 2906 3391 asserat
2949 3344 3006 3390 et
3047 3342 3285 3390 naturas.
3330 3333 3774 3405 Quandoquidem
3807 3332 3898 3388 ille

2303 3429 2395 3497 qui
2425 3444 2584 3482 unam
2616 3443 2901 3498 personam
2933 3425 3108 3482 Patris
3136 3436 3191 3481 et
3219 3426 3338 3481 Filii
3367 3434 3423 3481 et
3457 3426 3690 3496 Spiritus
3721 3425 3895 3479 sancti

2305 3523 2517 3586 asserit,
2545 3519 2740 3590 laqueo
2766 3519 3059 3576 Sabelliani
3077 3521 3277 3575 erroris
3298 3520 3624 3583 innectitur;
3650 3517 3745 3587 qui
3766 3532 3894 3572 vero

2305 3623 2417 3669 tres
2437 3622 2656 3668 naturas
2683 3611 2860 3668 Patris
2887 3622 2942 3669 et
2970 3612 3090 3668 Filii
3108 3621 3161 3668 et
3182 3613 3413 3684 Spiritus
3428 3613 3601 3670 sancti
3618 3627 3739 3668 esse
3765 3626 3894 3667 oon-

2306 3705 2503 3769 ï¬rmat,
2531 3704 2742 3759 Arianae
2770 3704 3008 3774 perï¬diae
3027 3704 3256 3760 nexibus
3282 3705 3566 3774 obligatur.
3601 3703 3668 3758 Et
3701 3718 3890 3773 quam-

2303 3795 2386 3850 vis
2403 3795 2680 3864 utriusque
2709 3793 3042 3850 inï¬delitatis
3060 3794 3231 3850 divisa
3251 3795 3495 3850 videatur
3517 3796 3767 3861 assertio,
3791 3811 3892 3849 una

2303 3895 2486 3941 tamen
2509 3894 2591 3941 est
2612 3886 2902 3956 impietatis
2925 3887 3205 3956 utriusque
3232 3888 3525 3943 damnatio.
3546 3888 3718 3958 lmpie
3745 3903 3892 3943 nam-

2303 3991 2410 4045 que
2438 3991 2793 4045 personarum
2814 3977 3117 4047 proprietas
3147 3988 3368 4049 propter
3395 3980 3654 4034 unitatem
3688 3989 3892 4035 natura:

2304 4069 2682 4136 confunditur;
2707 4070 2869 4141 impie
2897 4071 3246 4128 nihilominus
3273 4073 3535 4127 naturalis
3559 4074 3742 4129 unitas
3770 4088 3894 4142 pro-

2303 4171 2426 4232 pter
2463 4177 2723 4232 personas
2769 4163 2911 4232 ipsas
2952 4173 3253 4233 separatur.
3304 4163 3476 4220 Unum
3519 4165 3686 4220 habet
3732 4165 3892 4220 Pater

2303 4269 2489 4308 verum
2516 4252 2836 4308 naturaliter
2856 4253 3084 4319 Filium,
3121 4263 3177 4309 et
3199 4254 3266 4310 de
3305 4269 3365 4310 se
3393 4255 3512 4310 sine
3540 4255 3716 4319 initio,
3745 4264 3800 4310 et
3827 4254 3893 4310 de

2304 4343 2523 4411 Virgine
2553 4344 2921 4413 temporaliter
2941 4353 3146 4399 natum.
3171 4345 3351 4416 Ipsum
3380 4347 3525 4400 misit
3553 4347 3604 4399 in
3633 4345 3889 4401 mundum

2304 4441 2365 4487 ut
2405 4434 2709 4488 salvaretur
2746 4434 2975 4490 mundus
3003 4451 3102 4506 per
3130 4436 3322 4507 ipsum.
3366 4435 3530 4508 409
3567 4435 3724 4504 Quod
3756 4437 3891 4492 idem

2304 4525 2470 4580 Filius
2485 4524 2776 4581 ostendens
2797 4526 2873 4580 ait
2905 4544 2917 4579 :
2952 4525 3044 4582 Sic
3073 4528 3211 4582 enim
3245 4527 3382 4584 Deus
3408 4529 3590 4583 dilexit
3622 4529 3888 4596 mundum,

2303 4627 2359 4670 ut
2379 4615 2576 4671 Filium
2604 4633 2754 4671 suum
2785 4620 3105 4690 unigenitum
3135 4619 3312 4685 daret,
3342 4628 3398 4672 ut
3429 4623 3599 4674 omnis
3619 4622 3705 4693 qui
3737 4621 3890 4675 credit

2303 4709 2358 4762 in
2387 4723 2501 4762 eum
2540 4724 2644 4762 non
2685 4717 2892 4778 pereat,
2943 4709 3033 4764 sed
3058 4709 3246 4764 habeat
3269 4712 3424 4764 vitam
3465 4720 3738 4766 wternam.
3771 4710 3886 4767 Non

2302 4803 2440 4855 enim
2468 4803 2609 4856 misit
2647 4801 2788 4857 Deus
2831 4801 3026 4858 Filium
3053 4821 3202 4858 suum
3228 4807 3282 4859 in
3320 4807 3568 4861 mundum
3605 4818 3661 4861 ut
3696 4808 3889 4879 judiceâ€™t

2301 4893 2572 4961 mundum,
2604 4893 2694 4948 sed
2713 4903 2769 4947 ut
2789 4894 3014 4950 salvetur
3032 4897 3255 4952 mundus
3283 4915 3376 4968 per
3396 4900 3587 4970 ipsum.
3612 4898 3715 4966 Qui
3734 4902 3891 4956 credit

2301 4984 2358 5038 in
2389 5001 2504 5038 eum
2532 5001 2637 5040 non
2659 4985 2950 5056 judicatur,
2981 4990 3066 5059 qui
3095 4998 3267 5043 autem
3297 5007 3399 5046 non
3423 4991 3587 5046 credit
3610 4996 3724 5064 jam
3745 4994 3886 5064 judi-

2305 5085 2451 5130 catus
2471 5085 2566 5144 est,
2591 5079 2710 5150 quia
2731 5095 2836 5133 non
2865 5079 3026 5134 credit
3047 5081 3101 5134 in
3131 5084 3338 5136 nomine
3363 5084 3618 5155 unigeniti
3650 5082 3779 5138 Filii
3799 5083 3886 5138 Dei

2309 5165 2487 5235 (Joan.
2515 5183 2590 5234 Î¹Î¹Î¹,
2622 5168 2705 5233 16,
2737 5169 2825 5237 Î“Î™,
2859 5168 2969 5238 18).

2381 5258 2430 5311 7.
2456 5257 2595 5315 Ecce
2650 5260 2752 5316 isto
2801 5260 2924 5316 loco
2968 5262 3082 5332 ipse
3110 5264 3359 5319 Salvator
3408 5275 3594 5321 noster
3625 5267 3785 5322 tertio
3833 5282 3888 5322 se

2308 5347 2498 5403 Filiutn
2527 5349 2675 5414 dicit,
2719 5359 2776 5405 et
2830 5353 3067 5408 secundo
3099 5353 3444 5424 Unigenitum
3494 5358 3809 5423 nominavit,
3839 5371 3888 5412 et

2307 5456 2365 5495 se
2407 5456 2437 5495 a
2468 5440 2650 5510 Patre,
2679 5450 2738 5496 ut
2766 5442 3022 5498 mundum
3052 5445 3306 5510 salvaret,
3337 5447 3555 5501 missum
3586 5462 3706 5501 esse
3749 5461 3885 5502 asse-

2305 5533 2432 5598 ruit;
2456 5548 2576 5588 cum
2599 5534 2783 5602 utique
2798 5535 2844 5590 si
2872 5535 3030 5590 simul
3059 5535 3172 5606 ipsa
3195 5537 3430 5592 Trinitas
3459 5537 3512 5592 in
3533 5553 3697 5594 carne
3721 5539 3883 5592 venis.

2306 5632 2408 5691 set,
2441 5641 2548 5680 non
2577 5641 2636 5681 se
2662 5625 2828 5682 Filius
2852 5627 3070 5683 missum
3092 5643 3122 5682 a
3148 5627 3308 5684 Patre
3329 5629 3582 5684 dixisset:
3610 5628 3703 5684 sed
3740 5644 3879 5683 men-

2308 5713 2393 5768 tiri
2421 5731 2525 5768 non
2554 5715 2728 5784 potuit
2751 5714 3023 5771 Christus:
3053 5717 3171 5772 sine
3191 5717 3356 5773 dubio
3377 5719 3733 5788 personaliter
3761 5719 3880 5772 alter

2307 5805 2465 5870 misit,
2495 5817 2550 5860 et
2588 5807 2724 5861 alter
2770 5815 2851 5862 est
2895 5807 3106 5863 missus.
3158 5807 3297 5864 Misit
3340 5818 3518 5865 autem
3551 5825 3710 5864 verus
3737 5807 3876 5862 Pater

2308 5896 2620 5964 Veritatem,
2646 5913 2804 5967 quam
2857 5898 3075 5967 genuit;
3110 5899 3253 5955 misit
3309 5899 3666 5971 Sapientiam,
3708 5899 3756 5953 in
3782 5913 3875 5968 qua
