4108 6470
156 372 283 426 533

1110 374 1196 430 DE
1232 373 1737 432 INCARNATIONE
1776 374 1928 430 FlLll
1970 374 2077 430 DEI
2117 369 2316 430 LIBER
2357 373 2556 430 UNUS.

3369 371 3472 426 i578

162 489 368 544 omnia
420 488 585 556 iecit;
637 490 783 548 misit
813 490 1066 558 Verbum,
1113 494 1257 564 quod
1313 495 1476 551 corde
1523 495 1772 552 ructavit.
1808 497 1852 554 Α
1887 490 1991 556 tice,
2035 490 2250 560 quando
2300 489 2472 544 factus
2527 496 2611 543 est
2649 487 2795 543 salva
2841 502 2935 541 sua
2973 487 3256 542 divinitate
3286 488 3469 554 homo.

166 579 423 637 Proinde
452 583 504 636 in
528 581 632 637 alia
663 583 819 655 (forte
858 585 968 654 illa)
1000 585 1256 642 missione
1281 605 1388 649 non
1420 597 1504 644 est
1532 589 1775 644 localiter

165 675 536 730 aestimandus
588 675 872 746 adventus,
903 687 1154 750 tanquam
1201 681 1365 748 Filius
1402 681 1497 737 Dei
1526 683 1594 738 de
1637 683 1776 738 ctelo

165 772 348 828 fuerit
370 773 565 828 missus
591 773 655 827 ad
681 784 868 840 terras,
890 785 946 829 ut
972 783 1064 830 aut
1092 777 1143 830 iu
1165 785 1307 832 terra
1325 795 1431 832 non
1449 779 1608 833 fuerit
1628 779 1776 848 prius

165 879 348 933 quam
404 879 620 920 carnem
675 867 993 936 acciperet,
1052 877 1144 922 aut
1197 869 1390 924 cmlum
1437 870 1777 932 deseruerit,

165 955 402 1026 quando
427 971 640 1012 carnem
672 973 771 1027 pro
802 967 984 1013 nostra
1011 960 1186 1014 salute
1213 961 1467 1030 suscepit.
1495 960 1628 1015 Cum
1678 962 1778 1014 ita-

164 1046 435 1116 quaipse
458 1047 528 1102 sit
547 1044 823 1116 Sapientia
847 1047 942 1102 Dei
971 1049 1038 1104 de
1058 1065 1163 1119 qua
1184 1049 1386 1104 dictum
1417 1059 1531 1105 est:
1556 1051 1778 1120 Attingit

167 1140 348 1210 aﬁne
365 1157 524 1212 usque
544 1141 615 1194 ad
641 1142 798 1212 ﬁnem
827 1143 1048 1212 fortiter,
1079 1151 1126 1210 et
1149 1143 1375 1212 disponit
1401 1145 1579 1197 omnia
1607 1145 1780 1196 suavi-

171 1241 258 1285 ter
301 1231 464 1301 (Sap.
499 1247 606 1297 vui,
641 1231 694 1302 i)
721 1250 736 1294 ;
767 1232 1018 1287 divinitas
1066 1233 1154 1286 illa
1183 1248 1303 1302 qua:
1334 1233 1650 1289 naturaliter
1672 1249 1777 1288 una

172 1330 268 1377 est
302 1321 499 1387 Patris,
531 1335 586 1378 et
629 1323 766 1388 Filii,
820 1333 873 1379 et
917 1324 1148 1394 Spiritus
1190 1325 1380 1391 sancti,
1433 1327 1510 1380 sic
1539 1341 1645 1379 non
1695 1333 1778 1380 est

173 1411 468 1478 localiter,
500 1415 638 1468 sicut
667 1431 773 1469 non
822 1426 906 1470 est
953 1416 1322 1485 temporaliter
1351 1433 1366 1482 ;
1413 1417 1492 1471 sic
1519 1416 1639 1472 loco
1669 1433 1778 1472 non

175 1504 543 1570 concluditur,
577 1505 715 1560 sicut
743 1521 844 1561 nec
864 1515 1106 1576 tempore
1134 1508 1389 1561 variatur.
1413 1507 1504 1561 llla
1527 1508 1779 1562 divinitas

174 1610 306 1665 qua:
335 1599 655 1654 naturaliter
682 1599 943 1654 immensa
985 1607 1068 1656 est
1113 1608 1170 1654 et
1204 1609 1434 1667 aeterna,
1485 1616 1587 1655 nec
1617 1602 1779 1669 coepit

174 1688 364 1752 initio,
392 1705 492 1744 nec
517 1691 858 1746 concluditur
879 1691 999 1746 loco
1012 1709 1033 1744 -:
1059 1690 1180 1746 ideo
1211 1690 1325 1760 ipse
1355 1707 1489 1746 unus
1511 1690 1654 1746 Deus
1676 1689 1779 1746 Pa-

175 1789 288 1856 ter,
310 1789 364 1834 et
383 1779 567 1845 Filius,
594 1790 649 1836 et
676 1780 905 1853 Spiritus
927 1790 1144 1837 sanctus
1173 1790 1342 1836 totum
1368 1783 1572 1852 implet,
1604 1791 1774 1837 totum

1879 583 2026 638 salva
2071 598 2166 637 sua
2193 583 2495 637 aternitate
2527 581 2857 651 temporalis,
2889 581 3034 643 salva
3064 597 3160 638 sua
3192 581 3472 636 immensi-

1881 683 1990 728 tate
2020 674 2225 738 localis,
2275 674 2422 727 salva
2475 689 2574 729 sua
2603 673 3112 729 incommutabilitat
3181 672 3468 737 mutabilis,

1878 765 2024 818 salva
2054 779 2151 821 sua
2181 754 2602 818 immortalitate"
2616 764 2876 818 mortalis.

1950 859 2005 913 9.
2046 859 2165 914 Non
2213 867 2393 913 autem
2436 859 2699 914 adventus
2731 859 2851 912 Filii
2895 858 2989 914 Dei
3039 855 3148 914 uno
3172 861 3473 928 eodemque

1880 949 2042 1005 modo
2063 965 2278 1018 semper
2305 949 2584 1018 accipitur.
2605 950 2774 1004 Aliter
2797 963 3025 1018 namque
3046 950 3194 1004 venit
3225 949 3473 1004 mittente

1879 1039 2062 1108 Patre,
2093 1041 2250 1094 aliter
2275 1040 2525 1108 dignatur
2555 1041 2739 1095 venire
2767 1057 2888 1096 cum
2918 1039 3320 1095 Patre.Etenim
3351 1056 3474 1096 cum

1875 1129 2038 1186 Patre
2068 1132 2252 1186 venire
2278 1131 2528 1200 dignatur
2546 1131 2791 1200 aequalis,
2821 1147 2851 1185 a
2875 1129 3034 1205 Patre
3071 1142 3249 1186 autem
3279 1132 3476 1188 missus

1879 1225 2026 1279 venit
2078 1225 2377 1279 minoratus
2414 1225 2576 1294 paulo
2624 1224 2802 1278 minus
2848 1225 2916 1278 ab
2955 1224 3192 1293 angelis;
3225 1224 3473 1279 missusa

1881 1315 2042 1370 Patre
2085 1315 2254 1370 semel
2281 1315 2492 1370 venisse
2539 1315 2899 1383 cognoscitur,
2932 1330 3054 1369 cum
3103 1311 3264 1368 Patre
3293 1322 3472 1368 autem

1881 1407 2344 1462 innumerabiliter
2372 1407 2556 1462 venire
2576 1407 2846 1476 dignatur.
2871 1406 3054 1476 Neque
3083 1407 3224 1462 enim
3253 1406 3474 1496 modum

1880 1507 1974 1553 aut
2013 1515 2294 1555 numerum
2342 1500 2591 1554 veniendi
2633 1500 2831 1570 posuit,
2881 1498 3097 1568 quando
3126 1501 3236 1553 ait:
3271 1500 3333 1554 Si
3360 1501 3472 1570 quis

1883 1591 2051 1662 diligit
2097 1609 2177 1646 me
2215 1609 2504 1646 sermonem
2546 1610 2714 1646 meum
2754 1591 3008 1656 servabit,
3053 1601 3103 1646 et
3145 1593 3304 1646 Pater
3331 1610 3474 1646 meus

1881 1683 2060 1755 diliget
2088 1701 2224 1750 eum,
2256 1693 2305 1736 et
2328 1683 2398 1736 ad
2443 1700 2557 1737 eum
2584 1686 2860 1748 veniemus,
2904 1692 2952 1736 et
2978 1684 3300 1736 mansionem
3334 1682 3475 1753 apud

1881 1788 1995 1825 eum
2047 1774 2296 1843 faciemus
2328 1772 2505 1842 (Joan.
2543 1789 2650 1836 xtv,
2681 1772 2795 1843 ‘25).
2829 1772 3062 1827 Proinde
3091 1774 3182 1827 ille
3210 1772 3476 1828 adventus

175 1873 429 1926 continet
453 1890 465 1923 :
497 1871 575 1926 sic
604 1879 748 1927 totus
795 1873 847 1927 in
894 1872 1138 1941 singulis,
1179 1873 1256 1946 sic
1287 1881 1430 1928 totus
1459 1873 1511 1926 in
1541 1873 1772 1937 cunctis,
1810 1867 1853 1924 Β
1879 1877 1987 1931 (1³ιο
2017 1864 2164 1918 δοιυε
2187 1863 2355 1919 Filius
2383 1881 2413 1919 3
2438 1863 2595 1920 Ρίητθ
2617 1866 2784 1920 semel
2809 1865 2954 1919 νειὶίῑ
2983 1865 3034 1919 in
3064 1865 3343 1931 mundum.
3365 1881 3473 1921 ηοη

175 1961 264 2016 sic
289 1969 432 2016 totus
453 1961 506 2016 in
536 1963 731 2032 parvis,
747 1963 824 2018 sic
855 1973 1001 2019 totus
1028 1966 1079 2018 in
1107 1966 1353 2018 maximis
1378 1966 1675 2020 creaturis:
1703 1966 1777 2020 ita

177 2065 286 2122 per
315 2061 579 2118 naturam,
614 2069 719 2108 non
752 2055 823 2108 ita
854 2070 948 2123 per
972 2056 1237 2123 gratiam;
1277 2056 1350 2109 ita
1377 2056 1503 2110 dum
1531 2057 1778 2112 homines

180 2151 357 2207 creat,
390 2159 495 2197 non
525 2144 596 2198 ita
623 2144 748 2199 dum
779 2145 981 2210 salvat;
1001 2147 1072 2200 ita
1093 2146 1219 2201 dum
1243 2145 1389 2211 facit,
1407 2163 1516 2200 non
1547 2147 1618 2201 ita
1647 2145 1776 2202 dum

182 2233 394 2300 reficit;
427 2235 497 2288 ita
528 2235 655 2290 dum
681 2237 852 2292 solem
887 2237 1051 2291 istum
1083 2236 1212 2292 facit
1257 2239 1386 2293 oriri
1414 2253 1579 2308 super
1604 2239 1777 2294 bonos

181 2332 240 2378 et
271 2324 460 2388 malos,
486 2341 590 2379 non
623 2326 695 2380 ita
718 2326 843 2380 dum
868 2325 958 2381 Sol
978 2327 1198 2395 justitia:
1227 2327 1331 2383 illis
1360 2329 1550 2394 oritur,
1582 2329 1778 2399 quibus

185 2415 296 2469 vita
327 2431 431 2469 non
475 2417 673 2480 carnis,
707 2417 802 2472 sed
833 2417 1027 2482 cordis,
1059 2418 1201 2473 dono
1230 2418 1611 2474 misericordiae
1639 2434 1779 2489 pra:-

186 2506 454 2561 venientis
479 2506 794 2561 infunditur.
826 2507 942 2562 Non
967 2508 1107 2562 enim
1130 2509 1269 2563 sicut
1289 2518 1604 2564 cunctorum
1630 2510 1778 2566 nasci

186 2612 286 2666 per
309 2605 582 2661 naturam,
613 2598 690 2652 sic
720 2606 1032 2670 cunctorum
1063 2609 1144 2653 est
1166 2600 1372 2654 renasci
1403 2616 1500 2670 per
1527 2602 1776 2670 gratiam.

188 2688 455 2756 Quoniam
485 2701 614 2756 ergo
643 2687 802 2743 Pater
829 2697 886 2743 et
906 2689 1072 2744 Filius
1093 2700 1147 2744 et
1176 2689 1408 2758 Spiritus
1437 2700 1654 2746 sanctus
1683 2707 1781 2745 na-

189 2781 435 2837 turaliter
463 2798 600 2836 unus
625 2790 707 2837 est
736 2781 896 2848 Deus,
927 2790 1160 2838 mternus
1204 2791 1261 2837 ct
1303 2784 1614 2850 immensus,
1648 2784 1781 2839 nihil

189 2872 244 2929 in
270 2874 431 2939 cmlo,
461 2875 535 2928 nil
565 2877 618 2928 in
648 2858 810 2939 terra,
843 2874 917 2927 nil
955 2889 1118 2943 supra
1148 2875 1363 2939 caelum,
1399 2875 1472 2928 nil
1518 2875 1573 2929 in
1602 2876 1780 2944 quali-

191 2966 282 3021 bet
309 2975 499 3021 natura
527 2982 686 3036 quam
733 2966 860 3022 fecit
903 2983 1009 3022 non
1065 2969 1236 3022 factus
1266 2967 1426 3037 Deus,
1458 2968 1546 3023 ubi
1593 2968 1781 3026 deesse

192 3060 365 3130 possit
418 3059 560 3114 idem
601 3059 923 3123 unus‘Deus,
957 3057 1137 3121 Pater,
1168 3073 1222 3114 et
1249 3059 1433 3127 Filius,
1465 3069 1520 3116 et
1548 3061 1781 3132 Spiritus

190 3158 437 3217 sanctus;
466 3151 518 3205 in
543 3165 650 3218 quo
672 3151 810 3205 sicut
831 3150 975 3204 nulla
999 3159 1082 3204 est
1102 3151 1431 3238 mutabilitas
1455 3159 1778 3221 temporum,

1876 1954 2005 2010 solis
2033 1963 2116 2009 est
2143 1956 2299 2011 bonis
2328 1956 2731 2022 exhibitus,sed
2761 1965 2817 2011 et
2844 1956 3031 2011 malis:
3051 1956 3170 2011 aliis
3197 1964 3257 2009 ut
3285 1955 3473 2010 crede-

1876 2054 2020 2113 rent,
2042 2045 2161 2100 aliis
2189 2055 2248 2100 ut
2276 2046 2682 2114 cruciﬁgerent;
2715 2047 2834 2101 aliis
2863 2055 2920 2100 ut
2948 2047 3165 2101 liberari
3187 2061 3218 2100 a
3247 2053 3475 2115 peccato

1878 2142 2121 2204 possent,
2149 2135 2268 2191 aliis
2290 2144 2347 2190 ut
2374 2136 2778 2190 excusationem
2804 2135 2872 2190 de
2893 2145 3118 2206 peccato
3147 2151 3246 2190 suo
3274 2127 3478 2191 habere

1877 2243 1984 2282 non
2017 2236 2258 2297 possent.
2289 2227 2586 2284 Credentes
2608 2228 2752 2283 enim
2783 2243 2814 2282 a
2854 2237 3081 2298 peccato
3105 2227 3360 2282 liberatos
3382 2242 3474 2280 os-

1881 2319 2052 2374 tendit
2091 2320 2385 2390 Apostolus
2411 2320 2630 2376 dicens:
2656 2319 2814 2375 Nunc
2845 2330 3014 2375 autem
3043 2337 3075 2373 α
3103 2329 3314 2390 peccato
3347 2299 3477 2374 lib'e-

1878 2411 2000 2474 rati,
2033 2410 2167 2464 servi
2193 2421 2365 2465 autent
2394 2413 2521 2483 facti
2548 2411 2661 2467 Dea
2692 2411 2889 2466 habetis
2920 2415 3144 2483 fructum
3175 2420 3396 2465 vestrum
3417 2411 3476 2465 in

1879 2501 2313 2569 sanctiﬁcatione,
2345 2503 2502 2572 ﬁnem
2534 2520 2650 2556 vero
2694 2503 2850 2556 vitam
2891 2513 3139 2557 wternam
3191 2501 3367 2570 (Rom.
3399 2517 3475 2570 τι,

1878 2587 1991 2659 92).
2019 2589 2330 2645 lncredulos
2351 2607 2478 2646 vero
2502 2593 2707 2662 peccati
2733 2595 2814 2646 sui
2842 2593 3246 2647 excusationem
3275 2593 3478 2647 habere

1882 2694 1988 2734 non
2019 2696 2178 2749 posse
2225 2681 2474 2736 Salvator
2503 2683 2615 2752 ipse
2658 2683 2997 2750 monstravit,
3027 2682 3243 2737 dicens:
3281 2681 3342 2737 Si
3371 2699 3477 2737 non

1881 2773 2151 2840 venissem,
2177 2783 2224 2827 et
2253 2773 2452 2828 locutus
2471 2777 2545 2828 eis
2573 2791 2675 2828 non
2704 2776 2934 2845 fuissem,
2953 2782 3221 2844 peccatum
3246 2790 3349 2828 non
3377 2774 3476 2827 Ita-

1883 2863 2078 2918 berent.
2099 2863 2250 2918 Nunc
2273 2877 2444 2920 autem
2458 2868 2844 2921 excusationem
2859 2884 2961 2922 non
2984 2866 3170 2920 habent
3185 2867 3248 2920 de
3268 2877 3478 2937 peccato

1883 2973 1976 3010 suo
2009 2956 2188 3027 (Joan.
2223 2973 2310 3022 xv,
2342 2956 2451 3028 22').
2486 2957 2670 3026 Neque
2702 2959 2845 3012 enim
2896 2959 3158 3013 haberent
3195 2967 3478 3028 peccatum

1880 3046 2049 3104 Jutlmi
2074 3051 2484 3114 incredulitatis,
2499 3050 2543 3104 si
2572 3067 2678 3104 non
2706 3051 2866 3104 etiam
2884 3051 2962 3105 eis
2983 3049 3330 3105 exhiberetur
3350 3063 3484 3119 prm-

1884 3141 2056 3194 sentia
2087 3139 2404 3195 Salvatoris.
2439 3141 2711 3195 Adventus
2733 3155 2862 3210 ergo
2892 3141 2979 3194 ille
3008 3155 3115 3210 quo
3146 3154 3176 3193 a
3208 3137 3368 3193 Patre
3389 3154 3478 3194 se-

193 3242 269 3297 sic
296 3241 442 3295 nulla
463 3247 546 3295 est
574 3241 847 3310 capacitas
870 3248 926 3295 et
954 3241 1216 3295 locorum.
1250 3227 1403 3306 Quod
1434 3240 1692 3297 Salomon
1721 3244 1773 3297 in
1805 3245 1852 3310 ρ
1882 3231 1986 3286 me!
2014 3232 2065 3285 in
2112 3231 2369 3286 mundum
2413 3231 2608 3286 missus
2628 3241 2709 3284 εει
2731 3229 2918 3296 Filius)
2949 3227 3048 3284 Γυίῑ
3076 3230 3129 3283 in
3171 3229 3378 3284 minam
3422 3237 3480 3283 ει

195 3329 530 3386 dedicatione
573 3330 772 3385 dixisse
812 3331 1077 3386 veraciter
1119 3331 1390 3386 invenitur
1443 3333 1527 3387 his
1551 3334 1775 3388 verbis:

197 3423 255 3478 Si
280 3425 416 3478 enim
447 3423 626 3477 cretum
672 3433 722 3476 et
757 3422 870 3476 cazli
908 3424 1152 3476 caelorum
1193 3432 1241 3476 te
1278 3440 1462 3494 capere
1507 3441 1610 3479 non
1660 3443 1780 3496 pos-

195 3521 329 3576 sunt,
377 3521 567 3581 quanto
615 3511 783 3581 magis
828 3512 1008 3564 domus
1049 3511 1159 3565 lites
1187 3530 1337 3582 quam
1369 3514 1623 3584 aediﬁcavi
1656 3514 1778 3585 (III

194 3602 320 3674 Reg.
347 3619 458 3667 vm,
489 3603 600 3671 27).

264 3693 317 3748 8.
369 3693 512 3748 Deus
549 3694 730 3762 itaque
763 3692 1080 3761 inel‘l’abilis,
1124 3702 1177 3749 et
1225 3696 1442 3751 omnino
1489 3697 1781 3767 mirabilis,

194 3783 538 3842 ineffabiliter
575 3799 639 3838 ac
668 3784 982 3838 mirabiliter
1011 3785 1123 3854 ipsa
1147 3801 1256 3839 suae
1297 3787 1654 3842 immensitate
1684 3804 1783 3842 na-

193 3887 348 3942 turai,
379 3885 435 3932 et
454 3885 536 3931 est
559 3884 700 3931 totus
721 3877 773 3931 in
803 3877 1046 3947 singulis,
1080 3885 1136 3933 et
1163 3893 1270 3932 non
1296 3879 1635 3934 concluditur
1664 3883 1785 3935 uui-

195 3970 384 4024 versis.
430 3967 505 4023 Ita
536 3969 682 4023 solus
712 3967 893 4036 Pater,
934 3970 1004 4022 ita
1036 3969 1183 4025 solus
1212 3969 1408 4031 Filius,
1441 3972 1512 4025 ita
1555 3971 1788 4041 Spiritus

197 4072 416 4117 sanctus
443 4061 610 4127 solus,
643 4061 714 4114 ita
767 4061 927 4115 simul
958 4060 1190 4116 Trinitas
1214 4077 1350 4115 unus
1375 4062 1514 4116 Deus
1543 4062 1704 4117 Pater
1733 4072 1789 4118 et

202 4149 361 4205 Filius
390 4158 445 4206 et
471 4150 702 4220 Spiritus
740 4159 960 4205 sanctus
986 4169 997 4202 :
1031 4153 1154 4220 quia
1186 4168 1286 4206 nec
1314 4153 1460 4206 solus
1488 4152 1648 4207 Pater
1672 4153 1788 4208 sine

201 4240 354 4308 Filio,
395 4252 486 4297 aut
512 4243 715 4314 Spiritu
745 4254 954 4304 sancto,
989 4259 1089 4298 nec
1134 4244 1282 4299 solus
1307 4243 1538 4313 Spiritus
1571 4254 1788 4300 sanctus

203 4335 316 4389 sine
345 4334 522 4400 Patre,
540 4337 623 4390 vel
646 4335 799 4390 Filio.
821 4334 1050 4390 Proinde
1073 4336 1301 4391 sollicite
1322 4335 1665 4404 cogitandum
1685 4345 1784 4402 est,

202 4430 472 4500 quomodo
512 4430 673 4485 Filius
703 4431 756 4484 in
795 4430 1050 4485 mundum
1082 4431 1220 4484 mitti
1245 4431 1437 4500 potuit,
1463 4432 1554 4500 qui
1585 4431 1788 4487 mundo

203 4525 388 4578 deesse
430 4538 537 4576 non
569 4522 775 4591 potuit;
819 4528 909 4575 aut
945 4523 1216 4589 quomodo
1248 4522 1300 4575 in
1331 4522 1587 4575 mundum
1619 4523 1787 4589 venit,

1883 3323 1936 3377 in
1992 3324 2442 3378 resurrectionem
2490 3322 2820 3382 multorum;
2853 3321 2942 3376 ille
2970 3329 3149 3374 autem
3196 3334 3305 3388 quo
3355 3334 3480 3373 cum

1884 3413 2042 3469 Patre
2062 3415 2229 3478 venit,
2259 3414 2325 3469 ad
2357 3413 2806 3469 resurrectionem
2839 3421 3048 3466 tantum
3077 3411 3314 3481 pertinet
3341 3409 3481 3464 mul-

1886 3517 2085 3572 torum,
2117 3507 2242 3578 quia
2287 3507 2484 3562 caritas
2524 3521 2647 3560 eum
2676 3515 2929 3571 meretur,
2962 3491 3082 3576 qua:
3113 3503 3290 3574 operit
3337 3503 3480 3558 inul-

1887 3599 2170 3654 titudiuem
2192 3608 2557 3670 peccatorum.
2582 3597 2690 3653 lsto
2720 3598 2950 3653 adventu
2981 3613 3090 3667 quo
3118 3613 3148 3652 a
3180 3596 3338 3651 Patre
3360 3595 3484 3650 mis-

1887 3707 1978 3746 sus
2007 3701 2090 3745 est
2125 3692 2309 3757 Filius,
2334 3691 2501 3746 semel
2531 3691 2584 3744 in
2611 3691 2943 3760 plenitudine
2972 3700 3272 3759 temporum
3301 3690 3480 3754 venit;

1889 3784 1981 3838 illo
2010 3792 2189 3838 autem
2213 3799 2321 3851 quo
2351 3798 2471 3838 cum
2496 3781 2654 3836 Patre
2685 3783 2869 3836 venire
2897 3781 3195 3844 consuevit,
3227 3779 3296 3834 ab
3326 3779 3484 3834 initio

1890 3891 2058 3944 usque
2087 3875 2152 3928 ad
2205 3875 2363 3929 linem
2395 3874 2600 3940 mundi,
2624 3874 2817 3942 quibus
2846 3873 3109 3943 oportuit,
3151 3880 3206 3926 et
3245 3880 3484 3940 oportet,

1890 3983 1992 4023 nec
2029 3967 2236 4021 destitit
2285 3966 2488 4030 venire,
2515 3980 2616 4020 nec
2641 3964 2854 4019 desinit.
2879 3963 3006 4017 Inde
3030 3971 3112 4017 est
3139 3961 3279 4030 quod
3313 3961 3481 4029 prius-

1889 4078 2048 4132 quam
2078 4062 2368 4122 veniretin
2399 4076 2583 4124 carne,
2624 4059 2914 4114 adventum
2945 4057 3061 4126 ejus
3085 4055 3360 4126 propheta:
3388 4069 3487 4124 po-

1890 4153 2114 4208 scebant
2155 4151 2398 4206 dicentes
2423 4169 2435 4203 :
2473 4149 2679 4203 Excita
2719 4152 3002 4220 potentiam
3030 4158 3189 4213 tuam,
3215 4156 3262 4201 et
3291 4147 3402 4201 veni
3431 4153 3488 4199 ut

1891 4244 2075 4298 liberes
2114 4260 2206 4298 nos
2248 4242 2420 4314 (Psal.
2445 4257 2628 4306 um,
2658 4243 2736 4312 5).
2760 4241 2862 4307 Qui
2892 4243 3076 4310 utique
3101 4239 3336 4295 futurum
3367 4237 3490 4294 Filii

1892 4335 1987 4388 Dei
2027 4334 2317 4388 adventum
2364 4333 2674 4388 nullatenus
2701 4339 3008 4401 poscerent,
3050 4335 3092 4385 si
3124 4328 3367 4398 ejusdem
3392 4343 3488 4382 ve-

1891 4427 2087 4481 nientis
2109 4435 2164 4480 et
2191 4424 2459 4479 manentis
2489 4425 2542 4478 in
2572 4439 2631 4478 se
2660 4425 2887 4493 gratiam
2922 4440 3028 4478 non
3061 4423 3343 4478 haberent.

1968 4516 2054 4570 10.
2101 4516 2264 4571 Istum
2291 4516 2409 4572 Filii
2440 4515 2533 4570 Dei
2562 4515 2737 4570 Patris
2764 4515 3055 4570 adventum
3105 4530 3134 4568 a
3162 4529 3223 4570 se
3268 4510 3492 4568 omnino
3532 4577 3542 4597 ι

205 4613 342 4667 unde
372 4626 640 4682 nunquam
667 4610 901 4664 recedit:
934 4626 1055 4665 cum
1088 4612 1273 4679 utique
1299 4611 1385 4665 cui
1409 4611 1654 4666 naturale
1682 4622 1785 4677 est,
1818 4632 1868 4692 ι)
1895 4610 2191 4680 repellunt,
2222 4609 2316 4678 qui
2362 4609 2727 4677 aequalitatem
2758 4608 2931 4662 Patris
2972 4608 3200 4676 Filiique
3238 4622 3346 4660 non
3375 4620 3493 4661 cre-

205 4713 452 4772 totusque
501 4702 744 4772 implere,
776 4716 874 4756 nec
927 4701 1180 4755 recedere
1210 4702 1380 4769 possit
1424 4702 1785 4770 aliquatenus,

205 4796 362 4868 410
393 4810 491 4850 nec
515 4795 719 4849 venire.
753 4792 951 4847 Natura
997 4793 1195 4862 quippe
1226 4792 1314 4846 illa
1344 4794 1641 4848 divinitatis
1689 4796 1789 4849 im-

207 4905 419 4954 mensae,
441 4904 538 4943 nec
563 4887 870 4942 extenditur
891 4894 948 4939 ut
969 4886 1187 4954 impleat
1212 4885 1360 4954 quod
1382 4895 1538 4940 antea
1561 4902 1790 4941 vacuum

209 4989 338 5044 erat,
365 4996 464 5034 nec
491 4979 828 5035 contrahitur
858 4988 912 5032 ut
943 4985 1166 5031 evacuet
1189 4977 1331 5048 quod
1363 4977 1508 5047 prius
1535 4977 1792 5046 impleve-

208 5079 306 5126 rat.
323 5070 468 5126 Talis
491 5079 670 5125 autem
693 5079 776 5126 est
803 5071 973 5124 virtus
993 5069 1288 5133 Creatoris,
1305 5069 1533 5140 talisque
1555 5071 1794 5126 conditio

216 5164 378 5218 totius
409 5172 696 5230 creaturar,
725 5171 784 5216 ut
808 5161 1287 5232 quemadmodum,
1323 5161 1424 5216 nisi
1472 5162 1561 5216 ille
1592 5161 1795 5217 conde-

128 5241 136 5250 ’
211 5264 306 5321 ret,
329 5256 476 5310 nulla
504 5255 800 5310 substantia
830 5254 1000 5323 possit
1029 5255 1282 5317 existere,
1311 5253 1383 5307 ita
1414 5253 1512 5307 nisi
1547 5253 1635 5308 ille
1665 5269 1795 5308 con-

214 5349 395 5413 tineat,
423 5348 563 5402 nulla
608 5346 776 5417 possit
820 5346 1120 5401 substantia
1176 5361 1512 5416 permanere.
1564 5344 1796 5399 Proinde

211 5440 329 5510 quia
357 5438 653 5494 secundum
674 5436 1007 5491 divinitatem
1031 5436 1174 5490 Deus
1211 5436 1280 5490 de
1310 5437 1430 5490 loco
1467 5451 1574 5490 non
1604 5436 1797 5489 transit

215 5531 276 5586 ad
305 5531 505 5596 locum,
529 5530 634 5586 hoc
654 5528 816 5582 habet
836 5527 1037 5582 veritas
1068 5527 1186 5581 lidei
1213 5527 1548 5587 Christianae,
1575 5533 1633 5579 ut
1660 5525 1711 5579 in
1735 5543 1802 5580 eo

219 5625 382 5680 Filius
411 5623 506 5679 Dei
527 5621 779 5678 credatur
807 5619 859 5674 in
892 5619 1146 5673 mundum
1180 5621 1410 5684 venisse,
1453 5619 1503 5672 in
1533 5633 1640 5686 quo
1661 5617 1803 5671 servi

217 5716 438 5771 formam
467 5711 812 5782 cognoscitur
837 5709 1128 5779 accepisse.
1157 5707 1253 5766 Dei
1301 5712 1445 5772 enim
1486 5709 1650 5763 Filius
1677 5717 1806 5764 tunc

219 5809 270 5862 in
301 5807 554 5862 mundum
604 5805 771 5870 venit,
816 5801 1205 5873 quandosalva
1234 5806 1542 5886 mqualitate
1568 5811 1804 5873 paterna:

217 5907 433 5968 natura,
457 5899 728 5970 particeps
756 5895 870 5952 tlcri
899 5894 1144 5964 dignatus
1171 5913 1255 5964 est
1285 5909 1546 5973 maternae
1567 5895 1808 5950 substan-

1892 4703 2044 4756 dunt.
2074 4701 2226 4770 Apud
2248 4716 2403 4756 suum
2433 4702 2635 4769 quippe
2663 4699 3002 4767 dilectorem,
3025 4715 3185 4754 unam
3211 4699 3494 4754 venientes

1893 4793 2096 4848 l‘aciunt
2117 4793 2480 4856 mansionem;
2505 4806 2612 4844 non
2635 4799 2813 4845 autem
2836 4798 3015 4860 potest
3038 4806 3225 4846 eorum
3248 4803 3369 4844 esse
3387 4803 3492 4869 una

1894 4888 2122 4947 mansio,
2147 4886 2190 4940 si
2224 4885 2384 4940 fuerit
2410 4884 2619 4940 diversa
2650 4885 2890 4941 dilectio.
2921 4886 2978 4941 Si
3000 4895 3181 4942 autem
3204 4885 3495 4956 inasquales

1896 4984 2042 5041 sunt,
2059 4975 2217 5046 [ιιι
2234 4990 2455 5030 necesse
2483 4984 2568 5031 est
2595 4984 2654 5030 ut
2681 4977 3016 5048 insequaliter
3037 4979 3346 5047 diligantur.
3365 4977 3496 5032 ina:-

1902 5072 2148 5141 qualibus
2175 5087 2302 5127 vero
2332 5088 2437 5127 non
2455 5081 2635 5142 potest
2662 5075 2834 5129 unain
2851 5075 3015 5130 corde
3031 5076 3261 5145 simplici
3284 5075 3496 5130 mansio

1905 5163 2217 5234 prteparari.
2271 5163 2535 5219 Admonet
2584 5175 2764 5220 autem
2814 5182 2914 5221 nos
2953 5165 3228 5236 Scriptura
3257 5165 3490 5221 dicens:

1907 5257 2106 5311 Sentite
2133 5257 2196 5310 de
2216 5257 2440 5312 Domino
2467 5259 2520 5312 in
2543 5257 2791 5324 bonitate,
2815 5268 2863 5313 et
2884 5260 2937 5313 in
2967 5259 3294 5328 simplicitate
3322 5258 3495 5313 cordis

1905 5348 2124 5418 quaerite
2151 5346 2298 5400 illum
2330 5345 2482 5418 (Sap.
2515 5363 2552 5407 ι,
2587 5348 2664 5418 l).
2695 5346 2978 5414 Quomodo
2999 5359 3129 5414 ergo
3175 5347 3313 5402 Deus
3341 5363 3492 5416 qua:«

1904 5440 2042 5492 ritur
2068 5439 2413 5508 simplicitate
2454 5437 2654 5503 cordis,
2686 5437 2902 5508 quando
2937 5437 3051 5492 Deo
3096 5435 3243 5492 Patri
3287 5446 3343 5493 et
3384 5438 3496 5493 Deo

1910 5530 2048 5586 Filio
2084 5531 2372 5585 exhibetur
2410 5529 2692 5584 diversitas
2718 5529 3052 5584 dilectionis?
3092 5539 3184 5585 aut
3221 5533 3494 5600 quomodo

1910 5622 2137 5691 simplex
2158 5629 2244 5677 est
2272 5621 2475 5676 homini
2501 5634 2629 5690 erga
2657 5619 2825 5674 Deum
2855 5621 3072 5685 caritas,
3121 5622 3165 5677 si
3197 5623 3248 5677 in
3273 5623 3384 5692 ipsa
3414 5623 3497 5677 di-

1910 5712 2132 5767 vinitate
2162 5721 2380 5782 putatur
2407 5706 2530 5766 esse
2561 5709 2883 5765 diversitas?
2912 5711 3004 5765 llla
3029 5713 3212 5783 utique
3247 5713 3498 5768 divinitas

1909 5801 2140 5872 simplici
2169 5802 2332 5857 corde
2360 5799 2616 5870 diligitur,
2645 5815 2763 5872 qua:
2791 5801 3017 5872 simplex
3040 5819 3160 5858 esse
3183 5805 3498 5860 naturaliter

1912 5894 2175 5961 creditur;
2210 5895 2297 5952 ubi
2348 5905 2528 5953 autem
2571 5895 2782 5953 diversa
2829 5895 3080 5952 divinitas
3119 5896 3332 5966 colitur,
3387 5914 3493 5954 non
