4108 6470
645 398 751 461 579

1686 411 1738 467 s.
1781 387 2141 467 Falcem“
2180 408 2481 469 EPISCUPI
2525 413 2895 476 nusrnusts

3840 429 3961 489 580

644 517 957 587 simplicitas
1001 517 1198 584 cordis,
1248 517 1347 574 sed
1391 519 1673 591 duplicitas
1719 521 2040 577 exhibetur:
2096 522 2228 577 ﬁdes
2256 530 2303 587 Α
2330 533 2487 590 ctum,
2510 528 2596 596 qui
2619 527 2771 583 datus
2812 514 2895 583 est.
2924 530 3070 587 nobis
3105 531 3282 599 (Rom.
3324 553 3378 607 v,
3421 534 3498 611 5).
3531 536 3695 599 Pater
3722 558 3864 614 ergo
3897 565 3936 604 ε

644 622 776 681 ergo
803 618 886 664 est
909 610 981 665 ibi
1010 627 1118 667 non
1142 626 1291 680 vera,
1312 611 1407 667 sed
1430 610 1572 667 ﬁcta.
1606 611 1834 667 Sanctus
1862 623 2035 668 autem
2056 613 2233 685 Spiri-

644 716 728 761 tus
755 707 1042 780 disciplinae
1067 713 1276 783 e/fugiet
1303 712 1496 783 ﬁctum,
1527 721 1578 766 et
1605 714 1809 782 auferet
1855 728 1911 768 se
1951 729 1984 766 α
2030 712 2232 784 cogita-

647 799 869 853 tionibus
891 818 1005 872 qua:
1030 813 1150 856 sunt
1193 802 1307 858 sine
1348 803 1610 856 intellectu
1639 802 1797 875 (Sap.
1842 819 1879 870 ι,
1912 800 1988 873 5).
2025 798 2232 872 Duplex

644 899 825 945 autem
854 907 951 947 cor
971 908 1089 948 esse
1122 894 1479 958 convincitur,
1526 894 1571 948 si
1624 894 1842 964 quando
1887 894 2081 964 aliquis
2122 909 2231 949 non

645 994 806 1034 unam
834 981 1169 1039 divinitatem
1198 998 1318 1039 esse
1352 983 1634 1039 colendam
1685 999 1716 1037 ε
1765 982 2009 1039 ﬁdelibus
2054 991 2228 1055 putat,

644 1079 736 1124 aut
759 1073 976 1141 quando
1002 1089 1109 1128 non
1134 1075 1377 1130 eamdem
1406 1085 1656 1131 naturam
1686 1076 1806 1131 Filii
1846 1092 2007 1146 quam
2055 1076 2231 1133 Patris

641 1164 936 1220 existimat.
968 1166 1121 1232 Quod
1149 1168 1195 1222 si
1222 1168 1344 1237 quis
1364 1169 1613 1238 proximo
1639 1169 1935 1225 bonitatem
1964 1172 2249 1225 sermoni-’

643 1257 743 1311 bus
770 1255 975 1326 ﬁngens
1003 1266 1059 1313 et
1084 1259 1246 1314 corde
1286 1260 1546 1314 malitiam
1578 1273 1794 1329 gerens,
1824 1262 2020 1331 duplex
2064 1263 2230 1319 corde

641 1348 858 1416 dicitur,
889 1352 1162 1420 quomodo
1189 1354 1278 1409 ille
1306 1356 1399 1424 qui
1426 1356 1527 1411 sub
1549 1355 1803 1423 ﬁgmento
1826 1355 2071 1410 veritatis
2097 1355 2227 1411 falsa

641 1438 709 1493 de
738 1439 850 1495 Deo
879 1442 963 1496 vel
992 1443 1165 1497 credit
1197 1445 1283 1499 vel
1316 1446 1464 1510 dicit,
1503 1445 1730 1515 duplicis
1778 1436 1956 1501 cordis
2004 1447 2229 1501 crimine

643 1544 749 1583 non
781 1534 1028 1586 tenetur?
1054 1532 1215 1599 Quod
1241 1535 1383 1589 enim
1414 1537 1732 1591 naturaliter
1758 1553 1921 1592 unum
1952 1546 2036 1592 est
2062 1538 2114 1592 in
2137 1536 2227 1592 illa

638 1635 849 1676 summa
873 1622 1154 1680 divinitate
1174 1626 1435 1694 dividere,
1461 1637 1516 1683 et
1544 1630 1708 1687 Deum
1739 1631 2004 1686 minorem
2034 1648 2096 1688 ac
2120 1648 2228 1686 ma-

636 1712 814 1782 jorem
844 1713 1063 1783 ﬁngere,
1095 1718 1453 1773 certissimum
1484 1728 1567 1775 est
1604 1721 1671 1774 ad
1714 1722 2009 1791 nequitiam
2046 1723 2225 1781 cordis

638 1803 866 1873 duplicis
916 1806 1209 1875 pertinere.
1255 1807 1451 1863 Sancta
1497 1796 1678 1864 autem
1720 1810 1996 1881 Scriptura
2052 1813 2220 1868 dicit:

2334 614 2500 671 Filius
2524 615 2591 669 ad
2628 616 2944 675 dilectorem
2973 636 3130 678 suum
3159 626 3278 683 sine
3306 626 3509 699 Spiritu
3538 643 3735 690 sancto
3763 636 3961 692 nulla-

2334 714 2490 764 tenus
2508 709 2767 765 veniunt:
2799 714 2925 782 quia
2957 722 3017 769 ut
3057 718 3293 785 veniant,
3325 723 3631 795 caritatem,
3654 743 3768 798 qua
3812 730 3959 786 dili-

2330 806 2545 867 guntur,
2576 800 2724 858 dono
2750 805 2923 859 sancti
2953 805 3185 877 Spiritus
3218 811 3536 882 largiuntur.
3586 817 3956 877 lnvisibiliter

2330 889 2514 960 itaque
2541 896 2843 951 communis
2869 912 3085 970 semper
3112 900 3372 958 adventus
3396 915 3479 962 est
3507 905 3685 964 Patris
3716 920 3777 966 et
3814 912 3951 968 Filii

2329 986 2385 1033 et
2411 978 2641 1051 Spiritus
2664 985 2838 1041 sancti
2866 1003 2878 1040 :
2913 1004 3020 1043 non
3052 994 3380 1050 transeundo
3404 996 3472 1052 de
3494 998 3618 1055 loco
3637 1002 3709 1057 ad
3731 1001 3947 1072 locum,

2329 1070 2425 1126 sed
2453 1072 2507 1126 in
2535 1088 2603 1129 eo
2624 1075 2768 1144 quod
2796 1076 2910 1146 ipsa
2943 1078 3177 1137 Trinitas
3204 1098 3341 1139 unus
3368 1086 3512 1143 Deus
3536 1091 3795 1159 dignatur
3812 1070 3951 1163 gn;

2329 1162 2457 1216 tiam
2486 1165 2749 1235 caritatis,
2772 1169 2857 1223 vel
2880 1169 3084 1227 donare
3118 1188 3281 1242 quam
3329 1187 3540 1245 augeat,
3591 1183 3678 1236 vel
3728 1162 3947 1253 augere

2328 1269 2491 1323 quam
2519 1255 2701 1310 donat.
2734 1258 2855 1314 Alio
2899 1269 3077 1317 autem
3108 1264 3271 1320 modo
3297 1270 3446 1323 venit
3474 1268 3661 1339 Filius,
3712 1277 3950 1342 quando

2326 1361 2428 1415 pro
2456 1348 2613 1404 nobis
2641 1349 2805 1406 homo
2834 1351 3009 1408 factus
3030 1362 3115 1411 est
3152 1356 3467 1427 Unigenitus
3493 1363 3650 1420 Deus.
3694 1364 3798 1422 lite
3832 1372 3953 1423 utio

2327 1451 2433 1505 que
2460 1439 2552 1506 qui
2600 1440 2654 1494 in
2684 1455 2918 1510 persona
2959 1447 3175 1516 propria
3212 1448 3508 1508 divinitatis
3545 1470 3659 1510 sua:
3690 1474 3805 1513 non
3850 1476 3950 1516 ac.

2326 1528 2471 1596 cepit
2492 1546 2780 1600 personam
2806 1534 3057 1603 hominis,
3090 1540 3183 1594 sed
3212 1550 3481 1598 naturam.
3519 1544 3740 1603 Scimus
3768 1552 3945 1607 etiam

2326 1619 2584 1691 Spiritum
2614 1634 2863 1681 sanctum
2899 1628 3188 1686 visibiliter
3222 1634 3275 1687 in
3304 1635 3568 1692 columba:
3605 1641 3799 1710 specie
3842 1644 3947 1697 ad-

2324 1711 2535 1767 venisse
2560 1730 2574 1765 :
2606 1714 2768 1784 longe
2795 1718 2979 1787 utique
3006 1721 3115 1775 alio
3144 1724 3328 1789 modo,
3353 1726 3405 1781 id
3430 1739 3532 1793 est,
3563 1745 3668 1785 nec
3699 1732 3800 1788 illo
3824 1751 3938 1805 quo

2326 1799 2486 1858 Pater
2509 1814 2566 1860 et
2595 1806 2759 1863 Filius
2807 1809 2873 1863 ad
2903 1812 3219 1870 dilectorem
3249 1832 3407 1873 suum
3438 1836 3544 1876 non
3573 1823 3699 1879 sine
3726 1799 3935 1896 Spiritu

648 1892 741 1948 νω
767 1895 962 1964 duplici
985 1897 1159 1961 corde,
1191 1905 1239 1950 et
1259 1898 1412 1952 labiis
1436 1900 1721 1966 sceleratis,
1749 1911 1799 1955 et
1830 1902 2069 1957 manibus
2109 1922 2212 1959 ma-

2328 1902 2516 1950 sancto
2538 1897 2779 1965 veniunt,
2814 1916 2913 1956 nec
2939 1903 3044 1960 isto
3071 1909 3359 1974 quosolus
3388 1910 3551 1969 Filius
3580 1916 3635 1971 in
3661 1892 3931 1976 mundam

634 1984 1013 2057 lefacientibus,
1043 2000 1093 2042 et
1130 1993 1389 2058 peccatori
1428 2001 1618 2046 terram
1668 1993 1981 2064 ingredienti
2028 1996 2224 2053 duabus

635 2077 732 2131 viis
763 2076 949 2147 (Eccli.
980 2095 1037 2144 ιι,
1066 2078 1185 2143 l4)!
1212 2078 1275 2133 Et
1305 2082 1429 2150 quia
1459 2081 1724 2137 diversam
1752 2092 1943 2153 putare
1977 2085 2229 2141 divinita-

636 2174 747 2221 tem
794 2166 967 2223 Patris
1013 2178 1068 2223 et
1115 2169 1233 2224 Filii
1264 2187 1372 2226 non
1411 2181 1494 2227 est
1520 2172 1630 2230 Deo
1677 2174 1898 2230 credere
1944 2177 2090 2248 (quia
2134 2177 2224 2231 ille

635 2273 765 2313 vere
786 2275 949 2313 unum
978 2259 1144 2314 Deum
1168 2262 1297 2316 colit
1324 2263 1415 2333 qui
1448 2264 1610 2318 alium
1660 2267 1880 2320 omnino
1916 2282 2023 2321 non
2069 2268 2220 2332 colit,

636 2360 693 2408 et
718 2353 809 2408 ille
840 2354 931 2408 uni
958 2354 1070 2409 Deo
1096 2355 1268 2410 credit
1302 2357 1391 2425 qui
1424 2357 1586 2412 alium
1626 2356 1795 2412 Deum
1823 2373 1942 2414 esse
1973 2374 2080 2413 non
2114 2374 2225 2415 cre-

633 2445 758 2515 dit),
790 2447 911 2502 ideo
932 2446 1175 2516 sequitur
1195 2447 1384 2502 eadem
1421 2447 1700 2520 Scriptura
1744 2448 1967 2505 dicens:
2009 2449 2103 2505 γω
2136 2452 2223 2520 qui

633 2552 738 2592 non
768 2538 981 2592 credunt
1010 2537 1153 2593 Deo!
1176 2541 1298 2609 quia
1327 2556 1430 2595 non
1469 2549 1809 2612 proteguntur
1843 2542 1908 2596 ab
1947 2559 2006 2597 eo
2028 2540 2218 2614 (Eccli.

632 2646 693 2699 ιι,
716 2631 830 2700 15).
878 2632 1004 2688 Inde
1033 2642 1117 2689 est
1153 2633 1296 2704 quod
1323 2635 1486 2690 etiam
1528 2635 1775 2691 Salvator
1820 2647 2023 2703 noster,
2056 2654 2218 2693 unam

629 2720 964 2776 divinitatem
1016 2722 1545 2794 dominationemque
1612 2727 2036 2794 commendans,
2099 2729 2212 2783 ait:

630 2808 800 2865 Nemo
823 2821 988 2881 potest
1015 2812 1213 2868 duobus
1248 2814 1471 2869 dominis
1513 2817 1703 2869 servire
1749 2815 1965 2887 (Matth.
1999 2836 2068 2882 vi,
2099 2818 2213 2893 24).

627 2898 877 2969 Legimus
917 2911 1095 2958 autem
1121 2906 1243 2975 quia
1287 2904 1547 2961 Dominus
1586 2908 1697 2976 ipse
1737 2916 1815 2961 est
1860 2906 2001 2964 Deus
2040 2909 2212 2982 (Psal.

629 3007 771 3059 xcu,
805 2994 882 3064 5).
915 2993 1066 3051 Unde
1097 3006 1303 3051 certum
1325 3006 1428 3063 est,
1457 3015 1583 3054 vera
1617 2998 1720 3055 ﬁde
1743 3002 2078 3072 caritateque
2100 3005 2213 3058 sin-

625 3098 770 3150 cera,
796 3100 896 3140 nec
924 3085 1155 3143 dominis
1182 3104 1502 3159 quemquam
1528 3106 1686 3162 posse
1712 3092 1933 3159 servire,
1968 3110 2068 3150 nec
2088 3096 2210 3152 diis.

626 3172 778 3229 Unus
809 3184 891 3230 est
928 3178 1070 3230 enim
1117 3177 1260 3233 Deus
1295 3179 1541 3243 deorum,
1578 3190 1632 3235 et
1674 3181 1930 3238 Dominus
1975 3184 2214 3241 domino-

2328 1985 2492 2048 venit,
2525 1989 2817 2044 secundum
2843 1993 2988 2062 quod
3018 2005 3264 2053 naturam
3311 2011 3548 2059 nostram
3599 2008 3926 2067 mirabilita

2326 2091 2391 2132 ac
2424 2079 2769 2147 singulariter
2816 2083 2868 2139 in
2921 2101 3154 2155 persona
3194 2106 3305 2146 sua:
3345 2093 3641 2154 divinitatis
3690 2107 3921 2174 accepit.

2326 2169 2443 2225 Non
2464 2174 2607 2228 enim
2635 2176 2773 2231 sicut
2803 2175 3029 2234 formam
3058 2182 3199 2236 servi
3223 2188 3431 2256 accepit
3454 2188 3643 2256 Filius,
3692 2194 3773 2249 ita
3824 2169 3922 2251 l'or-

2325 2277 2467 2317 mam
2509 2265 2772 2322 columbae
2824 2272 3033 2341 accepit
3060 2272 3290 2343 Spiritus
3337 2290 3581 2349 sanctus;
3628 2301 3737 2342 nec
3789 2290 3926 2346 sicut

2323 2356 2494 2413 factus
2520 2369 2603 2415 est
2630 2360 2796 2419 Filius
2821 2364 2875 2418 in
2916 2367 3318 2426 similitudinem
3349 2373 3578 2431 liliorum
3612 2378 3919 2447 hominum.

2324 2447 2396 2503 ita
2426 2448 2602 2507 factus
2629 2461 2713 2508 est
2745 2455 2976 2526 Spiritus
3004 2472 3222 2516 sanctus
3272 2462 3326 2518 in
3371 2464 3783 2526 similitudinem
3824 2491 3920 2530 co—

2321 2539 2642 2598 lumbarum.
2679 2544 2836 2601 Venit
2855 2563 2983 2618 ergo
3006 2550 3238 2621 Spiritus
3263 2565 3480 2613 sanctus
3510 2560 3565 2614 in
3598 2564 3780 2633 specie
3817 2582 3916 2621 co.

2319 2630 2532 2698 tumbae,
2558 2652 2666 2692 non
2699 2640 2884 2708 utique
2926 2643 3228 2699 columbam
3260 2648 3313 2702 in
3358 2630 3645 2708 unitatem:
3664 2670 3905 2725 persona:

2320 2725 2609 2793 accipiens.
2651 2726 2836 2799 Neque
2864 2731 3005 2785 enim
3035 2733 3113 2788 sic
3141 2749 3237 2803 per
3263 2734 3520 2807 Spiritqu
3548 2752 3796 2800 sanctum
3821 2762 3911 2802 reo

2318 2811 2446 2867 dimi
2470 2814 2655 2870 debuit
2682 2827 2875 2873 natura
2898 2820 3286 2882 columbarum.
3310 2828 3447 2884 sicut
3469 2846 3568 2900 per
3587 2831 3785 2891 Filium
3811 2855 3908 2893 na-

2319 2912 2436 2959 tura
2474 2908 2748 2979 re.lempta
2775 2920 2858 2965 est
2885 2913 3180 2970 hominum.
3208 2916 3358 2976 Hanc
3384 2923 3527 2977 enim
3557 2926 3613 2979 in
3645 2928 3909 2985 unitatem

2315 3012 2561 3067 personae
2605 3015 2716 3055 sum
2753 3004 2989 3074 suscepit
3028 3004 3210 3069 Filius,
3240 3024 3403 3066 quam
3447 3020 3561 3068 erat
3598 3017 3721 3072 sine
3749 3020 3913 3076 dubio

2316 3088 2715 3160 redempturus.
2740 3091 2803 3147 Et
2826 3097 3080 3164 quoniam
3106 3115 3135 3153 a
3167 3102 3263 3156 Dei
3293 3102 3430 3160 Filio
3459 3106 3768 3168 humanitas
3814 3131 3912 3170 sua

2315 3196 2590 3252 nunquam
2620 3186 2938 3256 sejuugitur,
2978 3199 3267 3260 propterea
3310 3196 3362 3251 in
3392 3202 3532 3255 cmlo
3569 3212 3622 3257 et
3663 3204 3719 3258 in
3763 3214 3916 3263 terra

623 3280 783 3319 rum:
815 3267 906 3335 qui
943 3274 1233 3337 pmpterea
1279 3270 1428 3325 solus
1465 3280 1547 3324 est
1587 3272 1863 3338 colendus,
1896 3276 2019 3341 quia
2065 3276 2211 3331 solus
2239 3274 2284 3336 C
2317 3273 2566 3328 omnibus
2606 3277 2811 3344 angelis
2839 3280 3197 3351 omnibusque
3243 3286 3551 3345 hominibus
3577 3292 3911 3354 dominatur.

625 3364 709 3410 est
736 3358 1054 3413 naturaliter
1080 3373 1240 3414 verus
1269 3360 1526 3415 Dominus
1566 3361 1725 3427 Deus,
1758 3363 1851 3433 qui
1899 3373 1984 3419 est
2028 3364 2209 3421 ’1⁸τίιὶ-

626 3457 727 3516 tas,
760 3446 921 3505 Pater
944 3461 998 3505 et
1018 3450 1183 3506 Filius
1204 3460 1257 3506 et
1286 3452 1517 3524 Spiritus
1543 3463 1780 3509 sanctus.

696 3542 919 3597 H.Nos
970 3545 1174 3615 itaque,
1219 3556 1279 3620 ut
1323 3547 1487 3601 Deum
1539 3549 1591 3602 in
1641 3550 1984 3619 simplicitate
2030 3555 2208 3610 cordis

625 3646 947 3704 quaeramus,
977 3634 1340 3691 diversitatem
1362 3636 1657 3693 divinitatis
1706 3639 1759 3694 in
1792 3639 1949 3697 Patre
1977 3653 2032 3697 et
2072 3644 2206 3699 Filio

624 3737 726 3777 nec
752 3722 914 3777 corde
938 3723 1242 3781 credamus.
1267 3725 1371 3781 Sed
1398 3735 1454 3780 ut
1475 3729 1644 3797 possit
1666 3730 1717 3783 in
1743 3731 1897 3785 nobis
1925 3748 2052 3787 vera
2084 3750 2205 3789 cor-

622 3811 707 3867 dis
734 3828 950 3869 manere
993 3815 1328 3885 simplicitas,
1360 3818 1449 3872 illa
1498 3820 1550 3874 in
1591 3822 1747 3876 nobis
1792 3834 2009 3879 maneat
2053 3826 2223 3893 lides,‘

620 3916 723 3972 qua
746 3912 945 3958 sanctae
976 3903 1250 3961 Trinitatis
1278 3923 1381 3962 una
1406 3909 1643 3965 creditur
1663 3927 1725 3966 ac
1748 3914 2068 3981 praedicatur
2088 3919 2205 3974 sine

618 3993 931 4050 diversitate
974 3996 1241 4053 divinitas.
1277 3998 1365 4054 Sic
1400 4001 1457 4055 in
1506 4003 1663 4058 nobis
1693 4003 1855 4060 Pater
1879 4015 1934 4061 et
1961 4007 2122 4065 Filius
2151 4019 2204 4065 et

616 4081 848 4152 Spiritus
873 4096 1089 4144 sanctus
1127 4091 1404 4148 venientes
1446 4110 1667 4151 manere
1703 4098 2003 4166 dignantur.
2059 4100 2206 4158 Unus

617 4184 701 4229 est
724 4178 864 4246 apud
890 4179 1201 4237 dilectorem
1239 4198 1393 4239 suum
1439 4197 1639 4243 sancta:
1679 4188 1957 4244 Trinitatis
2004 4193 2203 4248 adven—

616 4274 724 4334 tus,
744 4284 852 4338 quo
883 4270 1022 4326 Deus
1050 4274 1328 4332 invisibilis
1361 4278 1704 4333 invisibiliter
1728 4282 1896 4345 venit,
1948 4290 2003 4337 et
2044 4299 2199 4339 man-

615 4358 822 4413 sionem
846 4361 1184 4420 invisibiliter
1214 4366 1358 4422 facit.
1393 4368 1661 4425 Manendo
1683 4380 1863 4426 autem
1895 4375 2037 4443 apud
2063 4377 2202 4433 dile-

614 4457 1027 4537 ctorem-suum,
1059 4456 1171 4524 ipsa
1220 4459 1537 4528 multiplicat
1569 4462 1933 4529 dilectionem,
1967 4481 2200 4537 quapro-

613 4550 734 4612 pter
760 4524 885 4597 l‘acit
911 4545 963 4599 in
994 4547 1211 4602 homine
1237 4524 1590 4606 mansionem.
1619 4549 1698 4607 0b
1727 4553 1833 4608 hoc
1866 4524 2089 4626 quippe.
2114 4575 2201 4614 ve-

2310 3360 2618 3419 Secundum
2647 3375 2895 3422 naturam
2923 3372 3125 3441 quippe
3152 3374 3439 3432 humanam
3470 3381 3638 3437 Filius
3683 3385 3780 3440 Dei
3814 3389 3914 3442 Iin-

2309 3454 2526 3507 miliavit
2558 3471 2615 3509 se
2653 3458 2821 3527 factus
2849 3460 3092 3516 obediens
3120 3480 3279 3536 usque
3311 3470 3382 3521 ad
3426 3481 3661 3541 mortem,
3696 3490 3911 3533 mortem

2309 3554 2480 3600 autem
2509 3549 2673 3602 crucis
2701 3548 2925 3619 (Philip.
2955 3567 3009 3616 ιι,
3038 3551 3115 3622 8),
3140 3560 3435 3614 secundum
3465 3578 3629 3631 quam
3657 3577 3903 3624 naturam

2307 3651 2429 3690 eum
2461 3637 2601 3694 Deus
2629 3641 2895 3707 exultavit,
2925 3654 2972 3696 et
2998 3644 3210 3701 donarit
3234 3650 3314 3703 illi
3334 3670 3518 3708 nomen
3541 3659 3680 3728 quod
3709 3670 3785 3714 est
3813 3679 3903 3715 su-

2307 3748 2400 3801 per
2426 3748 2576 3786 omne
2604 3749 2789 3787 nomen
2812 3751 2831 3788 :
2853 3745 2909 3787 ut
2936 3736 2989 3789 in
3012 3741 3218 3794 nomine
3240 3742 3367 3797 Jesu
3390 3763 3541 3802 omne
3570 3767 3704 3817 qenu
3733 3754 3907 3822 ﬂecta-

2308 3835 2409 3892 tur,
2457 3828 2751 3894 cmlestium,
2785 3833 3101 3887 terrestrium
3139 3845 3190 3888 et
3232 3837 3587 3908 infernarum;
3642 3852 3693 3895 et
3741 3846 3906 3898 omnis

2307 3920 2484 3989 lingua
2512 3920 2821 3989 conﬁteatur
2841 3924 2962 3993 quia
2988 3923 3236 3979 Dominus
3257 3926 3412 3981 Iesus
3442 3927 3678 3986 Christus
3708 3935 3765 3987 in
3790 3936 3903 4006 gla-

2307 4010 2385 4061 ria
2414 4019 2490 4062 est
2522 4007 2615 4065 Dei
2644 4010 2825 4067 Patris
2850 4012 3038 4083 (Ibid.,
3066 4015 3142 4085 9).
3176 4017 3439 4074 Veniente
3486 4035 3618 4090 ergo
3662 4026 3903 4093 plenitu-

2306 4098 2430 4154 dine
2473 4104 2750 4171 temporis,
2792 4105 2932 4158 misit
2987 4103 3128 4160 Deus
3184 4105 3382 4163 Filium
3429 4128 3575 4165 suum
3605 4114 3803 4184 factum
3842 4135 3906 4173 es

2305 4192 2535 4261 muliere,
2563 4196 2756 4265 factum
2784 4195 2875 4249 sub
2901 4197 3011 4267 lege
3035 4197 3176 4268 (Gal.
3222 4211 3292 4267 tv,
3338 4201 3415 4274 4).
3448 4201 3557 4258 Cur
3583 4215 3769 4262 autem
3797 4209 3902 4265 hoc

2304 4282 2465 4339 fuerit
2494 4284 2715 4351 factum,
2748 4288 3039 4357 Apostolus
3060 4291 3452 4361 subsequenter
3471 4297 3768 4354 ostendens
3786 4302 3861 4355 ait
3883 4320 3898 4355 :

2310 4373 2375 4427 Ut
2417 4392 2504 4429 eos
2531 4379 2617 4448 qui
2665 4376 2756 4431 sub
2792 4378 2902 4449 lege
2939 4389 3089 4434 erant
3130 4383 3418 4449 redimeret,
3469 4397 3527 4439 ut
3569 4390 3903 4459 adoptiuum

2306 4465 2535 4535 ﬁliorum
2566 4468 2925 4539 reciperemns.
2960 4470 3219 4541 Suscepta
3243 4483 3325 4529 est
3355 4476 3536 4545 itaque
3563 4494 3595 4533 a
3638 4478 3736 4535 Dei
3768 4478 3900 4538 Filio

2304 4558 2536 4612 humana
2570 4568 2781 4615 natura.
2814 4562 2939 4617 Ideo
2979 4572 3155 4618 autem
3193 4565 3335 4620 Deus
3380 4565 3700 4637 Unigenitus
3729 4572 3896 4630 factus

611 4632 692 4686 uit
718 4634 843 4703 quia
865 4634 1129 4705 diligitur;
1168 4638 1272 4695 hoc
1316 4651 1495 4697 autem
1541 4645 1765 4700 veniens
1806 4645 1935 4700 facit
1978 4658 2035 4703 ut
2082 4666 2195 4705 am-
2230 4662 2276 4721 ι)
2302 4661 2386 4705 est
2424 4652 2604 4716 homo,
2631 4661 2689 4706 ut
2718 4655 2871 4708 nobis
2916 4672 3014 4725 per
3040 4673 3163 4710 eum
3194 4658 3374 4713 divina
3422 4660 3723 4718 donaretur
3770 4666 3899 4722 ado-

609 4729 749 4798 plius
775 4729 1046 4800 diligatur.

685 4822 769 4875 12.
796 4821 921 4878 Haec
954 4824 1073 4879 ideo
1103 4825 1232 4894 dixi,
1269 4838 1326 4881 ut
1361 4830 1617 4883 noveritis
1637 4832 1813 4900 qualis
1856 4833 1952 4887 fuit
1990 4835 2194 4890 adven-

609 4920 697 4966 tus
720 4911 856 4973 Filii.
886 4915 1103 4983 quando
1127 4919 1321 4975 missus
1342 4927 1426 4974 est
1454 4936 1485 4973 a
1510 4921 1686 4981 Patre.
1713 4932 1767 4977 et
1794 4925 1969 4994 qualis
1998 4927 2067 4979 sit
2092 4928 2189 4981 ad-

605 5013 799 5060 ventus
819 5005 956 5072 Filii,
986 5009 1202 5077 quando
1223 5009 1474 5079 dignatur
1500 5014 1681 5069 venire
1702 5032 1822 5070 cum
1848 5016 2025 5072 Patre.
2055 5019 2190 5085 Quia

606 5097 748 5154 sicut
772 5098 826 5152 in
854 5099 946 5154 illo
974 5101 1206 5155 adventu
1231 5105 1391 5158 homo
1412 5103 1607 5173 laetus,
1637 5106 1796 5164 Patre
1818 5110 1994 5165 minor
2021 5116 2194 5179 agno-

607 5190 808 5256 scitur;
838 5192 918 5247 sic
937 5193 989 5247 in
1019 5197 1122 5247 isto
1143 5193 1378 5250 adventu
1399 5199 1621 5266 azqualis
1651 5198 1794 5254 Patri
1826 5201 1965 5256 Deus
1984 5219 2197 5272 perma-

606 5296 744 5337 nens
769 5282 1059 5338 invenitur.
1084 5285 1247 5356 412
1278 5286 1478 5341 Dicitur
1504 5298 1684 5344 autem
1723 5299 1777 5346 et
1805 5291 2039 5362 Spiritus
2068 5311 2193 5349 san-

606 5379 726 5427 ctus
747 5374 964 5429 venire:
997 5391 1118 5430 cum
1152 5376 1222 5431 sit
1250 5377 1411 5432 etiam
1438 5393 1560 5433 eum
1588 5377 1750 5436 Patre
1786 5392 1843 5437 et
1889 5383 2022 5439 Filio
2053 5386 2192 5440 unus

608 5460 774 5528 Deus,
805 5473 1038 5520 aeternus
1065 5470 1382 5524 naturaliter
1404 5479 1461 5525 et
1481 5471 1789 5537 immensus,
1819 5475 1934 5529 sine
1953 5491 2060 5545 quo
2082 5478 2185 5531 uti-

604 5545 731 5621 que,
763 5569 863 5609 nec
888 5555 1047 5611 Pater
1078 5568 1255 5627 potest
1291 5563 1494 5628 venire,
1536 5578 1637 5619 nec
1674 5563 1857 5621 Filius.
1908 5566 2001 5621 llle
2032 5568 2188 5637 (forte

606 5642 776 5712 illum)
807 5645 949 5700 enim
976 5657 1099 5716 post
1126 5648 1337 5705 Patrem
1368 5652 1667 5724 Filiumque
1694 5657 2039 5725 cognoscitur
2062 5657 2185 5711 dili-

512 5750 515 5755 ί
602 5747 748 5802 gere,
780 5738 868 5806 qui
914 5740 1196 5796 caritatem
1238 5743 1399 5800 habet
1436 5747 1486 5800 in
1529 5748 1710 5803 corde.
1758 5748 1959 5804 Caritas
2008 5757 2188 5805 autem

603 5826 701 5882 Dei
730 5829 921 5901 diffusa
949 5843 1025 5889 est
1050 5835 1103 5889 in
1146 5836 1384 5892 cordibus
1413 5842 1621 5905 nostris,
1663 5859 1753 5913 per
1784 5841 2039 5913 Spiritum
2065 5859 2192 5900 san-

2300 4742 2415 4811 ptio
2440 4760 2453 4795 :
2480 4751 2540 4797 ut
2565 4744 2690 4812 quia
2720 4744 2810 4799 ille
2839 4744 3004 4800 homo
3032 4746 3173 4802 Deus
3198 4764 3355 4804 verus
3384 4758 3465 4805 est
3495 4742 3731 4809 naturali
3758 4758 3897 4811 veri-

2301 4839 2409 4887 tate
2427 4833 2721 4888 divinitatis
2752 4850 2881 4894 suze.
2918 4852 3018 4891 nos
3045 4852 3282 4907 quoque,
3312 4839 3362 4893 in
3403 4855 3470 4895 eo
3502 4843 3650 4910 quod
3695 4845 3889 4903 fratres

2297 4924 2413 4993 ejus
2441 4942 2698 4992 essemus,
2733 4927 2824 4982 lilii
2851 4926 2962 4993 Dei,
2994 4945 3102 4985 non
3140 4940 3327 4987 nostro
3366 4935 3579 5001 merito,
3636 4938 3736 4993 sed
3766 4939 3880 5010 ejus

2306 5019 2474 5086 gratia
2506 5018 2776 5075 ﬁeremus.
3302 5082 3309 5089 ,

2378 5107 2464 5162 t5.
2498 5107 2726 5162 Sanctus
2754 5116 2934 5163 autem
2969 5107 3202 5180 Spiritus
3230 5113 3455 5168 veniens
3494 5116 3547 5169 in
3585 5118 3774 5185 specie
3802 5134 3893 5174 co-

2300 5200 2514 5267 lumbaz,
2541 5217 2647 5256 non
2682 5202 2928 5256 columba
2977 5204 3151 5260 factus
3189 5214 3290 5271 est,
3322 5208 3463 5262 sicut
3510 5207 3679 5264 Filius
3721 5212 3892 5270 factus

2298 5299 2382 5346 est
2404 5292 2594 5357 homo;
2627 5291 2722 5346 sed
2748 5308 2848 5362 per
2875 5294 3138 5349 columba:
3173 5297 3430 5365 speciem,
3460 5297 3769 5367 doqandam
3794 5319 3890 5359 no-

2295 5380 2379 5435 bis
2408 5383 2646 5436 ostendit
2673 5398 2773 5437 suo
2803 5399 3028 5439 munere
3055 5385 3357 5441 caritatem.
3389 5386 3595 5443 Caritas
3622 5394 3763 5445 enim
3792 5392 3888 5447 Dei

2295 5470 2488 5540 diﬂ‘usa
2516 5481 2593 5526 est
2620 5473 2673 5526 in
2704 5474 2944 5527 cordibus
2973 5477 3163 5529 nostris
3196 5492 3290 5546 per
3331 5477 3586 5548 Spiritum
3627 5494 3905 5548 sanctum;

2294 5564 2379 5633 qui
2427 5564 2580 5616 datus
2628 5574 2705 5618 est
2750 5564 2896 5619 nobis
2947 5564 3124 5633 (Rom.
3156 5583 3211 5634 v,
3252 5566 3329 5635 5).
3387 5569 3650 5638 Apparuit
3703 5580 3880 5628 autem

2295 5654 2636 5723 postmodum
2677 5665 2732 5710 et
2784 5657 2836 5711 in
2871 5657 3042 5726 igneis
3081 5650 3305 5726 linguis,
3350 5658 3448 5713 sed
3491 5660 3654 5714 etiam
3685 5662 3791 5718 hoc
3815 5664 3895 5718 ad'

2297 5746 2741 5817 signiﬁcationem
2789 5749 2917 5805 fecit
2953 5751 3116 5821 ipsius
3136 5750 3298 5820 quam
3334 5752 3490 5807 nobis
3538 5753 3759 5823 largitus
3799 5764 3893 5809 cst‘

2234 5835 2240 5841 ’
2298 5842 2559 5903 caritatis.
2590 5842 2721 5900 Nam
2745 5846 2863 5916 quia
2890 5844 3014 5915 ﬁnis
3042 5844 3204 5917 413
3228 5847 3471 5917 praecepti
3497 5855 3575 5901 est
3602 5849 3796 5901 caritas
3814 5849 3890 5901 de
