4108 6466
168 327 296 385 581

1136 329 1223 385 DE
1252 326 1756 387 INCARNATIONE
1790 326 1946 384 FlLll
1984 326 2097 386 DEI
2134 327 2337 386 LIBER
2377 331 2577 390 bulis.

3384 343 3491 401 58!

166 453 354 509 corde
390 468 540 524 puro,
568 459 618 506 et
644 452 964 507 conscientia
991 450 1150 519 bona,
1190 461 1240 505 et
1284 450 1389 521 ﬁde
1425 467 1531 505 non
1574 451 1700 521 [icta
1740 448 1795 515 (ι
1826 451 1875 511 Α
1902 449 1957 504 in
1985 449 2138 507 caelis
2165 450 2401 519 Patrem,
2448 452 2622 524 ipsum
2664 452 2819 510 nobis
2859 455 3093 511 humana
3122 458 3378 517 nativitas
3404 460 3487 516 ft.-

171 546 332 601 Tim.
370 560 406 605 ι,
439 543 527 614 5);
558 554 608 598 et
635 545 691 598 in
719 542 924 598 Christo
966 540 1094 597 Iesu
1122 559 1284 613 neque
1322 543 1645 597 circumcisio
1694 542 1796 596 ali-

164 637 317 710 quid
352 636 503 697 valet,
535 652 697 707 neque
725 634 1052 706 praeputium,
1084 633 1176 688 sed
1196 634 1327 703 ﬁdes
1349 649 1463 704 qua!
1481 650 1574 704 per
1601 635 1797 687 carita-

162 738 294 783 tem
343 736 591 800 operatur
621 725 765 800 (Gal.
807 743 861 792 v,
906 725 997 793 6);
1051 727 1165 797 ipsa
1212 734 1296 781 est
1335 726 1426 780 illa
1476 725 1794 796 simplicitas

170 822 376 879 cordis
406 835 528 892 quae
555 818 853 891 signiﬁcata
872 826 961 874 est
989 819 1043 874 in
1066 818 1322 873 columba
1343 833 1362 871 ξ
1387 817 1512 887 quia
1532 817 1794 872 debemus

168 915 232 970 id
299 914 450 984 quod
497 913 661 969 corde
714 911 987 968 credimus
1009 911 1076 966 ad
1107 911 1369 980 justitiam
1406 925 1509 966 ore
1540 908 1791 976 conﬁteri

173 1004 521 1061 tiducialiter
561 1004 627 1058 ad
655 1003 903 1058 salutem.
937 1001 1200 1057 Columba
1256 1000 1439 1070 itaque
1480 999 1794 1069 simplicita~

166 1105 306 1152 tem
337 1095 577 1152 ostendit
609 1093 730 1150 ﬁdei
759 1102 814 1149 et
832 1094 1097 1159 caritatis,
1130 1100 1191 1148 ut
1230 1100 1381 1147 recte
1415 1091 1701 1149 credamus
1735 1093 1789 1147 in

170 1188 389 1254 Deum,
423 1196 478 1242 et
506 1201 604 1257 per
633 1186 800 1240 Deum
828 1186 1114 1254 diligamus
1138 1193 1193 1239 et
1222 1184 1547 1254 proximum.
1584 1184 1788 1252 Lingua

174 1293 413 1349 quoque
440 1278 596 1347 ignea
624 1275 891 1346 signiﬁcat
908 1275 1301 1331 confessionem
1332 1289 1472 1328 verm
1500 1273 1790 1328 credulita-

176 1373 282 1439 tis,
318 1380 378 1425 et
402 1370 825 1424 admonitionem
870 1376 1072 1424 sancta:
1097 1366 1359 1422 caritatis.
1404 1365 1499 1420 illa
1529 1379 1660 1435 ergo
1688 1381 1783 1420 co--

170 1463 379 1518 tumba
430 1464 481 1516 in
524 1462 676 1531 cujus
731 1460 914 1532 specie
939 1475 1103 1530 super
1138 1457 1410 1513 Christum
1456 1456 1785 1526 baptizatum

176 1556 339 1612 venit
367 1554 602 1626 Spiritus
630 1565 865 1618 sanctus,
896 1551 966 1607 ad
988 1550 1188 1622 aliquid
1215 1548 1624 1619 signiﬁcandum
1644 1547 1784 1604 facta

176 1658 295 1716 est,
329 1658 388 1704 et
415 1649 676 1705 continuo
706 1647 964 1706 resoluta.
1012 1632 1174 1701 Solus
1216 1645 1360 1698 enim
1389 1641 1556 1697 Filius
1595 1642 1784 1696 huma-

176 1758 317 1798 nam
343 1757 566 1797 carnem
592 1741 932 1808 animamque
969 1737 1223 1807 suscepit.
1271 1734 1349 1790 Ad
1386 1736 1562 1805 ipsum
1605 1734 1782 1789 solum

1898 541 2064 597 cisset
2091 550 2148 597 et
2188 541 2428 597 fratrem.

1970 631 2055 687 15.
2086 631 2292 703 Magnae
2317 634 2663 691 absurditatis
2690 640 2774 692 es:
2801 635 2952 693 illum
2998 651 3067 693 ex
3115 645 3362 709 tempore
3387 654 3488 710 ge-

1896 725 2066 780 nitum
2095 726 2376 796 suspicari,
2405 727 2491 782 cui
2520 727 2684 800 414
2719 743 2787 784 ex
2815 729 3120 786 mternitate
3160 747 3268 787 non
3298 742 3486 790 natum

1894 832 2032 884 esse,
2056 818 2149 873 sed
2177 819 2426 889 genuisse
2453 820 2524 875 sit
2553 822 2850 892 proprium.
2875 821 2992 878 lloc
3019 823 3202 892 itaque
3227 827 3483 881 convenit

1893 922 2034 963 vera;
2082 908 2224 975 ﬁdei,
2254 925 2428 980 neque
2455 909 2691 978 Patrem,
2724 927 2899 982 neque
2927 912 3183 983 Spiritum
3207 954 3223 979 ,
3253 915 3347 971 sed
3387 916 3482 971 Fi-

1893 998 2042 1063 lium,
2074 1000 2210 1055 sicut
2259 1001 2435 1056 solum
2483 1010 2669 1057 natum
2697 1002 2765 1057 de
2808 1001 2921 1059 Deo
2973 1002 3149 1071 Patre,
3190 1005 3268 1062 sic
3304 1008 3479 1063 solum

1891 1098 2075 1144 natum
2104 1090 2172 1145 de
2197 1089 2364 1145 Maria
2385 1092 2607 1159 Virgine
2634 1093 2903 1149 confiteri.
2933 1093 3199 1161 Quoniam
3222 1111 3354 1166 ergo
3382 1114 3477 1153 so.

1889 1180 1972 1236 lus
2011 1180 2175 1237 Filius
2206 1181 2349 1237 Deus
2385 1198 2604 1238 carnem
2634 1185 2902 1255 suscepit,
2937 1186 3058 1241 ideo
3087 1202 3188 1243 nos
3216 1187 3309 1243 Dei
3339 1187 3477 1245 ﬁlios

1888 1274 2034 1337 fecit,
2067 1283 2122 1330 et
2151 1275 2408 1332 liberatos
2436 1292 2465 1330 a
2507 1276 2767 1333 servitute
2798 1280 3039 1347 peccati,
3072 1295 3213 1339 vene
3241 1279 3476 1338 reddidit

1889 1366 2145 1421 libertati.
2172 1367 2239 1422 Et
2260 1369 2383 1438 quia
2412 1368 2559 1423 solus
2585 1377 2669 1423 est
2696 1369 2765 1425 de
2789 1370 3009 1439 Virgine
3033 1380 3209 1437 natus,
3242 1373 3363 1429 ideo
3383 1391 3474 1429 so-

1888 1458 1971 1513 lus
1994 1475 2095 1529 pro
2124 1461 2279 1516 nobis
2316 1469 2399 1516 est
2447 1460 2717 1517 traditus:
2760 1470 2994 1519 testante
3043 1464 3303 1534 Apostolo
3344 1467 3472 1537 quia

1886 1547 2025 1605 Deus
2056 1550 2103 1603 F
2106 1553 2195 1607 ilio
2216 1570 2308 1607 suo
2332 1553 2538 1624 proprio
2568 1571 2670 1609 non
2699 1557 2939 1625 pepercit,
2964 1557 3055 1610 sed
3072 1574 3165 1627 pro
3192 1557 3340 1613 nobis
3362 1575 3475 1613 om-

1884 1643 2033 1697 nibus
2063 1645 2283 1699 tradidit
2318 1645 2465 1699 illum
2497 1644 2686 1715 (Rom.
2719 1662 2837 1709 vut,
2873 1645 2992 1714 52).
3021 1647 3154 1703 Nam
3183 1657 3239 1704 et
3266 1650 3334 1705 de
3355 1651 3474 1720 ipso

1885 1730 2021 1788 Filio
2043 1734 2217 1789 dicit:
2272 1736 2422 1800 Quod
2470 1744 2643 1791 autem
2689 1754 2824 1791 nunc
2870 1738 2978 1791 viro
3004 1740 3059 1792 in
3089 1756 3267 1804 carne,
3290 1742 3345 1794 in
3366 1742 3474 1811 ﬁde

177 1835 336 1889 enim
365 1832 685 1888 naturaliter
707 1831 885 1885 divina
916 1830 1170 1884 nativitas
1196 1827 1520 1898 pertinebat.
1560 1825 1628 1880 Et
1655 1827 1782 1896 quia
1815 1836 1857 1895 Β
1884 1826 1994 1881 viro
2035 1825 2167 1882 Filii
2197 1826 2314 1892 Dei,
2359 1830 2446 1900 qui
2473 1829 2656 1883 dilexit
2683 1847 2789 1895 me,
2821 1839 2870 1884 et
2898 1831 3116 1885 tradidit
3143 1835 3474 1904 semetipsum

183 1929 287 1997 (at.
311 1924 428 1995 qui)
460 1923 609 1979 solus
632 1929 791 1977 natus
810 1929 896 1975 est
922 1920 989 1976 de
1015 1918 1198 1985 Patre,
1235 1918 1385 1974 solus
1429 1918 1578 1972 nasci
1603 1916 1780 1986 potuit

182 2025 245 2072 et
276 2016 347 2071 de
378 2014 614 2083 Virgine.
646 2011 747 2079 Qui
777 2012 879 2066 nisi
923 2011 1086 2066 homo
1118 2026 1188 2065 ex
1232 2010 1454 2065 homine
1482 2008 1654 2072 fieret,
1687 2022 1787 2061 na-

183 2117 330 2163 tura:
358 2114 553 2161 nostra:
583 2104 857 2176 particeps
884 2119 990 2157 non
1022 2101 1226 2157 fuisset.
1266 2100 1394 2156 Ideo
1422 2114 1552 2168 ergo
1583 2099 1782 2154 factum

181 2210 278 2255 est
309 2208 369 2254 ut
399 2213 579 2253 veram
608 2212 827 2253 carnem
857 2196 1130 2265 acciperet
1149 2195 1218 2249 de
1247 2209 1412 2249 carne
1444 2193 1695 2262 Virginis,
1726 2200 1786 2246 ut

186 2306 321 2344 cum
364 2290 455 2343 illo
501 2287 657 2343 nobis
692 2302 819 2341 vera
856 2294 1102 2341 maneret
1147 2284 1455 2340 communio
1503 2282 1781 2338 naturalis.

188 2378 480 2447 Quomodo
516 2378 659 2432 enim
693 2376 778 2432 vél
818 2377 1069 2446 antiquos
1106 2375 1313 2440 Patres,
1342 2374 1784 2444 veLcujusquam

182 2471 452 2546 temporis
493 2468 760 2546 homines,
819 2468 872 2521 in
942 2466 1276 2522 consortium
1326 2480 1436 2522 sua!
1489 2465 1786 2521 divinitatis

181 2540 500 2621 ascisceret,
529 2560 573 2614 si
597 2540 720 2614 cum
750 2559 829 2614 eis
858 2559 1103 2614 naturale
1123 2559 1300 2613 carnis
1320 2559 1651 2613 consortium
1674 2574 1783 2615 non

190 2654 453 2708 haberet?

261 2746 352 2801 14.
391 2744 555 2800 Filius
581 2761 711 2815 ergo
740 2745 834 2799 Dei
858 2760 963 2799 non
987 2736 1160 2799 solum
1186 2743 1370 2808 homo,
1403 2744 1500 2799 sed
1525 2743 1689 2799 etiam
1711 2758 1781 2799 ex

184 2838 500 2893 hominibus
521 2836 772 2905 dignatus
800 2844 884 2891 est
912 2834 1047 2891 ﬁeri.
1079 2833 1207 2891 Inde
1232 2843 1318 2890 est
1360 2835 1503 2904 quod
1534 2835 1608 2889 ait
1637 2835 1781 2905 Apo-

182 2932 362 2987 stolus
384 2932 610 3000 loquens
638 2931 706 2986 de
733 2929 950 2985 Christo
983 2948 995 2981 ε
1026 2928 1153 2984 Non
1181 2932 1319 2984 enim
1347 2931 1564 3002 angelos
1588 2946 1778 3001 appre-

191 3023 388 3087 hendit,
421 3021 512 3076 sed
539 3038 713 3076 semen
750 3020 972 3075 Abrahae
1011 3021 1374 3092 apprehendit.
1407 3020 1561 3075 Unde
1606 3022 1779 3075 debuit

186 3112 484 3183 peromnia
512 3112 759 3183 fratribus
806 3112 1059 3175 similari,
1091 3123 1149 3166 ut
1194 3114 1489 3167 misericors
1534 3115 1682 3184 ﬁeret
1728 3123 1779 3168 et

1885 1932 1980 1985 pro
2006 1934 2086 1970 me
2116 1917 2255 1987 (Cal.
2289 1934 2344 1978 ιι,
2375 1918 2489 1991 9-0).
2538 1920 2656 1975 Alio
2703 1935 2921 1992 quoque
2966 1922 3109 1977 loco.
3133 1923 3208 1977 ait
3240 1942 3252 1976 :
3288 1923 3474 1979 Gratia

1882 2006 2022 2061 vobis
2043 2018 2094 2061 et
2114 2025 2219 2079 pax
2258 2026 2289 2061 a
2321 2007 2428 2064 Deo
2458 2009 2619 2065 Patre
2646 2021 2823 2065 nostro
2844 2022 2895 2066 et
2923 2011 3145 2067 Domino
3165 2012 3288 2068 Jesu
3318 2013 3474 2070 Cltri-
3530 2081 3535 2086 ,

1883 2107 1983 2156 sto,
2007 2098 2093 2167 qui
2114 2097 2255 2152 dedit
2281 2100 2612 2168 semetipsum
2638 2118 2732 2171 pro
2776 2105 2999 2171 peccatis
3030 2106 3220 2158 nostris
3237 2145 3252 2167 ,
3281 2115 3337 2158 ut
3364 2107 3473 2159 eri-

1884 2197 2025 2259 peret
2068 2206 2162 2244 nos
2191 2190 2255 2244 de
2282 2190 2535 2261 presenti
2552 2192 2741 2248 saeculo
2770 2209 3016 2264 nequam,
3062 2195 3342 2249 secundum
3385 2211 3475 2251 uo-

1884 2280 2134 2335 luntatem
2184 2279 2282 2335 Dei
2331 2281 2509 2336 Patris
2553 2284 2738 2347 nostri,
2770 2285 2851 2337 cui
2889 2294 2967 2338 est
3004 2285 3175 2355 gloria
3198 2287 3253 2339 in
3280 2286 3474 2341 stecula

1884 2370 2191 2425 surculorum
2221 2370 2364 2438 (Cal.
2397 2388 2435 2440 ι,
2480 2370 2514 2425 5
2532 2378 2573 2441 ).
2606 2372 2757 2428 Sicut
2784 2387 2914 2443 ergo
2945 2375 3162 2430 tradidit
3198 2376 3359 2432 Pater
3382 2377 3473 2433 Fi-

1883 2461 2033 2527 lium,
2057 2464 2130 2517 ita
2150 2464 2497 2534 semetipsum
2526 2464 2745 2520 tradidit
2768 2466 2934 2521 Filius
2959 2485 2972 2520 :
2995 2476 3053 2522 et
3077 2468 3215 2524 sicut
3235 2471 3474 2541 seipsum

1883 2553 2050 2609 Filius
2076 2554 2244 2624 dedit,
2271 2557 2351 2611 sic
2393 2573 2514 2613 eum
2545 2558 2708 2613 etiam
2738 2557 2902 2615 Pater
2928 2561 3092 2628 dedit,
3142 2563 3356 2620 dicente
3382 2564 3473 2620 Fi-

1883 2645 1957 2701 lio
1993 2665 2005 2700 :
2041 2648 2132 2703 Sic
2157 2650 2296 2701 enim
2340 2649 2518 2704 dilexit
2547 2649 2688 2705 Deus
2715 2654 2984 2719 mundum,
3007 2664 3064 2708 ut
3088 2654 3135 2713 F
3138 2656 3287 2711 ilium
3322 2674 3470 2714 suum

1882 2737 2202 2809 unigenitum
2230 2740 2397 2805 daret,
2428 2751 2486 2794 ut
2505 2744 2672 2796 omnis
2695 2745 2782 2815 qui
2810 2746 2974 2799 credit
2998 2747 3051 2799 in
3075 2764 3189 2801 eunt
3219 2764 3323 2803 non
3350 2766 3478 2821 per-

1882 2835 1986 2893 eat,
2011 2830 2103 2883 sed
2121 2830 2309 2885 habeat
2336 2833 2489 2886 vitam
2511 2844 2759 2889 wternam
2793 2835 2973 2908 (Joan.
3004 2854 3079 2903 ιιι,
3114 2838 3235 2911 16).

1954 2918 2042 2973 16.
2077 2919 2168 2975 His
2198 2921 2378 2992 itaque
2406 2923 2655 2979 omnibus
2683 2926 2934 2994 cognitis,
2968 2929 3163 2997 quibus
3193 2929 3475 2988 evidenter

1882 3012 2185 3068 ostenditur
2210 3014 2382 3069 solum
2432 3014 2625 3071 Filium
2659 3032 2759 3087 pro
2800 3026 2985 3072 nostra
3033 3020 3206 3076 salute
3253 3037 3469 3081 carnem

1882 3106 2200 3174 suscepisse,
2228 3105 2509 3175 solumque
2553 3124 2651 3178 pro
2681 3110 2918 3179 peccatis
2962 3111 3163 3168 nostris
3188 3114 3468 3183 traditum,

184 3204 362 3274 ﬁdeli;
392 3206 625 3276 pontifex
652 3205 723 3258 ad
747 3202 910 3258 Deum
927 3246 942 3271 ,
972 3214 1029 3258 ιιι
1074 3206 1436 3275 repropitiaret
1473 3205 1661 3260 delicla
1685 3223 1779 3277 ρο-
1805 3190 1851 3255 C
1882 3205 1938 3252 et
1964 3197 2230 3268 passionis
2258 3212 2321 3254 ac
2341 3200 2533 3254 mortis
2557 3201 2843 3271 pertulisse
2872 3203 3222 3273 supplicium,
3252 3207 3393 3263 absit
3412 3218 3474 3265 ut

190 3297 317 3365 puli.
350 3293 417 3349 In
435 3312 495 3350 eo
520 3298 656 3350 enim
678 3296 814 3366 quod
845 3296 939 3367 (al.
976 3297 1099 3366 quo)
1122 3313 1305 3367 passus
1334 3305 1411 3351 est
1432 3299 1561 3367 ipse,
1592 3308 1641 3352 et
1661 3308 1777 3353 ten-

188 3396 347 3457 tatus,
375 3384 557 3458 potens
572 3399 649 3443 est
668 3392 742 3443 eis
770 3390 857 3460 qui
888 3398 1147 3442 tentantur
1166 3390 1435 3444 auxiliari.
1464 3389 1635 3457 Unde,
1667 3393 1777 3462 fra-

188 3489 290 3533 tres
315 3480 504 3543 sancti,
527 3482 813 3534 vocationis
860 3480 1077 3534 caelestis
1107 3482 1414 3552 participes,
1447 3483 1778 3538 considerate

188 3566 488 3639 Apostolum
533 3582 582 3624 et
612 3570 917 3640 Ponti/irem
947 3573 1288 3642 confessionis
1335 3582 1530 3628 nostra:
1573 3574 1775 3641 Jesum,

181 3664 274 3735 qui
300 3662 469 3732 ﬁdelis
507 3669 582 3716 est
612 3661 662 3714 ei
698 3663 784 3732 qui
823 3664 946 3732 fecit
979 3663 1127 3717 illum
1153 3663 1342 3735 (Hebr.
1372 3681 1430 3730 ιι,
1456 3666 1551 3730 lli;
1575 3683 1651 3730 ιιι,
1682 3666 1705 3719 1
1732 3667 1774 3735 ).

192 3755 323 3811 Hinc
342 3762 426 3810 est
444 3754 588 3823 quod
608 3753 714 3808 alio
736 3754 855 3808 loco
871 3769 1055 3810 rursus
1075 3755 1318 3823 ejusdem
1335 3756 1589 3826 Epistolas
1612 3758 1771 3813 dicit:

186 3846 369 3902 Omnis
397 3849 535 3901 enim
565 3847 802 3917 pontifex
817 3862 884 3900 ex-
912 3846 1202 3901 Itominibus
1241 3859 1537 3919 assumptus
1557 3867 1651 3918 pro
1680 3851 1776 3905 Ito-

185 3940 404 3995 minibus
433 3939 761 3993 constituitur
784 3940 843 3993 in
870 3939 933 3992 iis
955 3954 1070 4009 qua:
1095 3949 1215 3993 sunt
1252 3940 1322 3993 ad
1348 3939 1531 3999 Deum.
1565 3950 1621 3994 ut
1646 3942 1778 4010 οπε-

190 4041 270 4084 rat
297 4032 436 4086 dona
454 4041 504 4083 et
531 4030 795 4099 sacriﬁcia
820 4046 915 4099 pro
944 4032 1169 4099 peccatis
1204 4029 1393 4099 (Hebr.
1426 4047 1479 4097 v,
1512 4031 1594 4102 1).
1629 4031 1775 4087 Talis

188 4130 363 4176 autem
393 4129 510 4199 erat
539 4120 639 4174 iste
668 4118 938 4190 pontifex,
966 4131 1024 4175 ut
1049 4120 1116 4175 ad
1142 4121 1639 4177 reconciliationem
1672 4123 1774 4177 hu-

188 4211 327 4266 mani
347 4209 560 4279 generis
599 4210 946 4280 semetipsum
977 4225 1075 4280 pro
1104 4211 1263 4266 nobis
1289 4210 1510 4271 offerret
1538 4212 1775 4267 oblatio-

188 4318 305 4358 nem
333 4311 391 4357 et
416 4302 648 4357 hostiam
694 4300 808 4357 Deo
837 4302 890 4357 in
921 4302 1145 4358 odorem
1182 4305 1482 4359 suavitatis.
1514 4304 1645 4360 Inde
1684 4314 1771 4361 est

187 4393 327 4463 quod
355 4409 469 4447 cum
489 4393 685 4447 inimici
713 4410 967 4458 essemus,
997 4396 1319 4450 reconciliati
1339 4412 1513 4451 sumus
1544 4396 1651 4451 Deo
1680 4416 1772 4469 per

187 4494 397 4540 mortem
425 4483 549 4539 Filii
565 4484 866 4555 ejus(Rom.
899 4501 952 4546 v,
986 4485 1111 4553 10).
1134 4485 1205 4542 Ut
1230 4496 1407 4543 autem
1435 4489 1626 4547 beatus
1644 4506 1773 4561 ιιρο-

1879 3289 2163 3360 quisquam
2193 3289 2427 3346 ﬁdelium
2457 3290 2605 3347 dicat
2634 3293 2803 3349 Deum
2835 3294 3047 3350 Patrem
3068 3336 3082 3360 ,
3128 3307 3220 3353 aut
3247 3299 3315 3355 de
3342 3301 3469 3356 Vir-

1877 3382 2002 3449 gine
2030 3390 2235 3445 natum,
2266 3393 2359 3437 aut
2379 3398 2480 3452 pro
2508 3384 2666 3440 nobis
2693 3386 2971 3441 traditum.
3002 3387 3105 3443 lsta
3134 3390 3275 3445 enim
3300 3391 3469 3449 solius

1876 3481 2002 3528 sunt
2040 3474 2179 3540 Filii,
2214 3474 2306 3545 qui
2335 3476 2474 3531 sicut
2494 3492 2593 3547 pro
2621 3477 2779 3533 nobis
2817 3481 3188 3550 temporaliter
3215 3482 3468 3550 dignatus

1878 3577 1959 3621 est
1982 3569 2147 3632 nasci,
2178 3569 2251 3623 ita
2271 3570 2643 3639 temporaliter
2670 3570 2828 3626 mori.
2876 3570 2933 3626 Si
2979 3574 3099 3641 quis
3124 3582 3305 3629 autem
3351 3575 3465 3631 Deo

1879 3657 2026 3714 Patri
2053 3661 2452 3730 susceptionem
2507 3662 2685 3717 carnis
2715 3664 2970 3731 assignat,
3016 3664 3146 3719 illud
3196 3668 3467 3737 prmcipue

1878 3749 2121 3804 attendat
2152 3751 2204 3804 in
2234 3748 2544 3819 Evangelio,
2569 3752 2692 3820 quia
2723 3752 2866 3807 Deus
2894 3753 2987 3822 qui
3012 3768 3229 3809 carnem
3271 3756 3462 3823 induit,

1876 3840 2309 3910 frequentissime
2356 3857 2416 3897 se
2446 3842 2618 3911 ipsum
2651 3858 2759 3896 non
2789 3842 2962 3897 solum
2995 3842 3160 3898 ﬁlium
3210 3846 3464 3912 hominis,

1877 3930 1970 3985 sed
2001 3932 2163 3985 etiam
2193 3931 2287 3985 Dei
2317 3930 2508 3984 Filium
2560 3933 2877 3986 nominavit.
2918 3932 3037 4002 ipse
3074 3936 3273 4004 quippe
3319 3952 3465 3991 eteco

1876 4031 2004 4077 nato
2035 4038 2194 4091 quem
2229 4024 2625 4077 illuminaverat
2654 4024 2788 4077 dixit
2819 4042 2832 4077 :
2870 4023 2945 4077 Tu
2984 4026 3148 4079 credis
3180 4027 3234 4079 in
3267 4025 3466 4081 Filium

1876 4114 2012 4170 Dei?
2041 4114 2325 4185 Respondit
2371 4116 2476 4179 ille,
2506 4125 2555 4169 et
2613 4116 2789 4170 dixit:
2830 4113 2957 4180 Quis
2993 4127 3069 4171 est
3119 4116 3358 4183 Domine,
3407 4127 3469 4173 ut

1876 4207 2081 4260 credam
2109 4206 2338 4260 ineunt?
2368 4204 2436 4258 Et
2458 4206 2591 4260 dixit
2619 4206 2668 4260 ei
2701 4204 2855 4260 Iesus
2886 4224 2903 4261 :
2934 4206 3000 4260 Et
3030 4207 3201 4261 vidisti
3244 4224 3377 4273 eum,
3410 4220 3479 4261 et'

1874 4300 1959 4372 qui
1978 4299 2203 4369 loquitur
2233 4306 2393 4351 tecum
2419 4299 2529 4367 ipse
2550 4305 2643 4351 est.
2671 4299 2738 4350 At
2761 4298 2850 4352 ille
2872 4300 2945 4351 ait
2969 4316 2984 4352 :
3008 4296 3196 4365 Credo,
3224 4297 3461 4353 Domine.

1874 4389 1944 4445 Et
1964 4391 2237 4461 procidens
2266 4390 2501 4444 adorauit
2530 4405 2646 4442 eum
2687 4389 2866 4460 (Joan.
2899 4405 2971 4452 Ix.
3002 4387 3075 4442 '55
3102 4400 3152 4443 et
3180 4392 3336 4462 seq.).
3369 4390 3463 4444 Ju-

1875 4481 2002 4535 dmis
2040 4495 2255 4551 quoque
2279 4481 2357 4535 sic
2386 4481 2463 4535 ait
2493 4497 2504 4533 :
2550 4479 2743 4535 Nonne
2786 4483 3032 4551 scriptum
3060 4491 3135 4535 est
3160 4483 3213 4534 in
3244 4483 3353 4553 lege
3379 4497 3465 4536 ve-

188 4578 353 4632 stolus
376 4575 970 4631 ostenderetChristum
996 4577 1087 4632 Dei
1105 4577 1294 4633 Filium
1317 4594 1383 4635 ex
1414 4580 1507 4635 illo
1545 4596 1655 4637 uno
1676 4582 1771 4637 ho-
1796 4564 1850 4623 D
1873 4574 2002 4633 xtra.
2030 4574 2151 4644 quia
2192 4590 2285 4644 ego
2330 4573 2441 4626 dixi
2473 4589 2491 4626 :
2534 4571 2622 4625 Dii
2650 4572 2816 4626 estis?
2845 4572 2907 4627 Si
2937 4572 3054 4627 illos
3083 4572 3216 4625 dixit
3244 4572 3368 4626 deos
3392 4571 3464 4626 ad

191 4669 328 4723 mine
355 4667 582 4721 traxisse
598 4667 860 4734 originem
885 4668 1081 4729 carnis,
1101 4683 1169 4723 ex
1192 4686 1301 4739 quo
1316 4687 1505 4726 omnes
1524 4673 1767 4728 homines
1869 4683 1996 4735 quos
2014 4682 2182 4719 sermo
2207 4664 2304 4718 Dei
2326 4668 2495 4736 factus
2510 4672 2606 4728 est,
2630 4673 2677 4717 et
2698 4680 2803 4718 non
2827 4673 2992 4733 potest
3013 4664 3140 4718 solvi
3163 4662 3459 4732 Scriptura,

188 4758 498 4830 propagavit
517 4758 694 4812 unitas
714 4758 991 4823 naturalis,
1015 4768 1303 4827 propterea
1324 4761 1453 4816 dicit
1481 4763 1587 4818 alio
1611 4764 1760 4820 loco:

1879 4773 2019 4829 quem
2044 4755 2206 4810 Pater
2243 4756 2589 4812 sanctiﬁcavit
2616 4763 2665 4809 et
2692 4756 2834 4808 misit
2876 4757 2931 4808 in
2962 4755 3228 4819 mundum,
3261 4754 3459 4819 dicitis,

189 4847 281 4914 Qui
301 4851 434 4903 enim
455 4848 774 4919 sanctiﬁcat,
788 4858 837 4903 et
850 4848 938 4918 qui
955 4850 1352 4919 sanctiﬁcantur
1363 4868 1428 4905 ea:
1448 4870 1550 4907 uno
1564 4872 1763 4911 omnes.

1879 4848 2231 4920 Blasphemas,
2253 4848 2372 4918 quia
2407 4846 2538 4911 dixi,
2567 4844 2737 4900 Filius
2767 4844 2861 4901 Dei
2886 4863 2997 4900 sum
3030 4843 3210 4917 (Joan.
3252 4861 3309 4912 χ,
3339 4844 3456 4899 δι’.

190 4938 566 5009 Propterquam
579 4955 784 4993 causam
798 4955 901 4994 non
916 4940 1252 5010 confunditur
1272 4942 1463 5012 fratres
1478 4961 1566 4999 eos
1587 4963 1768 5001 vocare
1869 4941 1990 4995 Alio
2017 4954 2234 5009 quoque
2264 4939 2388 4993 loco
2414 4938 2572 4992 simul
2600 4953 2660 4992 se
2690 4946 2743 4992 et
2766 4936 2959 4992 Filium
2990 4937 3247 5005 hominis,
3279 4948 3333 4993 et
3364 4938 3460 4993 Dei

188 5032 376 5093 dicens,
393 5029 661 5085 Nuntiabo
685 5048 872 5086 nomen
897 5041 1037 5086 tuum
1055 5034 1305 5104 fratribus
1335 5036 1460 5090 meis
1484 5035 1670 5110 (Hebr.
1702 5055 1760 5106 ιι,

198 5120 596 5188 tl).llleautem
620 5124 724 5179 hoc
754 5125 820 5179 de
849 5125 1006 5180 nobis
1034 5125 1181 5188 dicit,
1215 5126 1308 5196 qui
1337 5129 1628 5185 secundum
1651 5147 1767 5187 car-

192 5229 306 5270 nem
320 5229 417 5285 pro
430 5215 584 5270 nobis
593 5224 677 5271 est
689 5223 743 5270 et
758 5224 916 5275 natus
928 5226 985 5272 et
1010 5234 1199 5287 passus
1221 5237 1235 5271 :
1257 5218 1365 5273 imo
1387 5222 1478 5289 qui
1499 5222 1578 5276 sic
1605 5232 1764 5278 natu-

192 5320 258 5361 ra:
276 5314 468 5361 nostra:
494 5314 670 5361 tactus
689 5314 773 5361 est
792 5308 1080 5378 particeps,
1109 5318 1169 5365 ut
1187 5324 1254 5365 ex
1272 5310 1364 5365 illo
1387 5311 1672 5367 nno'ﬁeret
1694 5330 1763 5370 ex

192 5412 290 5467 quo
310 5406 498 5452 omnes
525 5396 651 5453 lacti
676 5412 891 5461 sumus;
925 5413 991 5453 ex
1023 5400 1114 5455 illo
1144 5416 1252 5455 uno
1270 5403 1468 5459 ‘carnis
1496 5404 1761 5473 originem

192 5487 416 5554 duceret,
447 5502 517 5543 ex
560 5502 669 5558 quo
704 5488 886 5544 cuncti
926 5489 1185 5559 originem
1224 5490 1486 5549 ducimus.
1534 5493 1686 5561 Quod
1716 5494 1763 5549 si

193 5576 415 5635 Trinitas
438 5593 538 5649 pro
576 5578 732 5633 nobis
770 5577 1066 5648 susciperet
1099 5595 1351 5648 carnem,
1405 5583 1658 5652 quoniam
1686 5582 1763 5636 illi

192 5671 275 5741 qui
322 5672 632 5727 incarnatus
686 5679 792 5741 est,
838 5685 935 5740 per
955 5674 1286 5731 consortium
1317 5674 1516 5739 carnis,
1568 5672 1764 5729 fratres

195 5763 303 5820 facti
327 5780 541 5831 sumus;
563 5763 675 5838 jam
698 5780 804 5820 non
824 5764 995 5819 solum
1018 5762 1109 5819 ﬁlii
1139 5765 1232 5829 Dei
1258 5768 1453 5829 Patris,
1489 5767 1580 5822 sed
1599 5768 1761 5825 etiam

196 5856 371 5915 intres
400 5857 566 5914 totius
593 5855 870 5912 Trinitatis
906 5871 1172 5933 essemus;
1207 5881 1261 5930 ρι
1311 5873 1475 5937 quem
1504 5859 1765 5914 habemus

1868 5030 2058 5086 Filium
2096 5029 2426 5098 nuncupavit
2479 5028 2710 5083 dicens:
2759 5029 2906 5083 Sicut
2957 5028 3163 5099 Moyses
3211 5029 3460 5083 exultavit

1865 5133 2148 5194 serpentem
2188 5124 2241 5176 in
2273 5123 2494 5190 deserto,
2523 5123 2597 5176 ita
2645 5130 2847 5193 oportet
2866 5123 3092 5177 exaltari
3126 5119 3318 5177 Filium
3358 5127 3455 5178 Ito»

1868 5216 2041 5280 minis,
2063 5223 2121 5268 ut
2141 5216 2307 5270 omnis
2333 5216 2417 5286 qui
2448 5213 2612 5267 credit
2632 5214 2686 5268 in
2716 5215 2827 5284 ipso
2858 5230 2964 5267 non
2997 5223 3193 5281 pereat,
3221 5213 3313 5267 sed
3355 5215 3471 5268 Ιιαο·

1868 5305 1983 5359 beat
2011 5306 2168 5360 vitam
2202 5314 2450 5360 wternam
2483 5303 2671 5375 (Joan.
2708 5320 2785 5369 ιιι,
2820 5302 2939 5376 14).
2975 5300 3072 5358 Ubi
3103 5306 3363 5361 continuo
3393 5307 3457 5361 il-

1867 5398 1956 5455 lud
1982 5399 2124 5468 quod
2166 5398 2220 5453 in
2249 5399 2353 5454 hoc
2382 5414 2547 5469 opere
2577 5415 2607 5453 a
2637 5399 2796 5454 nobis
2824 5399 2897 5453 ita
2925 5398 3161 5469 positum
3204 5406 3307 5461 est,
3342 5400 3460 5472 ipse

1864 5491 1932 5547 de
1952 5507 2010 5547 se
2038 5491 2285 5547 Salvator
2312 5492 2577 5560 adjunxit,
2609 5491 2662 5547 in
2690 5508 2799 5562 quo
2829 5507 2888 5547 se
2926 5490 3019 5547 Dei
3049 5490 3244 5549 Filium
3274 5495 3454 5549 nomi-

1867 5582 2014 5637 navit
2041 5583 2224 5638 dicens
2254 5599 2269 5636 :
2302 5584 2395 5637 Sic
2422 5584 2557 5636 enim
2587 5584 2773 5638 dilexit
2807 5582 2947 5639 Deus
2980 5585 3245 5653 mundum,
3276 5594 3335 5639 ut
3360 5584 3455 5641 Fi-

1865 5678 1990 5732 lium
2011 5693 2159 5731 suum
2180 5654 2499 5748 unigenitum
2521 5677 2686 5741 daret,
2710 5686 2766 5730 ut
2780 5679 2947 5733 omnis
2966 5680 3051 5751 qui
3068 5680 3229 5734 credit
3255 5681 3312 5734 in
3335 5694 3452 5733 eum

1865 5784 1969 5821 non
1982 5775 2178 5837 pereat,
2208 5765 2300 5821 sed
2328 5766 2515 5819 habent
2536 5765 2693 5819 vitam
2716 5774 2981 5820 aeternam.
3009 5766 3131 5822 Non
3153 5770 3289 5822 enim
3316 5770 3455 5823 misit

1871 5857 2006 5914 Deus
2038 5855 2229 5913 Filium
2260 5866 2315 5911 ut
2338 5856 2532 5928 judice!
2564 5855 2828 5924 mundum,
2864 5858 2954 5913 sed
2974 5868 3028 5911 ut
3049 5859 3272 5914 salvetur
3298 5877 3452 5915 mun—
