4130 6460
1609 355 1666 412 S.
1706 351 2068 412 FULG-ENTII
2104 349 2401 410 EPlSCOPl
2440 349 2810 410 RUSPENSIS

3768 345 3870 404 534

597 483 692 535 dus
719 495 812 550 per
830 479 1018 548 ipsum.
1053 475 1152 540 Qui
1184 475 1344 529 credit
1367 475 1420 526 in
1450 489 1562 526 eum
1593 488 1693 524 non
1709 468 2057 540 judicubitur;
2090 468 2176 538 qui
2208 474 2252 526 Α
2287 465 2495 536 (Matth.
2535 483 2663 530 xvu,
2705 465 2818 536 21).
2864 463 2990 519 Ideo
3018 474 3146 532 ergo
3184 467 3407 516 venerat
3435 469 3494 516 ut
3533 459 3874 516 occideretur

595 582 765 625 autem
791 588 894 625 non
915 569 1092 630 credit,
1121 568 1233 638 jam
1256 566 1519 636 judicatus
1543 572 1640 629 est,
1664 563 1781 632 quia
1813 578 1917 614 non
1934 560 2095 612 credit
2123 560 2177 611 in

598 679 806 716 nomine
831 661 1086 731 unigeniti
1103 659 1228 712 Filii
1245 657 1340 710 Dei
1368 655 1554 726 (Joan.
1582 669 1685 718 111.,
1723 653 1785 707 l7
1805 659 1854 706 et
1875 651 2179 722 seq.).Nam

595 763 651 806 et
680 767 802 807 eam
831 752 1007 820 seipse
1036 748 1228 802 Filium
1251 746 1482 800 hominis
1511 745 1832 804 nominaret,
1872 741 2060 796 dicens
2099 739 2180 793 di—

596 844 816 913 scipulis
836 842 948 896 suis
978 859 990 893 :
1015 839 1176 903 Quem
1207 839 1382 891 dicunt
1405 837 1633 890 homines
1657 850 1767 888 esse
1797 831 1995 886 Filium
2015 831 2181 884 homi-

597 935 677 988 nis
709 932 922 1002 (Matt/1.
960 946 1063 992 xw,
1119 929 1245 999 15)?
1293 936 1348 982 et
1392 927 1571 980 audita
1602 925 1878 979 hominum
1929 921 2182 991 opinione

597 1023 934 1085 multimoda,
969 1023 1180 1076 illorum
1210 1020 1416 1074 scilicet
1445 1019 1534 1088 qui
1575 1016 1676 1071 sibi
1705 1016 1773 1070 de
1801 1015 1913 1083 ipsa
1939 1012 2183 1067 Veritate

597 1115 931 1171 mortiferum
958 1113 1117 1184 415
1143 1111 1414 1180 ﬁngebant
1461 1125 1558 1179 pro
1601 1124 1697 1163 sua
1723 1107 1998 1161 voluntate
2028 1118 2181 1157 men—

597 1208 829 1271 dacium,
876 1205 1096 1260 dixisset
1129 1223 1140 1257 :
1195 1203 1295 1258 Vas
1338 1212 1506 1255 autem
1535 1217 1682 1272 quem
1711 1214 1790 1252 me
1831 1212 1940 1250 esse
1978 1193 2184 1248 dicitis?

599 1300 723 1368 quia
752 1297 1078 1366 respondens
1106 1294 1295 1349 Petrus
1316 1295 1408 1358 ait,
1445 1291 1520 1345 Tu
1541 1309 1594 1346 es
1624 1291 1858 1344 Christus
1891 1286 2056 1340 Filius
2086 1283 2184 1338 Dei

599 1392 696 1445 vivi
723 1390 907 1460 (Ibid.,
938 1387 1022 1450 l5,
1057 1387 1176 1458 lli);
1211 1395 1498 1456 propterea
1544 1384 1738 1438 beatus
1770 1380 1967 1435 meruit
1995 1379 2184 1448 appel-

601 1481 717 1542 lari,
750 1481 826 1534 sic
855 1479 970 1549 ipso
999 1479 1226 1532 Domino
1251 1475 1609 1546 respondente
1643 1491 1656 1526 :
1691 1474 1879 1527 Beatus
1895 1488 1967 1536 es,
2001 1471 2184 1524 Simon

602 1573 857 1644 Barjona,
883 1572 1001 1643 quia
1030 1588 1152 1624 caro
1181 1580 1230 1623 et
1278 1569 1489 1639 sanguis
1517 1583 1621 1620 non
1657 1564 1896 1618 revelavit
1935 1561 2046 1626 tibi,
2097 1559 2187 1614 sed

605 1665 763 1719 Pater
783 1681 925 1717 meus
955 1664 1037 1735 qui
1059 1672 1133 1716 est
1169 1663 1221 1715 in
1245 1660 1384 1714 caelis
1409 1658 1594 1730 (Ibid.,
1625 1656 1736 1726 17).

674 1759 760 1811 17.
794 1757 918 1812 Inde
947 1765 1030 1810 est
1069 1755 1209 1824 quod
1238 1755 1399 1808 etiam
1447 1759 1569 1822 post
1615 1748 2062 1805 resurrectionem
2113 1743 2180 1798 ad

2280 573 2379 627 pro
2410 558 2586 612 nobis.
2617 556 2900 623 Quomodo
2925 563 3106 608 autem
3135 553 3497 617 occideretur,
3545 553 3591 606 si
3616 567 3724 607 non
3755 560 3866 606 tras

2279 648 2534 702 deretur?
2563 649 2666 702 Aut
2695 646 2968 717 quomodo
2995 645 3320 708 traderetur,
3338 643 3382 699 si
3414 659 3521 698 non
3551 646 3867 698 teneretur?

2280 736 2560 803 Quomodo
2583 752 2712 792 vero
2742 745 3037 803 teneretur,
3066 735 3111 790 si
3139 752 3260 790 cum
3288 736 3595 791 hominibus
3617 751 3728 791 non
3747 751 3870 792 con-

2278 838 2604 898 versaretur,
2636 830 2721 883 vel
2741 829 3014 898 quomodo
3043 843 3164 884 cum
3192 828 3500 882 hominibus
3528 843 3874 884 conversare-

2282 933 2387 987 tur,
2411 921 2456 976 si
2483 922 2534 975 in
2567 922 2724 976 terris
2745 937 2852 975 non
2873 921 3180 975 videretur?
3202 907 3484 987 Quomodo
3513 929 3695 975 autem
3725 921 3872 975 video

2282 1023 2451 1080 retur,
2491 1016 2535 1069 si
2576 1030 2684 1070 non
2713 1014 3060 1068 nasceretur?
3088 1013 3368 1079 Quomodo
3409 1021 3589 1068 autem
3619 1028 3874 1068 nascere-

2284 1111 2391 1168 tur,
2441 1104 2487 1158 si
2533 1119 2641 1158 non
2687 1120 2816 1159 caro
2843 1104 2910 1158 de
2939 1119 3102 1159 carne
3142 1105 3553 1174 conciperetur?
3594 1103 3652 1159 Si
3690 1114 3873 1160 autem

2283 1199 2464 1253 omnia
2494 1199 2607 1253 lucc
2637 1213 2744 1252 non
2772 1198 2984 1264 tierent,
3011 1198 3298 1253 consilium
3327 1196 3561 1262 Domini,
3586 1198 3734 1268 quod
3765 1214 3878 1252 ma-

2286 1296 2377 1342 net
2407 1288 2459 1342 in
2487 1295 2770 1351 mternum,
2821 1287 3126 1342 nullatenus
3168 1287 3501 1356 impleretur.
3548 1287 3648 1343 Illo
3691 1296 3874 1343 autem

2286 1389 2510 1436 vacante
2558 1381 2804 1446 consilio,
2861 1379 3005 1434 nulla
3053 1379 3212 1435 nobis
3262 1379 3639 1450 peccatoribus
3685 1381 3875 1436 salutis

2287 1474 2458 1542 gratia
2487 1473 2842 1529 conferretur.
2886 1471 2953 1526 Et
2981 1473 3254 1542 quomodo
3282 1482 3428 1528 esset
3471 1475 3524 1528 in
3571 1489 3641 1528 eo
3687 1491 3876 1530 verum

2288 1581 2506 1630 nomen,
2529 1581 2636 1635 quo
2662 1565 2838 1620 dictus
2867 1573 2953 1621 est
2978 1564 3170 1621 Jesus?
3197 1564 3298 1621 Hic
3317 1566 3459 1621 enim
3487 1566 3876 1637 interpretatur

2289 1655 2557 1710 Salvator.
2616 1655 2845 1726 Propter
2889 1655 3034 1726 quod
3083 1657 3303 1725 angelus
3351 1657 3536 1719 dicens
3564 1658 3630 1712 ad
3674 1657 3873 1729 Josepb

2291 1747 2433 1816 quod
2459 1746 2622 1818 416
2651 1747 2888 1817 paritura
2924 1743 3076 1802 esset
3120 1747 3288 1802 Maria
3325 1747 3516 1803 Filium
3546 1749 3662 1815 Dei,
3717 1750 3873 1804 etiam

604 1850 816 1905 Patrem
847 1864 998 1903 suum
1028 1861 1085 1901 se
1117 1859 1460 1900 ascensurum
1490 1843 1597 1896 hoc
1635 1854 1884 1896 sermone
1915 1844 2143 1892 testatur
2170 1852 2182 1887 :
2221 1835 2266 1894 B
2294 1837 2399 1892 hoc
2415 1836 2660 1906 adjunxit
2686 1855 2698 1890 :
2725 1836 2794 1890 Et
2813 1836 3016 1892 vocabis
3038 1854 3224 1891 nomen
3248 1839 3357 1909 ejus
3371 1837 3566 1893 Iesum.
3596 1839 3722 1910 Ipse
3745 1844 3877 1894 enim

603 1942 836 1996 Ascendo
867 1940 936 1992 ad
971 1938 1179 1992 Patrem
1209 1953 1395 1998 meum,
1431 1945 1479 1987 et
1509 1933 1722 1986 Patrem
1751 1938 1992 1993 vestrum,
2021 1925 2188 1979 Deum

603 2051 792 2097 meum,
823 2042 871 2084 et
900 2031 1063 2084 Deum
1091 2039 1313 2083 vestrum
1341 2027 1520 2098 (Joan.
1555 2041 1646 2090 xx,
1672 2024 1782 2095 17).
1811 2022 1867 2076 Si
1897 2035 2025 2090 ergo
2048 2019 2189 2073 Deus

605 2124 698 2192 qui
745 2137 960 2176 carnem
1002 2119 1172 2173 induit
1223 2119 1335 2187 ipse
1380 2131 1500 2170 esse
1535 2115 1673 2168 Deus
1703 2112 1864 2166 Pater
1908 2110 2186 2174 asseritur,

608 2229 829 2270 necesse
857 2221 938 2267 est
966 2220 1025 2266 ut
1064 2219 1117 2264 et
1148 2211 1312 2280 ipsius
1343 2207 1516 2262 Patris
1546 2205 1707 2260 Pater
1734 2219 1852 2260 esse
1879 2204 2016 2257 alius
2043 2216 2191 2257 asse-

613 2314 762 2362 ratur
783 2319 879 2369 ;ac
917 2319 1013 2374 per
1041 2303 1144 2356 hoc
1174 2309 1226 2355 et
1258 2300 1397 2353 Deus
1425 2297 1587 2352 Pater
1617 2297 1802 2350 habuit
1833 2293 2064 2359 Patrem,
2102 2293 2190 2347 cui

607 2396 814 2454 dicere;
841 2394 942 2462 (al.
972 2391 1208 2460 dicitur),
1247 2389 1424 2452 Pater,
1459 2389 1690 2458 clari/ica
1720 2386 1918 2440 Filium
1950 2395 2108 2449 tuum,
2135 2393 2193 2437 ut

615 2485 783 2539 Filius
831 2496 946 2539 tuus
990 2483 1239 2553 clariﬁcet
1287 2491 1334 2535 te
1379 2479 1558 2550 (Joan.
1593 2495 1722 2542 xv11,
1755 2477 1829 2547 1).
1883 2475 1948 2530 Ει
1992 2492 2057 2531 ex
2089 2477 2194 2530 hoc

613 2591 772 2632 sensu
818 2575 1079 2642 sacrilego
1107 2582 1162 2628 et
1187 2570 1536 2641 blasphemiis
1564 2569 1742 2638 pleno,
1776 2567 1936 2622 etiam
1981 2566 2034 2620 in
2063 2564 2193 2619 illud

613 2667 888 2730 reciditur,
932 2673 991 2719 ut
1036 2666 1142 2733 jam
1199 2679 1305 2717 non
1353 2677 1492 2715 unus
1521 2659 1680 2712 Pater
1712 2658 2008 2712 aestimetur
2053 2672 2192 2720 esse,

612 2756 708 2812 sed
736 2754 873 2820 duo;
925 2753 979 2808 id
1018 2761 1101 2807 est
1127 2751 1223 2825 (al.
1254 2750 1438 2817 idem),
1486 2765 1624 2802 unus
1655 2745 1813 2801 Pater
1847 2745 1985 2811 Filii,
2034 2760 2196 2814 quem

612 2846 811 2901 veritas
840 2846 1005 2906 novit,
1055 2853 1111 2898 et
1157 2843 1296 2896 alter
1335 2841 1495 2894 Pater
1535 2839 1726 2899 Patris,
1778 2852 1940 2905 quem
1989 2836 2196 2889 vanitas

615 2936 782 3006 ﬁngit.
809 2935 875 2990 Et
895 2936 982 2991 ubi
1013 2943 1095 2989 est
1119 2931 1265 3002 quod
1291 2947 1455 2986 unum
1487 2930 1653 2984 Deum
1678 2927 1891 2982 Patrem
1919 2925 2199 2996 profitetur

614 3029 902 3100 Apostolus
929 3028 1112 3081 dicens
1145 3044 1157 3078 :
1191 3023 1356 3078 Nobis
1396 3032 1566 3076 autem
1588 3039 1720 3076 unus
1751 3020 1888 3074 Deus
1922 3019 2100 3085 Pater,
2130 3035 2194 3073 ea

614 3137 713 3192 quo
743 3119 932 3184 omnia,
961 3126 1009 3172 et
1038 3134 1132 3172 nos
1155 3118 1208 3170 in
1230 3118 1340 3186 ipso
1370 3113 1420 3184 (ι
1447 3114 1566 3167 Cor.
1592 3129 1702 3176 vnt,
1733 3113 1808 3180 6).
1835 3111 1900 3164 Et
1920 3111 2026 3165 alio
2055 3111 2196 3176 loco,

2289 1929 2488 1983 salvum
2517 1931 2672 2000 faciet
2699 1930 2940 2001 populum
2969 1947 3115 1984 suum
3144 1947 3177 1983 a
3204 1933 3426 2002 peccatis
3452 1949 3627 1987 eorum
3661 1933 3872 2004 (Matth.

2292 2035 2329 2084 1,
2361 2019 2474 2090 21).
2503 2020 2584 2075 Ad
2611 2008 2780 2091 ipsam
2803 2037 2933 2078 vero
2965 2021 3184 2076 Mariam
3220 2023 3297 2078 sic
3340 2025 3552 2078 locutus
3591 2034 3679 2080 est
3719 2043 3872 2096 ange-

2292 2109 2375 2165 lus
2407 2129 2420 2164 :
2452 2110 2587 2165 Ecce
2615 2114 2869 2182 concipies
2915 2114 2971 2167 in
2998 2125 3165 2182 utero,
3204 2125 3253 2169 et
3279 2118 3449 2186 paries
3473 2116 3688 2186 Filium,
3718 2130 3770 2172 et
3791 2139 3878 2175 ro-

2291 2204 2433 2258 cabis
2462 2221 2647 2259 nomen
2675 2205 2784 2275 ejus
2824 2204 3023 2260 Iesum.
3058 2205 3160 2260 Hic
3202 2209 3302 2260 erit
3344 2225 3579 2279 magnus,
3620 2221 3670 2263 et
3697 2210 3750 2263 F
3749 2213 3880 2265 ilius

2292 2295 2542 2350 Altissimi
2591 2297 2852 2351 vocabitur
2906 2297 3052 2368 (Luc.
3103 2315 3153 2362 1,
3212 2299 3319 2362 51,
3371 2299 3486 2370 52).
3551 2301 3663 2355 Non
3712 2303 3877 2370 igitur

2294 2387 2436 2442 Deus
2481 2387 2641 2442 Pater
2668 2397 2751 2443 est
2778 2388 2846 2443 de
2879 2388 3090 2456 Virgine
3119 2397 3300 2457 natus,
3329 2391 3761 2461 Quandoquidem
3792 2393 3882 2446 ille

2293 2495 2453 2549 quem
2484 2480 2647 2548 Virgo
2676 2481 2902 2550 peperit,
2925 2480 3090 2535 Filius
3115 2491 3198 2537 est
3227 2482 3485 2536 Altissimi
3516 2494 3878 2553 nuncupatus.

2293 2573 2434 2642 Ergo
2458 2574 2713 2642 quoniam
2743 2589 2881 2627 unus
2921 2581 3005 2628 est
3029 2572 3210 2640 Pater,
3241 2582 3297 2627 et
3332 2589 3468 2628 unus
3495 2583 3580 2628 est
3609 2574 3798 2640 Filius,
3828 2583 3885 2630 et
3923 2622 3937 2652 ι

2296 2680 2434 2719 unus
2456 2673 2538 2719 est
2564 2663 2792 2734 Spiritus
2823 2671 3067 2730 sanctus;
3099 2675 3385 2734 propterea
3417 2665 3506 2720 ille
3533 2667 3627 2736 qui
3662 2677 3882 2721 natura-

2297 2755 2420 2808 liter
2445 2762 2527 2808 est
2555 2753 2810 2808 Altissimi
2835 2753 3018 2818 Filius,
3052 2755 3118 2808 de
3149 2752 3324 2810 Patris
3344 2763 3546 2810 mterna
3579 2755 3882 2825 divinitate,

2298 2845 2441 2900 idem
2466 2845 2629 2902 Filius
2642 2846 2922 2914 Altissimi,
2945 2846 3237 2901 secundum
3259 2862 3439 2901 veram
3465 2847 3646 2916 ﬁdem,
3661 2858 3887 2906 vocatur

2297 2953 2365 2991 ex
2394 2937 2632 3006 Virgine.

2371 3025 2454 3080 l9.
2491 3025 2601 3081 Nec
2651 3034 2704 3082 te
2750 3037 2966 3083 moveat
3011 3028 3156 3097 quod
3199 3029 3266 3083 de
3310 3028 3428 3084 solo
3473 3029 3612 3085 Filio
3660 3030 3895 3099 loquens

2299 3120 2564 3190 pr0pheta
2592 3121 2727 3174 dixit
2749 3139 2763 3190 ε,
2795 3119 2898 3174 Hic
2927 3119 3067 3175 Deus
3101 3131 3296 3183 noster,
3328 3130 3376 3173 et
3409 3137 3512 3174 non
3550 3122 3897 3176 «estimabit»

620 3211 765 3266 Unus
794 3211 933 3264 Deus
975 3221 1024 3263 et
1050 3208 1212 3262 Pater
1240 3208 1469 3261 omnium
1499 3208 1584 3276 qui
1629 3223 1780 3274 super
1806 3222 2000 3267 omnes,
2030 3214 2078 3257 et
2107 3221 2199 3272 per
2225 3199 2270 3262 C
2302 3213 2436 3264 alius
2467 3212 2535 3264 ad
2565 3227 2678 3265 eum
2707 3211 2933 3282 (Baruclt
2972 3226 3048 3275 111,
3093 3211 3206 3281 '56).
3230 3210 3341 3266 Nec
3369 3226 3437 3265 ex
3463 3213 3560 3266 hoc
3585 3211 3730 3279 quod
3753 3213 3896 3267 dixit

617 3305 812 3366 omnia,
841 3315 890 3356 et
926 3303 979 3356 in
1010 3301 1244 3355 omnibus
1275 3300 1422 3352 nobis
1453 3297 1670 3368 (Epltes.
1715 3313 1789 3364 1v,
1821 3297 1899 3366 6).
1932 3296 2066 3351 Cum
2091 3312 2200 3365 quo

618 3395 746 3450 licet
766 3394 930 3449 Filius
969 3394 1283 3449 naturaliter
1308 3408 1447 3446 unus
1488 3392 1558 3446 sit
1587 3391 1725 3445 Deus
1750 3433 1764 3457 ,
1800 3399 1978 3444 tamen
2007 3406 2201 3445 secun-

618 3485 747 3541 dum
774 3500 1052 3556 personas,
1085 3484 1222 3539 alter
1256 3494 1336 3537 est
1364 3482 1541 3548 Pater,
1575 3482 1712 3536 alter
1736 3491 1818 3536 est
1846 3481 2036 3549 Filius,
2067 3481 2204 3535 alter

619 3585 705 3631 est
725 3575 953 3646 Spiritus
974 3585 1208 3630 sanctus.
1232 3572 1376 3640 Quas
1396 3588 1654 3642 personas
1675 3572 1909 3626 ostendit
1928 3572 2205 3626 evidenter

621 3666 812 3720 beatus
832 3663 1068 3721 Joannes
1097 3665 1281 3720 dicens
1314 3682 1326 3716 :
1365 3665 1461 3728 Qui
1493 3664 1664 3733 diligit
1689 3665 1989 3734 genitorem,
2034 3664 2205 3734 diligit

620 3771 735 3808 eum
762 3755 848 3827 qui
868 3765 1020 3808 natus
1047 3762 1122 3808 est
1149 3771 1214 3809 ea:
1238 3771 1296 3808 eo
1328 3752 1382 3823 (Ι
1407 3754 1566 3808 Joan.
1592 3769 1644 3815 v,
1674 3753 1748 3824 1).
1777 3752 1909 3807 Item
1937 3753 2069 3808 dicit
2098 3771 2109 3806 :
2138 3754 2204 3808 In

621 3846 874 3915 principio
903 3853 1014 3898 erat
1055 3843 1291 3910 Verbum,
1318 3854 1364 3898 et
1399 3843 1619 3899 Verbum
1642 3856 1753 3900 erat
1783 3847 1921 3918 apud
1949 3846 2133 3913 Deum,
2156 3856 2206 3901 et

621 3935 764 3992 Deus
793 3947 904 3991 erat
947 3936 1184 4003 Verbum,
1234 3938 1328 3992 hoc
1357 3946 1468 3992 erat
1506 3940 1561 3992 in
1589 3940 1846 4009 principio
1880 3941 2018 4008 apud
2038 3939 2204 3994 Deum

624 4027 806 4100 (Joan.
839 4046 875 4093 1,
907 4028 992 4100 1);
1025 4037 1079 4082 et
1108 4029 1267 4099 paulo
1297 4037 1438 4098 post,
1485 4038 1542 4083 ut
1569 4044 1599 4083 a
1629 4030 1748 4083 solo
1781 4029 1956 4085 Verbo
1987 4045 2204 4085 carnem

622 4130 896 4190 acceptam
925 4136 1044 4176 esse
1090 4129 1416 4176 monstraret
1454 4122 1529 4174 ait
1557 4139 1568 4173 :
1602 4120 1671 4173 Et
1706 4120 1924 4174 Verbum
1967 4139 2089 4176 caro
2120 4124 2207 4194 {a-

624 4223 760 4267 ctum
783 4222 880 4282 est,
908 4224 956 4268 et
977 4213 1223 4268 habitavit
1250 4216 1306 4268 in
1335 4213 1480 4267 nobis
1513 4213 1701 4283 (Ibid.,
1728 4214 1839 4281 H).

697 4305 784 4358 18.
816 4305 956 4359 Deus
981 4318 1109 4373 ergo
1151 4305 1382 4360 Verbum
1413 4304 1610 4360 factum
1640 4317 1723 4360 est
1754 4321 1903 4367 caro,
1933 4322 2038 4360 non
2067 4305 2209 4361 Deus

626 4396 765 4466 apud
795 4411 956 4465 quem
1000 4404 1116 4450 erat
1144 4395 1379 4450 Verbum
1412 4413 1424 4448 :
1458 4396 1581 4464 quia
1616 4395 1948 4464 Unigenitus,
1984 4398 2078 4466 qui
2127 4405 2211 4452 est

627 4486 680 4541 in
718 4487 838 4543 sinu
872 4485 1064 4553 Patris,
1096 4487 1388 4542 secundum
1418 4486 1560 4554 quod
1599 4502 1724 4542 caro
1754 4495 1855 4553 est,
1904 4489 2096 4558 plenus
2124 4495 2210 4544 est

2303 3304 2466 3357 alium
2497 3319 2606 3358 non
2633 3303 2888 3357 aestimari
2916 3301 2982 3357 ad
3019 3317 3162 3368 eum,
3195 3304 3483 3376 quisquam
3522 3304 3801 3358 existimet
3840 3305 3892 3358 in

2305 3409 2535 3464 persona
2565 3392 2810 3448 eumdem
2842 3391 3054 3447 Patrem
3084 3407 3204 3448 esse
3247 3409 3406 3462 quem
3437 3392 3649 3448 Filium.
3694 3393 3890 3449 Beatus

2306 3485 2604 3541 Hieremias
2649 3494 2834 3540 sancto
2872 3485 3072 3555 Spiritu
3118 3485 3330 3555 plenus,
3377 3485 3479 3540 Hic
3508 3485 3653 3541 Deus
3699 3497 3886 3550 noster,

2307 3581 2400 3645 ait,
2427 3588 2601 3634 etnon
2630 3578 2968 3633 (estimabitur
2998 3578 3133 3631 alius
3162 3578 3233 3630 ad
3270 3594 3406 3640 eum,
3452 3585 3510 3631 ut
3553 3579 3607 3632 iu
3655 3594 3724 3632 eo
3753 3577 3890 3649 quod

2309 3671 2456 3740 prius
2483 3670 2638 3737 dixit,
2689 3669 2791 3722 llic
2833 3669 2996 3737 Deus,
3041 3671 3091 3724 in
3144 3671 3248 3726 hoc
3291 3685 3741 3739 cognosceremus
3787 3686 3889 3726 non

2307 3762 2562 3816 mstimari
2590 3762 2752 3816 alium
2779 3762 2845 3816 ad
2874 3777 3017 3827 eum,
3050 3763 3171 3830 quia
3202 3779 3309 3816 non
3341 3775 3421 3819 est
3449 3763 3591 3818 Deus
3615 3765 3755 3819 alius
3782 3766 3893 3818 abs-

2307 3871 2413 3925 que
2439 3855 2550 3910 illo.
2583 3854 2910 3910 Naturaliter
2937 3855 3079 3909 enim
3109 3856 3185 3910 sic
3212 3871 3320 3910 non
3343 3864 3426 3910 est
3447 3856 3584 3909 alius
3612 3855 3759 3912 Deus
3783 3858 3895 3914 abs-

2308 3964 2411 4018 que
2441 3948 2641 4019 Spiritu
2671 3956 2878 4013 sancto,
2909 3950 3034 4017 quia
3061 3965 3168 4003 non
3197 3957 3280 4003 est
3305 3949 3440 4004 alius
3467 3949 3606 4004 Deus
3638 3949 3820 4016 Pater,
3843 3961 3898 4007 et

2310 4040 2446 4094 alius
2471 4039 2610 4095 Deus
2637 4039 2823 4102 Filius,
2857 4048 2911 4094 et
2939 4040 3073 4095 alius
3095 4039 3235 4095 Deus
3267 4039 3497 4110 Spiritus
3524 4052 3776 4108 sanctus;
3803 4043 3894 4099 sed

2310 4145 2449 4183 unus
2477 4129 2617 4184 Deus
2647 4144 2729 4183 ρει
2758 4127 2937 4194 Pater,
2962 4137 3017 4183 et
3043 4129 3224 4193 Filius,
3249 4138 3304 4183 et
3324 4129 3555 4198 Spiritus
3583 4140 3825 4195 sanctus,
3845 4141 3898 4187 et

2313 4222 2514 4289 absque
2544 4222 2648 4276 hoc
2678 4221 2788 4275 Deo
2819 4229 3006 4276 nostro
3039 4238 3144 4275 non
3175 4233 3258 4276 est
3286 4222 3423 4276 alius
3454 4221 3616 4276 Deus.
3664 4221 3898 4277 Proinde

2313 4311 2385 4365 ita
2416 4313 2556 4366 Deus
2579 4320 2762 4366 noster
2792 4320 2873 4368 est
2897 4310 3073 4375 Pater,
3107 4321 3165 4366 ut
3213 4329 3317 4366 non
3347 4312 3649 4368 :nstim'etur
3675 4314 3816 4369 alius
3835 4315 3898 4368 ad

2313 4417 2435 4456 eum
2465 4419 2476 4453 :
2511 4401 2582 4454 ita
2611 4399 2752 4455 Deus
2791 4409 2975 4455 noster
3000 4409 3084 4455 est
3117 4401 3282 4455 etiam
3307 4401 3491 4465 Filius,
3521 4413 3581 4457 ut
3623 4419 3730 4457 non
3759 4405 3900 4458 testi-

2313 4501 2491 4547 metur
2519 4493 2653 4546 alius
2683 4491 2750 4545 ad
2773 4507 2928 4554 eum;
2958 4491 3302 4547 nihilominus
3333 4493 3406 4546 ita
3433 4493 3574 4547 Deus
3604 4503 3793 4549 noster
3819 4505 3901 4550 est

626 4581 828 4648 gratiae,
873 4589 927 4636 et
951 4581 1242 4636 secundum
1283 4579 1428 4649 quod
1469 4580 1701 4635 Verbum
1733 4589 1832 4646 est,
1879 4581 2094 4650 plenum
2126 4589 2208 4636 est
2234 4581 2472 4641 Detiam
2500 4583 2730 4653 Spiritus
2776 4592 3015 4650 sanctus,
3061 4592 3119 4637 ut
3159 4600 3266 4638 non
3312 4586 3611 4641 aestimetur
3653 4587 3793 4644 alius
3836 4588 3900 4641 ad

627 4673 869 4727 veritatis
894 4691 906 4725 :
941 4674 1054 4742 ipse
1080 4689 1217 4727 unus
1241 4673 1472 4728 Verbum
1503 4688 1628 4727 caro
1653 4671 1852 4728 factum
1882 4673 2027 4743 quod
2057 4674 2203 4728 habi-

626 4765 763 4818 tavit
809 4764 861 4817 in
904 4765 1076 4818 nobis.
1107 4762 1185 4818 De
1233 4764 1348 4833 ipso
1394 4765 1554 4818 etiam
1585 4764 1716 4818 dicit
1763 4765 2067 4834 propheta:
2103 4763 2208 4818 Hic

631 4856 770 4911 Deus
793 4866 985 4919 noster,
1008 4867 1057 4911 et
1085 4873 1188 4910 non
1222 4855 1561 4911 (estimabitur
1588 4858 1722 4910 alius
1753 4857 1820 4910 ad
1839 4874 1973 4925 eum,
2005 4859 2090 4928 qui
2115 4857 2211 4910 ad-

629 4949 821 5002 invenit
850 4964 1054 5002 omnem
1097 4950 1231 5003 viam
1271 4949 1590 5018 disciplima,
1631 4957 1680 5002 et
1709 4949 1848 5002 dedit
1893 4966 2008 5002 eam
2048 4948 2210 5003 Jacob

626 5055 786 5108 puero
820 5055 934 5101 suo,
977 5047 1028 5093 et
1057 5037 1226 5092 Israel
1255 5039 1438 5093 dilecto
1485 5055 1600 5092 suo.
1647 5038 1775 5092 Post
1804 5039 1911 5094 hac
1958 5041 2012 5094 in
2060 5041 2210 5094 terris

630 5135 764 5188 risus
785 5143 879 5198 est,
903 5142 952 5186 et
978 5149 1091 5187 cum
1113 5133 1399 5187 hominibus
1419 5144 1744 5187 conversatus
1767 5141 1844 5186 est
1878 5133 2103 5204 (Baruch
2135 5149 2212 5198 111,

633 5223 743 5295 56).
776 5224 890 5280 Hoc
917 5225 1278 5280 testimonium
1306 5223 1375 5278 de
1403 5223 1519 5278 solo
1541 5222 1677 5278 Filio
1706 5223 1907 5278 dictum
1932 5240 2057 5278 vera
2081 5222 2213 5278 fides

635 5316 860 5385 accepit.
892 5313 1010 5382 [pse
1039 5323 1122 5369 est
1159 5315 1301 5370 enim
1345 5313 1641 5368 secundum
1685 5328 1904 5367 carnem
1954 5314 2006 5368 in
2055 5313 2212 5367 terris

636 5406 803 5470 visus,
829 5413 884 5460 et
909 5422 1029 5461 cum
1074 5405 1378 5462 hominibus
1407 5413 1773 5460 conversatus.
1822 5402 1970 5458 Unde
1996 5413 2214 5461 sanctus

636 5496 962 5565 evangelista
986 5496 1265 5551 Matthzcus
1311 5496 1625 5566 pmphetico
1655 5495 1874 5549 omnino
1913 5511 2216 5566 congruens

637 5591 894 5651 sermoni,
943 5589 1125 5646 Jesum
1175 5590 1304 5645 dicit
1331 5605 1452 5644 cum
1496 5588 1774 5657 discipulis
1815 5596 2213 5643 conversatum.

639 5681 729 5736 Sic
770 5681 910 5740 enim
953 5681 1028 5734 ait
1061 5701 1071 5733 :
1110 5679 1536 5735 Conrersantibus
1578 5689 1747 5733 autem
1776 5679 1849 5732 eis
1877 5679 1933 5732 in
1973 5676 2212 5744 Galiltza,

640 5772 773 5826 dixit
800 5771 901 5826 illis
923 5771 1073 5826 Jesus
1107 5789 1123 5825 :
1155 5771 1327 5824 Filius
1354 5771 1575 5828 hominis
1605 5769 1888 5823 tradendus
1911 5776 1987 5823 est
2015 5769 2070 5823 in
2107 5787 2220 5824 ma-

638 5878 737 5917 nus
766 5862 1046 5929 hominum,
1083 5873 1131 5917 et
1157 5863 1387 5918 occident
1427 5879 1560 5930 eum,
1591 5871 1640 5916 et
1671 5861 1822 5914 tertia
1865 5859 1949 5916 die
1989 5871 2220 5934 resurget

2312 4691 2434 4731 eum
2470 4693 2482 4727 :
2513 4675 2637 4744 quia
2664 4675 2867 4742 absque
2907 4675 3012 4728 hoc
3042 4690 3150 4728 uno
3180 4674 3293 4729 Deo
3322 4691 3430 4730 non
3462 4684 3546 4730 est
3571 4676 3710 4731 alius
3740 4676 3898 4739 Deus,

2310 4769 2378 4823 de
2403 4782 2511 4836 quo
2542 4767 2672 4822 dicit
2701 4767 2891 4833 David,
2925 4764 3050 4830 Quis
3081 4765 3222 4819 Deus
3249 4776 3442 4836 printer
3473 4766 3775 4834 Dominum,
3813 4779 3901 4822 aut

2311 4862 2423 4928 quis
2449 4857 2586 4912 Deus
2616 4867 2804 4930 praeter
2832 4858 2995 4911 Deum
3025 4868 3257 4912 nostrum
3303 4857 3475 4920 (Psal.
3522 4876 3651 4922 xv",
3682 4859 3778 4931 32)
3797 4862 3821 4914 ?
3842 4860 3901 4914 Et

2314 4951 2429 5021 ipse
2477 4951 2618 5006 Deus
2660 4951 2837 5005 dicit:
2892 4951 3092 5014 Videte,
3144 4951 3308 5005 videte
3351 4953 3598 5023 quoniam
3643 4970 3743 5024 ego
3791 4969 3903 5007 sum

2321 5042 2479 5107 Deus,
2524 5051 2705 5096 etnon
2745 5051 2822 5095 est
2869 5041 3003 5095 alius
3032 5050 3223 5108 prwter
3246 5057 3328 5094 me
3354 5039 3532 5113 (Deut.
3575 5058 3745 5106 xxx",
3788 5041 3901 5101 59L

2321 5135 2396 5189 De
2425 5136 2529 5188 hoc
2563 5141 2617 5187 et
2644 5133 2834 5187 beatus
2857 5130 3088 5186 Jacobus
3129 5129 3204 5184 ait
3237 5148 3248 5183 :
3295 5130 3370 5183 Tu
3399 5131 3566 5184 credis
3609 5133 3732 5202 quia
3775 5147 3900 5184 unus

2317 5234 2392 5280 est
2425 5224 2583 5288 Deus,
2613 5223 2737 5278 bene
2767 5224 2926 5294 facis;
2956 5232 3005 5303 et
3043 5222 3302 5276 dtemones
3342 5221 3574 5286 credunt,
3623 5230 3671 5276 et
3703 5231 3903 5277 contre-

2318 5315 2704 5390 miscunt:(1ac.
2740 5332 2795 5380 ιι,
2822 5314 2935 5384 19).

2389 5408 2478 5464 20.
2510 5408 2836 5463 Naturaliter
2876 5421 3003 5474 ergo
3033 5405 3169 5460 alius
3200 5405 3340 5462 Deus
3369 5423 3475 5461 non
3502 5405 3802 5460 aestimatur
3840 5403 3906 5459 ad

2319 5501 2669 5570 Filium,quia
2691 5501 2828 5556 alius
2850 5498 2989 5553 Deus
3012 5515 3116 5553 non
3139 5500 3440 5555 aestimatur
3464 5499 3528 5554 ad
3554 5498 3791 5562 Patrem,
3812 5513 3909 5554 nec

2320 5593 2455 5648 alius
2484 5591 2627 5649 Deus
2650 5590 2948 5646 :estimatur
2985 5588 3055 5641 ad
3082 5587 3340 5658 Spiritum
3371 5597 3634 5643 sanctum.
3683 5587 3744 5642 In
3784 5604 3905 5658 per—

2319 5682 2468 5736 sonis
2494 5696 2621 5736 vero
2649 5680 2787 5734 alius
2816 5687 2898 5734 est
2927 5676 3106 5742 Pater,
3140 5679 3276 5732 alius
3305 5678 3489 5744 Filius,
3515 5679 3654 5734 alius
3680 5679 3907 5750 Spiritus

2320 5779 2567 5850 sanctus;
2599 5785 2698 5825 nec
2729 5769 2843 5838 ipse
2864 5766 3026 5822 Pater
3051 5768 3142 5836 qui
3168 5766 3356 5828 Filius,
3411 5783 3508 5823 nec
3539 5769 3652 5839 ipse
3679 5769 3907 5839 Spiritus

2322 5870 2540 5918 sanctus
2567 5861 2656 5930 qui
2684 5858 2845 5914 Pater
2892 5867 2982 5911 aut
3011 5856 3206 5924 Filius;
3253 5859 3346 5914 sed
3399 5859 3536 5916 idem
3569 5861 3708 5917 Deus
3748 5875 3903 5926 unus,
