4130 6458
253 380 348 439 5'35

1154 375 1238 428 DE
1275 374 1774 438 INQARNATIONE
1813 374 1962 428 FILII
2003 375 2104 429 DEI
2148 376 2343 430 LIBER
2387 375 2584 459 UNUS'.

3325 319 3348 337 .
3379 371 3476 429 536

251 492 401 551 Pater
444 499 497 548 et
526 491 686 546 Filius
715 500 768 546 et
795 491 1022 560 Spiritu;
1052 481 1283 544 sanctus.
1332 485 1577 542 Ostendit
1623 495 1802 541 autem
1832 496 1877 551 Α
1911 497 2174 541 noratum.
2231 490 2304 544 Ac
2333 505 2429 560 per
2454 491 2555 544 hoc
2579 489 2645 542 de
2669 488 2895 543 Domino
2923 487 3179 541 Dominus
3219 487 3268 539 in
3310 486 3478 540 forma

251 588 358 654 ipse
383 582 542 635 Filius
562 588 616 633 et
646 579 856 634 Patrem
884 582 1043 633 alium
1090 580 1140 632 in
1174 594 1422 648 persona,
1472 586 1525 631 et
1553 575 1807 644 Spiritum

250 681 500 738 sanctum,
529 669 710 724 dicens
736 688 746 721 :
783 671 928 722 Alius
957 681 1028 722 est
1058 670 1142 739 qni
1189 670 1538 722 testimonium
1581 668 1810 737 perhibet

250 767 309 820 de
335 782 431 831 me,
477 773 524 817 et
552 765 656 817 scio
680 765 800 832 quia
842 780 1010 817 verum
1039 772 1113 814 est
1149 762 1491 814 testimonium
1529 760 1640 829 ejus
1678 758 1812 828 quod

251 863 456 909 testatur
483 853 543 906 de
593 870 670 905 me
702 854 878 922 (Joan.
911 870 963 918 v,
993 853 1108 919 52).
1160 851 1226 904 Et
1265 867 1328 904 ne
1375 851 1439 904 de
1480 849 1686 904 Joanne
1712 849 1815 903 hoc

253 946 440 999 dictum
468 944 747 1012 quisquam
777 954 1008 1013 putaret.
1040 944 1198 1014 paulo
1227 954 1345 1012 post
1373 945 1447 996 ait
1473 961 1484 993 :
1513 942 1622 1011 Ego
1645 953 1815 996 autem

253 1032 406 1088 habeo
435 1035 775 1086 testinwnium
821 1035 992 1104 majus
1037 1033 1260 1088 Joanne.
1319 1030 1490 1102 Opera
1536 1033 1670 1084 enim
1703 1046 1816 1099 qua:

253 1119 386 1175 dedit
411 1123 536 1174 mihi
571 1121 727 1175 Pater
751 1132 807 1174 ut
827 1123 1092 1192 perﬁciam
1121 1139 1200 1186 ea,
1232 1123 1343 1191 ipsa
1374 1137 1530 1190 opera
1571 1134 1684 1190 qua:
1722 1134 1814 1188 ego

254 1215 383 1284 facio
405 1213 748 1268 testimonium
777 1214 1044 1283 perhibent
1072 1214 1135 1267 de
1161 1230 1263 1278 nte,
1283 1214 1403 1283 quia
1433 1211 1593 1264 Pater
1613 1226 1693 1262 me
1719 1210 1817 1261 mi-

253 1308 332 1359 sit.
374 1305 440 1358 Et
469 1307 554 1376 qui
584 1323 664 1358 me
691 1306 827 1358 misit
862 1305 1020 1358 Pater
1061 1307 1168 1376 ipse
1209 1305 1553 1358 testimonium
1591 1298 1818 1372 perhibet

253 1395 312 1446 de
349 1411 426 1447 me
464 1393 654 1464 (Ibid,
692 1393 802 1465 56).
837 1394 1092 1464 Spiritum
1139 1409 1353 1463 quoque
1404 1401 1648 1446 sanctum
1695 1405 1817 1460 per-

253 1486 504 1540 sonaliter
527 1485 687 1539 alium
714 1486 947 1540 ostendit
975 1486 1158 1540 dicens
1184 1504 1196 1538 :
1229 1484 1288 1539 Si
1309 1484 1523 1553 diligitis
1546 1497 1644 1544 me,
1670 1497 1818 1534 man-

254 1577 369 1629 data
398 1594 509 1629 mea
533 1589 750 1642 servate,
773 1588 821 1632 et
848 1595 941 1650 ego
971 1576 1160 1650 rogabo
1187 1576 1418 1638 Patrem,
1451 1585 1498 1629 et
1520 1575 1679 1628 alium
1711 1572 1818 1626 Pa-

251 1662 487 1718 racletum
518 1666 660 1719 dabit
691 1667 848 1732 vobis,
870 1677 924 1720 ut
947 1675 1152 1721 maneat
1183 1666 1437 1718 vobiscum
1467 1666 1517 1715 in
1548 1672 1816 1728 a’ternum,

252 1754 499 1823 Spiritum
528 1757 754 1809 veritatis
780 1756 956 1823 (Joan.
992 1774 1098 1820 xiv,
1134 1755 1219 1826 l5)
1253 1773 1264 1807 :
1293 1756 1361 1809 de
1389 1771 1496 1824 quo
1527 1755 1685 1807 etiam
1712 1753 1818 1805 alio

251 1840 367 1898 loco
405 1845 534 1899 dicit
567 1864 577 1896 :
612 1844 738 1899 Cum
765 1848 952 1900 venerit
989 1846 1291 1900 Paracietus
1331 1861 1476 1916 quem
1501 1860 1594 1913 ego
1620 1843 1819 1894 mittam
1850 1861 1898 1919 B

253 1933 384 1987 vobis
413 1952 443 1987 ιι
474 1935 657 2001 Patre,
686 1935 940 2006 Spiritum
963 1937 1192 1990 veritatis
1221 1938 1304 2006 qui
1332 1952 1362 1987 a
1393 1933 1551 1987 Patre
1573 1933 1817 2002 procedit,

251 2022 695 2090 itte-testimonium
725 2023 1005 2094 perhibebit
1032 2025 1094 2077 de
1115 2041 1192 2077 me
1217 2023 1394 2092 (Joan.
1416 2038 1504 2087 xv,
1526 2020 1633 2090 16).
1658 2020 1823 2088 Majo-

252 2119 358 2163 stas
406 2119 585 2165 autem
635 2111 808 2167 Patris
847 2122 901 2168 et
925 2113 1041 2167 Filii
1091 2128 1196 2167 una
1245 2121 1345 2175 est,
1394 2112 1551 2182 417
1606 2127 1724 2180 quze
1754 2111 1823 2164 de

253 2199 386 2253 caelo
407 2217 513 2254 non
537 2202 812 2256 descendit
839 2205 904 2257 ad
927 2203 1121 2259 locum.
1147 2203 1364 2258 Summa
1387 2203 1582 2271 quippe
1614 2217 1675 2255 ac
1699 2216 1822 2254 vera

252 2288 496 2343 divinitas
519 2289 586 2344 de
614 2291 732 2346 loco
762 2293 829 2346 ad
856 2293 1032 2347 locum
1065 2293 1290 2347 transire
1332 2307 1438 2346 non
1478 2299 1674 2361 potest,
1698 2290 1822 2360 quia

253 2391 462 2448 semper
491 2382 684 2450 ubique
707 2392 817 2438 tota
856 2394 957 2439 est.
987 2383 1186 2438 Eadem
1218 2383 1415 2455 quippe
1443 2381 1720 2438 Trinitatis
1742 2392 1824 2437 est

252 2479 354 2521 una
381 2468 652 2536 maiestas,
685 2486 803 2541 quae
832 2472 1148 2526 naturaliter
1172 2489 1275 2526 una
1299 2482 1382 2527 est
1411 2474 1670 2527 immensa
1697 2473 1826 2526 divi~

251 2555 407 2611 nitas.
437 2556 563 2622 Sed,
592 2568 650 2612 ut
673 2559 918 2628 superius
941 2561 1068 2623 dixi,
1094 2562 1172 2615 sic
1202 2569 1283 2615 est
1297 2557 1574 2618 Trinitatis
1605 2577 1706 2614 una
1737 2576 1825 2613 na-

253 2657 394 2711 tura,
425 2658 485 2702 ut
504 2666 608 2703 non
632 2650 700 2704 sit
729 2666 832 2704 una
855 2666 1100 2719 persona.
1129 2649 1549 2714 ProindeFilius,
1577 2659 1824 2704 manente

253 2735 613 2792 immensitate
641 2739 935 2808 majestatis
963 2756 1093 2808 suos,
1135 2756 1294 2809 quam
1325 2743 1486 2796 habet
1527 2758 1644 2796 cum
1669 2739 1828 2794 Patre

254 2832 306 2878 et
333 2823 536 2895 Spiritu
564 2837 750 2882 sancto
774 2844 1135 2895 communem,
1177 2829 1323 2882 solus
1353 2829 1636 2883 humanam
1667 2836 1825 2882 natu-

256 2931 367 2973 ram
396 2919 451 2972 in
481 2919 686 2974 unitate
729 2936 972 2989 personae
999 2936 1108 2974 sua:
1146 2920 1370 2990 accepit.
1403 2919 1500 2974 Cui
1541 2929 1826 2990 propterea

254 3019 362 3062 non
391 3015 477 3062 est
501 3023 622 3061 cum
654 3006 810 3063 Patre
853 3019 907 3064 et
929 3008 1128 3079 Spiritu
1151 3017 1337 3064 sancto
1367 3010 1674 3064 connnunio
1701 3027 1826 3064 sus-

258 3107 423 3167 cepta:
472 3098 668 3162 carnis,
713 3099 837 3168 quia
876 3098 1021 3152 Patri
1047 3107 1102 3153 et
1132 3094 1264 3152 Filio
1291 3107 1345 3154 et
1373 3097 1593 3168 Spiritui
1639 3107 1826 3154 sancto

257 3198 361 3240 non
393 3194 479 3241 est
505 3202 734 3256 persona
765 3187 1080 3242 communis.

326 3278 412 3333 Si.
445 3277 596 3332 Illam
627 3280 807 3348 itaque
835 3281 972 3334 servi
1018 3279 1246 3334 formam
1278 3287 1388 3334 tota
1418 3276 1652 3333 Trinitas
1682 3278 1824 3344 fecit,

261 3386 414 3440 quam
445 3380 629 3426 tamen
659 3372 710 3425 in
741 3388 1023 3441 personam
1052 3387 1204 3426 suam
1235 3371 1398 3426 Filius
1425 3371 1569 3424 solus
1603 3371 1826 3439 accepit.

259 3461 373 3531 Ipse
397 3464 544 3517 enim
573 3463 718 3517 solus
745 3472 828 3518 est
853 3463 1107 3528 Verbum,
1138 3471 1191 3518 et
1216 3461 1550 3530 Evangelista
1571 3461 1833 3517 veraciter

263 3559 402 3623 dicit,
433 3557 658 3613 Verbum
687 3575 808 3613 caro
825 3561 1018 3629 factum
1046 3571 1120 3612 est
1152 3557 1328 3629 (Joan.
1354 3577 1390 3622 ι,
1411 3557 1522 3625 14),
1551 3559 1635 3613 cui
1653 3565 1829 3615 tamen

262 3657 317 3700 ut
342 3664 470 3704 caro
495 3649 651 3702 lieret
670 3665 776 3703 non
807 3649 986 3717 aliquo
1003 3649 1109 3704 alio
1138 3648 1317 3703 Verbo
1339 3648 1610 3702 mandavit
1631 3645 1791 3701 Pater
1817 3665 1829 3699 :

263 3749 417 3793 unum
449 3739 598 3794 enim
611 3738 843 3808 Verbum
861 3739 1024 3792 habet
1041 3738 1214 3804 Pater,
1234 3755 1330 3808 per
1349 3739 1492 3806 quod
1507 3738 1684 3792 omnia
1710 3737 1836 3792 fecit

262 3826 479 3892 etfacit,
515 3842 615 3897 per
642 3829 784 3898 quod
807 3828 985 3882 omnia
1009 3827 1145 3882 dixit
1164 3837 1219 3882 et
1239 3827 1384 3882 dicit.
1408 3825 1522 3881 Hoc
1550 3827 1780 3881 Verbum
1804 3842 1834 3880 a

264 3918 419 3974 Patre
447 3919 674 3974 missum
693 3927 794 3983 est,
825 3918 1039 3986 quando
1068 3918 1300 3972 Verbum
1326 3933 1452 3972 caro
1481 3917 1678 3972 factum
1710 3926 1791 3970 est
1819 3935 1831 3968 :

262 4008 354 4062 sed
368 4010 746 4064 utmitteretur
767 4024 872 4064 non
895 4009 942 4062 ei
959 4010 1221 4077 aliquibus
1239 4009 1636 4062 transeuntibus
1659 4007 1836 4062 verbis

263 4098 470 4156 locutus
495 4109 582 4154 est
602 4098 778 4154 Pater.
804 4099 1084 4154 Eternum
1113 4101 1310 4170 quippe
1332 4099 1561 4154 Verbum
1583 4099 1650 4153 de
1680 4098 1839 4153 Patre

263 4198 463 4258 natum,
481 4193 586 4245 hoc
598 4197 943 4244 estmternum
959 4207 986 4243 a
1001 4189 1156 4244 Patre
1169 4190 1837 4257 mandatum,quia:eterna

264 4276 382 4333 Filii
409 4280 692 4348 generatio
717 4320 732 4344 ,
781 4279 889 4348 ipsa
917 4287 1000 4334 est
1036 4279 1207 4333 Patris
1234 4287 1428 4332 mterna
1462 4278 1679 4332 locutio.
1727 4278 1840 4332 Hoc

269 4367 501 4425 Verbum
543 4376 669 4424 tunc
692 4369 758 4424 ab
787 4385 1110 4438 unoquoque
1140 4369 1370 4434 auditur,
1404 4369 1618 4438 quando
1645 4369 1841 4423 veritas

265 4457 562 4514 divinitatis
585 4466 744 4528 atque
771 4459 1158 4514 incarnationis
1181 4461 1504 4528 agnoscitur.
1539 4459 1669 4514 Nam
1703 4461 1842 4515 sicut

1915 579 2008 632 Dei
2035 579 2294 634 Dominus
2325 581 2538 642 mansit,
2572 588 2627 634 ct
2651 587 2707 632 ut
2735 578 2802 632 ad
2831 593 3013 632 servos
3035 577 3256 640 veniret,
3288 575 3354 628 de
3383 591 3466 627 an.

1916 669 2036 721 cilla
2057 669 2336 722 veritatem
2367 669 2548 722 formae
2571 668 2778 722 servilis
2807 667 3028 735 accepit.

1985 757 2074 812 22.
2108 757 2210 812 Sed
2240 758 2395 826 hujus
2425 757 2605 812 forma:
2634 758 2844 812 servilis
2887 764 3123 825 accepta)
3171 755 3484 824 mysterium

1917 847 2130 916 quidam
2158 847 2334 901 minus
2385 848 2773 915 intelligentes,
2823 862 2942 900 cum
2991 859 3020 897 a
3070 844 3222 898 nobis
3267 843 3494 896 audiunt-

1918 952 2075 990 unam
2113 937 2388 1006 praedicari
2416 945 2611 991 sanctae
2641 933 2914 992 Trinitatis
2939 935 3245 996 essentiam,
3277 933 3362 1012 vel
3395 949 3488 986 ne-

1916 1034 2062 1094 gant,
2095 1026 2180 1080 vel
2207 1025 2452 1080 dubitant
2477 1027 2712 1096 potuisse
2741 1025 2852 1079 ﬁeri
2884 1035 2939 1078 ut
2969 1025 3150 1090 Filius,
3186 1025 3274 1092 qui
3299 1039 3486 1078 secun-

1919 1116 2042 1170 dum
2093 1115 2430 1170 divinitatem
2453 1131 2480 1169 a
2509 1117 2663 1170 Patre
2690 1130 2745 1170 et
2772 1116 2972 1185 Spiritu
3002 1124 3188 1168 sancto
3218 1115 3490 1182 insepara-

1918 1203 2040 1258 bilis
2079 1205 2397 1274 przedicatur
2425 1222 2455 1260 a
2501 1207 2673 1271 nobis,
2706 1214 2759 1260 et
2803 1207 2950 1260 solus
2980 1221 3078 1274 pro
3117 1204 3267 1258 nobis
3295 1206 3490 1258 verita-

1920 1301 2030 1348 tem
2069 1293 2252 1348 formm
2280 1295 2490 1349 servilis
2537 1297 2848 1364 acciperet,
2899 1304 2954 1349 et
2995 1294 3342 1348 nihilominus
3370 1308 3490 1347 cum

1922 1376 2080 1437 Patre
2101 1393 2156 1438 et
2183 1383 2384 1454 Spiritu
2411 1394 2600 1438 sancto
2617 1382 2988 1454 inseparabilis
3008 1391 3365 1452 permaneret.
3389 1381 3492 1435 Sed

1921 1471 2024 1524 illis
2055 1471 2155 1527 hoc
2182 1473 2454 1527 videretur
2483 1473 2599 1527 sine
2638 1473 2799 1526 dubio
2831 1468 3186 1541 impossibile,
3227 1469 3313 1540 qui
3361 1470 3492 1522 invi-

1921 1563 2093 1616 sibilia
2125 1563 2218 1617 Dei
2265 1579 2362 1633 per
2390 1579 2450 1618 ea
2482 1579 2600 1631 qum.
2649 1561 2783 1618 facta
2817 1573 2958 1628 sunt,
2995 1565 3118 1632 quia
3152 1579 3258 1617 non
3298 1560 3463 1615 intelli

1921 1661 2072 1720 gunt,
2119 1669 2227 1707 non
2265 1655 2617 1723 conspiciunt.
2670 1653 2770 1720 Qui
2815 1655 2859 1707 si
2904 1668 3243 1708 communem
3295 1659 3494 1705 natura:

1923 1744 2168 1797 humanae
2201 1761 2351 1798 usum
2383 1745 2932 1809 attemlerent,-etiam
2960 1746 3014 1798 in
3045 1745 3136 1799 illo
3166 1759 3358 1814 magno
3385 1743 3496 1813 pie~

1923 1835 2050 1888 tatis
2097 1845 2432 1890 sacramento
2477 1847 2651 1891 rectas
2680 1837 3045 1904 intelligentire
3092 1836 3260 1891 lineas
3289 1835 3494 1890 inveni-

1924 1934 2063 1978 rent.
2094 1922 2358 1990 Quoniam
2400 1927 2563 1993 igitur
2593 1943 2695 1980 una
2723 1935 2805 1980 est
2849 1941 2973 1981 vera
3003 1926 3252 1980 divinitas
3286 1940 3402 1993 qua:
3444 1925 3496 1977 in

1923 2018 2096 2086 seipsa
2149 2027 2258 2071 tres
2308 2019 2468 2072 habet
2518 2019 2900 2088 inseparabiles
2953 2019 3173 2074 omnino
3220 2030 3497 2086 personas,

1924 2117 2144 2176 propter
2171 2108 2315 2176 quod
2341 2108 2454 2177 ipsa
2482 2109 2714 2162 Trinitas
2736 2123 2874 2163 unus
2899 2117 2982 2163 est
3010 2108 3169 2173 Deus,
3195 2115 3249 2161 et
3275 2107 3325 2160 in
3349 2121 3497 2161 crea-

1926 2199 2060 2252 turis
2089 2195 2234 2252 nulla
2261 2207 2453 2252 natura
2481 2199 2536 2251 in
2570 2195 2738 2252 tribus
2759 2199 3002 2268 personis
3026 2197 3393 2266 inseparabilis
3419 2195 3497 2249 in-

1925 2287 2168 2355 venitur,
2200 2290 2538 2344 attendamus
2580 2289 2708 2358 quid
2737 2297 2927 2358 agatur
2957 2289 3008 2342 in
3049 2302 3374 2357 unoquoque
3405 2287 3498 2341 bo-

1925 2381 2088 2443 mine,
2117 2381 2168 2434 in
2189 2395 2297 2448 quo
2329 2397 2432 2434 non
2457 2389 2566 2435 tres
2594 2393 2852 2449 personas
2879 2378 2930 2433 in
2964 2394 3066 2434 una
3097 2387 3307 2442 natura,
3338 2377 3500 2448 418

1925 2469 2017 2524 sed
2057 2471 2190 2524 duas
2223 2479 2442 2524 naturas
2485 2470 2784 2525 invenimus
2813 2470 2866 2522 in
2915 2483 3021 2522 una
3063 2483 3314 2537 persona.
3361 2466 3500 2520 Deus

1925 2561 2122 2629 quippe
2156 2561 2384 2614 mirabili
2413 2559 2627 2614 virtutis
2671 2575 2835 2630 opere
2858 2600 2873 2625 ,
2915 2575 2983 2614 ex
3009 2559 3216 2614 duabus
3257 2558 3462 2612 naturis
3486 2599 3499 2622 ,

1927 2649 2029 2703 hoc
2057 2656 2140 2703 est
2168 2649 2343 2702 anima
2373 2649 2620 2702 rationali
2647 2657 2701 2703 et
2728 2664 2907 2716 carne,
2941 2665 3098 2703 unam
3135 2657 3380 2704 naturam
3405 2648 3501 2702 bo-

1927 2740 2086 2793 minis
2114 2740 2437 2808 composuit,
2469 2747 2523 2793 et
2547 2740 2599 2792 in
2625 2739 2800 2792 anima
2845 2749 2899 2794 et
2937 2755 3099 2794 carne
3128 2754 3288 2793 unam
3317 2753 3500 2808 perso-

1927 2845 2051 2882 nam
2081 2829 2313 2883 hominis
2336 2844 2555 2883 manere
2585 2829 2856 2898 praecepit.
2887 2827 3025 2882 Ecce
3047 2829 3100 2881 in
3131 2828 3349 2883 homine
3377 2836 3501 2881 sunt

1928 2919 2044 2973 dua:
2074 2928 2279 2973 natura:
2311 2919 2364 2972 in
2395 2934 2498 2972 una
2525 2933 2752 2988 persona
2787 2936 2798 2970 :
2830 2918 2906 2974 sic
2933 2917 3251 2972 Trinitatem
3280 2917 3501 2972 dicimus

1927 3014 2037 3065 tres
2066 3025 2325 3080 personas
2355 3009 2406 3063 in
2441 3023 2542 3062 una
2574 3018 2782 3062 natura.

2001 3098 2088 3152 25.
2121 3099 2475 3153 Attendamus
2507 3113 2636 3166 ergo
2666 3099 2752 3153 hic
2781 3115 2810 3152 a
2839 3099 3042 3154 duabus
3076 3099 3192 3154 istis
3220 3099 3422 3153 naturis
3451 3099 3504 3155 in

1855 3221 1900 3283 ο
1931 3207 2034 3246 una
2064 3205 2292 3261 persona
2322 3192 2659 3246 manentibus
2699 3193 2939 3262 qutcdam
2967 3193 3323 3247 communiter
3363 3191 3498 3258 ﬁeri,

1931 3298 2032 3336 nec
2071 3281 2426 3336 communiter
2455 3282 2538 3335 vel
2567 3283 2776 3352 accipi,
2825 3282 2911 3337 vel
2950 3283 3156 3338 haberi.
3203 3282 3405 3352 Nempe
3447 3287 3504 3336 in

1932 3373 2087 3428 nobis
2117 3372 2246 3442 ipsis
2289 3373 2488 3442 aliquid
2517 3390 2624 3428 uno
2657 3375 2770 3428 lieri
2800 3377 2977 3430 carnis
3019 3384 3073 3429 et
3100 3375 3291 3430 anima:
3329 3374 3506 3429 oliicio

1935 3466 2254 3530 invenimus,
2293 3465 2437 3535 quod
2469 3473 2644 3521 tamen
2677 3475 2768 3519 aut
2796 3468 2943 3520 carni
2975 3475 3181 3522 tantum
3205 3509 3218 3533 ,
3261 3475 3352 3520 aut
3389 3468 3506 3521 ani--

1932 3572 2033 3611 ma:
2063 3555 2403 3626 deputamus.
2436 3556 2744 3612 Certissime
2775 3575 3005 3628 namque
3053 3560 3192 3615 sicut
3228 3575 3355 3614 caro
3393 3560 3508 3614 sola

1933 3649 2064 3704 cibis
2094 3648 2464 3717 corporalibus
2492 3650 2746 3718 pascitur,
2778 3651 2854 3705 sic
2882 3651 3057 3704 anima
3091 3652 3257 3704 verbo
3289 3652 3379 3705 Dei
3407 3653 3508 3720 spi-

1933 3741 2162 3794 ritaliter
2197 3742 2478 3795 enutritur.
2524 3741 2591 3794 Et
2630 3748 2806 3795 tamen
2858 3751 2916 3796 ut
2945 3757 3071 3796 caro
3100 3758 3217 3810 qum
3264 3744 3329 3796 de
3365 3751 3508 3796 terra

1934 3830 2073 3884 facta
2129 3839 2212 3883 est
2250 3831 2474 3884 terrenis
2501 3839 2752 3899 pascatur
2790 3831 2942 3895 cibis,
2977 3841 3302 3900 cooperante
3331 3834 3508 3887 anima

1935 3918 2189 3982 comedit,
2221 3919 2650 3988 quandoquidem
2680 3936 2749 3974 ex
2779 3921 2953 3973 anima
3001 3921 3148 3985 vivit,
3178 3931 3233 3974 et
3263 3922 3378 3976 ideo
3413 3938 3509 3976 co-

1936 4009 2102 4064 medit
2130 4010 2252 4078 quia
2281 4009 2432 4073 vivit,
2463 4009 2666 4063 utiliter
2695 4009 2897 4063 habens
2927 4009 2979 4062 in
3015 4010 3248 4078 seipsum
3279 4025 3511 4079 operan-

1939 4098 2008 4152 tis
2058 4098 2282 4152 alterum
2313 4114 2494 4154 secum
2536 4099 2726 4151 animae
2755 4100 3095 4168 cooperantis
3134 4100 3387 4162 ollicium,
3427 4102 3511 4155 cui

1937 4187 2096 4242 simul
2126 4187 2265 4241 inest
2295 4197 2350 4242 et
2375 4202 2440 4240 ex
2468 4188 2575 4241 vita
2607 4196 2666 4241 ut
2709 4188 2977 4253 comedat,
3009 4197 3064 4242 et
3086 4203 3150 4242 ex
3177 4190 3308 4243 cibis
3337 4200 3394 4243 ut
3432 4191 3506 4243 vi-

1939 4288 2050 4333 vat.
2091 4279 2222 4334 Cum
2253 4295 2380 4349 ergo
2409 4280 2558 4334 cibus
2587 4279 2834 4346 sumitur,
2875 4281 3172 4334 communis
3202 4291 3284 4335 est
3324 4297 3514 4350 opera-

1940 4370 2017 4424 tio
2044 4367 2221 4423 carnis
2252 4378 2308 4423 et
2336 4369 2525 4423 anima:
2577 4385 2588 4420 :
2618 4368 2710 4438 qui
2740 4379 2918 4422 tamen
2949 4369 3100 4424 cibus
3129 4370 3194 4424 ad
3235 4371 3402 4426 solam
3434 4372 3515 4424 in-

1940 4461 2155 4514 venitur
2197 4475 2414 4514 carnem
2461 4459 2676 4528 proprie
2724 4459 3014 4528 pertinere.
3065 4460 3120 4514 ln
3170 4461 3516 4530 percipiendo

264 4551 632 4618 unusquisque
661 4550 823 4604 homo
847 4550 1066 4604 verbum
1105 4551 1264 4605 habet
1290 4551 1342 4604 in
1372 4551 1556 4612 corde,
1589 4551 1712 4603 dum
1743 4565 1838 4604 co-
1865 4572 1919 4634 Ι)
1943 4563 2157 4618 quoque
2178 4549 2344 4603 verbo
2373 4549 2487 4612 Dei,
2516 4563 2622 4616 quo
2643 4548 2869 4616 spiritali
2898 4549 3019 4603 cibo
3043 4551 3217 4602 anima
3250 4551 3361 4603 sola
3393 4567 3516 4618 pas-

265 4639 413 4705 gitat,
471 4639 618 4710 quod
662 4639 883 4694 verbum
932 4640 1074 4695 foras
1132 4657 1236 4694 non
1277 4641 1518 4694 educitur
1561 4641 1660 4695 nisi
1710 4655 1840 4694 voce

264 4743 526 4800 corporea
558 4729 834 4792 vestiatur,
867 4731 993 4797 quia
1023 4745 1120 4799 per
1149 4746 1332 4784 vocem
1362 4738 1635 4798 acceptam
1664 4739 1844 4799 potest

268 4819 320 4873 in
349 4821 583 4877 aliorum
621 4821 805 4874 venire
833 4820 1108 4884 notitiam;
1158 4835 1276 4873 cum
1306 4834 1435 4873 vero
1465 4819 1591 4873 illud
1624 4820 1842 4873 verbum

267 4923 398 4966 voce
442 4910 714 4979 loquentis
743 4909 1063 4972 ostenditur,
1115 4908 1417 4962 nullatenus
1458 4908 1525 4962 de
1553 4908 1730 4962 cordis
1759 4910 1842 4962 in-

267 5000 400 5056 timo
428 5007 730 5070 separatur,
783 4999 877 5053 sed
908 4999 1013 5053 hoc
1057 4998 1377 5051 mirabiliter
1414 4995 1470 5049 lit
1499 5006 1556 5050 ut
1583 5006 1637 5050 et
1668 5005 1839 5052 totum

267 5089 332 5142 ad
361 5091 498 5146 alios
525 5104 788 5159 corporea
817 5089 1086 5143 locutione
1106 5087 1404 5158 perveniat,
1439 5095 1493 5141 et
1533 5095 1702 5141 totum
1733 5087 1841 5156 spi-

269 5179 496 5234 ritaliter
537 5172 592 5233 in
631 5179 795 5234 corde
842 5179 1110 5246 loquentis
1158 5185 1506 5248 permaneat;
1565 5178 1642 5232 sic
1681 5178 1841 5231 etiam

269 5267 506 5324 Verbum
551 5270 646 5324 Dei
696 5267 872 5323 Patris
915 5278 1097 5323 natum
1139 5269 1207 5322 de
1248 5267 1408 5322 Patre
1452 5267 1747 5336 permansit
1790 5269 1845 5321 in

270 5357 430 5416 Patre
479 5381 491 5414 :
522 5361 664 5431 quod
709 5377 738 5415 a
770 5361 922 5414 nobis
947 5354 1267 5413 nullatenus
1296 5365 1697 5425 agnosceretur.
1745 5357 1846 5410 nisi

270 5451 448 5503 carnis
497 5451 792 5506 substantia
819 5491 832 5514 ,
876 5457 1130 5517 tanquam
1160 5463 1292 5502 voce
1321 5461 1580 5516 corporea
1614 5447 1839 5500 vestire-

271 5546 377 5592 tur.
412 5537 490 5592 Ita
517 5547 686 5593 totum
709 5538 774 5592 ad
803 5553 900 5592 nos
929 5538 1182 5601 Verbum,
1212 5537 1424 5607 quando
1453 5537 1686 5592 Verbum
1717 5552 1842 5591 caro

271 5632 470 5685 tactum
502 5641 601 5697 est,
635 5633 796 5695 venit,
835 5639 1001 5684 totum
1033 5630 1172 5699 apud
1212 5628 1429 5684 Patrem
1459 5629 1698 5698 spiritale
1727 5645 1844 5698 per-

271 5722 470 5776 mansit
496 5739 508 5774 :
533 5722 737 5792 aequale
767 5718 909 5774 Patri
949 5721 1016 5774 de
1042 5737 1154 5789 quo
1201 5735 1414 5789 semper
1441 5729 1523 5780 est
1553 5729 1757 5785 natum,
1790 5729 1846 5774 et

275 5819 331 5862 ut
375 5827 407 5866 a
438 5812 592 5867 nobis
620 5813 818 5883 percipi
850 5821 1051 5874 posset,
1083 5812 1257 5865 carnis
1287 5819 1520 5881 accepta:
1547 5812 1714 5878 gratia
1747 5812 1844 5864 mi-

585 5906 844 5966 ΡΑτιιοι..
896 5903 1075 5962 LX".

1944 4641 2101 4705 citur,
2135 4649 2194 4693 ut
2219 4640 2284 4694 ad
2312 4639 2556 4694 eumdem
2598 4639 2876 4707 perveniat
2917 4641 3112 4705 cibum,
3146 4641 3311 4693 utitur
3339 4641 3516 4694 oilicio

1945 4738 2036 4784 aut
2065 4729 2340 4784 oculorum
2360 4736 2452 4782 aut
2480 4729 2706 4782 aurium.
2735 4730 2808 4784 Ac
2832 4744 2926 4798 per
2947 4731 3047 4784 hoc
3071 4739 3128 4783 ut
3156 4731 3381 4785 interius
3400 4733 3511 4799 ipsa

1945 4831 2216 4892 pascatur,
2252 4837 2357 4876 non
2386 4821 2501 4874 sine
2526 4821 2701 4874 carnis
2729 4822 3042 4890 operatione
3082 4823 3374 4892 perﬁcitur.
3406 4822 3521 4876 Sic-

1950 4921 2008 4966 ut
2054 4927 2182 4980 ergo
2229 4911 2318 4966 hic
2363 4911 2640 4979 utriusque
2683 4921 2886 4965 naturm
2933 4913 3201 4966 invenitur
3239 4915 3521 4982 operatio,

1951 5018 2074 5056 cum
2099 5003 2169 5056 sit
2206 5002 2360 5055 unius
2389 5002 2650 5070 acceptio,
2683 5002 2755 5055 ita
2786 5003 3068 5057 credamus
3103 5004 3387 5056 humanam
3432 5017 3522 5054 ητις

1952 5100 2126 5145 turam
2172 5089 2437 5159 Unigeniti
2476 5089 2570 5144 Dei
2599 5090 2755 5145 simul
2784 5107 2814 5144 a
2843 5090 3024 5154 Patre,
3055 5099 3109 5144 et
3135 5090 3288 5153 Filio,
3319 5099 3373 5144 et
3399 5089 3523 5158 Spi-

1950 5181 2057 5235 ritu
2084 5188 2271 5235 sancto
2301 5181 2514 5243 factam,
2548 5180 2641 5235 sed
2669 5196 2699 5234 a
2728 5181 2845 5235 solo
2872 5180 3007 5234 Filio
3033 5195 3130 5250 pro
3160 5187 3340 5232 nostra
3365 5179 3525 5233 mise-

1953 5272 2236 5327 ricorditer
2263 5273 2435 5328 salute
2461 5281 2786 5342 susceptam.

2023 5363 2111 5415 ΞΑ.
2158 5363 2321 5418 Addis
2351 5364 2553 5418 interea
2582 5364 2865 5432 quemdam
2898 5379 2964 5418 ex
2989 5363 3141 5417 vobis
3170 5364 3221 5418 in
3253 5365 3342 5420 illo
3373 5374 3520 5435 post-

1948 5454 2164 5508 modum
2191 5454 2387 5509 dixisse
2420 5455 2686 5519 convivio,
2718 5455 2853 5525 quod
2885 5472 3108 5521 muscas,
3141 5457 3356 5527 pulices,
3384 5474 3526 5513 scor-

1951 5547 2129 5614 piones
2161 5555 2208 5598 et
2241 5545 2444 5597 cimices
2480 5544 2616 5597 Deus
2638 5561 2738 5597 non
2763 5547 2902 5614 fecit,
2929 5544 3020 5597 sed
3043 5558 3158 5615 post
3187 5547 3525 5617 dejectionem

1952 5635 2121 5705 angeli
2160 5635 2298 5688 illius
2342 5635 2541 5703 indigni
2569 5634 2782 5701 diaboli,
2821 5637 2928 5690 ha'c
2970 5639 3141 5690 omnia
3171 5637 3233 5689 ab
3274 5639 3384 5707 ipso
3413 5637 3529 5690 dia-

1952 5725 2068 5777 bolo
2098 5727 2236 5795 facta
2263 5726 2384 5777 sint.
2418 5723 2486 5776 Et
2517 5726 2635 5776 dum
2664 5725 2898 5779 dfceretfs
2935 5729 3055 5798 quia
3086 5730 3259 5782 omnia
3285 5728 3422 5781 Deus
3453 5732 3528 5799 [e-

1951 5816 2039 5878 cit,
2073 5826 2119 5868 et
2142 5816 2246 5868 ha'c
2277 5816 2407 5868 bona
2435 5816 2600 5882 valde,
2631 5817 2761 5869 dixit
2783 5817 2916 5887 (pth
2943 5835 3020 5871 me
3049 5820 3112 5870 de
3143 5820 3234 5872 hoc
3259 5821 3528 5873 consulere

3067 5916 3145 5973 19'
