4130 6450
606 395 706 452 537

1626 388 1683 441 S.
1722 382 2082 439 FULGENTII
2122 381 2424 440 EPISCOPI
2464 383 2865 467 RUSPENSIS.

604 506 873 570 deberetis,
905 512 958 558 ut
987 504 1047 556 de
1079 502 1173 556 hoc
1198 502 1273 555 eis
1299 499 1647 568 satisfaciam,
1676 497 1720 550 si
1749 505 1870 549 ante
1899 504 2187 565 transgres-
2213 499 2261 561 Α
2288 493 2630 551 discumbens
2653 536 2668 561 ,
2722 510 2907 556 veram
2964 498 3244 554 scientiam
3309 500 3869 574 incomprehensibilis

601 598 821 662 sionem,
844 590 1218 665 quando'Deus
1247 590 1421 645 omnia
1447 589 1588 657 fecit,
1614 596 1732 639 tunc
1758 585 1859 638 ista
1882 586 2021 656 {acta
2040 585 2178 647 sint;

599 705 673 743 an
698 698 811 755 post
839 684 1301 756 transgressionem
1323 681 1468 733 Adw.
1508 677 1635 732 llaec
1658 685 1782 731 sunt
1804 675 1965 730 verba
1988 675 2181 743 quibus

604 788 696 834 tua
727 777 1042 832 terminatur
1065 773 1311 844 epistola.
1343 769 1512 838 Hujus
1540 777 1719 822 autem
1750 764 2184 835 interrogationis

606 871 721 926 dum
749 876 873 924 sunt
902 876 1101 938 partes.
1148 864 1278 919 Nam
1321 872 1376 917 et
1403 872 1579 917 utrum
1621 862 1760 916 Deus
1788 861 1877 915 illa
1906 860 2084 915 omnia
2114 859 2185 913 lc-

608 962 759 1023 cerit,
793 969 847 1013 et
876 958 1091 1027 quando
1122 954 1327 1018 iecerit,
1362 951 1677 1023 inquisistis.

673 1050 760 1105 25.
801 1048 954 1103 Prius
978 1049 1176 1116 itaque,
1208 1056 1383 1100 utrum
1417 1060 1479 1098 ea
1508 1044 1648 1099 Deus
1676 1041 1864 1098 fecerit
1894 1040 2048 1097 video
2070 1041 2180 1096 dis-

603 1141 908 1198 serendum.
941 1138 1040 1193 Ubi
1064 1139 1217 1192 nobis
1243 1137 1430 1191 beatus
1457 1133 1691 1189 Joannes
1709 1133 2034 1201 evangelista
2055 1132 2184 1202 quid

604 1232 810 1286 sentire
841 1228 1134 1282 debeamus
1159 1227 1396 1281 ostendit
1421 1226 1603 1279 dicens
1632 1242 1644 1278 :
1690 1224 1750 1278 In
1780 1224 2034 1296 principio
2072 1230 2183 1276 erat

616 1320 850 1384 Verbum,
897 1326 946 1371 et
994 1315 1218 1370 Verbum
1262 1323 1374 1369 erat
1416 1314 1555 1384 apud
1594 1313 1780 1380 Deum,
1812 1321 1861 1367 et
1900 1311 2039 1365 Deus
2074 1318 2186 1366 erat

612 1410 854 1465 Verbum.
890 1408 1006 1462 Hoc
1048 1416 1159 1461 erat
1198 1409 1249 1459 in
1296 1388 1551 1476 principii)
1578 1406 1716 1474 apud
1757 1404 1939 1458 Deum.
1994 1401 2186 1457 Omnia

606 1519 696 1573 per
738 1505 907 1569 ipsum
954 1502 1094 1571 facta
1138 1509 1293 1563 sunt,
1337 1507 1385 1552 et
1426 1501 1538 1553 sine
1565 1499 1676 1566 ipso
1717 1500 1912 1568 factum
1951 1505 2028 1550 est
2058 1495 2189 1550 nihil

606 1592 784 1662 (Joau.
826 1608 862 1653 ι,
898 1590 949 1654 l,
985 1590 1038 1654 2,
1069 1590 1145 1658 '5).
1177 1588 1311 1643 Vide
1357 1596 1599 1643 sanctum
1629 1589 2015 1655 evangelistam
2060 1586 2185 1657 Spi-

607 1682 711 1736 ritu
745 1682 835 1736 Dei
874 1681 1138 1750 repletum
1170 1680 1354 1749 paucis
1391 1680 1571 1735 verbis
1613 1695 1719 1734 non
1750 1680 1925 1734 solum
1963 1676 2187 1734 Creato-

605 1786 742 1836 rem,
774 1771 867 1825 sed
890 1770 1050 1824 etiam
1078 1777 1378 1823 creaturam
1406 1768 1561 1823 nobis
1580 1767 1865 1822 salubriter
1888 1767 2183 1821 intimasse.

2285 584 2578 655 Majcstatis
2618 586 2857 655 accepit;
2899 586 3014 656 qui,
3062 589 3201 643 sicut
3244 599 3471 645 noverat
3495 608 3658 647 unum
3698 593 3867 649 Deum

2286 695 2407 735 esse
2434 677 2646 739 Patrem
2671 687 2728 734 et
2755 678 2945 734 Filium
2964 721 2979 746 ,
3007 679 3087 735 sic
3115 681 3278 736 etiam
3317 683 3498 737 omnia
3528 682 3669 739 facta
3698 700 3866 739 nove—

2284 776 2370 822 rat
2398 783 2427 821 a
2452 767 2611 823 Patre
2640 782 2738 838 per
2759 767 2971 825 Filium.
3009 766 3162 825 Unde
3189 771 3279 825 illa
3300 773 3480 826 omnia
3509 787 3629 842 qua:
3657 789 3754 844 per
3772 775 3868 829 Fi-

2285 860 2413 913 lium
2441 859 2581 915 facta
2602 845 2727 914 sunt
2748 861 2817 914 ita
2840 869 3058 916 sanctus
3077 860 3310 919 Joannes
3328 865 3704 920 universaliter
3727 882 3872 922 com-

2286 949 2587 1019 prehendit,
2617 959 2676 1004 ut
2701 951 2903 1006 diceret
2928 971 2941 1005 :
2977 951 3169 1006 Omnia
3195 971 3284 1021 per
3310 956 3477 1026 ipsum
3498 957 3639 1026 facta
3661 968 3800 1023 sunt,
3817 966 3872 1012 et

2284 1043 2397 1095 sine
2416 1042 2527 1112 ipso
2554 1044 2750 1113 factum
2777 1054 2854 1096 est
2883 1044 3033 1097 nihil.
3066 1043 3317 1114 Quisquis
3344 1061 3474 1114 ergo
3501 1063 3747 1111 muscas,
3771 1065 3874 1119 pu-

2287 1129 2439 1199 lices,
2482 1133 2814 1203 scorpiones,
2869 1134 3114 1202 cimices,
3165 1134 3249 1189 vel
3278 1137 3325 1190 si
3374 1151 3494 1206 quas
3522 1139 3627 1191 alia
3670 1140 3874 1208 quibus

2287 1224 2530 1278 mortalis
2556 1239 2746 1278 sensus
2774 1224 3063 1279 ollenditur
3085 1242 3113 1279 a
3137 1226 3248 1282 Deo
3275 1224 3409 1282 facta
3431 1243 3630 1297 negare
3649 1240 3875 1286 conten-

2287 1313 2383 1378 dit,
2407 1321 2500 1367 aut
2526 1313 2671 1369 dicat
2691 1329 2754 1369 ea
2780 1315 2999 1369 omnino
3022 1331 3127 1369 non
3156 1316 3313 1379 facta,
3346 1325 3440 1370 aut
3465 1319 3509 1372 si
3540 1318 3678 1375 facta
3701 1320 3871 1385 dicat,

2288 1417 2396 1457 non
2421 1412 2598 1458 tamen
2627 1419 2657 1457 a
2701 1402 2861 1459 Patre
2891 1421 2988 1475 per
3015 1403 3226 1470 Filium,
3257 1406 3384 1475 quid
3410 1409 3551 1463 aliud
3574 1417 3744 1464 restat
3769 1412 3874 1466 nisi

2287 1502 2344 1549 et
2364 1495 2743 1563 evangelistam
2790 1495 3053 1551 Joannem
3083 1498 3228 1551 dicat
3261 1499 3313 1552 in
3354 1515 3449 1554 sua
3489 1501 3873 1570 prmdicatione

2287 1585 2605 1641 mentitum?
2637 1583 2829 1641 Omnia
2858 1588 3024 1652 enim,
3052 1589 3241 1658 inquit,
3262 1605 3353 1658 per
3368 1591 3531 1659 ipsum
3560 1593 3704 1661 facta
3728 1603 3870 1653 sunt,

2286 1688 2338 1732 et
2363 1679 2476 1733 sine
2502 1680 2616 1749 ipso
2647 1681 2842 1751 factum
2864 1690 2942 1735 est
2976 1680 3124 1734 nihil.

2359 1769 2449 1825 27.
2476 1770 2591 1826 Non
2615 1780 2847 1841 estergo
2875 1772 3075 1841 aliquid
3103 1772 3246 1842 quod
3276 1771 3435 1826 Pattr
3462 1788 3567 1827 non
3593 1772 3721 1828 fecit
3740 1815 3755 1837 ,
3779 1774 3871 1844 qui

606 1863 738 1918 Nam
768 1862 912 1931 quod
941 1863 1052 1927 ait,
1109 1860 1173 1914 In
1203 1861 1455 1932 principio
1503 1869 1615 1912 erat
1673 1856 1932 1922 Verbum,
1978 1855 2188 1910 duobus
2217 1872 2262 1933 Β
2292 1862 2470 1917 omnia
2499 1861 2627 1917 fecit
2659 1881 2672 1915 :
2705 1878 2805 1918 nec
2830 1872 2913 1918 est
2942 1864 3140 1932 aliquid
3169 1864 3312 1933 quod
3345 1862 3501 1918 Pater
3525 1881 3630 1919 non
3662 1880 3761 1934 per
3784 1865 3873 1919 Fi-

604 1954 781 2007 modis
810 1961 956 2007 recta
989 1951 1118 2005 lides
1148 1950 1433 2021 intelligit:
1466 1950 1516 2003 id
1547 1956 1648 2012 est,
1693 1947 1777 2002 vel
1815 1946 1962 2017 quod
1991 1947 2045 2000 in
2084 1945 2186 1999 Pa.

597 2052 690 2100 tre
718 2052 835 2098 erat
876 2043 1082 2110 Filius,
1128 2043 1251 2113 quia
1299 2040 1620 2094 naturaliter
1660 2054 1824 2092 unum
1865 2037 2187 2108 principium

606 2144 708 2201 est,
740 2134 899 2188 Pater
926 2144 981 2187 et
1010 2133 1208 2195 Filius;
1239 2133 1323 2186 vel
1352 2132 1501 2201 quod,
1521 2133 1637 2187 sine
1663 2130 1817 2185 initio
1846 2138 1929 2185 est
1964 2145 2069 2184 non
2098 2145 2188 2184 so-

608 2228 718 2281 lum
751 2223 946 2290 Pater,
988 2223 1082 2279 sed
1126 2222 1290 2277 etiam
1322 2221 1508 2276 Filius.
1559 2221 1673 2276 Hoc
1702 2220 1845 2280 enim
1888 2218 2189 2276 certissime

608 2330 793 2372 verum
818 2314 1133 2385 principium
1156 2312 1370 2375 dicitur,
1402 2310 1548 2381 quod
1581 2312 1726 2365 nullo
1758 2310 2020 2365 existendi
2042 2309 2190 2380 prin-

607 2408 751 2479 cipio
779 2407 1105 2478 praevenitur
1131 2423 1142 2457 :
1177 2404 1434 2474 quidquid
1476 2413 1654 2458 autem
1694 2404 1747 2458 in
1776 2403 2042 2473 principio
2066 2416 2187 2458 esse

607 2498 790 2567 erupit,
820 2495 1020 2551 factum
1053 2504 1135 2550 est
1165 2510 1330 2565 opere
1365 2494 1459 2548 Dei
1490 2495 1743 2559 creantis,
1768 2509 1868 2548 nec
1896 2508 2053 2547 unam
2091 2508 2191 2563 po-

606 2598 714 2644 test
741 2589 941 2643 habere
977 2589 1288 2659 [‘19‘cum
1326 2584 1586 2642 Creatore
1629 2595 1874 2641 naturam
1909 2604 1922 2639 :
1972 2586 2075 2639 hoc
2107 2592 2191 2638 est

607 2682 750 2736 enim
792 2680 1063 2735 subditum
1099 2679 1273 2740 initio,
1318 2678 1462 2747 quod
1493 2678 1635 2734 Deus
1662 2678 1867 2733 creavit
1895 2692 1962 2731 ex
1993 2676 2185 2730 nihilo.

606 2770 842 2826 Proinde
881 2769 1013 2823 illud
1042 2777 1189 2823 recte
1214 2768 1412 2823 dicitur
1436 2770 1488 2822 in
1520 2769 1784 2838 principio
1811 2782 1949 2831 esse,
1981 2768 2066 2821 cui
2095 2781 2189 2821 na-

607 2859 782 2914 turale
823 2866 907 2913 est
935 2857 1138 2925 absque
1164 2857 1429 2911 existendi
1458 2857 1612 2911 initio
1640 2871 1852 2927 semper
1877 2870 1997 2910 esse
2026 2872 2039 2908 :
2071 2870 2190 2925 qua:

604 2950 722 3006 sine
749 2950 903 3005 initio
942 2948 1215 3003 aiternitas
1238 2988 1253 3014 ,
1308 2948 1421 3017 ipsa
1452 2957 1537 3003 est
1576 2963 1704 3004 vera
1753 2948 2030 3002 Dlvinitas.
2065 2947 2190 3002 Haec

603 3049 782 3094 autem
807 3040 856 3092 in
887 3053 994 3092 uno
1020 3036 1177 3103 Filio,
1208 3038 1299 3107 qui
1323 3038 1388 3092 de
1411 3037 1572 3093 Patre
1600 3046 1757 3093 natus
1785 3046 1886 3103 est,
1917 3046 1973 3093 et
1998 3038 2050 3092 in
2080 3053 2189 3093 uno

604 3130 809 3202 Spiritu
836 3139 1044 3197 sancto,
1069 3145 1160 3200 qm
1189 3129 1256 3184 de
1286 3127 1445 3184 Patre
1472 3128 1715 3199 Filioque
1743 3128 2010 3200 procedit,
2034 3138 2191 3181 natu-

2286 1952 2416 2007 lium
2445 1953 2653 2019 fecerit,
2676 1954 2793 2009 sine
2811 1970 2919 2024 quo
2948 1954 3145 2010 factum
3177 1964 3260 2009 est
3287 1956 3439 2009 nihil.
3466 1954 3701 2011 Proinde
3722 1958 3873 2026 quid~

2285 2043 2416 2113 quid
2445 2053 2527 2099 est
2549 2045 2867 2100 naturaliter
2895 2045 3117 2115 aliquid,
3148 2061 3367 2100 necesse
3394 2055 3474 2100 est
3504 2056 3563 2100 ut
3592 2047 3735 2101 inter
3753 2047 3873 2116 ejus

2287 2149 2454 2205 opera
2484 2135 2775 2205 deputetur
2823 2151 2919 2206 per
2944 2150 3106 2205 quem
3130 2135 3268 2190 facta
3298 2144 3424 2189 sunt
3443 2137 3644 2203 omnia,
3673 2146 3731 2191 et
3753 2138 3873 2192 sine

2287 2239 2395 2293 quo
2447 2224 2645 2281 factum
2677 2235 2760 2281 est
2814 2226 2964 2280 nihil.
2998 2224 3193 2280 Plenus
3242 2226 3487 2280 veritatis
3534 2227 3871 2296 evangelista

2288 2323 2515 2370 testatur
2543 2316 2687 2386 quod
2715 2316 2768 2370 in
2789 2316 3032 2371 doctrina
3062 2316 3233 2370 sancti
3262 2315 3495 2385 Spiritus
3524 2317 3871 2371 nihilominus

2289 2404 2452 2459 etiam
2484 2403 2681 2460 Paulus
2702 2421 2798 2459 vas
2830 2405 3111 2459 electionis
3139 2413 3192 2458 et
3214 2406 3405 2459 doctor
3424 2407 3659 2474 gentium
3689 2407 3745 2460 in
3769 2408 3871 2460 lide

2288 2504 2344 2550 et
2369 2496 2592 2550 veritate
2624 2495 2777 2551 nobis
2803 2511 2911 2561 non
2958 2495 3166 2549 destitit
3195 2495 3464 2559 intimare,
3490 2495 3676 2550 dicens
3715 2497 3865 2566 quod

2289 2588 2537 2658 superius
2560 2586 2673 2656 jam
2700 2588 2982 2658 posuimus
3013 2607 3025 2640 :
3054 2585 3221 2642 Nobis
3244 2599 3412 2642 autem
3439 2605 3572 2642 unus
3598 2587 3739 2642 Deus
3758 2588 3870 2642 Pa-

2290 2688 2385 2742 ter,
2416 2695 2481 2733 ea:
2506 2696 2604 2750 quo
2631 2681 2828 2743 omnia,
2858 2690 2909 2733 et
2936 2679 3098 2750 420
3121 2696 3218 2734 nos
3246 2680 3300 2733 in
3333 2681 3480 2749 ipso;
3506 2690 3556 2733 et
3590 2697 3727 2733 unus
3754 2679 3867 2735 Da-

2291 2770 2460 2824 minus
2487 2769 2638 2824 Jesus
2660 2768 2915 2836 Christus,
2940 2787 3031 2838 per
3057 2788 3204 2841 quem
3231 2772 3426 2844 omnia,
3458 2781 3507 2825 et
3541 2788 3635 2824 nos
3673 2788 3766 2840 per
3784 2772 3869 2840 ip-

2289 2875 2404 2912 sum
2433 2858 2483 2929 (1
2516 2857 2636 2913 Cor.
2667 2875 2781 2925 vm,
2813 2859 2891 2931 6).
2920 2858 3118 2915 Eadem
3143 2860 3233 2931 (al.
3267 2859 3334 2913 Et
3357 2859 3553 2931 adhuc)
3573 2861 3754 2914 omnia
3773 2876 3870 2915 cu-

2291 2949 2433 3004 ravit
2475 2951 2582 3005 alio
2610 2950 2733 3005 loco
2762 2951 3100 3006 manifestius
3143 2952 3444 3021 explicare,
3475 2953 3696 3008 dicens:
3730 2949 3872 3017 Quia

2290 3041 2345 3094 in
2368 3042 2480 3110 ipso
2506 3042 2716 3095 condita
2739 3050 2861 3096 sunt
2881 3045 3055 3096 omnia
3082 3044 3137 3096 in
3162 3044 3287 3098 cmlo
3314 3053 3364 3097 et
3388 3044 3443 3097 in
3472 3043 3874 3112 terra,visibilia

2291 3138 2342 3185 et
2386 3131 2698 3197 invisibilia,
2740 3134 2844 3186 sive
2894 3131 3118 3198 Throni,
3164 3135 3270 3188 sive
3314 3134 3725 3202 Dominationes,
3767 3138 3875 3192 sive

604 3218 789 3272 raliter
828 3220 1114 3272 invenitur.
1143 3218 1275 3272 Tale
1299 3226 1384 3272 est
1411 3218 1713 3287 ergoquod
1740 3217 2070 3288 evangelista
2100 3214 2186 3270 di-
2216 3230 2261 3293 ρ
2292 3220 2645 3293 Principatus,
2678 3224 2784 3278 sive
2833 3224 3142 3291 Potestates,
3175 3227 3351 3279 omnia
3388 3243 3480 3295 per
3523 3227 3689 3297 ipsum
3736 3237 3788 3281 et
3815 3228 3875 3281 in

606 3314 700 3378 cit,
731 3310 801 3366 In
828 3311 1081 3382 principio
1106 3320 1219 3365 erat
1255 3310 1495 3375 Verbum,
1528 3310 1682 3379 quasi
1710 3309 1932 3373 diceret,
1963 3308 2190 3379 Semper

606 3408 725 3455 erat
743 3398 977 3453 Verbum
1006 3417 1018 3451 ε
1047 3398 1406 3468 quodcunque
1427 3399 1570 3453 enim
1601 3397 1831 3452 voluerit
1857 3398 2020 3452 homo
2050 3398 2191 3467 prin-

606 3487 804 3557 cipium
834 3488 1101 3555 cogitare,
1135 3502 1241 3541 non
1274 3487 1543 3541 invenitur
1567 3486 1854 3555 aliquando
1895 3486 2023 3540 illud
2052 3487 2189 3541 Ver-

605 3579 733 3633 bum
754 3579 1017 3651 ~ccepisse,
1059 3577 1152 3631 sed
1197 3592 1412 3646 semper
1441 3577 1494 3631 in
1526 3578 1790 3648 principio
1820 3593 1957 3632 esse.
1988 3577 2189 3633 Deinde

606 3668 807 3732 dicens,
839 3676 951 3722 erat
990 3666 1210 3739 Verbum
1239 3666 1380 3737 apud
1422 3665 1584 3721 Deum
1612 3707 1627 3732 ,
1676 3669 1913 3722 ostendit
1943 3676 2188 3721 naturam

605 3758 795 3827 \erbi,
847 3775 949 3815 nec
991 3742 1349 3828 temporalem
1379 3773 1498 3814 esse
1530 3759 1712 3828 utique
1736 3799 1750 3823 ,
1793 3775 1895 3814 nec
1936 3759 2184 3813 localem.

606 3848 746 3905 Nihil
788 3850 931 3905 enin.
962 3849 1126 3905 habet
1152 3850 1220 3903 de
1262 3849 1415 3904 initio
1444 3849 1702 3919 temporis
1746 3848 2009 3916 Verbum,
2044 3849 2189 3919 quod

606 3940 659 3996 in
687 3934 955 4011 principio
983 3949 1100 3994 erat
1131 3957 1143 3992 :
1178 3939 1312 3993 nihil
1356 3939 1517 3994 habet
1554 3940 1621 3993 de
1651 3940 1826 4010 spatio
1856 3940 1959 3994 luci
1982 3980 1997 4006 ,
2047 3938 2189 4011 quod

607 4040 733 4087 ante
765 4044 979 4085 omnem
995 4041 1298 4085 creaturam
1322 4030 1658 4098 temporibus
1674 4030 2190 4101 locisvesubjectam

606 4119 748 4191 apud
776 4121 947 4175 Demn
978 4128 1114 4174 erat.
1147 4118 1342 4174 Diccns
1383 4119 1596 4182 deinde,
1630 4118 1771 4173 Deus
1800 4130 1910 4173 erat
1946 4119 2187 4186 Verbum,

606 4214 839 4268 ostendit
863 4229 1022 4267 unam
1052 4212 1227 4269 Patris
1251 4213 1291 4266 F
1298 4214 1480 4282 diique
1508 4223 1775 4277 naturam,
1805 4214 1929 4268 dum
1954 4214 2188 4269 Verbum

608 4303 753 4373 quod
784 4312 901 4357 erat
947 4303 1092 4372 apud
1137 4304 1305 4357 Deum
1354 4308 1461 4358 non
1513 4305 1654 4357 aliud
1708 4305 2024 4359 naturaliter
2056 4305 2193 4359 dixit

607 4410 728 4451 csse
751 4410 911 4464 quam
956 4395 1146 4451 Deum.
1183 4396 1523 4467 Evangelista
1555 4400 1756 4468 quippe
1789 4399 2017 4453 Verbum
2043 4401 2190 4469 prius

607 4483 811 4553 dicens,
856 4486 1176 4541 vocabulum
1209 4502 1453 4556 persona:
1484 4491 1748 4544 veraciter
1786 4490 2067 4545 existentis
2102 4507 2190 4546 ex-

606 4576 822 4646 pressit,
854 4575 997 4645 quod
1027 4578 1211 4648 utique
1252 4592 1358 4632 non
1389 4586 1473 4633 est
1500 4579 1642 4632 l‘atri
1671 4579 1913 4648 Filioque
1940 4595 2186 4635 commu-
2216 4569 2270 4629 D

606 4683 693 4722 ne.
720 4666 876 4723 Solus
898 4669 1041 4723 enim
1065 4668 1227 4724 Filius
1252 4669 1446 4725 dicitur
1468 4669 1718 4726 Verbum.

673 4756 763 4812 26.
796 4757 1058 4828 Exigebat
1100 4768 1279 4814 autem
1327 4760 1587 4814 naturalis
1616 4758 1936 4829 signiﬁcatio
1965 4768 2023 4813 ut
2049 4758 2189 4813 sicut

604 4860 879 4918 persona},
912 4850 989 4904 sic
1018 4850 1179 4904 etiam
1231 4858 1435 4904 natura:
1488 4867 1684 4905 nomen
1736 4850 2110 4906 ostenderetur
2134 4852 2187 4905 in

603 4934 802 4991 Verbo.
820 4934 946 4991 ldco
965 4937 1150 4992 beatus
1167 4940 1491 5007 evangelista
1506 4940 1894 5010 subsequeutcr
1911 4939 2182 5009 adjuuxit:

608 5028 674 5084 Et
699 5031 834 5085 Deus
859 5040 971 5085 erat
1011 5030 1246 5097 Verbum,
1276 5043 1438 5103 atque
1462 5037 1531 5089 ita
1560 5052 1666 5090 non
1697 5036 1869 5090 solum
1892 5038 2184 5107 personali,

602 5121 701 5179 sed
730 5131 785 5179 ct
811 5123 1048 5178 naturali
1092 5123 1452 5179 insinuatione
1482 5126 1735 5194 unigeniti
1762 5126 1879 5181 Filii
1938 5128 2029 5181 Dei
2069 5125 2186 5181 olli-

604 5214 748 5270 cium
786 5222 985 5269 sanctm
1014 5213 1412 5284 prmdieationis
1457 5216 1720 5286 explevit;
1752 5227 1811 5271 ut
1854 5228 1909 5272 et
1952 5218 2185 5273 Verbum

608 5315 924 5372 nuncupans
947 5304 1221 5372 personali
1250 5304 1485 5370 nomine,
1509 5305 1704 5361 Filium
1737 5306 1911 5362 Patris
1938 5309 2188 5363 ostende-

606 5403 730 5456 ret;
757 5401 811 5449 et
848 5393 1017 5451 Deum
1044 5398 1330 5452 nominans
1376 5400 1649 5454 communi
1680 5400 1961 5464 vocabulo,
1988 5409 2190 5456 natura:

607 5488 766 5543 inritis
794 5501 910 5543 esse
936 5502 1060 5543 cum
1089 5484 1249 5545 Patre
1292 5499 1631 5545 monstraret.
1666 5489 1867 5545 Deinde
1895 5498 1953 5545 ut
1981 5506 2046 5546 ex
2070 5493 2192 5547 uui-

605 5585 720 5635 tate
771 5578 950 5649 aperis
977 5578 1148 5648 magis
1188 5580 1656 5636 commendaretur
1683 5580 1860 5635 unitas
1913 5581 2192 5647 naturalis,

608 5667 942 5737 evangelista
988 5668 1180 5721 beatus
1205 5668 1400 5737 adjecit
1433 5685 1446 5722 :
1482 5668 1674 5722 Omnia
1714 5685 1806 5738 per
1838 5669 2008 5733 ipsum
2052 5671 2194 5741 facta

609 5770 750 5825 sunt,
780 5767 830 5811 et
870 5757 980 5811 sine
1022 5758 1136 5812 inse
1183 5760 1377 5833 fugiunt
1420 5768 1495 5814 est
1544 5758 1692 5813 nihil.
1725 5759 1855 5824 Quis
1881 5759 1986 5813 hoc
2010 5757 2192 5814 dixit?

610 5853 815 5926 Nempe
843 5855 931 5911 ille
952 5869 1062 5924 qui,
1091 5872 1254 5926 super
1292 5850 1482 5925 pectus
1509 5855 1797 5925 Sapientia:
1828 5849 2191 5928 Veritatisun

2291 3312 2403 3382 ipso
2430 3322 2606 3365 creata
2632 3322 2772 3380 sunt,
2803 3322 2853 3366 et
2890 3315 3001 3384 ipse
3047 3324 3125 3368 est
3171 3324 3292 3368 ante
3320 3332 3516 3379 omnes,
3542 3324 3591 3369 et
3611 3318 3788 3371 omnia
3815 3318 3873 3369 in

2288 3404 2403 3472 ipso
2424 3412 2666 3457 constant
2696 3402 2917 3474 (Coloss.
2949 3421 2988 3469 ι,
3019 3405 3106 3473 16,
3140 3406 3254 3475 l7).
3284 3406 3360 3462 Ne
3385 3409 3509 3477 quis
3553 3420 3736 3463 autem
3775 3423 3876 3464 au-

2289 3492 2461 3573 diens,
2493 3495 2544 3548 in
2575 3495 2711 3551 ccclo
2755 3507 2811 3550 et
2839 3497 2891 3550 in
2924 3505 3066 3551 terra
3091 3499 3270 3552 omnia
3299 3516 3395 3568 per
3421 3498 3699 3556 Christum
3733 3511 3791 3558 et
3816 3503 3872 3558 iu

2290 3581 2506 3641 Christo
2532 3597 2740 3655 creata,
2769 3589 2896 3657 quia
2927 3589 3014 3645 hic
3050 3605 3199 3646 mare
3227 3608 3334 3646 non
3363 3594 3696 3660 nominatur,
3725 3603 3782 3649 et
3805 3609 3874 3650 ea

2289 3690 2411 3745 qua:
2440 3676 2493 3731 in
2524 3679 2677 3747 aquis
2705 3688 2831 3734 sunt
2877 3680 2945 3735 ab
2992 3697 3158 3752 opere
3185 3683 3377 3738 divina:
3413 3685 3702 3740 crcationis
3726 3686 3873 3741 testi-

2289 3778 2404 3824 met
2428 3771 2601 3825 aliena
2618 3810 2632 3833 ,
2661 3773 2911 3841 primitus
2938 3774 3105 3844 ipsius
3124 3774 3350 3831 Genesis
3369 3778 3610 3832 attendat
3638 3779 3873 3848 initium,

2291 3862 2381 3916 ubi
2412 3863 2762 3932 przccipiente
2791 3863 3020 3921 Domino
3049 3868 3419 3937 produxerunt
3446 3883 3599 3938 aqua:
3652 3873 3869 3940 reptilia
3944 3924 3953 3931 ,,

2290 3960 2611 4021 animarum,
2643 3968 2699 4014 et
2727 3975 2854 4016 aves
2881 3976 3001 4032 qua:
3028 3962 3215 4016 volant
3242 3978 3404 4033 super
3432 3970 3629 4018 terram
3661 3962 3874 4037 (Cenes.

2290 4064 2329 4115 ι,
2357 4048 2471 4120 20),
2502 4059 2557 4103 et
2585 4059 2849 4119 agnoscat
2888 4052 3063 4120 ipsum
3115 4068 3235 4108 esse
3285 4054 3337 4107 in
3382 4054 3534 4122 aquis
3570 4065 3874 4111 creatorem

2290 4141 2516 4212 piscium
2549 4149 2605 4195 et
2632 4142 2835 4206 avium,
2865 4143 2956 4210 qui
2987 4151 3202 4197 creator
3228 4152 3309 4217 est
3338 4144 3388 4197 in
3421 4153 3563 4197 terra
3607 4144 3874 4213 lignorum

2290 4242 2348 4287 et
2368 4232 2680 4299 herbarum,
2712 4234 2963 4291 similiter
2989 4236 3041 4289 in
3070 4236 3212 4291 cmlo
3243 4236 3582 4290 luminaritnu
3609 4243 3666 4289 ct
3693 4235 3875 4291 stella-

2290 4338 2440 4389 rum;
2473 4331 2528 4376 et
2556 4325 2694 4379 sicut
2722 4327 3002 4394 cognoscit
3062 4327 3230 4381 Deum
3283 4329 3431 4397 prius
3460 4326 3653 4381 fecisse
3681 4329 3874 4384 emtum

2292 4415 2346 4467 in
2374 4430 2483 4484 quo
2504 4416 2786 4471 luminaria
2818 4427 2874 4472 et
2901 4420 3087 4474 stellas
3116 4420 3336 4487 laceret,
3365 4422 3516 4490 prius
3544 4420 3742 4477 fecisse
3771 4429 3876 4478 ter-

2293 4521 2407 4559 ram
2453 4521 2573 4576 qua:
2600 4508 2717 4577 ipso
2740 4507 2965 4575 jubeute
3007 4509 3205 4564 herbas
3234 4511 3483 4578 lignaque
3513 4511 3875 4580 produceret;

2294 4596 2366 4649 ita
2395 4595 2590 4652 fecisse
2616 4612 2802 4667 aquas,
2834 4598 2903 4653 dc
2952 4599 3146 4667 quibus
3194 4599 3313 4668 ipso
3338 4600 3554 4654 dicente
3582 4600 3799 4668 reptilia
3825 4605 3876 4654 et

2292 4686 2532 4740 volatilia
2562 4690 2768 4756 pariter
2793 4690 3145 4744 exstitissent.
3178 4689 3287 4745 Nec
3316 4691 3458 4745 enim
3483 4690 3550 4746 de
3593 4692 3753 4759 aquis
3778 4691 3875 4745 ali-

2292 4777 2421 4846 quid
2451 4776 2630 4832 Verbo
2685 4788 2941 4842 creasset,
2973 4779 3018 4833 si
3048 4780 3266 4835 easdem
3293 4795 3461 4849 aquas
3498 4779 3686 4835 Verbo
3715 4793 3875 4835 antea

2295 4884 2402 4923 non
2443 4869 2681 4925 fecisset.
2709 4869 2838 4924 lude
2864 4879 2947 4925 est
2973 4869 3121 4939 quod
3149 4870 3338 4925 beatus
3368 4869 3532 4924 David
3565 4870 3876 4924 universali-

2295 4967 2379 5014 ter
2400 4959 2619 5027 cadum,
2651 4968 2871 5023 terram,
2900 4974 3071 5022 mare,
3100 4974 3221 5014 cum
3251 4960 3502 5014 omnibus
3542 4973 3665 5027 qua:
3710 4959 3765 5012 in
3804 4958 3877 5011 eis

2293 5057 2419 5104 sunt
2439 5064 2469 5104 a
2498 5049 2612 5105 Deo
2640 5048 2779 5104 facta
2827 5064 2946 5103 esse
2974 5064 3083 5103 non
3124 5049 3291 5104 tacuit
3317 5048 3502 5103 dicens
3531 5064 3545 5101 :
3580 5046 3778 5102 Beatus
3804 5049 3876 5102 vir

2295 5139 2440 5208 cujus
2484 5137 2624 5192 Deus
2650 5136 2813 5193 Jacab
2859 5138 3069 5208 adjutor
3091 5118 3231 5210 ejus,
3255 5154 3371 5207 spes
3398 5138 3510 5208 ejus
3558 5138 3614 5192 in
3645 5136 3870 5192 Domino

2296 5226 2407 5282 Deo
2435 5229 2597 5298 ipsius
2624 5229 2708 5300 qui
2738 5229 2859 5298 fecit
2888 5227 3068 5281 caelum
3110 5235 3160 5280 et
3196 5237 3404 5289 terram,
3433 5243 3599 5291 mare,
3626 5236 3679 5280 et
3704 5228 3876 5281 omnia

2297 5336 2412 5390 qua:
2437 5321 2490 5374 in
2537 5321 2611 5373 eis
2658 5329 2777 5374 sunt
2809 5318 2982 5389 (Psal.
3007 5334 3165 5384 ειιν,
3214 5318 3270 5387 Δ,
3301 5316 3376 5387 5).
3406 5316 3693 5384 Quomodo
3724 5321 3877 5390 (forte

2298 5408 2457 5478 Cum)
2488 5422 2618 5478 ergo
2647 5408 2961 5479 prOpbetica
2993 5415 3222 5465 testetur
3258 5409 3553 5463 auctoritas
3582 5409 3782 5463 emtum
3826 5416 3876 5462 et

2301 5508 2520 5565 terram,
2549 5515 2721 5567 mare,
2750 5508 2806 5554 et
2828 5500 3007 5555 omnia
3035 5514 3155 5569 qua:
3182 5501 3235 5554 in
3260 5500 3342 5554 eis
3363 5506 3509 5566 sunt,
3539 5515 3572 5554 a
3600 5500 3715 5556 Deo
3746 5499 3876 5554 facta

2300 5605 2452 5659 esse,
2484 5589 2683 5647 Paulus
2730 5605 2947 5660 quoque
2994 5591 3274 5661 apostolus
3322 5598 3529 5644 asserat
3556 5591 3612 5644 in
3665 5588 3876 5645 Christo

2298 5689 2482 5736 creata
2504 5695 2625 5736 esse
2652 5680 2832 5735 omnia
2855 5681 2910 5734 in
2938 5680 3078 5749 (aulo
3107 5687 3162 5734 et
3181 5679 3235 5733 in
3264 5687 3427 5742 terra,
3458 5679 3691 5735 visibilia
3709 5688 3769 5734 et
3796 5679 3877 5734 in-

2297 5770 2548 5836 visibilia,
2573 5771 2689 5826 sive
2717 5770 2985 5836 Throuos,
3012 5769 3125 5824 sive
3152 5769 3577 5837 Domipationes,
3593 5772 3709 5827 sive
3728 5770 3879 5826 Prin.

2297 5860 2525 5929 eipatus,
2550 5859 2665 5918 sive
2719 5859 3058 5927 Potestates;
3082 5873 3188 5930 qua
3213 5861 3427 5918 ratione
3455 5870 3550 5919 aut
3599 5877 3704 5936 qua
3736 5861 3875 5917 veri-
