4108 6468
293 377 398 435 582

1206 377 1291 434 DE
1319 379 1824 435 lNCARNATlQNE
1865 380 2016 434 Flldl
2058 380 2164 434 DEI
2225 379 2420 433 LIBER
2463 375 2667 431 UNUS.

3451 334 3640 424 590'

292 503 406 545 late
433 507 464 545 a
504 492 615 546 Dco
644 493 835 561 aliquis
862 507 971 547 non
1002 491 1114 545 vult
1143 491 1363 546 credere
1411 503 1619 547 creatas
1645 493 1696 545 in
1729 501 1871 545 terra
1901 499 1946 555 Α
1975 492 2273 554 notissima,
2307 507 2423 560 qua:
2447 491 2697 546 facillime
2725 502 2948 562 possunt
2973 492 3181 550 duobus
3222 504 3428 554 tantum
3471 503 3556 557 di.

293 598 509 636 muscas
547 590 709 650 atque
738 582 1070 652 scorpiones,
1098 581 1301 651 pulices
1327 591 1382 637 et
1425 582 1672 642 cimices.
1705 597 1734 634 a
1764 597 1873 650 quo

304 685 506 737 negare
539 687 643 725 non
672 680 852 741 potest
893 681 1106 726 creatos
1137 687 1258 726 esse
1287 673 1340 726 in
1371 673 1676 728 cmlestibus
1705 672 1878 726 Thro-

293 777 417 828 nos,
460 763 884 824 Dominationes,
934 763 1274 832 Principatus
1318 773 1374 818 et
1404 762 1743 818 Potestates?
1774 761 1876 816 Er-

294 868 439 922 gone
485 854 624 908 Deus
655 853 742 908 ille
771 855 861 923 qui
885 870 1046 924 super
1069 855 1261 909 coelum
1285 871 1474 909 creans
1493 854 1772 909 constituit
1791 869 1881 907 an-

295 943 499 1008 gelicas
527 942 795 1010 legiones,
829 943 1106 1010 negandus
1135 951 1217 997 est
1267 943 1318 996 in
1351 951 1498 997 terra
1525 943 1702 997 facere
1730 955 1880 996 scor-

299 1032 510 1100 piones,
555 1033 606 1096 in
629 1046 731 1100 qua
763 1031 889 1085 fecit
911 1032 1171 1096 homines,
1204 1031 1331 1087 fecit
1359 1031 1558 1086 bestias
1580 1039 1633 1085 et
1661 1045 1876 1101 pecora,

298 1120 426 1176 fecit
454 1137 578 1176 aves
599 1130 653 1174 et
681 1121 893 1190 pisces?

370 1211 460 1264 28.
494 1211 648 1277 Quid,
693 1227 894 1282 quznso,
924 1213 975 1265 in
1009 1213 1072 1266 iis
1100 1213 1475 1283 scorpionibus
1521 1213 1788 1282 displicet,
1822 1220 1880 1266 nt

300 1303 704 1370 eos-quisquam
735 1302 1006 1356 existimet
1049 1319 1077 1356 a
1110 1304 1220 1357 Deo
1252 1320 1356 1357 non
1398 1302 1603 1358 factos?
1632 1305 1768 1357 Nihil
1797 1311 1882 1358 est

297 1391 444 1444 enim
486 1392 536 1443 in
568 1407 796 1460 corpore
843 1395 1146 1461 scorpionis
1175 1395 1316 1461 quod
1349 1409 1454 1446 non
1488 1395 1693 1446 laudem
1745 1394 1877 1447 insi-

301 1492 431 1536 nuet
457 1481 752 1537 Creatoris.
786 1483 1039 1539 Primitus
1078 1489 1189 1554 ipsa
1234 1500 1519 1555 compages
1547 1485 1779 1539 adunata
1823 1493 1882 1539 et

299 1575 602 1629 modilicata
625 1577 1006 1640 membrorum,
1035 1577 1383 1644 congruentia
1405 1586 1457 1631 et
1483 1578 1722 1646 parilitas
1751 1592 1876 1646 par~

301 1667 341 1720 ti
383 1683 453 1730 m,
478 1666 672 1720 deinde
694 1667 870 1720 anima
905 1668 1197 1734 vivificaris,
1230 1676 1286 1723 et
1306 1669 1615 1723 sensilicans
1645 1683 1873 1736 corpus;

299 1772 420 1825 qua:
448 1758 626 1810 omnia
680 1759 819 1811 bona
847 1774 981 1812 esse-
1014 1760 1133 1829 quis
1182 1761 1459 1828 ambigat?
1484 1759 1588 1814 Sed
1634 1759 1876 1829 profecto

302 1847 381 1900 vis
411 1848 498 1900 illa
529 1849 724 1902 veneni
754 1863 871 1916 qua:
895 1849 1162 1904 invenitur
1186 1850 1492 1906 hominibus
1547 1851 1875 1920 perniciosa,

302 1945 362 1989 ut
388 1945 607 2006 putatur
644 1939 696 1992 in
736 1954 964 2008 corpore
1006 1941 1304 2008 scorpionis
1334 1941 1620 2009 horrenda,
1650 1941 1740 1995 ubi
1771 1942 1877 1994 uti-

302 2042 426 2082 nam
455 2027 722 2082 discerent
767 2029 1013 2084 homines
1057 2045 1268 2098 poenam
1299 2047 1408 2085 sua:
1437 2033 1877 2106 transgressionis

301 2117 598 2181 attendere,
617 2127 666 2172 et
697 2118 1000 2174 desinerent
1024 2121 1162 2174 bona
1187 2120 1280 2176 Dei
1305 2137 1468 2191 opera
1492 2123 1705 2178 diabolo
1730 2139 1879 2177 men-

303 2205 509 2260 daciter
534 2207 843 2275 assignare!
898 2210 1065 2263 Minus
1113 2213 1253 2265 enim
1297 2214 1578 2266 attendunt
1621 2221 1878 2281 quantum

302 2294 444 2348 inter
473 2311 636 2366 opera
679 2298 770 2352 Dei
819 2299 994 2353 valeat
1023 2304 1372 2368 congruentia
1404 2305 1680 2368 naturalis,
1705 2320 1879 2373 quan-

301 2395 521 2454 tumque
552 2387 726 2455 prosit
774 2389 936 2443 rebus
990 2390 1216 2458 singulis
1268 2393 1477 2456 modus,
1507 2393 1589 2448 vel
1621 2403 1880 2462 quantum

277 2485 496 2543 noceat
521 2477 980 2551 inunoderationis
1008 2496 1296 2536 excessus:
1330 2483 1520 2550 (textus
1550 2483 1906 2553 depravata»;

305 2577 423 2632 qua:
448 2579 567 2617 cum
607 2566 832 2618 multum
864 2582 971 2620 non
1016 2565 1141 2622 sivit
1191 2583 1309 2623 esse
1338 2571 1873 2639 omnipotensD‘eus,

310 2653 398 2732 qui
427 2669 534 2708 non
565 2654 726 2707 etiam
756 2655 808 2708 in
839 2655 967 2724 ipsis
995 2656 1209 2712 famulis
1242 2659 1398 2730 (forte
1425 2643 1668 2732 flagellis)
1702 2662 1882 2714 laudet

308 2730 472 2812 opera
515 2743 631 2810 Dei,
663 2745 881 2815 quando
907 2747 1054 2800 videt
1079 2757 1422 2816 peccatorem
1452 2749 1630 2804 divino
1649 2730 1884 2806 verbere

310 2836 592 2906 castigari?
621 2836 771 2892 Fecit
791 2839 934 2893 enim
955 2837 1115 2904 Deus,
1139 2825 1276 2894 sicut
1297 2841 1555 2911 scriptum
1577 2849 1657 2898 est
1684 2840 1879 2912 (Eccle.

311 2945 400 2997 vn,
432 2929 556 3000 30),
589 2931 863 2987 hominem
911 2941 1157 2998 rectum,
1207 2949 1368 3003 quem
1417 2952 1598 2992 rerum
1645 2938 1883 2992 omnium

313 3035 441 3088 quas
463 3021 515 3073 in
546 3029 688 3075 terra
719 3030 773 3076 et
799 3022 933 3076 mari
963 3033 1241 3079 creaverat
1272 3025 1347 3078 ita
1377 3025 1652 3080 dominum
1680 3028 1884 3082 consti-

312 3111 430 3174 tuit,
455 3110 612 3182 421
639 3120 698 3164 ut
717 3127 825 3166 sua:
843 3121 1050 3166 tantum
1073 3111 1540 3184 faceretpotestati
1557 3116 1883 3184 subjectum;

1976 585 2101 652 gitis
2129 598 2432 655 compressa
2456 583 2708 650 interimi,
2735 584 3042 640 nullatenus
3062 600 3286 656 possunt
3307 593 3374 648 ad
3400 611 3557 651 man-

1977 671 2310 728 suetudinem
2341 674 2640 742 pervenire,
2694 673 2744 727 id
2773 683 2856 729 est
2903 680 3162 733 revocari.
3220 680 3332 738 Hoc
3376 695 3554 743 autem

1977 772 2260 833 propterea
2284 764 2462 818 divino
2511 763 2706 819 factum
2733 775 2942 820 constat
2969 783 3089 824 esse
3129 769 3354 842 judicio,
3385 786 3444 830 ut
3488 793 3554 833 ex

1976 855 2042 907 iis
2070 854 2261 923 quibus
2284 854 2591 908 dominatur
2617 855 2796 920 homo,
2830 871 3181 926 cognosceret
3201 873 3455 930 quantam
3481 869 3553 922 di-

1973 946 2233 1017 gnitatem
2281 954 2405 1000 ante
2437 949 2912 1014 transgressionem
2960 951 3177 1018 habuit;
3209 965 3264 1009 et
3312 973 3378 1011 ex
3435 959 3554 1016 iisa

1977 1033 2170 1102 quibus
2199 1035 2443 1088 turbatur
2473 1044 2526 1089 et
2575 1037 2799 1100 laeditur,
2843 1052 3160 1106 agnosceret
3201 1046 3268 1099 ad
3297 1058 3552 1116 quantam

1978 1124 2331 1191 dejectionem
2351 1128 2767 1194 transgressione
2797 1133 3066 1198 pervenit;
3097 1134 3148 1186 in
3171 1135 3322 1203 cujus
3367 1148 3552 1209 putes-

1979 1223 2089 1268 tate
2119 1214 2258 1269 Deus
2288 1216 2490 1283 majora
2520 1217 2750 1285 dimisit,
2799 1221 3005 1276 minora
3061 1227 3328 1282 subtraxit
3355 1247 3368 1282 :
3394 1231 3551 1286 simul

1979 1306 2270 1360 ostendens
2289 1306 2417 1374 quid
2438 1309 2662 1363 contulit
2687 1309 2959 1366 Creatoris
2984 1313 3197 1369 bonitas
3247 1319 3466 1386 homini,
3485 1331 3552 1377 et

1979 1394 2104 1461 quid
2135 1395 2312 1449 intulit
2359 1397 2611 1465 iniquitas
2640 1401 2853 1470 propria
2884 1408 3174 1472 peccatoxi.
3228 1409 3331 1464 Per
3375 1420 3551 1466 trans-

1980 1486 2306 1552 grcssionem
2336 1487 2516 1557 itaque
2562 1492 2854 1558 primorum
2904 1497 3212 1567 hominum,
3242 1517 3310 1555 ex
3357 1507 3551 1559 merito
3581 1525 3592 1536 ·

1983 1578 2112 1629 tanti
2143 1579 2380 1632 criminis
2407 1580 2599 1634 accidit
2645 1582 2878 1639 humano
2906 1589 3087 1655 generi
3117 1591 3409 1649 vehemens
3466 1597 3549 1650 in-

1981 1667 2201 1726 firmitas
2223 1671 2512 1735 naturalis;
2554 1681 2609 1726 ut
2638 1689 2744 1727 non
2775 1675 3089 1742 quibusdam
3144 1685 3350 1738 naturis
3397 1688 3552 1741 malis

1980 1763 2144 1819 homo
2164 1764 2414 1831 cederet,
2437 1765 2530 1820 sed
2555 1781 2620 1820 ex
2643 1767 2903 1821 bonarum
2927 1771 3360 1832 inconvenientia
3396 1791 3552 1834 natu-

1907 1853 1956 1914 B
1983 1871 2160 1909 rarum
2203 1857 2458 1926 supplicia
2488 1867 2542 1912 et
2565 1859 2799 1927 pericula
2830 1857 3112 1918 inﬁrmitas
3157 1866 3384 1922 hmnana
3433 1866 3550 1924 sci?-

1982 1947 2127 2000 tiret.
2159 1945 2310 2012 Quod
2339 1964 2466 2018 ergo
2495 1951 2654 2018 pulex
2677 1951 2943 2008 hominem
2967 1957 3187 2021 cruciat,
3214 1965 3270 2011 et
3314 1963 3552 2031 scorpius

1980 2045 2156 2101 necat,
2187 2052 2294 2090 non
2323 2039 2526 2093 creatio
2555 2040 2814 2094 malorum
2837 2051 2936 2105 est,
2965 2044 3061 2099 sed
3084 2045 3346 2102 bonarum
3368 2050 3550 2105 incum

1980 2127 2249 2181 venientia
2279 2136 2608 2191 naturarum,
2638 2145 2754 2198 qure
2782 2132 3066 2187 subsecuta
3106 2144 3276 2191 estex
3303 2140 3556 2208 aequitate

1978 2216 2192 2285 judicis,
2224 2219 2439 2288 quando
2455 2222 2722 2287 prmcessit
2748 2221 2998 2290 iniquitas
3015 2225 3251 2282 hominis
3279 2239 3554 2285 contnma«

1980 2310 2079 2364 cis.
2113 2311 2252 2364 Deus
2282 2311 2443 2376 enim,
2471 2311 2621 2379 cujus
2657 2329 2782 2367 vera
2815 2330 2998 2386 opera,
3018 2327 3073 2371 et
3095 2327 3253 2374 recta:
3287 2303 3386 2376 vim
3413 2335 3554 2378 sunt.

1919 2407 2196 2492 functus
2208 2399 2495 2453 Zacharias
2513 2401 2563 2453 in
2577 2417 2671 2455 sua
2687 2403 2931 2457 oratione
2943 2406 3236 2462 rectissime
3256 2410 3557 2468 conﬁtetur.

1917 2487 1941 2499 ”
1980 2491 2104 2559 quia
2126 2492 2214 2559 qui
2237 2507 2440 2546 summe
2464 2487 2635 2548 bonus
2655 2507 2754 2555 est,
2782 2498 2960 2551 omnia
3001 2514 3332 2570 quascunque
3352 2501 3480 2559 facit
3511 2517 3551 2560 τ’.

2054 2581 2141 2634 50.
2166 2581 2295 2636 lnde
2323 2593 2405 2636 est
2434 2586 2575 2652 quod
2605 2588 2830 2641 mirabili
2862 2605 3026 2658 opere
3055 2593 3213 2645 etiam
3240 2594 3350 2658 ipsa
3375 2596 3552 2650 incon-

1983 2663 2251 2716 venientia
2275 2675 2607 2730 naturarum,
2635 2684 2735 2735 qua
2759 2670 3054 2736 puniuntur
3072 2673 3300 2727 humana
3320 2687 3558 2744 peccata,

1984 2753 2366 2807 convenienter
2392 2754 2558 2807 utitur
2578 2797 2592 2820 ,
2622 2755 2745 2808 dum
2776 2757 2877 2811 hoc
2898 2759 3003 2826 agit
3027 2759 3232 2827 justitia
3258 2763 3557 2820 incommu-

1987 2841 2322 2912 tabilis,qu:e
2348 2858 2443 2896 sua
2495 2844 2688 2912 cuique
2739 2847 2937 2911 tribuit,
2970 2857 3029 2901 ut
3079 2851 3559 2909 inconvenientlam

1986 2933 2202 2987 alterius
2225 2933 2291 2986 ad
2321 2933 2548 2987 alterum
2577 2935 2836 3004 cujusque
2867 2947 3068 2992 naturae
3115 2943 3225 2996 suis
3253 2943 3415 2998 faciat
3442 2953 3556 3000 uni-

1986 3023 2272 3078 versaliter
2294 3025 2545 3094 operibus
2573 3028 2886 3083 convenire.
2914 3028 3112 3085 Natura
3137 3049 3262 3089 vero
3293 3037 3560 3104 qumlibet.

1988 3113 2113 3167 dum
2142 3122 2347 3168 natura:
2368 3115 2522 3169 alteri
2552 3116 2730 3172 minus
2755 3121 3006 3174 convenit
3031 3123 3094 3176 ad
3123 3124 3283 3196 422
3315 3129 3559 3184 salutem.

310 3202 377 3256 ab
418 3203 533 3272 ipso
563 3203 781 3270 exigens
827 3204 1142 3272 obsequium
1187 3205 1426 3262 debitum
1479 3207 1774 3273 servitutis,
1801 3208 1885 3260 cui
1913 3215 1960 3277 α
1989 3218 2096 3256 non
2125 3218 2193 3256 ex
2217 3203 2306 3256 illo
2334 3204 2472 3257 mala
2497 3206 2734 3274 putanda
2759 3215 2843 3262 est
2863 3209 2986 3276 quia
3017 3223 3174 3268 nocet
3197 3216 3395 3286 (omnis
3422 3219 3562 3273 enim

314 3291 534 3346 liberum
563 3294 781 3348 donavit
806 3295 1085 3348 arbitrium
1114 3295 1424 3352 voluntatis.
1459 3295 1560 3363 Qui
1583 3297 1756 3352 donec
1784 3313 1882 3352 suo

313 3382 538 3439 Domino
558 3399 793 3454 congrua
820 3385 1106 3441 devotione
1133 3389 1372 3451 servivit,
1397 3389 1558 3446 etiam
1587 3389 1640 3444 in
1661 3390 1742 3444 bis
1765 3390 1884 3458 qui-

311 3472 410 3527 bus
439 3472 537 3526 fuit
566 3475 679 3542 ipse
723 3476 969 3544 superior
993 3485 1311 3545 potestatem
1355 3479 1684 3536 inconcussa:
1709 3479 1882 3534 domi-

314 3564 544 3617 nationis
569 3565 831 3630 obtinuit;
864 3582 964 3620 nec
1011 3567 1210 3635 aliquid
1260 3570 1492 3638 perdidit
1547 3586 1734 3626 eorum
1762 3585 1883 3641 qua:

313 3663 615 3722 acceperat,
647 3655 818 3709 donec
872 3656 984 3724 ipse
1010 3657 1166 3725 plene
1193 3657 1426 3712 reddidit
1461 3660 1604 3728 quod
1631 3660 1881 3717 debebat.

312 3741 596 3798 Oll'endem
642 3753 820 3798 autem
846 3743 1127 3799 Dominum
1173 3748 1596 3815 transgressione
1622 3751 1886 3818 mandati,

315 3835 693 3890 contumeliam
737 3850 896 3904 quam
931 3836 1040 3890 Deo
1088 3837 1365 3906 exhibuit,
1397 3839 1449 3892 in
1505 3854 1604 3892 suo
1657 3855 1886 3908 corpore

314 3924 491 3982 ttatim
519 3934 857 3994 contemptor
894 3926 1096 3980 invenit
1124 3945 1136 3980 :
1172 3935 1228 3981 ut
1247 3927 1477 3982 disceret
1499 3944 1658 3997 quam
1686 3930 1884 3984 malum

315 4021 456 4066 esset
482 4013 607 4067 boni
651 4012 924 4068 Creatoris
953 4024 1216 4084 prazcepta
1255 4026 1637 4084 contemnere,
1670 4019 1885 4087 quando

316 4105 451 4176 ipse,
468 4113 750 4176 postquam
765 4107 936 4162 malus
957 4123 1075 4163 esse
1095 4109 1366 4182 cmpisset,
1390 4119 1712 4181 potestatem
1734 4121 1886 4167 suam

316 4200 368 4254 in
412 4201 667 4255 membris
709 4202 1031 4267 genitalibus
1060 4203 1395 4272 perdidisset.
1428 4204 1710 4270 Quomodo
1757 4220 1887 4274 ergo

316 4289 524 4345 illorum
568 4293 806 4345 omnium
857 4308 976 4360 qua:
1005 4308 1035 4346 a
1078 4293 1189 4355 Deo
1235 4303 1522 4364 acceperat
1570 4310 1888 4366 permanere

315 4379 562 4434 dominus
589 4390 795 4451 posset,
827 4383 917 4450 qui
949 4382 1226 4436 Dominum
1263 4392 1612 4441 contemnens
1639 4386 1887 4441 domina-

316 4470 477 4525 tionis
499 4470 618 4539 jnra
648 4471 700 4524 in
745 4487 844 4524 suo
891 4473 1062 4540 primo
1090 4489 1317 4543 corpore
1361 4476 1728 4544 perdidisset?
1755 4476 1889 4531 llinc

1988 3301 2178 3346 natura
2209 3293 2502 3348 secundum
2533 3295 2676 3364 quod
2701 3306 2890 3351 natura
2914 3309 2994 3353 est
3013 3301 3152 3356 bona
3184 3307 3320 3374 est),
3333 3307 3426 3361 sed
3448 3309 3562 3378 ple«

1983 3399 2207 3450 rumque
2237 3383 2358 3438 ideo
2379 3399 2450 3439 ex
2479 3393 2666 3440 natura
2698 3389 2936 3456 qualibet
2967 3391 3123 3446 alteri
3165 3405 3366 3450 natura:
3397 3398 3561 3453 infer-

1983 3480 2068 3527 tur
2091 3473 2410 3539 adversitas,
2441 3476 2565 3544 quia
2595 3478 3014 3548 incongruentice
3040 3483 3182 3537 cedit
3220 3494 3276 3539 et
3312 3502 3561 3544 succum-

1980 3564 2060 3619 bit
2083 3566 2380 3621 inlirmitas.
2407 3567 2538 3621 Nam
2563 3569 2877 3638 plerumque
2905 3574 3068 3627 etiam
3094 3590 3180 3630 res
3208 3578 3352 3646 ipsa),
3379 3579 3442 3632 id'
3485 3591 3559 3634 est

1983 3660 2113 3727 ipsa:
2139 3666 2344 3712 natura:
2370 3660 2420 3712 in
2449 3661 2642 3727 quibus
2664 3663 2792 3717 solis
2813 3667 3108 3752 iqdubitata
3135 3670 3271 3723 solet
3298 3673 3560 3739 pernicies

1983 3749 2230 3814 inveniri,
2262 3751 2307 3805 si
2336 3750 2712 3808 moderatiore
2750 3749 2985 3824 congrua
3036 3774 3103 3812 ex
3133 3760 3252 3814 aliis
3297 3771 3562 3832 tempere-

1985 3851 2090 3907 tur,
2122 3859 2189 3898 ex
2219 3844 2460 3912 periculo
2510 3846 2697 3899 mortis
2722 3847 2773 3900 in
2827 3850 3016 3903 salutis
3066 3854 3302 3907 remedia
3338 3870 3562 3911 conver-

1985 3940 2210 3986 tuntur:
2243 3932 2385 4003 quod
2415 3934 2468 3988 in
2497 3935 2626 4004 ipsis
2649 3937 2898 4004 primitus
2928 3943 3216 3996 venenosis
3246 3945 3564 4004 animalibur

1986 4024 2307 4090 invenimus.
2367 4024 2562 4080 Dicunt
2611 4028 2752 4080 enim
2805 4029 3018 4096 quidam
3064 4033 3209 4100 quod
3257 4035 3396 4101 ignis
3446 4054 3564 4094 acet

1986 4113 2236 4182 quotiens
2258 4115 2310 4168 in
2339 4130 2570 4186 corpore
2597 4119 2850 4184 nascitur,
2883 4123 3260 4191 scorpionibus
3308 4129 3480 4184 tunsis
3518 4143 3566 4184 et

1988 4203 2246 4271 appositis
2274 4205 2526 4259 celeriter
2551 4207 2943 4275 exstinguatur.
2977 4210 3081 4266 Sed
3120 4214 3223 4270 etsi
3271 4215 3374 4272 hoc
3413 4218 3565 4274 forsi-

1988 4304 2080 4350 tan
2109 4297 2176 4351 ab
2205 4297 2472 4367 aliquibus
2519 4309 2614 4353 aut
2640 4301 2945 4369 ambiguum
2974 4314 3206 4376 putetur,
3240 4318 3332 4363 aut
3358 4311 3565 4378 falsum,

1988 4385 2117 4440 illud
2146 4397 2292 4442 certe
2320 4404 2478 4443 nemo
2499 4404 2698 4459 negare
2727 4395 3070 4463 permittitur,
3096 4399 3237 4468 quod
3259 4401 3567 4462 admirabile

1991 4477 2042 4531 in
2065 4479 2402 4548 serpentibus
2432 4481 2723 4536 invenitur.
2754 4483 2980 4554 Viperas
3008 4489 3206 4559 quippe
3252 4497 3565 4553 naturaliter

314 4560 424 4630 jam
452 4561 626 4631 ipsum
652 4575 867 4629 quoque
917 4577 1114 4630 corpus
1141 4563 1342 4620 habere
1368 4569 1532 4636 cmpit
1559 4567 1885 4621 inlirmitali-
1913 4574 1964 4634 ι)
1993 4581 2288 4622 venenosas
2316 4584 2438 4624 esse
2468 4572 2645 4626 nullus
2665 4573 2907 4640 ignorat,
2937 4593 3097 4646 quam
3145 4596 3418 4640 venenosa
3447 4604 3567 4642 acu-

316 4649 418 4704 bus
471 4651 737 4718 mortique
781 4648 1119 4715 subjectum:
1153 4653 1294 4706 unde
1343 4654 1484 4722 justa
1526 4669 1890 4725 consequente

318 4739 552 4794 vindicta
601 4739 801 4794 factum
829 4747 914 4792 est
939 4749 997 4792 ut
1025 4741 1117 4807 qui
1149 4751 1375 4796 mortem
1424 4745 1618 4798 animae
1663 4761 1770 4799 non
1819 4747 1890 4799 ti-

318 4829 454 4882 muit
483 4831 825 4904 in‘peccato,
855 4838 1081 4883 mortem
1107 4833 1350 4901 corporis
1397 4843 1661 4888 metueret
1689 4837 1740 4889 in
1766 4852 1892 4906 snp-

318 4917 510 4988 plicio;
538 4927 592 4972 et
620 4919 812 4973 amissa
841 4919 1024 4989 requie
1049 4934 1154 4988 qua
1179 4920 1368 4975 beatus
1392 4925 1716 4992 potiebatur,
1744 4941 1771 4978 a
1803 4928 1897 4981 mi-

321 5007 618 5061 nulissimis
638 5008 958 5063 animalibus
986 5009 1318 5064 miserrimus
1349 5014 1671 5068 turbaretur.

388 5094 638 5151 29.1linc
665 5099 917 5167 estquod
949 5108 1070 5168 post
1115 5110 1393 5169 peccatum
1441 5104 1596 5172 primi
1639 5105 1894 5175 hominis,

321 5199 429 5253 quo
458 5195 540 5241 cst
570 5187 796 5241 humana
827 5197 1013 5242 natura
1047 5191 1422 5247 universalitcr
1472 5208 1640 5263 regno
1685 5198 1894 5266 peccati

322 5275 617 5345 mortisque
637 5276 900 5345 subjecta,
929 5281 1169 5345 camelis,
1201 5283 1373 5351 cquis,
1404 5284 1605 5350 bobus,
1633 5287 1892 5359 elephan-

321 5366 411 5435 tis,
437 5371 613 5421 caiteri
642 5381 746 5435 que
798 5369 1086 5435 grandibus
1127 5374 1558 5446 quadrupedibus
1605 5379 1766 5432 homo
1795 5381 1893 5433 do-

322 5459 575 5519 minatur,
630 5467 685 5513 et
737 5476 916 5515 morsu
963 5463 1167 5518 cimicis
1211 5468 1506 5538 pulicisque
1557 5472 1890 5538 concutitur;

322 5562 550 5618 cumque
578 5549 756 5604 omnia
784 5551 871 5605 illa
901 5566 1020 5620 quae
1067 5564 1190 5608 sunt
1239 5560 1523 5627 grandiora
1571 5575 1798 5630 corpore
1839 5570 1895 5616 et

324 5637 545 5694 fortiora
567 5640 763 5696 virtute
784 5652 1060 5700 mansueta
1089 5649 1325 5707 serviant
1353 5649 1576 5716 homini,
1623 5652 1738 5707 hmo
1792 5655 1892 5709 mi-

393 5829 417 5856 ι
441 5819 803 5889 Supplendum
829 5823 914 5882 hic
934 5822 1066 5877 bona
1087 5825 1234 5908 facit,
1258 5843 1353 5917 aut
1375 5827 1579 5895 aliquid
1609 5777 1886 5894 ejusmodi.

1994 4656 2081 4711 leo
2127 4659 2437 4727 scorpiones
2483 4661 2734 4716 occidant
2757 4666 2915 4734 (forte
2943 4683 3158 4722 cnm....
3189 4673 3491 4741 occidant);
3519 4689 3570 4732 et

1995 4751 2171 4798 tamen
2200 4753 2261 4799 ut
2288 4747 2601 4803 ostendatur
2625 4751 2770 4819 quod
2835 4769 2941 4807 non
2986 4765 3296 4814 naturarum
3345 4765 3568 4835 malitia,

1995 4835 2090 4888 sed
2112 4835 2520 4904 incongruentia
2542 4848 2754 4904 noceat,
2780 4844 3024 4898 novimus
3048 4847 3354 4915 viperarum
3399 4857 3568 4908 carni.

1995 4923 2117 4989 bus,
2148 4926 2376 4980 aliarum
2406 4942 2586 4983 rerum
2635 4935 2982 5000 congruentia
3011 4942 3358 5008 temperatis,
3387 4954 3570 5001 contra

1996 5013 2301 5083 viperarum
2331 5032 2542 5074 morsus
2574 5021 2924 5078 medicamina
2971 5027 3192 5094 conﬁci;
3240 5046 3343 5086 nec
3398 5035 3573 5088 solum

1994 5101 2078 5156 bis
2127 5105 2220 5172 qui
2259 5121 2290 5159 a
2319 5109 2689 5177 scorpionibus
2739 5115 3144 5182 percutiuntur,
3177 5135 3360 5176 verum
3412 5125 3572 5178 etiam

1994 5193 2098 5248 illis
2151 5195 2242 5264 qui
2299 5199 2611 5256 mordentur
2655 5217 2686 5256 a
2735 5205 2931 5273 viperis
2977 5207 3262 5265 salubriter
3308 5213 3572 5270 adhiberi.

1996 5284 2126 5352 Quis
2176 5287 2263 5343 hic
2309 5289 2402 5344 Dei
2443 5293 2759 5361 sapientiam
2815 5313 2926 5351 non
2973 5299 3233 5356 miretur?
3280 5302 3409 5371 Quis
3465 5325 3574 5365 non

1996 5382 2116 5451 ejus
2192 5385 2489 5442 bonitatem
2573 5389 2898 5458 magniﬁcet,
2951 5393 3394 5468 prudentiamque
3460 5405 3572 5458 co!-

1996 5473 2216 5529 laudet?
2243 5477 2335 5545 qui
2364 5492 2468 5531 non
2501 5479 2784 5534 continens
2814 5482 2866 5534 in
2897 5481 2974 5536 ira
3003 5485 3394 5547 misericordias
3423 5507 3566 5558 suas,

1999 5568 2137 5622 unde
2181 5569 2416 5638 pericula
2456 5569 2584 5624 fecit
2613 5574 2987 5640 peccatoribus
3017 5580 3181 5644 nasci,
3214 5581 3338 5638 inde
3383 5586 3569 5640 statuit

1997 5659 2194 5716 auxilia
2215 5660 2640 5731 periclitantibus
2665 5664 2939 5734 subrogari
2975 5687 2986 5718 :
3022 5676 3078 5722 ut
3107 5672 3198 5740 qui
3229 5673 3568 5731 incommoda
