4130 6498
569 401 662 455 Ml

1687 398 2042 451 li‘UI.GE.\"l'l|
2082 396 2384 452 EPISCOP]
2425 397 2796 454 RUSPENSIS
2885 397 2892 403 ’

3723 403 3818 456 ἔδεὶέ

565 535 662 587 pro
688 525 867 571 nostra
899 516 1176 583 iniquitate
1202 524 1480 581 sentnnns,
1503 530 1568 568 ex
1590 515 1702 582 ejus
1729 514 1966 567 bonitate
1988 530 2132 568 com-
2167 519 2212 574 Α
2240 531 2346 583 quo
2378 514 2631 580 tenebrm,
2660 529 2796 584 quas
2825 516 2929 569 luci
2963 516 3279 570 naturaliter
3305 517 3490 571 dicunt
3539 531 3658 572 esse
3695 537 3814 571 coii-

562 609 718 666 moda
747 607 1085 665 sentiremus.
1128 605 1258 672 Quis
1286 606 1496 660 laudem
1527 606 1800 660 Creatoris
1822 604 2134 660 sufficienti-

559 703 659 755 bus
688 699 924 769 explicet
948 697 1142 762 verbis,
1165 696 1379 766 quando
1411 712 1568 749 unam
1592 695 1944 764 eamdemque
1985 695 2136 765 vipe-

558 805 672 844 ram
702 789 779 844 sic
805 788 1024 851 creavit,
1052 796 1108 840 ut
1134 787 1290 841 simul
1321 788 1370 840 in
1415 801 1472 840 se
1515 796 1570 840 et
1598 787 1821 840 exitium
1861 795 1916 840 et
1955 802 2131 840 reme-

558 878 703 932 dium
732 885 914 945 gerat;
946 885 1000 930 et
1027 891 1145 944 qua:
1173 876 1356 929 vivens
1398 876 1590 943 ingerit
1638 884 1886 938 mortem,
1921 885 2131 931 mortua

559 977 771 1038 reparet
799 968 1116 1030 sanitatem;
1148 966 1548 1044 perniciemque
1578 967 1700 1020 vita:
1745 975 1799 1021 et
1847 967 2039 1022 inferat
2077 978 2133 1022 et

557 1059 810 1128 repellat;
831 1066 884 1112 et
904 1072 1167 1111 venenum
1183 1056 1325 1125 quod
1345 1056 1504 1110 dente
1527 1058 1792 1125 serpentis
1816 1056 2128 1122 infunditur,

557 1149 794 1216 ejusdem
822 1146 1085 1216 serpentis
1113 1145 1361 1200 carnibus
1397 1147 1811 1214 exstinguatur?
1839 1162 1947 1214 quo
1989 1145 2044 1200 fit
2074 1155 2131 1200 ut

556 1240 735 1308 vipera
764 1251 882 1305 qua:
925 1235 1106 1290 vivens
1136 1233 1430 1287 infirmitati
1479 1235 1720 1288 humana:
1773 1236 2018 1288 militavit
2067 1251 2129 1291 ac

553 1333 733 1394 morti,
776 1339 986 1385 mortua
1033 1329 1155 1382 vita:
1202 1328 1394 1381 militet
1423 1335 1478 1381 et
1515 1328 1691 1381 saluti.
1726 1327 1874 1393 Quis,
1923 1343 2124 1396 qumso,

458 1474 462 1478 _
553 1427 652 1477 ista
683 1422 827 1482 facit,
866 1422 967 1474 nisi
997 1419 1082 1474 cui
1114 1418 1534 1484 misericordiam
1565 1427 1619 1471 et
1645 1418 1906 1486 judicium
1952 1417 2122 1488 (Psal.

543 1533 601 1576 ιι,
636 1513 694 1580 1)
723 1519 904 1566 cantat
930 1509 1208 1564 Ecclesia?

620 1603 708 1656 5f.
751 1601 970 1671 Species
1013 1615 1130 1669 qua:
1159 1599 1353 1653 dicitur
1381 1599 1734 1661 scammonia,
1765 1599 1884 1666 quis
1915 1599 2127 1664 ignorat

549 1703 806 1762 quantum
847 1692 988 1747 obsit
1032 1693 1195 1756 sanis,
1241 1692 1284 1747 si
1331 1691 1445 1744 sola
1485 1699 1752 1754 sumatur;
1785 1698 1840 1744 et
1866 1698 2124 1758 quantum

549 1786 719 1854 prosit
741 1786 963 1839 infirmis
987 1784 1031 1838 si
1073 1783 1354 1853 speciebus
1383 1782 1500 1835 aliis
1528 1795 1762 1849 congrue
1801 1781 2124 1836 misceatur?

2241 607 2450 673 trarias,
2483 607 2680 660 nullam
2714 607 3055 662 inveniuntur
3084 608 3282 662 habere
3311 611 3600 662 naturam?
3639 607 3815 676 Neque

2237 695 2378 749 enim
2407 696 2525 750 dua:
2553 704 2757 750 natura:
2785 687 2911 750 sunt
2964 697 3053 750 lux
3099 705 3155 750 et
3183 696 3450 761 tenebrae;
3484 697 3576 750 sed
3611 697 3696 750 ubi
3728 697 3811 749 lux

2237 802 2342 847 non
2369 794 2471 852 est,
2507 785 2576 842 ibi
2608 787 2720 857 ipsa
2771 786 2905 842 lucis
2951 787 3197 841 absentia
3223 781 3567 840 tenebrarum
3601 787 3813 840 nomine

2236 885 2616 946 nuncupatur;
2655 877 2794 932 sicut
2831 878 2978 932 vocis
3019 877 3259 931 absentia
3298 877 3568 931 silentium
3599 877 3811 938 dicitur,

2233 965 2369 1021 sicut
2383 966 2687 1021 vestimenti
2701 966 2942 1021 absentia
2957 966 3168 1020 nuditas
3181 966 3497 1036 appellatur,
3510 966 3649 1020 sicut
3661 966 3815 1020 inane

2233 1072 2326 1111 vas
2353 1058 2548 1112 dicitur
2591 1059 2675 1112 cui
2707 1058 2847 1111 nulla
2879 1058 3172 1112 substantia
3197 1059 3308 1112 sive
3330 1057 3553 1125 liquoris
3597 1058 3708 1111 sive
3737 1058 3812 1111 rei

2233 1148 2456 1217 alicujus
2477 1149 2802 1204 infunditur:
2830 1150 2978 1204 sicin
3000 1150 3153 1204 nobis
3167 1150 3292 1219 ipsis
3315 1152 3480 1202 fames
3492 1149 3810 1218 appellatur,

2233 1241 2320 1295 ubi
2344 1242 2495 1295 cibus
2523 1257 2627 1296 non
2652 1249 2764 1306 est;
2797 1242 2913 1297 sitis
2957 1242 3170 1306 dicitur,
3202 1241 3290 1295 ubi
3314 1251 3474 1310 potus
3503 1241 3680 1295 nullus
3702 1250 3809 1305 est.

2299 1331 2388 1384 55.
2420 1331 2544 1386 Ιιίιξο
2592 1332 2773 1401 itaque
2801 1332 2978 1386 omnia
3009 1347 3128 1400 qua:
3176 1331 3614 1392 commemoravi,
3647 1339 3702 1384 et
3731 1331 3813 1384 his

2229 1421 2421 1475 similia
2449 1436 2569 1489 qum
2599 1437 2696 1491 pro
2751 1421 3102 1476 custodienda
3145 1420 3519 1490 disputationis
3567 1421 3814 1474 modera-

2231 1514 2376 1567 tione
2406 1529 2546 1568 nunc
2569 1514 2731 1578 tacui,
2771 1522 2896 1569 sunt
2924 1514 3140 1582 quidem
3172 1514 3288 1567 sine
3318 1512 3654 1567 dubitatione
3675 1529 3810 1567 con-

2229 1603 2414 1668 traria,
2440 1619 2545 1658 non
2587 1612 2766 1659 tamen
2806 1619 2904 1674 per
2930 1605 3176 1674 proprias
3205 1613 3444 1669 naturas,
3476 1605 3567 1657 sed
3594 1620 3694 1672 per
3719 1605 3812 1657 ba-

2229 1694 2398 1749 bitum
2421 1703 2476 1750 et
2503 1696 2883 1765 privationem,
2907 1696 2958 1750 id
2985 1704 3067 1751 est
3091 1712 3186 1765 per
3214 1711 3333 1751 eam
3372 1696 3810 1751 contrarietatem

2228 1801 2334 1854 qua
2368 1786 2452 1841 vel
2499 1786 2729 1840 habetur
2775 1785 2993 1856 aliquid,
3025 1787 3110 1840 vel
3149 1785 3346 1857 aliquid
3397 1801 3504 1839 non
3558 1786 3806 1840 habetur.

547 1875 614 1929 Et
644 1885 700 1929 ut
729 1875 796 1929 de
825 1876 906 1929 his
936 1875 1126 1944 loqmlr
1155 1888 1271 1942 qua:
1317 1887 1530 1940 semper
1557 1872 1624 1925 ab
1665 1871 1914 1924 omnibus
1957 1885 2123 1940 θρρθ-
2158 1877 2203 1934 Β
2231 1875 2462 1932 Proinde
2509 1877 2635 1932 licet
2680 1878 2787 1932 sint
2809 1878 3101 1945 contraria,
3127 1893 3232 1932 non
3260 1886 3434 1930 tamen
3463 1892 3651 1932 eorum
3679 1893 3811 1931 con-

547 1976 751 2034 tuntur,
775 1975 829 2020 et
851 1981 1077 2036 quorum
1101 1963 1411 2031 quotidiano
1443 1978 1538 2016 usu
1571 1977 1675 2015 non
1697 1962 1870 2016 solum
1901 1960 2122 2014 infirmi-

548 2069 648 2121 tas,
680 2057 773 2111 sed
821 2055 982 2110 etiam
1016 2056 1126 2124 ipsa
1156 2054 1424 2107 invenitur
1472 2053 1592 2106 vita:
1634 2053 1877 2105 humana:
1923 2051 2124 2104 sanitas

548 2148 807 2216 indigere,
834 2160 1024 2215 panem
1049 2144 1384 2198 attendamus
1413 2152 1467 2196 et
1495 2143 1698 2205 vinum,
1729 2157 1957 2211 quorum
1993 2157 2122 2195 neu-

549 2251 688 2290 trum
734 2236 984 2291 convenit
1030 2234 1372 2288 febricitanti.
1408 2232 1538 2285 Nam
1561 2232 1800 2285 videmus
1829 2246 1859 2284 a
1901 2231 2122 2285 medicis

547 2327 688 2396 quod
708 2337 920 2396 semper
939 2325 1155 2393 quidem
1187 2332 1363 2394 potus,
1397 2338 1778 2391 nonnunquam
1802 2337 1930 2376 vero
1959 2321 2119 2376 etiam

546 2423 698 2491 panis
727 2421 876 2475 cibus
904 2418 1250 2474 interdicatur
1286 2417 1520 2482 aegrotis.
1549 2415 1674 2469 Ideo
1703 2424 1881 2469 autem
1912 2417 2016 2468 hoc
2039 2413 2116 2478 fit,

546 2528 651 2565 non
676 2511 798 2579 quia
824 2510 976 2578 panis
997 2517 1088 2561 aut
1110 2507 1290 2561 vinum
1319 2506 1457 2558 mala
1485 2506 1624 2567 sint,
1640 2504 1732 2558 sed
1758 2505 1882 2572 quia
1912 2503 2120 2557 infirmo

546 2617 650 2654 llOll
697 2607 1016 2670 congruunt.
1249 2604 1641 2665 COIlSCQllBIllCI'
1669 2610 1789 2649 cum
1827 2609 2121 2662 congruere

545 2691 822 2760 imperim,
857 2699 912 2744 et
963 2688 1204 2742 nutriunt
1259 2684 1658 2751 fortitudinem,
1709 2693 1762 2738 et
1814 2683 2122 2738 custodiunt

545 2784 872 2836 sanitatem:
927 2793 1156 2849 quorum
1208 2785 1386 2830 tamen
1434 2775 1789 2840 immoderata
1845 2775 2120 2844 perceptio

543 2877 769 2928 fortibus
795 2874 1042 2926 virtutem
1074 2869 1289 2934 adimit,
1321 2868 1444 2921 dum
1488 2883 1649 2921 sanos
1689 2866 1942 2920 infirmari
1972 2881 2121 2919 com-

543 2967 708 3035 pellit.
743 2965 882 3020 Ecce
911 2970 1170 3033 quantum
1200 2961 1342 3015 valet
1365 2961 1415 3014 in
1440 2960 1532 3014 Dei
1562 2960 1823 3014 creaturis
1848 2958 2037 3013 modus
2065 2966 2120 3012 et

542 3056 890 3124 congruentia
914 3069 1116 3122 rerum,
1138 3054 1329 3124 quibus
1361 3053 1733 3107 immoderatio
1759 3060 1918 3120 atque
1942 3053 2121 3106 incon-

541 3150 782 3218 gruentia
825 3147 1167 3202 inveniuntur
1219 3161 1338 3201 esse
1393 3143 1659 3200 contraria
1703 3145 1943 3213 :quibus
1989 3144 2118 3197 dum

2229 1968 2380 2021 trarii
2428 1983 2642 2037 semper
2699 1969 3043 2022 inveniuntur
3093 1966 3355 2022 effectus:
3400 1983 3520 2020 nam
3567 1969 3656 2020 lux
3710 1970 3810 2022 ista

2224 2059 2489 2128 corporis,
2505 2074 2667 2127 quam
2683 2057 2960 2113 Manichmi
2981 2058 3276 2128 principale
3298 2059 3496 2112 bonum
3518 2059 3806 2122 :estimant,

2225 2164 2345 2204 cum
2375 2151 2516 2205 bona
2549 2151 2620 2205 sit
2640 2150 2875 2218 quidem,
2903 2151 3155 2218 quoniam
3178 2165 3206 2203 a
3229 2166 3439 2204 summo
3467 2152 3610 2204 bono
3625 2161 3809 2204 creata

2224 2247 2324 2303 est,
2359 2239 2409 2291 in
2443 2245 2649 2292 tantum
2681 2246 2857 2292 tamen
2889 2239 2946 2289 lit
2974 2239 3133 2304 bona,
3167 2247 3226 2292 ut
3253 2238 3304 2292 ei
3342 2239 3656 2292 naturaliter
3686 2239 3809 2291 vita:

2223 2328 2293 2381 sit
2334 2327 2660 2397 prtcferenda
2692 2329 3023 2392 substantia;
3055 2329 3178 2382 licet
3207 2342 3336 2396 ergo
3379 2330 3449 2382 sit
3476 2329 3637 2389 bona,
3673 2346 3808 2382 non-

2224 2432 2496 2484 nunquam
2539 2425 2717 2470 tamen
2746 2417 2852 2471 illis
2881 2417 2972 2484 qui
3000 2431 3063 2470 ea
3095 2416 3388 2484 incongrue
3429 2426 3653 2470 utuntur
3701 2433 3807 2470 non

2220 2507 2448 2562 salubris
2477 2506 2722 2572 efficitur,
2753 2505 2848 2561 sed
2876 2505 3104 2576 pinnatis
3129 2524 3142 2558 :
3172 2522 3334 2560 sanos
3373 2508 3572 2577 quippe
3621 2507 3810 2561 oculos

2219 2607 2452 2668 vegetat,
2485 2600 2726 2656 infirmos
2769 2602 3071 2664 excruciat;
3131 2602 3426 2655 incolumes
3466 2600 3670 2665 reﬁcit.
3713 2601 3807 2655 do-
3842 2605 3850 2612 '

2222 2693 2393 2748 lentes
2438 2693 2705 2748 obtundit.
2736 2692 3056 2748 Econtrario
3109 2701 3286 2747 autem
3324 2693 3466 2748 oculi
3513 2693 3566 2746 in
3614 2693 3806 2746 dolore

2221 2785 2382 2852 positi
2412 2800 2479 2839 ex
2510 2785 2748 2840 tenebris
2778 2786 3010 2854 aliquam
3033 2794 3437 2853 consequuntur
3466 2786 3732 2853 requiem,
3757 2795 3805 2839 et

2221 2875 2416 2930 clausis
2439 2875 2619 2943 januis
2645 2891 2710 2930 ac
2735 2874 2987 2930 fenestris
3025 2877 3266 2930 sentiunt
3295 2875 3510 2944 aliquod
3560 2877 3807 2932 levamen

2222 2967 2364 3022 illius
2393 2967 2594 3023 doloris
2622 2983 2783 3037 quem
2805 2984 2871 3024 ex
2897 2969 3097 3022 lumine
3123 2969 3419 3038 patiuntur,
3450 2977 3506 3024 et
3531 2969 3596 3022 ad
3626 2968 3806 3023 viden-

2221 3060 2344 3114 dam
2375 3060 2546 3115 lueem
2571 3061 2803 3130 quadam
2826 3062 3164 3134 tenebrarum
3188 3061 3535 3128 congruentia
3555 3061 3806 3115 nutriun-

2225 3157 2328 3202 tur.
2363 3149 2501 3204 Ecce
2530 3151 2621 3204 lux
2647 3159 2851 3220 quanto
2889 3151 3065 3206 minus
3111 3152 3384 3219 congruit,
3437 3160 3587 3206 tanto
3636 3154 3808 3223 magis

542 3242 786 3297 naturale
827 3241 1040 3304 dicitur,
1071 3255 1178 3294 non
1211 3238 1468 3292 naturalis
1491 3239 1713 3301 malitia,
1745 3238 1840 3292 sed
1869 3237 2118 3292 accidens
2145 3237 2189 3298 C
2223 3248 2394 3313 nam;
2425 3257 2481 3303 ei,
2518 3249 2754 3303 ιεηεδτω
2800 3258 3001 3318 quam.)
3046 3250 3218 3318 magis
3267 3259 3601 3319 congruum,
3653 3261 3806 3306 ωηιο

543 3333 822 3387 infirmitas
845 3331 1132 3396 invenitur,
1157 3330 1298 3398 quod
1322 3332 1375 3384 in
1406 3330 1655 3384 omnibus
1677 3329 1937 3384 creaturis
1966 3329 2121 3384 facile

541 3423 753 3492 reponit
778 3422 1018 3492 quisquis
1047 3437 1076 3476 a
1100 3436 1309 3476 summo
1337 3422 1480 3475 bono
1510 3429 1689 3476 creata
1717 3421 1857 3474 bona
1887 3421 1963 3475 sic
1991 3436 2120 3474 con-

540 3517 760 3582 siderat,
791 3523 850 3569 ut
875 3515 928 3568 in
957 3514 1034 3569 eis
1063 3512 1491 3581 inexplicabilem
1518 3521 1681 3579 atque
1708 3511 2118 3564 inenarrabilem

540 3605 750 3660 laudem
779 3605 1050 3659 Creatoris
1079 3611 1367 3670 agnoscat;
1397 3601 1555 3672 423
1583 3616 1646 3655 ac
1675 3616 1771 3670 per
1798 3601 1902 3656 hoc
1920 3602 2120 3670 sitipse

539 3713 649 3766 pra:
676 3697 925 3753 omnibus
952 3695 1268 3764 diligenduz,
1301 3693 1389 3762 qui
1431 3694 1593 3747 etiam
1633 3693 1684 3746 in
1738 3693 1820 3747 bis
1846 3709 1964 3762 qua:
2005 3709 2120 3762 po:-

538 3791 681 3844 nalia
711 3805 808 3860 pro
855 3797 1036 3844 nostra
1068 3775 1656 3856 iniquitate‘sentimus
1710 3794 1766 3840 et
1813 3787 2120 3842 misericors

539 3882 807 3937 invenitur
832 3887 886 3934 et
901 3879 1100 3947 justus,
1130 3878 1256 3932 dum
1280 3878 1403 3932 inde
1432 3877 1679 3932 sublevat
1707 3875 1940 3944 fragiles,
1971 3877 2118 3932 unde

537 3971 842 4040 comprimit
869 3978 1241 4034 contumaces;
1273 3977 1328 4022 et
1355 3968 1477 4036 quia
1508 3965 1844 4036 praecedente
1865 3968 2115 4036 superbia

537 4064 792 4118 continuo
812 4071 895 4118 est
915 4063 966 4116 in
997 4060 1212 4114 homine
1236 4067 1524 4114 consecuta
1553 4058 1790 4122 miseria,
1812 4058 2117 4113 misericors

537 4155 794 4210 Dominus
820 4164 875 4209 et
897 4155 1094 4223 justus,
1124 4153 1264 4208 unde
1290 4151 1558 4222 superbia:
1608 4151 1820 4220 pondus
1864 4152 2111 4221 imponit,

538 4247 662 4301 inde
690 4246 1068 4302 misericordia:
1098 4247 1338 4318 levamen
1362 4244 1602 4313 apponit.

607 4341 694 4394 5‘2.
725 4342 1103 4395 Verumtamen
1133 4339 1374 4406 quisquis
1410 4347 1492 4392 est
1535 4338 1785 4393 Ecclesia:
1832 4337 1970 4392 lilins
1999 4339 2110 4406 qui.

537 4441 595 4486 ut
623 4431 771 4496 dicis,
805 4431 892 4484 illa
921 4431 1219 4499 proposuit,
1251 4445 1496 4484 asserens
1525 4446 1754 4493 muscas,
1777 4432 2109 4500 scorpiones,

534 4522 738 4591 pulices
766 4529 821 4574 et
848 4521 1096 4586 cimices,
1144 4536 1249 4574 non
1280 4536 1309 4572 a
1341 4520 1476 4584 Deo,
1526 4521 1617 4574 sed
1645 4537 1674 4574 a
1703 4521 1918 4575 diabolo
1949 4521 2107 4584 facta,

2220 3339 2389 3406 magis
2418 3348 2671 3408 prosunt;
2703 3348 2759 3394 et
2801 3341 2940 3394 sicut
2979 3340 3167 3395 oculos
3214 3356 3376 3396 sanos
3415 3342 3548 3396 lucis
3587 3341 3808 3409 adjuvat

2219 3426 2456 3493 claritas,
2487 3427 2561 3480 ita
2593 3427 2837 3482 dolentes
2865 3427 3118 3497 adjuvare
3149 3429 3495 3486 tenebrarum
3524 3433 3808 3486 consuevit

2219 3517 2552 3583 obscuritas;
2574 3532 2637 3572 ac
2667 3534 2762 3588 per
2785 3518 2888 3572 hoc
2924 3518 3054 3573 dum
3080 3532 3318 3586 congrue
3347 3529 3634 3590 utrumque
3658 3523 3805 3576 acci-

2217 3609 2387 3676 pitur,
2418 3609 2551 3664 lucis
2579 3624 2643 3664 ac
2670 3609 3008 3664 tenebrarum
3033 3609 3254 3665 effectus
3277 3611 3332 3664 in
3356 3610 3609 3678 juvandis
3631 3612 3806 3666 oculis

2218 3699 2506 3754 invenitur.
2541 3699 2694 3755 Sicut
2717 3700 2859 3754 enim
2890 3699 3093 3754 lumine
3112 3699 3528 3770 hzajuvantur
3558 3704 3698 3764 sani,
3728 3701 3805 3756 sic

2219 3791 2455 3846 tenebris
2493 3791 2805 3846 reficiuntur
2853 3792 3068 3845 infirmi.
3129 3790 3261 3844 Nam
3317 3803 3371 3845 et
3419 3807 3540 3846 cum
3596 3795 3806 3861 fatigati

2217 3883 2539 3938 clauduntur
2568 3883 2620 3936 in
2644 3897 2912 3947 somnum,
2944 3881 3341 3951 quodammodo
3377 3884 3614 3937 tenebris
3641 3885 3797 3953 adju-

2215 3982 2411 4028 vantur
2439 3981 2497 4028 ut
2524 3973 2765 4052 videnda:
2813 3973 2918 4028 luci
2945 3974 3125 4028 denuo
3175 3974 3337 4027 validi
3368 3974 3644 4043 fortesque
3677 3979 3801 4030 red-

2215 4065 2430 4120 dantur.
2462 4064 2593 4120 Tale
2633 4074 2716 4120 est
2754 4074 2934 4119 autem
2966 4066 3135 4120 oculis
3167 4063 3389 4120 infirmis
3418 4082 3481 4120 ac
3507 4066 3748 4143 fatigatis
3773 4083 3800 4120 a

2214 4156 2360 4212 bono
2412 4156 2615 4210 lumine
2641 4171 2738 4226 pro
2769 4157 3065 4225 reparanda
3093 4156 3264 4210 salute
3285 4172 3347 4210 ac
3370 4155 3689 4211 fortitudine
3714 4174 3802 4212 re--

2215 4250 2440 4315 moveri,
2463 4248 2626 4318 quale
2653 4258 2737 4304 est
2757 4256 2872 4304 toto
2899 4249 3135 4317 corpori,
3161 4249 3205 4302 si
3234 4248 3447 4318 quando
3475 4249 3800 4316 infirmatur,

2215 4354 2244 4392 a
2273 4347 2531 4393 consueta
2553 4337 2797 4391 ciborum
2846 4336 3196 4406 perceptione
3233 4336 3489 4404 suspendi
3521 4355 3532 4390 :
3570 4338 3662 4408 qui
3692 4354 3798 4392 non

2214 4437 2499 4499 propterea
2523 4429 2778 4483 contrarii
2803 4437 2929 4482 sunt
2977 4426 3201 4482 infirmis
3229 4435 3283 4481 et
3314 4428 3456 4482 noxii
3487 4430 3611 4498 quia
3642 4439 3801 4484 natu-

2215 4522 2398 4576 raliter
2419 4520 2546 4575 mali
2573 4527 2718 4586 sunt,
2736 4518 2831 4575 sed
2851 4519 2976 4587 quia
3005 4534 3194 4573 eorum
3221 4516 3516 4571 infirmitati
3546 4535 3654 4573 non
3677 4536 3800 4574 con-

535 4611 797 4666 cautelam
846 4619 998 4678 gerat
1027 4624 1095 4664 ne
1124 4608 1536 4663 Maniehrcorum
1580 4609 1856 4664 mortifera
1895 4611 2112 4666 fallatur
2142 4599 2188 4658 Ι)
2215 4621 2411 4682 gruunt
2439 4632 2450 4665 :
2478 4628 2584 4668 non
2615 4613 2759 4667 enim
2789 4612 2970 4664 omnia
2991 4626 3110 4680 qua:
3138 4611 3280 4680 capit
3301 4611 3502 4664 sanitas
3530 4620 3799 4666 sustentat

533 4720 595 4758 ac
623 4702 923 4772 decipiatur
951 4701 1168 4765 astutia,
1197 4699 1288 4768 qui
1315 4702 1473 4754 deum
1498 4700 1651 4762 lucis,
1676 4709 1732 4754 et
1762 4701 1920 4754 deum
1952 4708 2108 4756 tene-

533 4796 769 4857 brarum,
800 4793 898 4862 ipsi
937 4793 992 4846 in
1015 4792 1248 4847 tenebris
1267 4792 1542 4846 constituti
1573 4793 1814 4846 nituntur
1835 4792 2105 4858 inducere,

532 4894 585 4937 ct
605 4883 713 4938 duo
743 4881 1058 4937 naturaliter
1078 4883 1178 4938 sibi
1211 4884 1476 4938 contraria
1506 4884 1765 4952 principia
1796 4884 2106 4954 praedicare.

536 4978 684 5033 Unde
711 4978 837 5048 quia
874 4986 1120 5034 naturam
1167 4978 1302 5032 lucis
1347 4977 1532 5032 dicunt
1577 4978 1805 5041 bonam,
1860 4983 2107 5031 naturam

530 5086 658 5125 vero
683 5071 1024 5124 tenebrarum
1053 5069 1268 5132 malam,
1312 5069 1437 5124 illnc
1464 5069 1684 5138 proprio
1727 5069 1997 5129 ducuntur
2023 5085 2110 5124 er-

530 5175 673 5222 rore,
706 5169 764 5214 ut
786 5161 838 5214 in
868 5160 1118 5215 omnibus
1139 5160 1299 5214 rebus
1317 5175 1436 5229 qua:
1462 5159 1514 5212 in
1543 5161 1740 5214 mundo
1768 5169 1910 5223 sunt,
1943 5175 2108 5229 quas-

529 5252 654 5304 dam
678 5251 867 5318 bonas,
893 5252 1154 5322 quasdam
1166 5267 1296 5306 vero
1319 5251 1485 5305 malas
1498 5260 1715 5305 naturas
1736 5267 1840 5306 non
1854 5262 2111 5307 cuncten-

531 5351 619 5395 tur
646 5357 886 5398 asserere
919 5361 931 5396 :
976 5344 1095 5398 illas
1121 5343 1360 5399 dicentes
1382 5343 1551 5398 malas
1578 5344 1774 5412 quibus
1799 5359 1986 5400 sensus
2015 5360 2109 5401 eo-

531 5446 648 5487 rum
670 5432 1038 5497 oflenduntur,
1064 5435 1182 5488 illas
1208 5435 1377 5488 bonas
1401 5449 1628 5503 quarum
1657 5435 1944 5490 dilectione
1968 5436 2106 5490 mul-

529 5531 721 5578 centur
752 5541 764 5575 :
802 5540 903 5577 non
929 5524 1293 5593 intelligenles,
1324 5524 1462 5578 sicut
1498 5525 1788 5592 Apostolus
1822 5525 1916 5589 ait,
1947 5541 2108 5596 neque

528 5631 644 5685 qua
663 5617 956 5685 loquuntur,
983 5631 1142 5686 neque
1163 5614 1226 5668 de
1253 5615 1430 5685 quibus
1452 5615 1712 5684 afﬁrmant
1741 5613 1790 5682 (Ι
1812 5612 1942 5667 Tim.
1967 5630 2002 5678 ι,
2029 5615 2104 5682 7).

531 5706 601 5761 Ut
626 5707 768 5761 enim
818 5706 885 5760 de
915 5706 1032 5760 luce
1078 5721 1141 5760 ac
1181 5707 1438 5771 tenebris,
1485 5720 1714 5774 quarum
1741 5704 2109 5773 principaliter

531 5806 748 5853 naturas
777 5806 966 5869 putant
983 5813 1101 5853 esse
1129 5799 1445 5862 contrarias,
1464 5795 1663 5865 aliquid
1692 5795 1896 5861 dicam,
1926 5809 2106 5850 nonne

527 5887 757 5958 primum
790 5889 840 5941 in
865 5903 931 5942 eo
960 5887 1185 5944 mendax
1210 5888 1420 5943 illorum
1452 5886 1718 5941 invenitur
1747 5884 1979 5942 assertio
2002 5925 2019 5954 ,
2052 5885 2106 5941 in

2219 4702 2522 4758 infirmitas.
2549 4701 2700 4756 Unde
2721 4717 3103 4771 nonnunquam
3126 4703 3180 4754 in
3209 4701 3397 4755 iisdem
3419 4701 3578 4755 rebus
3604 4703 3798 4771 quibus

2217 4811 2404 4850 sanum
2435 4810 2633 4864 corpus
2679 4793 2934 4860 reficitur,
2966 4792 3248 4868 infirmitas
3277 4795 3520 4863 corporis
3567 4810 3797 4864 praegra-

2219 4893 2372 4939 vatur
2399 4902 2410 4938 :
2437 4885 2510 4938 ita
2537 4893 2594 4939 ut
2619 4884 2907 4953 aliquando
2930 4884 3100 4952 ipsum
3129 4897 3343 4952 quoque
3367 4898 3574 4949 sanum,
3602 4900 3796 4954 corpus

2217 4991 2395 5029 rerum
2423 4990 2648 5043 quarum
2678 4974 2894 5042 juvatur
2917 4989 3014 5028 usu
3046 4973 3269 5028 lrcdatur
3292 4967 3550 5040 excessu,
3584 4984 3641 5030 et
3669 4976 3795 5029 dum

2216 5065 2416 5134 aliquid
2447 5067 2738 5133 incongrue
2783 5065 3062 5134 accipitur,
3094 5065 3183 5119 ubi
3212 5065 3570 5120 custodienda
3597 5066 3794 5134 quaeri-

2209 5165 2296 5210 tur
2332 5155 2552 5220 sanitas,
2585 5149 2868 5208 infirmitas
2914 5153 3206 5208 invenitur.
3233 5153 3353 5222 Ipse
3379 5168 3598 5222 quoque
3628 5154 3793 5208 vesti-

2211 5254 2517 5302 mentorum
2562 5250 2695 5301 usus
2733 5246 2778 5300 si
2832 5244 2992 5300 fuerit
3017 5245 3360 5311 incongruus,
3409 5260 3517 5298 non
3561 5245 3791 5299 salubris

2212 5339 2482 5392 invenitur
2521 5352 2660 5400 esse,
2685 5337 2780 5393 sed
2809 5337 3022 5392 noxius.
3068 5335 3198 5401 Quis
3221 5336 3386 5400 enim,
3416 5337 3533 5391 sive
3556 5338 3790 5405 qualibet

2211 5428 2411 5498 in0pia,
2435 5429 2548 5482 sive
2580 5427 2888 5482 infirmitate
2913 5427 3179 5495 corporis,
3221 5442 3329 5481 non
3382 5429 3680 5496 perniciose
3706 5427 3788 5481 vel

2211 5533 2334 5573 cum
2375 5526 2568 5574 aestuat
2611 5509 2933 5572 hiemalibus
2980 5516 3327 5580 indumentis,
3362 5517 3446 5572 vel
3476 5535 3599 5574 cum
3651 5520 3788 5587 alget

2212 5620 2392 5666 utatur
2409 5613 2643 5666 aestivis?

2281 5703 2368 5756 54.
2412 5704 2652 5770 Longum
2680 5714 2763 5759 est
2790 5712 2967 5758 autem
2991 5706 3356 5771 congruentia:
3377 5705 3633 5772 judicium
3655 5703 3786 5758 mul-

2211 5797 2280 5850 tis
2309 5784 2570 5865 cxc'mplis
2598 5796 2904 5859 ostendere,
2931 5811 3050 5850 cum
3094 5796 3424 5850 intuentibus
3452 5796 3640 5851 deesse
3681 5809 3781 5848 non

2207 5887 2431 5954 possint.
2467 5886 2696 5944 Proinde
2746 5900 2934 5943 omnes
2964 5893 3188 5941 natura:-
3219 5901 3338 5955 qua:
3365 5895 3510 5956 sunt,
3541 5900 3656 5956 qua:
3698 5884 3779 5938 vi-
