4108 6466
317 365 421 421 593

1218 359 1303 413 DE
1341 355 1841 413 lNCARNATlONE
1879 356 2028 411 FlLll
2069 356 2178 411 DEI
2217 355 2416 412 LIBER
2456 354 2652 414 UNUS.

3431 340 3441 375 ⁵
3462 360 3569 417 sat

318 492 470 550 vunt,
498 493 616 549 qum
644 476 898 542 sentiunt,
925 476 1041 546 qua:
1062 474 1381 545 intelligunt,
1416 473 1670 543 quoniam
1699 489 1728 529 a
1757 472 1890 540 Deo,
1922 478 1966 535 Α
1995 475 2048 529 1η
2080 475 2298 530 tenebris
2337 484 2411 530 est
2434 471 2591 547 usque
2618 474 2805 529 adhuc.
2836 473 2976 528 Nam
3006 477 3091 548 qui
3136 477 3301 548 diligit
3351 466 3569 549 fratrem

316 572 371 628 id
394 580 476 628 est
508 586 538 626 a
562 586 771 645 summo
798 569 942 623 bono
964 567 1117 623 facta:
1142 575 1287 631 sunt,
1313 568 1465 622 bona:
1493 575 1620 622 sunt
1650 585 1663 620 :
1705 582 1822 637 quae
1846 565 1891 621 si
1992 580 2156 629 suum,
2188 565 2242 618 in
2272 564 2462 620 lumine
2486 575 2767 635 permanet,
2790 574 2839 619 et
2858 565 3161 620 scandalum
3186 569 3237 621 in
3256 583 3317 622 eo
3339 585 3442 623 non
3468 580 3563 622 est.

316 680 348 717 a
386 677 596 717 summo
636 661 780 716 bono
810 675 916 714 non
943 658 1167 723 lierent,
1197 659 1350 713 bona:
1375 672 1483 712 non
1510 664 1719 723 essent;
1749 664 1805 711 et
1843 654 1891 712 si

318 755 474 809 boum
522 768 629 808 non
675 759 874 817 essent,
900 750 951 805 in
976 750 1168 820 seipsis
1195 749 1323 804 boni
1351 747 1550 819 aliquid
1578 764 1685 803 non
1727 748 1892 803 habe-

1996 650 2095 716 Qui
2120 663 2289 707 autem
2310 655 2421 709 odit
2448 656 2663 725 fratrem
2682 670 2848 719 suum,
2881 656 2935 709 in
2963 655 3184 710 tenebris
3209 665 3304 722 est,
3329 668 3380 712 et
3412 660 3465 712 in
3496 667 3570 712 te-
3614 721 3623 729 '

1994 741 2162 796 nebris
2183 742 2432 812 ambulat,
2454 752 2503 799 et
2524 745 2684 803 nescit
2702 743 2788 798 ubi
2811 744 3060 811 ambulat,
3082 748 3325 817 quoniam
3346 748 3572 803 tenebra:

318 850 458 899 rent.
483 842 562 899 Ac
606 842 859 914 primum,
888 840 1012 910 quia
1044 841 1150 893 vita
1178 839 1442 894 bonorum
1470 837 1671 909 aliquid
1714 845 1814 902 est,
1840 845 1896 892 et
1993 833 2373 889 obctecaverunt
2403 836 2574 891 oculos
2600 838 2712 907 ejus
2742 835 2798 908 (I
2815 836 2978 891 Joun.
3015 854 3071 904 η,
3111 837 3166 905 9,
3200 838 3285 906 10,
3317 838 3425 909 ll).

321 934 430 991 tale
459 936 662 989 bonum
690 931 831 1002 quod
858 931 925 986 ab
955 930 1262 987 hominibus
1281 929 1588 983 viventibus
1633 926 1890 995 diligitur,

320 1025 366 1081 si
387 1024 563 1093 aliqua
590 1030 783 1077 natura
812 1030 956 1076 esset
981 1035 1101 1089 qua:
1128 1034 1159 1073 a
1180 1033 1388 1073 summo
1413 1017 1557 1073 bono
1583 1031 1687 1070 non
1721 1014 1894 1081 ﬁeret,

323 1113 625 1167 nullatenus
645 1110 871 1166 viveret.
900 1107 1015 1163 Hoc
1035 1115 1213 1162 autem
1242 1105 1309 1161 de
1328 1104 1648 1159 animalibus
1665 1102 1807 1167 dico,
1840 1101 1892 1157 id

321 1210 405 1258 est
418 1202 486 1257 de
499 1202 797 1257 substantia
810 1215 929 1270 qua:
947 1200 1074 1254 vivit
1101 1207 1157 1254 et
1176 1198 1365 1261 sentit;
1394 1198 1487 1252 sed
1505 1204 1560 1251 et
1573 1195 1673 1249 illa:
1689 1202 1894 1248 naturae

319 1305 441 1359 qua:
462 1306 563 1346 nec
581 1291 766 1345 vivunt
791 1304 889 1344 nec
910 1289 1166 1355 sentiunt,
1189 1287 1295 1342 hoc
1316 1287 1484 1356 ipsum
1511 1283 1657 1355 quod
1686 1294 1811 1338 sunt
1830 1297 1898 1338 ex

322 1378 463 1434 illius
482 1379 758 1435 creatione
806 1378 1004 1432 habent
1032 1378 1123 1446 qui
1153 1390 1358 1431 summe
1383 1382 1495 1430 est:
1519 1373 1645 1443 quia
1673 1388 1779 1427 non
1803 1388 1895 1427 so.

322 1468 433 1522 lum
459 1469 659 1533 vivere,
690 1468 783 1523 sed
813 1468 976 1522 etiam
1007 1481 1126 1521 esse
1153 1467 1351 1521 bonum
1381 1473 1490 1532 est,
1508 1471 1563 1519 et
1582 1462 1724 1532 quod
1752 1477 1901 1518 sum-

323 1574 411 1614 me
430 1566 531 1623 est,
558 1573 823 1613 summum
853 1558 1051 1613 bonum
1075 1566 1178 1613 est.

394 1646 482 1702 '55.
524 1648 677 1702 Nulla
703 1658 786 1703 est
824 1649 1004 1716 itaque
1034 1655 1227 1701 natura
1252 1646 1393 1700 mala
1420 1646 1531 1713 sive
1554 1645 1756 1710 vivens,
1788 1644 1902 1700 sive

324 1751 432 1790 non
464 1736 682 1801 vivens;
713 1752 777 1791 ac
804 1752 901 1805 per
933 1736 1036 1789 hoc
1062 1751 1251 1790 omnes
1303 1742 1508 1788 natura:
1537 1734 1590 1788 in
1644 1749 1710 1789 eo
1756 1732 1900 1802 quod
1964 1760 1967 1761 ν

324 1830 531 1876 natura:
552 1830 676 1876 sunt
705 1823 858 1876 bona:
880 1831 1022 1876 sunt.
1052 1821 1157 1876 Sed
1178 1821 1421 1891 qumdam
1442 1835 1626 1874 earum
1655 1836 1776 1875 cum
1802 1820 1872 1874 bo

326 1925 417 1963 nar
434 1910 543 1964 sint
562 1926 631 1966 ex
660 1911 932 1966 creatione
958 1908 1071 1974 Dei,
1096 1911 1335 1980 poenales
1359 1909 1512 1963 facta:
1531 1918 1655 1964 sunt
1676 1909 1901 1974 homini,

325 2016 393 2054 ex
421 2002 698 2071 punitione
728 2002 964 2071 peccati;
1017 2016 1126 2055 non
1169 2008 1391 2070 propter
1435 2015 1585 2054 suam
1633 2008 1902 2063 naturam,

325 2087 421 2142 sed
445 2096 668 2158 propter
700 2088 933 2143 hominis
973 2089 1204 2158 culpam.
1257 2086 1356 2143 Ubi
1382 2098 1655 2143 ostensum
1692 2096 1777 2143 est
1802 2089 1902 2143 ho-
1956 2140 1959 2141 ν

325 2175 455 2229 mini
480 2174 622 2231 facto
651 2177 719 2230 ad
766 2177 1052 2247 imaginem
1089 2177 1183 2231 Dei
1222 2185 1487 2246 quantum
1517 2177 1616 2231 sibi
1658 2177 1905 2233 intulerit

327 2262 547 2329 malum,
578 2264 669 2332 qui
700 2264 766 2318 ad
815 2264 917 2320 hoc
944 2265 1231 2335 perductus
1254 2273 1355 2331 est,
1388 2274 1447 2320 ut
1493 2267 1543 2321 ei
1590 2282 1622 2320 a
1650 2266 1903 2322 brevibus

326 2353 571 2410 bestiolis
624 2355 884 2411 inferatur
928 2357 1118 2412 mortis
1171 2357 1417 2412 exitium.
1461 2357 1802 2428 Quapropter
1846 2358 1902 2412 in

326 2442 575 2497 omnibus
619 2444 957 2512 animalibus,
1006 2446 1058 2499 in
1088 2446 1336 2502 omnibus
1380 2446 1580 2509 herbis,
1613 2454 1669 2501 et
1695 2448 1905 2502 cunctis

328 2533 705 2587 universaliter
745 2535 1024 2599 creaturis,
1078 2534 1335 2603 quidquid
1381 2535 1483 2590 sibi
1524 2533 1688 2589 homo
1735 2536 1908 2589 cernit

326 2633 450 2673 esse
478 2619 838 2684 mortiferum,
866 2636 970 2674 non
994 2620 1102 2674 illis
1122 2621 1315 2675 malam
1346 2628 1593 2675 naturam
1624 2621 1799 2676 inesse
1826 2620 1908 2675 di-

326 2715 433 2773 cat,
485 2706 581 2763 sed
624 2708 882 2763 ultionem
929 2709 981 2762 in
1020 2708 1100 2763 eis
1148 2723 1258 2763 sua:
1302 2708 1597 2777 iniquitatis
1630 2715 1905 2776 agnoscat.

328 2793 478 2861 Facti
531 2794 675 2849 enim
726 2810 910 2849 sumus
950 2795 1213 2864 pulicibus
1262 2803 1317 2850 et
1362 2795 1641 2850 cimieibus
1681 2795 1903 2861 similes,

328 2889 614 2951 postquam
639 2881 755 2936 Deo
784 2882 1086 2937 exstitimus
1105 2890 1483 2947 contumaces;
1515 2890 1569 2937 et
1605 2883 1906 2952 scorpionis

330 2970 550 3026 aculeus
572 2970 819 3025 mortalis
842 2969 1013 3026 factus
1039 2977 1123 3026 est
1155 2970 1376 3035 homini,
1403 2977 1684 3040 postquam
1715 2978 1911 3039 sponte

254 3120 257 3125 η
330 3056 522 3111 maluit
545 3057 735 3111 mortis
764 3056 953 3112 aculeo
978 3058 1270 3112 vulnerari.
1300 3058 1525 3112 Aculeus
1556 3058 1701 3113 enim
1724 3059 1907 3112 mortis

329 3154 596 3213 peccatum
620 3152 696 3198 est
725 3142 781 3212 (1
802 3143 925 3199 Cor.
957 3160 1047 3211 xv,
1071 3140 1194 3215 56):
1227 3159 1334 3213 quo
1363 3144 1550 3200 aculeo
1579 3144 1657 3200 sic
1679 3159 1739 3201 se
1760 3142 1910 3214 prius

330 3233 499 3290 homo
513 3234 776 3304 percussit
804 3233 870 3287 ad
897 3240 1146 3302 mortem,
1173 3241 1234 3289 ut
1258 3248 1383 3289 eum
1410 3232 1613 3288 faceret
1630 3248 1731 3303 per
1754 3248 1907 3288 suam

328 3336 544 3391 quoque
570 3321 899 3391 pertransire
954 3320 1297 3391 progeniem:
1329 3321 1404 3375 ita
1441 3328 1502 3376 ut
1538 3320 1700 3376 etiam
1726 3321 1831 3376 illis
1855 3322 1908 3375 in

328 3409 525 3480 quibus
548 3410 720 3477 gratia
751 3409 844 3464 Dei
890 3408 1019 3464 facit
1053 3425 1163 3465 non
1217 3424 1446 3479 regnare
1468 3420 1769 3481 peccatum,
1802 3426 1907 3466 non

331 3498 472 3551 desit
498 3496 748 3564 frequens
768 3504 826 3549 et
850 3495 1130 3566 multiplex
1157 3510 1225 3551 ex
1268 3513 1428 3567 poena
1463 3499 1674 3567 peccati
1700 3498 1910 3569 pericu-

332 3584 465 3637 lum.
487 3582 614 3637 [nde
634 3589 718 3637 est
739 3582 882 3636 enim
901 3581 1049 3652 quod
1068 3582 1232 3637 etiam
1255 3582 1386 3652 justi
1407 3584 1672 3651 homines,
1704 3593 1913 3641 sancte-

331 3660 437 3738 que
457 3670 718 3734 viventes,
741 3670 796 3723 in
826 3669 929 3725 hac
953 3672 1062 3724 vita
1084 3671 1298 3725 mortali
1316 3672 1383 3726 ab
1409 3672 1779 3743 hujuscemodi
1802 3691 1909 3729 non

330 3766 456 3813 sunt
478 3757 739 3812 molestiis
765 3772 830 3813 ac
857 3758 1107 3829 periculis
1135 3759 1296 3814 alieni
1324 3778 1337 3813 :
1368 3762 1491 3830 quia
1511 3765 1744 3832 quandiu
1774 3782 1913 3820 mor-
1956 3773 1961 3777 '

332 3848 512 3902 taliter
532 3848 748 3914 vivunt,
794 3849 913 3904 sine
958 3857 1184 3919 peccato
1231 3865 1338 3905 non
1384 3850 1545 3923 525
1581 3862 1724 3909 sunt.
1760 3854 1912 3910 Unde

306 3938 460 3992 ‘dicit
489 3939 677 3994 beatus
718 3937 953 3995 Joannes
984 3957 997 3992 :
1032 3939 1095 3995 Si
1141 3941 1426 3996 dixerimus
1454 3944 1595 4013 .quia
1648 3955 1912 4014 peccatum

333 4046 434 4084 non
451 4029 713 4095 habemus,
736 4032 835 4100 ipsi
852 4047 945 4086 nos
957 4031 1269 4099 seducimus,
1289 4042 1339 4085 et
1352 4034 1549 4091 ,veritas
1576 4034 1631 4086 in
1654 4032 1797 4088 nobis
1808 4052 1910 4091 non

331 4131 408 4175 est
436 4120 665 4192 (IJoau.
696 4138 732 4185 ι,
750 4121 851 4194 '8).
883 4122 1112 4178 Sanctus
1132 4138 1347 4193 quoque
1378 4125 1655 4194 apostolus
1681 4124 1914 4182 Iacobus

335 4219 563 4267 testatur
590 4212 715 4281 quia
744 4214 796 4266 in
829 4213 1005 4268 multis
1032 4213 1342 4283 offendimus
1363 4231 1538 4271 omnes
1568 4214 1706 4287 (Jac.
1728 4215 1907 4287 Iu,,2).

404 4299 492 4354 56.
533 4299 639 4356 Sed
667 4302 933 4377 nontalia
961 4312 1088 4357 sunt
1120 4312 1343 4373 peccata
1380 4312 1687 4360 sanctorum
1734 4306 1912 4375 qualia

335 4400 462 4447 sunt
488 4391 811 4461 iniquorum.
847 4391 1072 4469 Peccata
1098 4394 1243 4449 enim
1264 4401 1573 4450 sanctorum
1612 4394 1768 4458 levia,
1793 4411 1914 4469 pec-
1952 4398 1955 4401 ’

333 4488 463 4534 cata-
484 4480 791 4550 iniquorum
818 4483 1001 4551 gravia
1030 4491 1173 4538 sunt.
1212 4483 1271 4540 ln
1300 4486 1536 4554 peccatis
1584 4486 1911 4557 iniquorum,

2067 945 2154 999 '57.
2179 944 2406 1001 Peccata
2434 960 2564 1015 ergo
2604 948 2935 1016 iniquorum,
2967 948 3137 1003 tribus
3164 950 3259 1020 (al.
3297 950 3568 1015 omnibus)

1998 1035 2170 1091 modis
2192 1037 2341 1091 liunt.
2375 1037 2480 1091 Aut
2524 1038 2666 1093 enim
2710 1039 3026 1108 sacrilegiis,
3070 1048 3162 1094 aut
3207 1038 3437 1110 ﬂagitiis,
3480 1052 3573 1095 aut

1997 1128 2324 1184 facinoribus
2343 1110 2700 1200 implicantur.
2727 1131 3013 1202 Sacrilegia
3045 1132 3326 1189 admittunt
3356 1134 3571 1203 quando

1998 1216 2065 1271 de
2088 1218 2199 1272 Deo
2220 1234 2326 1272 non
2356 1226 2502 1273 recte
2529 1220 2788 1288 sentiunt,
2819 1229 2874 1275 et
2903 1235 2933 1274 a
2963 1236 3086 1275 vera
3112 1219 3216 1276 lide
3243 1223 3356 1277 sive
3379 1222 3572 1276 timore

2000 1306 2377 1375 temporalium
2404 1306 2815 1363 commodorum
2847 1319 2893 1374 ⁸,
2926 1310 3040 1364 sive
3068 1310 3182 1365 sola
3213 1312 3392 1368 cordis
3423 1306 3574 1367 caeci-

2000 1410 2111 1458 tate
2139 1419 2202 1458 ac
2226 1404 2575 1473 perversitate
2600 1403 2900 1459 discedunt.
2928 1403 2987 1458 ln
3027 1400 3242 1473 ﬂagitiis
3278 1420 3405 1460 vero
3443 1421 3572 1476 pec—

2001 1502 2128 1548 cant
2160 1493 2373 1563 quando
2422 1493 2474 1547 in
2520 1494 2709 1564 seipsis
2761 1494 3097 1549 innnoderati
3145 1503 3308 1566 atque
3355 1497 3572 1550 obsceni

2004 1584 2233 1654 turpiter
2279 1584 2483 1637 vivunt.
2533 1583 2590 1637 in
2637 1584 2963 1655 facinoribus
3003 1600 3133 1640 vero
3172 1593 3300 1639 tunc
3352 1594 3576 1655 peccant

2002 1675 2217 1741 quando
2242 1674 2374 1728 alios
2400 1683 2493 1729 aut
2520 1674 2750 1743 damnis,
2778 1682 2872 1729 aut
2905 1674 3229 1744 quibuslibet
3266 1675 3575 1745 oppressio—

2006 1764 2162 1818 nibus
2206 1764 2495 1819 crudeliter
2540 1764 2757 1820 lmdunt.
2817 1764 3085 1837 Utrosque
3124 1775 3325 1834 autem,
3369 1767 3482 1822 sive
3523 1767 3575 1821 in

1878 1849 1901 1860 ⁸
1934 1844 1981 1902 Β
2007 1855 2131 1923 li‘de,
2158 1856 2271 1910 sive
2292 1857 2343 1910 in
2376 1857 2628 1927 operibus
2650 1858 2953 1928 capitaliter
2972 1867 3297 1929 peccantes,-
3316 1854 3578 1928 reprobus

2004 1945 2239 2015 appellat
2269 1947 2459 2002 beatus
2502 1948 2811 2018 Apostolus,
2855 1949 3040 2005 dicens
3090 1948 3158 2004 d’e
3191 1949 3295 2003 illis
3322 1948 3413 2019 qui
3438 1963 3597 2002 verte-

2005 2035 2129 2090 lidei
2171 2037 2579 2092 contradicunt:
2613 2038 2760 2094 Sicut
2787 2050 2955 2094 autent
2982 2039 3195 2094 Jamnes
3234 2049 3282 2093 et
3320 2038 3591 2093 Humbrae

2004 2127 2298 2180 restiterunt
2326 2124 2518 2195 Moysi,
2548 2128 2623 2181 ita
2642 2137 2694 2182 et
2719 2129 2773 2183 lii
2801 2130 2887 2201 qui
2908 2130 3150 2192 resistunt
3169 2130 3385 2191 ueritati,
3418 2127 3581 2183 banti-

2006 2234 2095 2272 nes
2124 2219 2348 2287 corrupti
2375 2228 2559 2285 mente,
2609 2220 2820 2291 reprobi
2855 2222 2994 2274 circa
3022 2220 3178 2291 ﬁdem
3206 2217 3294 2292 (II
3326 2218 3459 2273 Tim.
3502 2233 3578 2280 ut.

2005 2310 2082 2382 8).
2141 2309 2264 2364 Illos
2293 2317 2474 2365 autem
2516 2310 2609 2381 qui
2648 2311 2747 2366 sub
2791 2311 3125 2380 prolessione
3171 2325 3310 2365 vera:
3356 2309 3478 2364 lldei
3526 2308 3581 2364 in

2006 2400 2161 2454 malis
2189 2399 2441 2468 operibus
2472 2406 2526 2454 et
2573 2400 2885 2455 criminibus
2912 2400 3097 2454 vivunt
3125 2399 3371 2454 similiter
3395 2397 3580 2468 objur-

2004 2504 2154 2559 gans,
2186 2491 2296 2544 ait:
2324 2489 2513 2545 Omnia
2536 2490 2728 2545 munda
2756 2492 2959 2545 mundis
2992 2508 3009 2545 :
3047 2491 3388 2560 coinquinatis
3413 2494 3582 2551 autem

2006 2590 2054 2634 et
2080 2580 2375 2653 inﬁdelibus
2414 2581 2545 2635 nihil
2583 2591 2660 2635 est
2703 2582 2980 2646 mundum;
3010 2583 3100 2636 sed
3125 2582 3323 2651 polluta
3351 2591 3470 2635 sunt
3496 2597 3583 2634 eo-

2007 2687 2121 2727 rum
2139 2680 2187 2724 et
2211 2687 2354 2725 mens
2380 2680 2430 2725 et
2456 2672 2788 2725 conscientia.
2812 2670 3131 2741 Confitentur
3148 2689 3203 2725 se
3217 2689 3369 2726 nosse
3399 2670 3583 2735 Deum,

2008 2763 2164 2833 {actis
2202 2769 2372 2815 autem
2412 2772 2619 2832 negant,
2651 2778 2765 2815 cum
2791 2763 2895 2815 sint
2938 2761 3237 2826 abominati,
3268 2771 3317 2815 et
3356 2762 3583 2815 incredi-

2008 2852 2153 2917 biles,
2184 2860 2233 2904 et
2261 2851 2332 2904 ad
2360 2867 2509 2905 omne
2534 2867 2662 2920 opus
2692 2851 2879 2905 bonum
2901 2850 3101 2920 reprobi
3127 2851 3253 2921 (Tit.
3288 2868 3323 2916 ι,
3357 2851 3445 2917 15,
3470 2849 3580 2921 16).

2008 2939 2144 2997 Dum
2171 2947 2350 2995 autem
2379 2948 2605 3010 peccant
2638 2941 2830 3003 sancti,
2865 2942 2943 2995 sic
2979 2941 3031 2995 in
3074 2940 3314 3009 quolibet
3361 2951 3585 3012 peccato

2009 3031 2243 3086 humana
2269 3031 2579 3087 inﬁrmitate
2605 3039 2699 3086 aut
2726 3032 2957 3087 humana
2991 3033 3348 3089 delectatione
3377 3034 3474 3102 (al.
3502 3034 3587 3089 di-

2011 3122 2264 3193 lectione)
2295 3124 2668 3191 succumbunt,
2701 3133 2758 3178 ut
2778 3139 2877 3179 nec
2896 3140 3038 3180 verae
3078 3124 3195 3180 ﬁdei
3241 3126 3586 3195 pertinaciter

1931 3201 1979 3265 C
2010 3214 2400 3281 contradicant,
2432 3232 2533 3271 nec
2560 3217 2768 3290 scipsos
2794 3216 3007 3286 ﬂagitiis
3033 3218 3311 3288 polluant,
3335 3234 3434 3274 nec
3460 3235 3587 3288 pro-

2012 3307 2186 3362 ximos
2208 3306 2534 3362 facinoribus
2565 3307 2759 3363 laidant
2778 3326 2791 3361 :
2808 3307 2951 3377 quod
2972 3308 3208 3364 ostendit
3234 3308 3423 3363 beatus
3443 3308 3586 3377 Apo-

2011 3397 2180 3452 stolus
2220 3397 2444 3452 dicens:
2473 3398 2727 3467 Apparuit
2773 3400 2909 3451 enim
2942 3399 3112 3468 gratia
3150 3397 3248 3453 Dei
3297 3400 3586 3455 Saluatoris

2012 3488 2246 3543 omnibus
2268 3487 2575 3555 hominibus,
2608 3490 2844 3543 erudiens
2868 3506 2980 3553 nos,
3003 3500 3059 3543 ut
3078 3490 3390 3561 abnegantes
3414 3493 3588 3560 impie-

2014 3589 2187 3643 tatem,
2216 3588 2266 3632 et
2289 3579 2563 3633 swcularia
2606 3579 2884 3646 desideria,
2933 3576 3122 3649 sobrie,
3162 3589 3211 3634 et
3231 3582 3390 3651 juste,
3417 3591 3466 3636 et
3503 3584 3587 3651 pie

2012 3671 2240 3723 vivamus
2269 3671 2325 3722 in
2350 3669 2444 3724 hoc
2464 3670 2654 3724 saeculo
2685 3669 2811 3740 (Tit.
2843 3686 2901 3736 ll,
2933 3670 3017 3735 11,
3050 3671 3159 3742 12).
3192 3670 3461 3728 Admonet
3488 3688 3587 3727 nos

2013 3759 2229 3827 quidem
2283 3761 2393 3814 alio
2447 3761 2569 3815 loco
2605 3759 2747 3815 idem
2792 3760 2982 3816 beatus
3026 3763 3321 3831 apostolus,
3363 3763 3583 3818 dicens:

2014 3846 2139 3902 Non
2159 3850 2275 3919 plus
2306 3867 2487 3919 sapere
2512 3866 2668 3921 quam
2706 3861 2905 3919 oportet
2926 3868 3126 3923 sapere,
3173 3854 3265 3907 sed
3299 3870 3480 3924 sapere
3518 3858 3589 3908 ad

2013 3939 2339 3994 sobrietatem
2370 3940 2547 4011 (Rom.
2578 3958 2670 4008 ιιι,
2702 3942 2777 4012 5).
2804 3942 3184 3999 Verumtamen
3203 3945 3255 3998 in
3279 3945 3379 4001 hac
3402 3946 3590 4015 tripar-

2015 4031 2111 4085 tita
2140 4031 2404 4087 divisione
2432 4033 2485 4087 in
2507 4048 2614 4103 qua
2643 4034 2771 4090 dicit
2798 4042 2859 4088 ut
2887 4035 3086 4102 sobrie,
3128 4045 3184 4091 et
3224 4036 3386 4106 juste,
3410 4045 3473 4099 ,ct
3500 4038 3588 4107 pie

2014 4121 2255 4177 vivamus
2280 4121 2331 4175 in
2359 4123 2465 4178 hoc
2492 4123 2708 4191 sarculo,
2740 4123 2953 4179 videtur
2979 4125 3110 4187 mihi
3137 4127 3261 4195 quia
3288 4127 3378 4182 ille
3405 4128 3587 4183 sobrie

2012 4212 2144 4266 vivit
2165 4214 2256 4282 qui
2290 4229 2395 4269 non
2422 4214 2587 4287 426
2602 4214 2846 4285 sequitur
2888 4215 3280 4271 delectamenta
3322 4218 3584 4281 luxurias;

2008 4302 2155 4373 juste
2182 4304 2312 4359 vivit
2338 4306 2430 4376 qui
2459 4306 2761 4376 proximum
2792 4307 3096 4364 nullatenus
3123 4308 3284 4371 ltcdit,
3324 4317 3388 4363 et-
3413 4310 3461 4363 ei
3493 4309 3589 4365 be-

2014 4393 2206 4451 neli'cia
2245 4396 2301 4452 in
2342 4407 2597 4471 quantum
2624 4399 2769 4454 valet
2797 4399 3086 4469 impendit;
3110 4400 3198 4471 pie
3242 4401 3394 4463 vivit,
3435 4401 3527 4471 qui
3558 4417 3589 4455 a

2014 4492 2275 4548 societate
2300 4492 2676 4549 ecclesiastica:
2706 4492 2926 4548 unitatis
2949 4492 3093 4546 nulla
3114 4492 3324 4546 ratione
3345 4492 3599 4552 discedit;

334 4575 428 4621 aut
455 4567 523 4623 de
553 4568 665 4624 Deo
691 4568 832 4625 male
851 4571 1014 4625 sentit
1030 4561 1276 4628 ’bumana
1304 4575 1648 4644 perversitas,
1682 4586 1778 4631 aut
1814 4578 1912 4631 ho-
1942 4568 1992 4628 D
2016 4590 2073 4637 et
2094 4584 2233 4637 intra
2263 4582 2811 4654 Ecclesiam'positus,
2843 4599 2907 4638 ea
2941 4598 3060 4652 qua:
3096 4583 3394 4638 certissime
3444 4582 3593 4635 novit

334 4658 533 4713 minem
586 4658 653 4714 ad
684 4659 779 4730 (al.
810 4658 927 4730 per)
970 4661 1235 4716 desideria
1274 4665 1450 4719 carnis
1496 4664 1649 4721 ducit
1680 4666 1911 4722 humana

335 4748 619 4819 cupiditas,
658 4758 752 4804 aut
788 4750 1090 4819 proximum
1133 4751 1275 4805 lmdit
1320 4752 1554 4808 humana
1600 4756 1906 4812 crudelitas.

2016 4673 2083 4727 ad
2125 4675 2404 4730 scientiam
2443 4689 2586 4729 vene
2624 4674 2747 4729 lidei
2790 4675 3065 4746 pertinere
3118 4673 3482 4728 indubitanter
3510 4681 3592 4727 te-

2016 4773 2141 4830 net;
2168 4780 2231 4820 ea
2258 4780 2387 4821 vero
2408 4780 2527 4835 quae
2553 4766 2766 4835 ignorat
2793 4775 2887 4821 aut
2915 4765 2983 4821 de
3004 4766 3198 4836 quibus
3230 4764 3459 4829 dubitat,
3492 4765 3592 4819 hu-

224 5464 229 5467 _
327 5391 451 5443 estis
492 5407 600 5445 ros.
638 5388 807 5445 Nemo
856 5407 943 5445 vos
983 5392 1194 5446 seducat
1232 5393 1283 5463 (1
1314 5393 1433 5449 Cor.
1457 5411 1530 5459 In,
1566 5393 1650 5460 17,
1697 5396 1914 5466 18).’[)ε

334 4836 410 4891 De
448 4838 532 4892 his
559 4839 701 4894 enim
731 4838 824 4909 qui
861 4839 916 4892 in
947 4838 1115 4894 Deum
1156 4850 1382 4908 peccant
1421 4840 1693 4913 Sapientia
1741 4844 1906 4899 dicit:

2016 4856 2215 4912 militer
2240 4873 2305 4911 ac
2335 4857 2604 4927 patienter
2646 4857 2917 4927 explorat,
2946 4857 3141 4922 donec,
3167 4857 3211 4911 si
3258 4856 3388 4928 quid
3436 4857 3593 4913 aliter

336 4926 436 4991 Qui
474 4938 643 5012 autem
685 4930 740 4983 in
793 4946 875 4985 me
911 4939 1143 5000 peccant,
1175 4931 1329 5000 impie
1375 4934 1572 5003 faciunt
1614 4934 1668 4989 in
1707 4937 1911 4989 animas
2012 4948 2172 5015 sapit,
2204 4945 2314 5007 Deo
2340 4926 2736 5003 animum“;
2763 4957 3072 5018 cognoscat,

328 5035 498 5112 ξιφδί
517 5021 673 5112 “fi”.
693 5037 773 5074 ’⁷⁸⁸
803 5020 1029 5076 Oderunt
1059 5021 1281 5112 άίίίθεέηι
1309 5032 1524 5076 ητονίεηι
1572 5023 1752 5093 (Ρνουο
1794 5042 1906 5090 Vl":
2086 5038 2173 5091 38.
2205 5036 2331 5093 llaec
2359 5046 2537 5093 autem
2567 5039 2850 5107 sobrietas,
2870 5042 3097 5110 justitia,
3126 5050 3181 5097 et
3208 5041 3381 5112 pietas
3412 5040 3503 5111 (al.
3538 5049 3594 5095 et

332 5110 445 5180 '56).
471 5109 653 5166 Deliis
681 5119 860 5167 autem
886 5112 978 5182 qui
1000 5110 1272 5166 luxuriose
1302 5112 1486 5167 vivunt
1525 5112 1654 5170 dicit
1687 5114 1909 5185 Aposto-

2016 5128 2171 5198 pax),
2195 5144 2311 5198 quas
2346 5131 2551 5185 cunctis
2593 5131 2793 5187 debent
2837 5109 3013 5187 inesse
3065 5109 3331 5197 fidelibus,
3374 5109 3445 5184 ita
3491 5131 3592 5185 sibi

333 5202 415 5255 lus
441 5220 451 5252 :
479 5200 540 5255 Si
560 5204 673 5274 quis
701 5214 875 5256 autem
912 5202 1154 5272 templum
1190 5201 1290 5257 Dei
1323 5203 1606 5269 violaverit,
1653 5205 1909 5276 disperdet

2017 5234 2275 5275 connexa:
2295 5229 2438 5286 sunt,
2473 5229 2531 5276 ut
2570 5221 2612 5276 si
2666 5239 2768 5277 una
2818 5238 3001 5277 earum
3037 5220 3291 5286 defuerit;
3328 5222 3431 5276 alia
3473 5236 3593 5291 qua:

329 5295 477 5348 illuni
529 5293 690 5350 Deus.
744 5294 1008 5366 Templum
1055 5298 1193 5351 enim
1239 5297 1336 5352 Dei
1372 5307 1607 5353 sanctum
1654 5310 1750 5366 est,
1778 5302 1913 5372 quod
1944 5306 1963 5317 "
2017 5309 2228 5364 videtur
2256 5311 2447 5375 inesse,
2482 5312 2784 5367 nullatenus
2813 5314 3000 5382 prosit.
3028 5311 3210 5381 Neque
3238 5312 3380 5367 enim
3422 5313 3592 5367 salvat

2019 5400 2112 5469 (al.
2156 5399 2302 5455 salva
2328 5403 2432 5471 est)
2481 5401 2745 5457 sobrietas
2780 5417 2883 5470 qua
2928 5402 3155 5471 quisque
3201 5418 3230 5456 a
3279 5403 3495 5472 flagitiis
3537 5404 3591 5458 in
3668 5382 3679 5407 ι

329 5479 456 5532 odio
485 5495 702 5563 quoque
729 5480 909 5535 fratris
936 5481 1127 5537 beatus
1152 5483 1387 5541 Joannes
1416 5484 1641 5553 loquens
1670 5486 1776 5541 ait:
1805 5484 1907 5551 Qui
1946 5479 1963 5487 ’
2017 5493 2196 5563 seipso
2225 5492 2474 5556 abstinet,
2505 5491 2607 5547 nisi
2637 5493 2723 5562 pia
2755 5501 2810 5547 et
2831 5491 2973 5561 justa
3002 5492 3181 5559 fuerit,
3207 5493 3258 5548 id
3299 5501 3399 5557 est,
3432 5500 3492 5549 ut
3537 5502 3589 5549 et

332 5570 453 5655 dicit
481 5588 536 5626 se
563 5574 616 5627 in
640 5574 833 5651 lumine
857 5573 949 5646 (al.
979 5574 1110 5641 lucc)
1141 5593 1271 5650 esse,
1295 5591 1343 5636 et
1365 5581 1578 5652 fratrem
1606 5580 1754 5634 suum
1776 5580 1903 5644 odit,
1944 5572 1955 5585 ’
2011 5583 2065 5638 in
2088 5584 2256 5639 Deum
2287 5590 2431 5639 recte
2457 5583 2662 5655 credat,
2687 5591 2742 5639 et
2763 5585 2906 5655 quod
2932 5588 3127 5642 caritas
3148 5588 3319 5656 poscit
3346 5587 3590 5657 proximo

330 5723 747 5854 mgdi’i‘i’qmdeﬁzte
1053 5734 1111 5781 et
1133 5727 1418 5802 legendum
1462 5727 1691 5801 videtur,
1739 5733 1839 5785 siue
1873 5730 2053 5790 tiniore
2080 5737 2430 5806 teniporalium
2470 5755 2753 5809 pa'narnnr,
2802 5744 2907 5797 sive
2950 5760 3037 5811 spe
3067 5741 3419 5813 temporalium
3447 5759 3585 5796 rom-

602 5837 618 5859 .
647 5833 743 5854 σςνι
769 5833 897 5863 «vus,
930 5833 1031 5850 νκο
1896 5860 1903 5863 ι
1950 5833 1955 5841 ·
