4130 6442
586 357 689 414 535

1620 351 1676 405 S.
1719 347 2077 405 FULGENTII
2116 341 2412 398 EPISCOPI
2451 340 2819 396 RUSPENSIS

3730 333 3836 394 596

581 475 818 529 libenter
859 472 1170 544 impendat:
1205 428 1306 527 nec.
1360 470 1630 525 fructuosa
1655 466 1862 536 justitia
1915 472 2021 528 est,
2056 473 2159 530 qua
2194 460 2231 515 Α
2265 453 2497 509 Ecclesia
2527 451 2870 507 commendat
2893 450 3178 520 Apostolus
3201 447 3415 522 (Ephes.
3441 446 3836 516 v,52).$ieest

588 568 949 638 unusquisque
978 565 1081 621 boc
1111 563 1366 634 impendit
1388 561 1632 631 proximo
1653 557 1795 629 quod
1808 556 1907 612 sibi
1924 553 2161 609 delecta-

586 670 677 714 tur
706 656 958 728 impendi,
989 658 1033 711 si
1061 656 1237 710 sobria
1262 655 1455 724 piaquc
1480 667 1585 706 non
1605 650 1765 705 fuerit
1789 667 1802 702 :
1826 647 1999 718 pietas
2021 660 2161 715 quo—

586 764 692 820 quc
720 757 930 804 mortua
959 756 1061 812 est,
1092 762 1194 816 qua
1219 746 1269 799 in
1312 743 1476 797 Deum
1506 749 1672 821 recte
1711 739 1969 801 creditur,
2003 736 2048 790 si
2079 734 2161 790 vel

585 858 797 898 marum
823 842 1111 907 sobrietas,
1154 839 1242 893 vel
1271 836 1499 907 proximi
1543 835 1742 890 caritas
1782 848 1888 886 non
1927 837 2159 885 tenetur.

585 934 738 990 Tunc
758 935 919 1002 igitur
946 932 1137 986 anima:
1163 945 1289 983 veta
1328 927 1471 981 salus
1515 924 1810 993 acquiritur
1835 922 1879 976 si
1908 928 1963 975 et
1991 921 2164 991 pietas

584 1032 640 1085 in
671 1026 795 1095 fide,
848 1026 1128 1095 etjustitia
1166 1024 1216 1077 in
1259 1022 1501 1082 caritate,
1534 1027 1589 1073 et
1616 1017 1884 1072 sobrietas
1922 1015 1976 1069 in
2005 1012 2165 1069 casti-

587 1129 701 1174 tate
731 1134 793 1173 ac
815 1113 1145 1188 parcimonia
1178 1119 1445 1167 teneatur.

660 1208 749 1263 59.
780 1209 947 1262 Aliter
978 1220 1109 1260 vero
1136 1210 1374 1266 sanctos,
1407 1208 1462 1255 et
1488 1199 1644 1253 aliter
1683 1210 1913 1267 peccare
1954 1194 2166 1262 iniquos

524 1330 533 1334 υ
589 1301 785 1355 divinis
806 1299 1063 1353 docemur
1083 1294 1330 1365 eloquiis.
1356 1292 1487 1346 Nam
1517 1300 1571 1345 et
1602 1289 1741 1357 Agar
1771 1286 1962 1342 ancilla
1997 1283 2165 1348 Same,

588 1391 690 1448 nisi
713 1389 1014 1459 superbiret
1053 1402 1159 1441 non
1188 1383 1549 1453 expelleretur
1578 1377 1784 1449 (Cenes.
1831 1394 1937 1440 xxv,
1968 1375 2083 1443 ll);
2112 1382 2168 1429 et

584 1484 703 1551 ipsa
734 1480 865 1533 Sara
892 1477 991 1533 nisi
1022 1475 1220 1531 rideret
1267 1490 1375 1528 non
1424 1472 1731 1543 culparetur
1778 1466 1985 1540 (Cenes.
2018 1481 2162 1529 xvtu,

584 1574 699 1647 Η).
734 1573 826 1628 Illa
866 1571 1006 1626 enim
1047 1568 1276 1638 superba
1327 1566 1464 1619 facta
1496 1572 1596 1625 est,
1632 1562 1944 1630 concepisse
1974 1550 2040 1613 se
2087 1557 2165 1610 vi-

584 1664 754 1730 dens;
786 1664 873 1717 illa
897 1662 1033 1725 risit,
1063 1666 1445 1727 concepturam
1476 1672 1533 1709 se
1560 1653 1855 1720 ambigens.
1893 1649 2172 1704 Invenitur

588 1765 817 1823 utraque
846 1767 1117 1824 peccasse,
1150 1749 1244 1804 sed
1278 1763 1382 1802 non
1413 1746 1620 1815 :equale
1663 1744 1932 1799 invenitur
1971 1744 2169 1797 utrius-

2260 558 2388 612 ergo
2408 543 2655 612 qumlibet
2685 542 2859 596 anima
2885 540 3110 595 tideliter
3130 540 3406 594 cohzerens
3434 537 3671 603 Christo,
3700 537 3840 592 sicut

2262 650 2398 689 uxor
2425 637 2613 688 vivens
2638 631 2870 686 fideliter
2897 647 3019 686 cum
3060 631 3254 685 marito
3288 648 3303 683 :
3329 645 3449 699 qum
3477 629 3530 682 in
3561 629 3674 697 ipsa
3705 643 3837 682 con-

2256 727 2389 797 jugii
2434 727 2682 781 castitate
2723 723 2957 778 animum
3003 721 3218 792 quidem
3256 720 3359 775 viri
3397 720 3478 774 sui
3524 718 3840 790 plerumque

2261 818 2575 881 contristat,
2621 815 2716 869 sed
2747 814 2849 868 tori
2882 812 3036 868 Iidem
3085 827 3217 881 pura
3257 810 3505 864 castitate
3532 814 3842 875 conservat,

2263 917 2317 962 et
2341 906 2517 961 mariti
2542 904 2896 960 substantiam
2925 901 3221 972 prudenter
3242 907 3713 969 temperanter.;ue
3734 896 3845 952 dis-

2263 1006 2493 1069 pensat;
2533 1012 2596 1050 ac
2638 1011 2739 1066 per
2764 994 2867 1049 hoc
2895 1004 2950 1047 et
2970 1001 3160 1063 peccat
3189 993 3402 1055 marito,
3427 1000 3481 1046 et
3505 989 3632 1044 vivit
3663 999 3845 1043 tamen

2264 1097 2414 1144 caste
2440 1103 2504 1142 ac
2531 1086 2758 1139 tideliter
2778 1099 2897 1139 cum
2923 1083 3119 1137 marito
3146 1099 3161 1145 ;
3192 1090 3246 1137 et
3274 1097 3434 1152 quam
3458 1078 3586 1134 facit
3609 1081 3848 1132 humana

2265 1178 2547 1233 inﬁrmitas
2575 1175 2861 1245 aliquando
2891 1173 3036 1244 apud
3064 1173 3310 1226 maritum
3340 1171 3669 1238 delinquere,
3712 1183 3851 1222 eon-

2260 1270 2457 1340 jugalis
2499 1269 2718 1324 castitas
2765 1266 2893 1321 facit
2930 1266 3125 1320 marito
3160 1263 3386 1318 dulciter
3423 1261 3705 1316 inb:crere.
3754 1257 3849 1311 Illa

2267 1377 2397 1416 vero
2425 1360 2617 1415 mulier
2644 1373 2763 1427 qum
2781 1359 2895 1413 sive
2923 1357 2990 1411 de
3013 1356 3178 1410 domo
3200 1355 3377 1408 mariti
3402 1351 3771 1421 cgressa,sive
3792 1349 3848 1402 is

2268 1451 2458 1507 eodem
2483 1449 2660 1504 mariti
2692 1448 2997 1503 habitaculo
3027 1446 3316 1502 constituta
3335 1482 3351 1506 ,
3382 1441 3647 1496 adulterio
3676 1440 3850 1492 mixta

2268 1545 2452 1610 fuerit,
2480 1540 2832 1597 substantiam
2862 1538 3040 1593 mariti
3062 1537 3407 1607 disperserit,
3438 1551 3544 1588 non
3573 1532 3732 1585 venia
3761 1530 3851 1598 ju-

2268 1636 2477 1691 dicatur
2504 1632 2693 1700 digna,
2725 1630 2820 1686 sed
2848 1628 3129 1686 mortifero
3159 1635 3312 1682 reatu
3343 1634 3557 1680 tenetur
3584 1621 3845 1676 obnoxia.

2269 1725 2360 1779 Sic
2388 1731 2472 1779 est
2499 1722 2677 1776 anima
2705 1735 2825 1789 qua:
2860 1718 3074 1773 diabolo
3102 1715 3469 1779 consentiens,
3499 1724 3591 1767 aut
3615 1708 3850 1779 inﬁdeli-

592 1803 813 1823 ---_.,--
1478 1803 1494 1815 _

587 1861 694 1915 que
716 1831 997 1916 peccatum
1030 1860 1042 1895 :
1075 1856 1198 1895 nam
1233 1840 1285 1893 in
1316 1853 1420 1893 una
1443 1852 1624 1891 earum
1654 1836 1885 1889 humana
1905 1833 2169 1888 dubitavit

2279 1823 2381 1868 late
2409 1811 2757 1870 subvertitur,
2781 1815 2875 1862 aut
2902 1807 3216 1862 criminibus
3239 1803 3562 1874 implicatur.

2352 1902 2406 1916 an
2472 1902 2510 1916 ιι
2577 1910 2587 1916 .
2631 1901 2682 1916 ιιι
2820 1899 2853 1916 1!
2895 1899 2929 1916 ι.
2977 1895 3252 1916 Δ----.-1---
3335 1892 3451 1916 -.-ΞΑ
3484 1907 3562 1916 μ-.

587 1937 906 1999 Inlirmitas;
959 1935 1011 1988 in
1053 1933 1219 1986 altera
1264 1945 1394 1983 vero
1433 1926 1825 1983 contumaciter
1867 1942 1926 1980 se
1978 1925 2171 1980 extulit

588 2030 819 2083 humana
864 2025 1156 2080 temeritas.
1196 2021 1337 2075 Ideo.
1366 2020 1507 2087 Agar
1552 2024 1819 2087 prmcepto
1857 2016 2050 2069 meruit
2090 2013 2170 2068 di-

590 2122 728 2174 vinm
757 2116 1057 2172 severitatis
1082 2112 1307 2182 expelli,
1337 2109 1467 2163 Sara
1497 2124 1626 2163 vero
1670 2107 1861 2161 divinm
1883 2106 2029 2161 vocis
2058 2121 2171 2159 nne-

592 2214 701 2269 ruit
722 2210 927 2282 placida
955 2207 1176 2262 lenitate
1205 2202 1430 2272 culpari.
1465 2200 1528 2254 Et
1548 2202 1671 2269 quia
1703 2201 1821 2254 leve
1852 2199 1950 2252 fuit
1988 2199 2037 2253 in
2081 2197 2169 2250 illa

590 2302 926 2359 dubitatione
947 2305 1247 2369 peccatum,
1280 2294 1474 2348 divina:
1505 2290 1874 2363 promissionis
1922 2302 2171 2343 sermone

591 2397 802 2470 limata
831 2391 1023 2461 abjecit
1049 2386 1462 2447 dubitationem,
1508 2382 1711 2451 recepit
1740 2379 2095 2435 certissimam
2120 2377 2175 2429 tl-

591 2490 737 2550 dem,
767 2502 865 2557 per
892 2499 1054 2555 quam
1085 2480 1313 2550 sumpsit
1340 2478 1500 2532 etiam
1531 2473 1866 2544 concipiendi
1889 2472 2167 2526 virtutem:

593 2579 735 2651 quod
758 2577 1054 2649 apostolica
1085 2579 1313 2628 testatur
1342 2569 1657 2632 auctoritas,
1697 2567 1880 2620 dicens
1906 2583 1916 2615 :
1962 2561 2096 2616 Fide
2123 2570 2173 2619 et

594 2676 709 2742 ipsa
739 2669 878 2727 Sara
909 2668 1096 2723 sterilis
1126 2666 1365 2720 virtutem
1394 2666 1445 2718 in
1480 2661 1810 2728 conceptione
1837 2658 2049 2712 seminis
2083 2670 2170 2707 ac-

595 2763 762 2831 cepit,
806 2763 962 2814 etiam
1009 2767 1196 2826 praeter
1249 2767 1444 2825 tempus
1480 2753 1666 2813 wtatis,
1692 2750 1935 2821 quoniam
1969 2745 2174 2816 ﬁdelem

595 2851 814 2905 credidit
840 2867 950 2905 esse
977 2852 1060 2919 qui
1089 2849 1397 2918 promiserat
1427 2844 1614 2913 (Hebr.
1642 2859 1713 2904 xt,
1748 2840 1857 2907 il).

670 2943 751 2997 ιο.
782 2942 1087 2997 Invenimus
1124 2939 1231 2993 alio
1262 2939 1385 2994 loco
1430 2943 1739 2991 sanctorum
1776 2939 1831 2985 et
1870 2929 2173 2997 iniquorum

595 3058 704 3098 non
742 3038 970 3109 aequalia
1013 3050 1132 3091 esse
1177 3040 1427 3104 peccata:
1474 3029 1568 3086 sed
1622 3027 1837 3081 illorum
1874 3022 2175 3090 levia,quac

597 3131 882 3204 temporali
913 3136 1108 3197 egeant
1137 3124 1482 3193 correptione
1517 3118 1762 3190 purgari;
1804 3115 2015 3170 illorum
2044 3127 2111 3167 ve
2143 3126 2176 3165 ο

598 3228 802 3297 gravia,
830 3237 949 3293 qua:
979 3225 1288 3275 mereantur
1335 3213 1470 3282 ignis
1496 3209 1680 3265 asterni
1721 3214 1978 3277 perpetua
2026 3218 2177 3258 com-

598 3294 848 3375 bustionc
868 3310 1062 3383 puniri.
1088 3307 1164 3361 Ad
1190 3320 1382 3375 aquam
1404 3303 1546 3357 enim
1568 3297 2008 3354 contradictionis
2029 3294 2185 3348 aliter

602 3407 696 3461 lilii
724 3404 889 3459 Israel
912 3403 1270 3472 peccaverunt
1305 3391 1490 3463 (Nam.
1542 3406 1634 3451 xx,
1670 3388 1782 3456 15),
1832 3384 2060 3441 rebelles
2088 3383 2186 3437 ad-

601 3513 787 3556 versus
828 3495 996 3549 Deum
1034 3485 1357 3545 omnimodis
1395 3483 1718 3544 existentes;
1763 3478 1918 3532 aliter
1950 3475 2183 3547 Moyses,

602 3594 695 3664 qui
739 3605 844 3645 non
885 3601 981 3656 per
1026 3579 1384 3637 temeritatem
1417 3573 1527 3628 Deo
1555 3569 1899 3630 contradixit,
1948 3566 2042 3622 sed
2089 3580 2187 3635 per

580 3657 967 3748 Inﬁrmitatem
999 3673 1172 3729 minus
1215 3669 1283 3723 de
1320 3667 1412 3721 Dei
1455 3662 1770 3735 operatione
1805 3657 2182 3729 praesumpsit;

603 3772 793 3830 similis
830 3768 1001 3822 factus
1046 3763 1208 3818 beato
1250 3756 1432 3820 Petro,
1480 3753 1570 3825 qui
1607 3751 1809 3805 audivit
1855 3765 1884 3802 a
1934 3749 2183 3808 Domino,

604 3865 831 3923 Modica:
858 3843 1000 3932 ﬁdei,
1026 3871 1186 3928 quare
1215 3849 1463 3905 dubitasti
1490 3845 1705 3914 (Matth.
1730 3860 1836 3906 xw,
1864 3842 1996 3911 5i)?
2036 3840 2187 3895 Unde

606 3956 963 4014 lsraelitarum
1017 3944 1352 4002 contumacia
1401 3940 1597 3995 meruit
1640 3945 1840 3991 aeterna
1914 3933 2188 4004 punitione

605 4046 878 4111 damnari;
912 4044 964 4098 in
991 4041 1175 4111 Moyse
1203 4051 1334 4090 vero
1363 4047 1533 4103 usque
1561 4030 1628 4085 ad
1653 4030 1756 4083 hoc
1782 4027 1879 4081 fuit
1900 4026 2043 4080 illius
2063 4040 2188 4095 pee-

607 4140 714 4196 cati
740 4137 892 4200 ultio,
918 4141 976 4188 ut
1003 4132 1055 4186 ei
1081 4130 1194 4185 sola
1226 4138 1383 4181 terra:
1425 4119 1855 4193 repromissionis
1904 4124 2190 4186 negaretur

609 4227 889 4298 ingressio.
920 4223 1054 4278 Nam
1076 4228 1131 4274 et
1158 4220 1272 4288 ipse
1298 4214 1509 4285 Moyses
1525 4227 1631 4266 non
1654 4217 1872 4280 propter
1886 4222 2038 4262 suum
2060 4219 2189 4274 pee-

610 4295 816 4384 catum,
845 4314 938 4369 sed
962 4319 1186 4384 propter
1210 4308 1330 4363 illos
1358 4305 1460 4360 sibi
1496 4304 1688 4357 iratum
1712 4299 1997 4353 Dominum
2028 4295 2192 4351 fuisse

612 4414 842 4464 testatus
866 4411 970 4467 est,
1000 4400 1185 4456 dicens
1208 4398 1258 4450 in
1290 4391 1704 4455 Denteronomio
1732 4408 1744 4441 :
1791 4386 1903 4441 Nec
1932 4387 2061 4441 mira
2104 4385 2190 4438 in-

554 4523 568 4536 -
613 4497 848 4570 dignatio
871 4494 926 4548 in
947 4490 1210 4563 populum,
1242 4502 1356 4540 cum
1377 4484 1501 4539 milii
1527 4496 1720 4553 quoque
1749 4480 1912 4532 iratus
1943 4475 2190 4528 Dominus

613 4562 824 4660 propter
857 4562 1189 4638 vosidiwerit:
1219 4574 1329 4629 Nec
1361 4584 1413 4627 tu
1442 4570 1745 4642 ingredien’s
1789 4567 1909 4622 illuc
1940 4564 2117 4637 (Deut.
2151 4579 2187 4627 t,
2220 4562 2266 4621 D

615 4679 729 4749 37).
760 4676 890 4732 Nam
914 4681 968 4729 et
998 4679 1213 4733 sanctus
1248 4665 1415 4721 David
1444 4670 1664 4734 propter
1692 4662 1863 4731 ipsum
1911 4663 2190 4728 peccatum

616 4747 800 4841 populi
822 4763 1056 4821 ostendit
1084 4760 1303 4831 Moysen
1334 4756 1496 4810 fuisse
1523 4760 1771 4807 vexatum
1792 4749 1950 4820 427
1971 4747 2189 4802 dicens:

616 4858 688 4918 Et
708 4858 1038 4915 irritaverant
1061 4868 1175 4905 eum
1205 4856 1271 4903 ad
1296 4862 1455 4917 aquas
1487 4841 1933 4902 contradictionis,
1956 4846 2004 4891 et
2041 4853 2195 4892 vexa-

619 4960 700 5005 tus
728 4958 804 5003 est
833 4945 1035 5016 Moyses
1064 4950 1272 5013 propter
1316 4953 1404 4991 eos
1448 4933 1616 5005 (Psal.
1666 4947 1753 4994 cv,
1799 4926 1910 4997 '52).
1962 4924 2197 5016 Populus

618 5055 750 5111 ergo
769 5012 1052 5115 Dominum
1078 5029 1331 5094 irritavit,
1361 5025 1573 5094 Moyses
1592 5021 1658 5076 de
1677 5018 1891 5073 Domini
1911 5030 2080 5085 opere
2097 5012 2196 5068 dn-

618 5106 811 5192 bitavit
837 5149 853 5197 ;
882 5137 938 5185 et
964 5126 1087 5198 quia
1112 5122 1255 5176 illius
1298 5114 1610 5172 irritatiouis
1646 5121 1809 5181 atque
1847 5106 2221 5165 dubitationis.

622 5243 733 5283 non
779 5222 880 5276 fuit
931 5197 1141 5287 aequale
1193 5215 1494 5281 peccatum,
1527 5203 1648 5258 ideo
1692 5207 1909 5257 sanctus
1962 5197 2196 5269 Moyses,

622 5314 865 5390 quamvis
893 5309 1053 5365 fuerit
1080 5319 1179 5376 pro
1208 5302 1287 5357 eis
1309 5304 1556 5358 vexatus,
1587 5309 1693 5349 non
1744 5301 1919 5346 tamen
1960 5304 2081 5343 cutn
2118 5287 2198 5341 eis

621 5420 821 5471 teterna
849 5402 1133 5478 punitione
1160 5396 1450 5449 damnatus
1474 5394 1576 5443 est.

691 5500 779 5556 ιι.
796 5467 868 5553 Et
887 5503 947 5550 ut
964 5488 1202 5546 breviter
1213 5479 1413 5552 aliquid
1433 5477 1595 5533 etiam
1619 5476 1671 5530 in
1688 5476 1805 5544 ipso
1826 5487 1925 5526 usu
1953 5467 2199 5522 attenda—

622 5609 740 5650 mus
763 5577 1192 5645 conversationis
1211 5575 1474 5632 humanm,
1526 5565 1668 5622 unde
1696 5561 1904 5617 facilius
1926 5572 2200 5615 sumamus

623 5683 950 5753 exemplum,
990 5674 1069 5729 sic
1112 5667 1437 5735 accipiamus
1489 5658 1882 5727 baptizatorum
1924 5649 2199 5705 hominum

622 5738 862 5842 animas,
897 5738 1040 5823 sicut
1076 5757 1329 5835 mulieres
1369 5747 1620 5815 coniugio
1648 5738 2111 5812 copulatas..Nam
2147 5745 2202 5792 et

627 5829 790 5940 ipsius
810 5829 1043 5927 coniugii
1072 5834 1324 5916 magnum
1349 5844 1739 5897 sacramentum
1763 5833 1815 5888 iu
1839 5830 2055 5886 Christo
2071 5829 2200 5885 etin

2340 1902 2432 1958 49..
2472 1902 2545 1955 De
2575 1901 2768 1954 talibus
2803 1899 2934 1952 dicit
2966 1895 3286 1966 Apostolus,
3330 1892 3455 1965 quia
3484 1906 3644 1960 neque
3678 1889 3849 1960 {orni-

2270 1994 2398 2047 carii
2419 2035 2437 2059 ,
2475 2008 2636 2063 neque
2673 1989 2828 2044 idolis
2868 1988 3176 2051 servientes,
3207 1998 3366 2054 neque
3403 1980 3653 2042 adulteri,
3685 1993 3852 2047 neque

2272 2085 2473 2146 molles,
2502 2098 2665 2154 neque
2703 2080 3048 2134 masculorum
3074 2076 3459 2135 concubitores,
3494 2087 3656 2141 neque
3686 2071 3849 2139 fures.

2274 2194 2433 2245 neque
2460 2176 2629 2238 avari,
2661 2190 2822 2243 neque
2844 2170 3054 2236 ebriosi,
3084 2184 3244 2237 neque
3274 2164 3548 2228 maledici,
3576 2177 3742 2230 neque
3766 2174 3853 2210 ra-

2273 2285 2444 2340 paces,
2468 2282 2681 2337 regnum
2712 2262 2810 2317 Dei
2836 2260 3169 2332 possidebunt
3196 2256 3254 2323 (1
3285 2256 3406 2310 Cor.
3439 2269 3525 2317 vt,
3547 2251 3598 2316 9,
3625 2251 3745 2320 10).
3779 2249 3857 2302 Do

2274 2339 2356 2414 his
2385 2368 2564 2413 autem
2592 2356 2683 2424 qui
2715 2356 2906 2408 leviter
2933 2357 3160 2420 peccant
3183 2348 3381 2402 dicitur
3419 2362 3432 2396 :
3478 2343 3682 2412 Septies
3711 2339 3853 2392 cadit

2263 2451 2455 2521 justus,
2489 2458 2537 2499 et
2560 2446 2781 2514 resurgit
2814 2442 3003 2513 (Prov.
3032 2456 3174 2503 xxrv,
3210 2437 3327 2504 l6).
3361 2435 3469 2487 Iste
3493 2432 3615 2485 talis
3642 2437 3699 2483 et
3729 2442 3855 2498 pee-

2271 2558 2396 2598 care
2435 2540 2656 2600 dicitur,
2705 2546 2760 2592 et
2805 2544 2984 2589 tamen
3025 2533 3199 2601 justus
3228 2527 3494 2582 veraciter
3520 2521 3845 2592 appellatur.

2276 2633 2395 2688 Non
2422 2631 2565 2686 enim
2590 2630 2668 2683 sic
2687 2627 2850 2685 cadit,
2875 2632 2934 2678 ut
2958 2624 3134 2690 justus
3156 2634 3276 2674 esse
3296 2617 3506 2671 desinat
3523 2653 3545 2676 ,
3568 2613 3694 2681 quia
3722 2609 3855 2664 scri-

2275 2732 2424 2795 ptum
2445 2731 2530 2776 est
2574 2738 2586 2772 :
2632 2717 2766 2770 Dum
2793 2715 3031 2769 ceciderit
3066 2713 3269 2782 justus,
3315 2723 3417 2760 non
3445 2700 3853 2764 conturbabitur,

2274 2794 2519 2886 quoniam
2548 2809 2800 2864 Dominus
2822 2805 3097 2874 conﬁrmat
3116 2814 3326 2854 manum
3344 2794 3646 2868 ejus.(Psal.
3673 2804 3860 2851 nam,

2277 2882 2399 2975 52i).
2429 2902 2596 2957 Adest
2617 2914 2746 2970 ergo
2775 2898 3035 2952 Dominus
3073 2893 3235 2949 etiam
3272 2889 3485 2946 cadenti
3515 2887 3698 2956 justo,
3736 2882 3859 2952 quia

2279 2974 2386 3052 non
2416 2994 2494 3049 sic
2522 2999 2743 3063 peccat,
2780 2996 2843 3043 ut
2880 2985 3140 3042 Dominus
3168 2982 3237 3036 ab
3276 2996 3343 3035 eo
3379 2978 3637 3034 discedat.
3687 2974 3861 3028 Habet

2280 3087 2423 3141 enim
2443 3079 2936 3153 concupiscentiam
2969 3091 3038 3130 ex
3058 3072 3369 3128 inﬁrmitate
3393 3068 3590 3132 carnis,
3609 3064 3707 3121 sed
3736 3080 3861 3120 con-

2205 3190 2247 3249 c
2279 3175 2618 3246 cupiscentiae
2666 3186 2772 3225 non
2817 3154 3121 3229 consentit,
3182 3160 3425 3217 ﬁrmatus
3453 3159 3649 3212 virtute
3677 3155 3863 3223 gratia)

2284 3266 2559 3338 spiritalis.
2608 3260 2727 3333 Ipsa
2756 3256 3192 3327 concupiscentia
3236 3260 3320 3307 est
3352 3252 3437 3305 lex
3465 3247 3671 3318 peccati
3700 3246 3863 3300 etiam

2285 3336 2338 3415 in
2362 3356 2618 3413 membris
2632 3353 2922 3409 constituta
2942 3356 3250 3403 sanctorum
3272 3362 3286 3410 ;
3311 3358 3341 3397 a
3362 3356 3466 3411 qua
3493 3350 3673 3393 tamen
3689 3336 3870 3405 justas

2284 3465 2412 3506 suos
2437 3448 2629 3502 liberat
2649 3442 2821 3512 gratia
2843 3441 2937 3495 Dei
2965 3453 3061 3509 per
3080 3424 3262 3491 Iesum
3291 3434 3559 3488 Christum
3579 3427 3869 3484 Dominum

2288 3552 2559 3600 nostrum:
2580 3538 2671 3607 qui
2694 3542 2980 3606 propterea
3003 3539 3210 3601 peccata
3238 3538 3417 3580 nos'ra
3444 3522 3655 3593 pertulit
3674 3522 3733 3573 in
3753 3534 3868 3572 cor-

2286 3650 2410 3706 pore
2436 3647 2528 3685 suo
2554 3644 2706 3698 super
2735 3626 2931 3695 lignum
2950 3662 2963 3683 ,
3016 3629 3068 3674 ut
3099 3637 3129 3672 a
3159 3617 3381 3689 peccatis
3406 3613 3600 3667 nostris
3642 3615 3870 3679 separatu

2288 3698 2400 3780 cum
2417 3722 2626 3793 justitia
2656 3718 2880 3772 vivamus
2904 3722 2917 3779 (
2940 3713 2965 3767 Ι
2991 3712 3135 3766 Ρειν.
3169 3726 3223 3774 ιι,
3247 3706 3370 3776 24).
3401 3707 3535 3759 Cum
3566 3716 3699 3770 ergo
3728 3698 3870 3754 cadit

2282 3788 2458 3889 justus
2478 3858 2493 3882 ,
2519 3813 2696 3867 debita
2726 3808 3032 3867 contrahit;
3074 3802 3167 3857 sed
3208 3800 3334 3854 talia
3380 3804 3505 3851 sunt
3532 3793 3715 3848 debita
3742 3788 3869 3860 justi

2286 3878 2404 3977 quae
2434 3878 2643 3975 possint
2685 3901 2737 3953 in
2768 3896 3081 3965 quotidiana
3112 3891 3359 3945 oratione
3387 3884 3612 3947 dimitti,
3655 3878 3871 3951 quando

2287 3970 2552 4051 veraciter
2580 3991 2711 4046 dicit
2742 4007 2754 4041 :
2792 3987 3002 4040 Dimitte
3044 3981 3190 4038 nobis
3222 3978 3395 4033 debita
3422 3983 3624 4040 nostra,
3665 3972 3799 4024 sicut
3823 3970 3869 4021 ‘ct

2292 4106 2385 4143 nos
2412 4085 2712 4139 dimittimus
2741 4075 3053 4133 debitoribus
3082 4073 3271 4127 nostris
3303 4066 3516 4142 (Matth.
3544 4078 3616 4129 vl,
3648 4061 3766 4128 12).

2361 4176 2447 4230 45.
2480 4174 2708 4229 Peccata
2739 4182 2869 4237 ergo
2891 4166 3157 4234 justortmt
3187 4167 3318 4215 sunt
3344 4173 3410 4212 ex
3441 4154 3770 4210 necessitate
3795 4151 3871 4205 in-

2292 4267 2587 4329 ﬁrmitatis;
2610 4270 2833 4334 peccata
2856 4258 3159 4327 iniquorum
3187 4258 3311 4307 sunt
3338 4264 3407 4303 ex
3427 4245 3731 4301 intentione
3750 4256 3867 4311 pes-

2291 4365 2439 4420 simae
2465 4352 2859 4428 voluntatisnln
2887 4350 2990 4404 illis
3015 4348 3093 4401 sic
3112 4342 3318 4416 peccati
3341 4338 3607 4410 reperitur
3628 4342 3868 4393 exortus.

2293 4463 2352 4511 ut
2373 4468 2479 4507 non
2509 4423 2867 4515 subsequatur
2886 4440 3128 4494 ell'eetus.
3171 4433 3307 4501 Quia
3334 4429 3437 4485 etsi
3465 4442 3563 4498 per
3591 4423 3870 4479 inlimita-

2295 4556 2403 4601 tem
2436 4539 2693 4600 nascitur,
2718 4549 2812 4604 per
2839 4531 2933 4585 Dei
2955 4528 3180 4597 gratiam
3205 4528 3507 4593 superatur.
3536 4517 3664 4571 Illos
3692 4522 3869 4568 autem

2291 4637 2476 4708 gratiae
2499 4634 2594 4706 (al.
2617 4629 2877 4697 congrue)
2903 4623 3140 4694 privatos
3168 4610 3371 4673 auitilio'
3400 4611 3703 4684 praecipitat
3733 4605 3869 4661 mala

2292 4696 2572 4790 voluntas,
2597 4736 2706 4792 quo
2732 4696 2962 4771 duxerit
3001 4724 3168 4782 prava
3209 4705 3497 4776 cupiditas.
3537 4699 3667 4755 ldeo
3706 4696 3871 4765 culpat

2293 4828 2601 4878 sanctorum
2618 4790 2847 4883 peccata
2879 4806 3128 4860 dicuntur
3155 4814 3303 4861 esse,
3335 4811 3444 4850 non
3472 4790 3699 4848 crimina
3732 4806 3747 4843 :
3779 4800 3871 4858 pro

2295 4911 2489 4983 quibus
2516 4907 2594 4963 sic
2619 4902 2984 4972 corripiuntur
3012 4911 3042 4950 a
3085 4901 3256 4964 patre,
3286 4897 3345 4943 ut
3373 4902 3478 4942 non
3509 4883 3871 4940 condemnen-

2301 4968 2390 5059 tur
2417 5017 2447 5057 a
2472 4997 2653 5071 judice
2685 5013 2698 5048 :
2726 4968 2845 5065 qua:
2875 4998 3049 5043 tamen
3081 4980 3350 5052 correptio
3375 4976 3607 5049 pertinet
3634 4971 3702 5027 ad
3736 4968 3871 5038 judi-

2303 5095 2466 5158 cium,
2499 5088 2593 5144 sed
2621 5094 2900 5157 paternum
2918 5121 2932 5146 ,
2961 5092 3069 5147 quo
3093 5076 3235 5128 Deus
3266 5071 3402 5125 ﬁlios
3428 5067 3593 5139 428
3620 5077 3752 5118 suos
3778 5058 3872 5113 mi-

2304 5149 2647 5241 sericorditer
2672 5171 2947 5244 etjudieat
2972 5176 3027 5222 et
3065 5163 3325 5233 ﬂagellat,
3357 5170 3415 5215 ut
3434 5172 3529 5213 eos
3557 5171 3585 5209 a
3611 5149 3872 5224 supplicio

2304 5279 2642 5350 sempiternae
2653 5264 3012 5325 damnationis
3023 5260 3236 5330 eripiat.
3254 5256 3366 5310 [Ioc
3380 5251 3571 5309 beatus
3584 5245 3871 5303 ostendens

2308 5335 2591 5441 apostolus
2621 5365 2696 5419 ait
2738 5380 2750 5412 :
2794 5359 2852 5415 Si
2882 5355 3217 5424 nosmetipsos
3241 5348 3609 5421 judicaremus,
3642 5357 3747 5395 non
3772 5335 3869 5391 uti-

2302 5432 2396 5534 que
2409 5458 2765 5532 judicaremur
2782 5469 2798 5515 ;
2822 5450 2940 5503 dum
2958 5444 3256 5517 judicamur
3270 5445 3459 5499 auum,
3480 5451 3512 5487 a
3526 5432 3751 5486 Domino
3763 5441 3871 5481 cor-

2302 5519 2540 5623 ripiatur,
2582 5555 2637 5600 ut
2660 5560 2763 5598 non
2792 5556 2906 5595 cum
2928 5538 3020 5591 hoc
3050 5533 3240 5588 mundo
3262 5529 3563 5583 domamur
3590 5519 3649 5591 (1
3663 5519 3781 5575 Cor.
3801 5530 3868 5575 SI.

2302 5611 2400 5708 51,
2423 5611 2548 5709 '52).
2583 5636 2697 5691 Hoc
2729 5633 2893 5688 etiam
2919 5629 3107 5689 beatus
3134 5621 3327 5676 Petrus
3354 5615 3617 5676 altirmat,
3648 5611 3866 5709 dicens“;

2306 5693 2566 5799 Euboici»:
2589 5737 2782 5796 tempus
2812 5718 3155 5776 inchoationis
3177 5711 3363 5786 judicii
3392 5723 3456 5761 ex
3485 5705 3638 5759 domo
3666 5700 3779 5799 Dei:
3812 5693 3867 5748 Si

2294 5832 2423 5894 ergo
2452 5822 2654 5876 initium
2684 5828 2715 5870 α
2743 5813 2907 5879 nobis,
2939 5810 3050 5882 quis
3070 5806 3192 5878 ﬁnis
3220 5818 3392 5859 eorum
3414 5799 3499 5872 qui
3529 5812 3638 5853 non
3663 5788 3882 5847 credunt
