4108 6466
266 315 369 377 £97

1187 306 1273 362 DE
1314 297 1820 359 lNCARNATlONE
1859 296 2012 354 FlLll
2053 297 2162 354 DEI
2194 296 2388 352 LIBER
2433 297 2630 354 υΝυε.

3437 296 3555 353 b98-

269 432 371 488 Dei
385 426 704 498 Evangelia?
728 425 793 480 Et
817 427 863 480 si
885 426 1059 496 justus
1080 423 1282 492 quidem
1311 421 1394 474 vix
1416 416 1718 480 satvabitur,
1749 429 1860 482 pec-
1887 413 1937 474 Α
1963 413 2082 468 ideo
2113 413 2551 484 praevaricatores
2576 413 2789 481 fecisse,
2839 415 2962 484 quia
2993 415 3132 470 Deus
3161 415 3401 484 permisit
3425 431 3439 476 ;
3469 414 3547 468 ci-

267 528 420 575 cator
443 526 493 572 et
520 517 708 587 impius
733 515 798 570 ub
839 513 1088 587 parebunt
1119 512 1214 583 (al.
1245 510 1466 583 parebit)
1507 507 1572 578 (I
1604 507 1748 561 Petr.
1780 521 1849 569 tv,

267 609 363 677 17,
387 607 507 678 i8)?

342 695 640 753 “.Nullus
671 709 800 764 ergo
826 694 998 750 ﬁdelis
1027 709 1089 748 ac
1113 693 1329 761 sapiens
1358 698 1664 744 sanctorum
1697 685 1852 739 ﬁdem

270 771 423 844 dicat
440 785 726 846 inﬁrmam,
767 785 812 838 si
843 782 1056 852 quando
1095 783 1173 835 cis
1204 781 1254 834 iu
1279 779 1436 846 hujus
1467 779 1586 832 vitae
1616 786 1856 844 tempore

267 879 562 947 cujuslibet
607 873 951 931 universitatis
995 874 1190 928 viderit
1226 872 1484 928 accidisse
1528 869 1850 923 molestiam.

273 969 650 1028 Cnmmuniter
675 970 817 1022 enim
857 968 1105 1024 accidunt
1146 965 1389 1020 fidelibus
1429 972 1486 1018 et
1531 960 1854 1022 inﬁdelibus,

273 1061 437 1118 bonis
465 1069 520 1114 et
548 1061 731 1121 malis,
779 1059 1078 1128 corporalis
1117 1057 1319 1112 sanitas
1347 1065 1507 1122 atque
1539 1051 1856 1112 inﬁrmitas;

275 1160 336 1206 ct
362 1149 484 1206 ideo
507 1149 864 1205 communiter
893 1155 1147 1215 utrosque
1188 1145 1358 1212 tangit
1397 1156 1670 1211 corporea:
1713 1140 1863 1193 inlir-

278 1239 482 1294 mitatis
521 1237 815 1291 adversitas
843 1279 859 1302 ,
921 1237 1047 1304 quia
1097 1248 1477 1302 nonnunquam
1506 1231 1864 1285 communiter

280 1329 524 1398 utrisque
554 1326 923 1396 tcmporaliter
943 1326 1175 1392 donatur
1203 1332 1259 1378 et
1297 1322 1517 1376 sanitas.
1560 1318 1695 1376 Justi
1721 1320 1861 1374 enim
1890 1322 1892 1324 ’

281 1417 352 1472 ab
373 1417 570 1486 iniquis
592 1432 696 1470 non
727 1416 984 1485 qualitate
1005 1412 1396 1482 corporea,scd
1422 1410 1528 1465 ﬁde
1553 1411 1865 1465 discernun-

282 1517 374 1562 tur
388 1514 442 1560 ct
465 1506 588 1560 vita.
616 1505 782 1558 Simul
803 1518 932 1572 ergo
955 1502 1228 1557 molestias
1251 1511 1305 1557 ct
1334 1501 1571 1571 pericula
1594 1501 1716 1554 vita:
1740 1515 1869 1568 pra:-

280 1594 450 1649 sentis
471 1593 824 1662 corporaliter
845 1593 1093 1654 tolerant,
1121 1607 1254 1660 quas
1279 1601 1456 1644 tamen
1481 1591 1688 1644 diversa
1713 1604 1866 1658 pror-

285 1701 381 1742 sus
405 1685 700 1742 intentione
723 1693 1064 1754 supportaut.
1090 1683 1214 1737 ideo
1235 1696 1413 1737 autem
1445 1683 1497 1736 in
1527 1682 1683 1736 malis
1711 1681 1868 1749 hujus

1955 504 2144 572 niphes
2161 511 2359 568 autem,
2376 503 2424 557 id
2448 511 2532 558 est
2555 519 2786 570 muscas,
2819 505 2939 560 ideo
2964 505 3262 560 facerenon
3286 503 3548 574 potuisse,

1955 592 2078 661 quia
2112 591 2250 648 Deus
2278 607 2383 646 non
2415 594 2701 662 permisit?
2906 593 2911 598 ’

2029 681 2118 735 46.
2159 683 2458 751 Aliquando
2492 693 2672 739 autem
2702 685 2914 740 occulto
2941 693 2996 739 et
3025 683 3550 754 incomprehensibili

1958 773 2162 843 judicio
2195 772 2288 826 Dei
2318 774 2701 841 permittuntur
2722 775 2966 844 quaedam
2992 774 3169 830 facere
3198 773 3325 828 mali
3351 773 3549 842 angeli,

1946 863 2026 916 'ad
2077 862 2385 931 probandos
2428 863 2600 917 bonos
2628 873 2679 917 et
2709 865 2774 918 ad
2805 862 3143 918 seduecndos
3173 863 3347 917 malos
3375 880 3390 926 ;
3440 877 3553 918 non

1960 963 2137 1007 tamen
2170 953 2266 1021 ipsi
2295 963 2480 1007 creant
2509 969 2628 1022 qua:
2651 956 2872 1017 faciunt,
2905 954 2999 1008 sed
3027 955 3093 1008 de
3136 953 3353 1009 occulto
3373 950 3544 1008 Crea-

1964 1045 2095 1098 toris
2123 1043 2216 1096 Dei
2245 1044 2383 1107 sinu,
2415 1059 2572 1112 quem
2609 1060 2706 1099 nos
2733 1044 2916 1098 videre
2943 1061 3047 1099 non
3077 1059 3380 1114 possumus,
3413 1058 3541 1113 per-

1964 1135 2248 1188 mittuntur
2283 1134 2480 1202 aliquid
2512 1134 2809 1204 producere
2864 1135 3010 1204 quod
3040 1135 3226 1188 videre
3262 1133 3549 1209 possimus.

1965 1224 2056 1280 Sic
2101 1235 2281 1279 autem
2341 1240 2442 1280 nec
2486 1235 2802 1295 serpentum
2855 1242 2955 1282 nec
3003 1241 3256 1280 ranarum
3306 1224 3553 1282 diabolus

1968 1318 2143 1386 potuit
2190 1331 2311 1372 esse
2360 1325 2596 1384 creator,
2641 1319 2885 1386 quamvis
2933 1333 2997 1372 ea
3043 1317 3153 1372 Deo
3203 1318 3554 1387 permittente

1970 1408 2329 1478 produxerit;
2384 1410 2525 1464 sicut
2556 1411 2654 1477 (al.
2705 1410 2806 1480 sic)
2850 1409 3086 1465 nonfuit
3137 1419 3355 1464 creator
3395 1410 3553 1477 ignis,

1969 1499 2185 1568 quando
2214 1499 2280 1553 ad
2311 1499 2643 1570 probandum
2666 1499 2785 1566 Job,
2811 1516 2942 1557 oves
2966 1501 3082 1570 ejus
3106 1515 3232 1572 cun;
3250 1500 3554 1569 pastoribus

1970 1590 2092 1659 igne
2120 1591 2186 1644 de
2215 1591 2352 1646 cmlo
2381 1591 2606 1646 cadente
2653 1592 2984 1661 consumpsit
3014 1590 3133 1662 (Job
3165 1608 3200 1654 ι,
3236 1591 3324 1658 16)
3351 1609 3365 1656 ;
3405 1593 3557 1646 sicut

1973 1695 2075 1735 nec
2117 1681 2264 1734 venti
2318 1680 2418 1735 fuit
2445 1690 2679 1748 creator,
2729 1681 2946 1750 quando
2983 1681 3203 1752 spiritus
3232 1695 3456 1750 magnus
3485 1682 3556 1736 ir-

283 1779 408 1834 vita:
448 1791 555 1830 non
601 1775 880 1844 (equaliter
907 1784 1146 1843 gemunt,
1179 1775 1302 1844 quia
1351 1773 1493 1827 bona
1549 1774 1670 1826 vitm
1712 1772 1869 1840 hujus
1901 1786 1945 1845 Β
1973 1788 2135 1827 ruens
2164 1789 2193 1826 a
2223 1772 2438 1828 deserto
2489 1775 2665 1842 tetigit
2693 1782 2929 1842 quatuor
2971 1773 3198 1844 angulos
3238 1773 3450 1838 domus,
3501 1783 3558 1828 et

285 1885 394 1926 non
423 1867 702 1938 mqualiler
729 1867 975 1935 diligunt.
1021 1865 1191 1933 Iniqui
1239 1865 1381 1918 enim
1423 1864 1489 1917 ad
1537 1864 1641 1919 hoc
1682 1864 1870 1917 volunt

286 1957 450 2014 vitam
481 1964 796 2025 praesentem
826 1956 942 2009 sine
973 1955 1234 2010 molestiis
1263 1955 1460 2008 habere
1505 1954 1866 2022 tranquillam,

292 2057 354 2103 ut
381 2047 538 2103 bonis
559 2046 774 2102 caducis
795 2036 1284 2115 temporalibusquc
1305 2061 1412 2098 non
1451 2053 1669 2099 careant
1701 2062 1714 2096 :
1739 2044 1870 2111 justi

290 2146 469 2192 autem
501 2135 622 2190 ideo
652 2134 890 2204 pericula
915 2144 970 2187 et
991 2135 1264 2190 molestias
1293 2135 1414 2188 vitae
1437 2135 1712 2203 praesentis
1741 2134 1870 2190 ode-

291 2233 434 2288 runt,
465 2233 524 2278 ut
554 2223 716 2278 Deum
749 2225 908 2294 (forte
940 2223 1072 2291 Deo)
1094 2264 1108 2287 ,
1131 2239 1291 2292 quem
1313 2223 1558 2292 diligunt,
1591 2226 1871 2293 perfruan-

256 2338 259 2340 ·
291 2325 378 2371 tur
409 2333 423 2369 :
457 2317 507 2369 in
531 2315 647 2384 ipso
673 2322 989 2384 appetentes
1018 2316 1257 2383 requiem
1281 2330 1482 2378 veram,
1507 2315 1558 2368 in
1576 2330 1684 2384 quo
1719 2315 1870 2370 babi-

292 2403 399 2458 turi
412 2411 534 2457 sunt
548 2403 931 2458 beatitudinem
946 2405 1351 2472 sempiternam.
1371 2403 1598 2459 Proinde
1620 2421 1720 2460 nec
1731 2407 1870 2461 bona

291 2493 608 2563 temporalia
631 2495 888 2562 diligunt,
917 2509 1035 2563 qua:
1061 2496 1218 2550 citius
1241 2496 1479 2551 desitura
1505 2509 1868 2566 cognoscunt;

294 2592 350 2638 et
377 2581 448 2636 ob
478 2583 652 2638 hocin
683 2599 782 2638 usu
812 2599 996 2639 eorum
1025 2601 1133 2640 non
1163 2595 1422 2656 appetunt
1448 2586 1590 2642 unde
1612 2590 1874 2658 cupiditas

297 2675 608 2745 expleatur,
639 2677 734 2731 sed
759 2677 900 2732 unde
929 2677 1199 2733 reﬁciatur
1226 2681 1421 2734 caritas
1465 2689 1520 2735 ct
1545 2691 1876 2736 sustentetur

295 2776 336 2826 ιο
354 2765 614 2831 nrmitas;
643 2781 746 2821 nec
762 2781 827 2820 ex
853 2767 931 2821 eis
957 2775 1210 2837 tanquam
1235 2783 1302 2822 ex
1330 2768 1624 2825 domestica
1647 2771 1878 2827 delecta-

312 2872 446 2913 aone
472 2857 744 2926 gaudium,
775 2857 869 2914 sed
893 2867 1146 2928 tanquam
1172 2875 1241 2914 ex
1273 2861 1464 2915 viatica
1486 2863 1878 2919 sustentatione

296 2947 595 3002 modestum
622 2957 868 3017 quaarunt
897 2964 994 3018 pro
1021 2963 1200 3004 rerum
1229 2950 1322 3020 (al.
1357 2951 1595 3020 reorum)
1621 2963 1879 3022 opportu-

305 3040 474 3093 nitate
499 3038 771 3094 solatium.

1973 1880 2163 1920 omnes
2193 1864 2330 1919 ﬁlios
2357 1867 2528 1920 sancti
2556 1863 2657 1920 Job
2685 1882 2789 1920 una
2820 1865 2980 1921 simul
3010 1867 3164 1920 ruina
3210 1867 3556 1936 compressit.

1973 1954 2204 2009 Naturae
2225 1969 2353 2022 ergo
2375 1957 2636 2019 diversas,
2661 1957 2766 2011 hoc
2787 1965 2868 2011 est
2893 1957 3160 2010 elementa
3175 1957 3332 2025 hujus
3347 1957 3558 2024 mundi,

1969 2046 2123 2100 solus
2153 2045 2292 2100 Deus
2323 2047 2666 2116 omnipotens
2707 2049 2950 2111 creavit;
2995 2048 3046 2101 in
3087 2063 3316 2116 quorum
3347 2058 3563 2103 secreto

1969 2145 2024 2190 ct
2047 2136 2230 2190 abdito
2259 2136 2504 2206 quietiam
2533 2152 2712 2192 rerum
2741 2138 2945 2191 semina
2978 2137 3134 2191 nobis
3181 2139 3416 2204 occulta,
3465 2139 3561 2194 sed

1976 2226 2182 2294 angelis
2209 2227 2516 2295 manifesta,
2564 2227 2838 2282 constituit
2874 2245 2886 2280 :
2937 2241 3004 2282 ex
3051 2227 3247 2296 quibus
3292 2228 3559 2297 quaedam,

1971 2327 2129 2388 prout
2141 2319 2516 2386 opportunitas
2533 2319 2712 2388 operis
2727 2318 2969 2388 deposcit
2987 2327 3043 2372 et
3061 2320 3336 2388 temporis,
3351 2319 3563 2374 occulto

1971 2403 2249 2473 sapientia:
2272 2419 2382 2458 sua:
2410 2405 2658 2468 consilio,
2690 2412 2782 2458 aut
2823 2419 2919 2474 per
2943 2404 3116 2458 bonos
3145 2405 3368 2473 angelos
3415 2404 3560 2459 Deus

1975 2495 2199 2565 produci
2232 2495 2490 2566 prmcipit,
2548 2503 2642 2550 aut
2668 2511 2768 2564 per
2795 2495 2966 2549 malos
3010 2495 3222 2550 ostendi
3269 2496 3562 2566 permittit.

1973 2584 2081 2639 Ista
2121 2585 2350 2655 (al.1ta)
2403 2595 2581 2640 autem
2630 2585 2994 2654 permittendo
3036 2584 3374 2642 demonstrat
3427 2587 3569 2642 Deus

1974 2685 2232 2744 quantam
2286 2677 2488 2732 sanctis
2538 2677 2745 2744 angelis
2804 2676 2991 2732 fecerit
3061 2679 3239 2735 inesse
3288 2681 3575 2746 virtutem,

1976 2764 2193 2834 quando
2224 2764 2386 2818 etiam
2416 2765 2572 2819 malis
2599 2781 2666 2819 ex
2691 2767 2806 2835 ipsa
2837 2777 3086 2822 creatura
3116 2770 3387 2838 corporali
3422 2785 3567 2839 qua:-

1977 2855 2101 2911 dam
2128 2856 2264 2909 mira
2295 2855 2523 2910 faciendi
2555 2857 2741 2930 tribuit
2770 2855 3103 2914 facultatem.
3145 2858 3275 2914 inde
3316 2867 3399 2914 est
3425 2861 3586 2930 quod“.

1976 2946 2140 3000 etiam
2187 2944 2436 3000 Salvator
2484 2927 2670 3000 noster
2725 2961 2854 3000 suos
2886 2945 3070 3002 ﬁdeles
3099 2964 3435 3018 praemonere
3463 2965 3572 3005 non

1979 3033 2211 3100 desistit,
2237 3034 2459 3089 dicens:
2495 3034 2722 3105 Surgent
2763 3037 2901 3090 enim
2953 3039 3326 3107 pseudoclu'isti
3351 3049 3400 3092 et
3418 3055 3574 3109 pseu-

370 3128 458 3184 45.
505 3129 573 3184 Et
613 3132 736 3200 quia
775 3132 843 3186 de
889 3133 1029 3187 illius
1060 3149 1200 3188 nunc
1238 3135 1503 3188 sententia
1544 3134 1880 3204 disputamus
1911 3145 1954 3204 ρ
1987 3125 2342 3196 doprOphetw,
2371 3135 2420 3179 et
2450 3125 2644 3178 dabunt
2665 3127 2816 3197 signa
2841 3143 3033 3198 magna
3063 3139 3112 3182 et
3137 3130 3396 3200 prodigia,
3425 3132 3582 3184 itaut

302 3223 394 3290 qui
422 3238 634 3278 muscas
666 3233 721 3278 et
755 3225 1091 3294 scorpiones,
1124 3225 1326 3295 pulices
1360 3235 1415 3280 et
1443 3227 1680 3294 cimices,
1712 3241 1742 3280 a
1765 3226 1878 3282 Deo

307 3313 542 3380 potuisse
573 3314 686 3368 ﬁeri
716 3331 821 3369 non
851 3315 1054 3381 credit,
1101 3316 1204 3372 hoc
1232 3332 1448 3386 quoque
1479 3317 1886 3386 prmcavendum

308 3412 410 3466 est,
454 3419 524 3458 ne
555 3404 697 3459 hunc
737 3420 952 3459 sensum
981 3407 1244 3462 cathol;ca
1275 3405 1376 3462 ﬁde
1405 3409 1726 3464 omnimodis
1754 3409 1886 3464 alie-

309 3508 457 3558 num,
482 3509 587 3546 non
618 3509 682 3547 ex
705 3493 1120 3550 Manicbmorum
1144 3512 1347 3558 errore,
1376 3497 1467 3552 sed
1491 3513 1559 3551 ex
1589 3499 1886 3553 divinarum

306 3582 703 3651 Scripturarum
734 3586 966 3641 lectione
991 3589 1322 3656 conceperit.
1351 3588 1592 3643 Boua’est
1613 3591 1754 3643 enim
1781 3591 1884 3654 (ex,

304 3676 346 3727 si
373 3675 488 3745 quis
507 3691 568 3728 ea
589 3675 814 3746 legitime
832 3687 1006 3730 utatur
1033 3678 1086 3746 (1
1113 3679 1245 3732 Tim.
1271 3696 1306 3740 ι.
1337 3680 1415 3747 8).
1449 3679 1541 3734 ille
1571 3691 1749 3736 autem
1774 3683 1888 3750 lege

307 3779 411 3818 non
439 3765 676 3832 legitime
702 3766 870 3820 utitur
896 3768 989 3836 qui
1009 3768 1076 3822 de
1105 3769 1282 3822 verbis
1311 3768 1444 3838 legis
1465 3785 1572 3824 non
1600 3771 1702 3826 hoc
1725 3773 1890 3826 sentit

307 3854 446 3924 quod
469 3863 685 3924 oportet
715 3863 772 3910 ut
801 3858 1019 3911 sentiat.
1052 3857 1167 3913 Hoc
1199 3859 1321 3913 ideo
1349 3859 1479 3924 dixi,
1505 3861 1630 3929 quia
1661 3862 1889 3930 legimus

303 3950 358 4007 in
382 3947 567 4004 Exodo
591 3949 746 4021 (Cap.
771 3967 864 4018 vu,
888 3951 982 4022 10)
1009 3953 1209 4021 virgam
1233 3953 1430 4024 Moysis
1450 3969 1608 4023 quam
1640 3957 1892 4025 portabat

304 4040 481 4096 Aaron
522 4042 573 4096 in
614 4051 918 4106 serpentem
953 4043 1132 4098 divina
1171 4045 1486 4114 operatione
1530 4061 1886 4109 conversam;

307 4129 398 4186 ubi
425 4129 622 4185 dicitur
653 4131 838 4197 (Ibid.,
874 4132 962 4205 12)
991 4135 1152 4208 etiam
1185 4149 1370 4203 magos
1399 4134 1722 4200 Pharaonis,
1754 4152 1890 4204 quos

309 4221 550 4276 Jamuem
579 4232 634 4278 et
659 4224 950 4280 Mambrem
976 4225 1266 4295 Apostolus
1301 4235 1494 4293 vocat,
1523 4225 1712 4282 fecisse
1737 4228 1888 4282 simi-

311 4310 434 4366 liter
453 4320 508 4364 ut
530 4313 687 4380 virga:
712 4329 898 4388 eorum
930 4317 982 4367 in
1013 4325 1291 4384 serpentes
1322 4317 1544 4384 magicis
1566 4317 1889 4372 incantatio-

217 4479 220 4482 .
311 4401 473 4460 nibus
489 4411 824 4458 verterentur
847 4403 938 4472 (II
970 4404 1102 4459 Tim.
1137 4423 1212 4467 Ill,
1237 4406 1314 4475 8).
1345 4407 1676 4462 Deindecum
1709 4409 1886 4464 Aaron

1985 3221 2039 3271 in
2077 3233 2304 3270 errorem
2350 3217 2665 3279 inducantur
2709 3217 2774 3288 (si
2823 3217 2939 3287 ﬁeri
2987 3221 3178 3288 potest)
3229 3222 3386 3274 etiam
3429 3223 3575 3275 electi

1989 3310 2182 3381 (Marc.
2217 3328 2328 3373 xm,
2360 3307 2474 3379 22).
2515 3311 2648 3364 Nam
2691 3319 2746 3364 et
2773 3310 2965 3366 beatus
3011 3312 3307 3381 Apostolus
3335 3313 3402 3368 de
3431 3313 3574 3369 Anti-

1987 3404 2190 3459 christo
2237 3403 2465 3472 loquens
2507 3403 2621 3456 ait:
2675 3401 3003 3456 Revelabitur
3044 3405 3134 3458 ille
3180 3406 3384 3476 iniquus
3429 3423 3576 3478 quem

1987 3497 2242 3551 Dominus
2285 3506 2460 3550 noster
2483 3495 2636 3548 Jesus
2669 3494 2904 3549 Christus
2933 3496 3211 3564 interﬁciet
3242 3497 3429 3566 spiritu
3468 3499 3576 3572 oris

1988 3590 2090 3655 sui,
2119 3598 2168 3641 et
2209 3587 2433 3641 destruet
2463 3587 2814 3640 illustratione
2842 3587 3092 3642 adventus
3140 3589 3220 3640 sui
3247 3605 3264 3640 :
3315 3588 3463 3659 cujus
3505 3599 3578 3642 est

1989 3681 2239 3733 adventus
2267 3678 2548 3732 secundum
2571 3679 2924 3746 operationem
2953 3680 3192 3743 Satanag,
3221 3681 3273 3732 in
3307 3681 3449 3734 omni
3479 3681 3580 3734 eir-

1990 3779 2116 3834 tute,
2138 3780 2186 3822 et
2215 3770 2380 3840 signis
2414 3778 2464 3821 et
2493 3769 2748 3840 prodigiis
2777 3769 3132 3834 mendacibus,
3165 3777 3212 3821 ct
3242 3770 3295 3822 in
3338 3770 3476 3822 omni
3504 3787 3581 3824 se—

1990 3859 2230 3913 ductione
2254 3857 2562 3924 iniquitatis,
2587 3857 2666 3911 Itis
2696 3859 2780 3926 qui
2802 3868 3039 3928 pereunt,
3073 3875 3132 3910 eo
3155 3858 3289 3926 quod
3313 3859 3582 3914 caritatem

1991 3949 2218 4003 ueritatis
2249 3965 2352 4004 non
2398 3958 2698 4018 receperunt
2736 3957 2791 4000 ut
2836 3948 2962 4000 salvi
3004 3949 3208 4017 ﬁerent.
3256 3946 3384 4000 Ideo
3415 3949 3581 4002 mittet

1993 4040 2097 4094 iliis
2129 4036 2268 4092 Deus
2299 4038 2647 4106 operationem
2677 4038 2890 4100 erroris,
2934 4046 2989 4089 ut
3018 4037 3234 4089 credant
3278 4037 3573 4101 mendacio,

1991 4143 2040 4185 et
2058 4130 2360 4202 judicentur
2380 4144 2555 4182 omnes
2582 4130 2669 4199 qui
2696 4144 2800 4182 non
2849 4127 3180 4181 crediderunt
3214 4126 3305 4196 (al.
3341 4128 3578 4197 credunt)

1992 4221 2214 4284 veritati,
2262 4220 2353 4275 sed
2396 4230 2762 4274 consenserunt
2803 4220 3065 4291 iniquitati
3123 4217 3214 4287 (II
3250 4219 3428 4274 Thess.
3465 4236 3523 4286 tt,
3555 4219 3587 4274 8

1992 4322 2041 4365 et
2073 4314 2228 4383 θεῷ),

2062 4402 2151 4457 47.
2195 4401 2288 4456 His
2307 4409 2470 4471 atque
2499 4399 2804 4469 hujusmodi
2835 4399 3172 4456 testimoniis
3195 4411 3588 4466 cognoscemus

311 4506 478 4560 aquas
500 4493 728 4547 ﬁuminis
745 4503 1488 4563 percuteret,etverterentur
1511 4499 1562 4552 in
1579 4499 1888 4566 sanguinem
1918 4509 1970 4569 Ῑ)
1994 4509 2182 4551 omnes
2209 4502 2432 4549 naturas
2461 4507 2626 4562 opere
2655 4491 2834 4546 divino
2875 4502 3111 4553 creatas,
3162 4501 3216 4546 et
3246 4506 3314 4545 ex
3343 4479 3588 4560 quocun-

312 4581 506 4652 (Exod.
531 4601 622 4648 vn,
645 4584 757 4650 '20),
789 4586 951 4640 etiam
983 4587 1194 4642 illorum
1227 4590 1681 4644 incantationibus
1709 4592 1892 4645 simili-

311 4680 395 4726 ter
448 4671 648 4730 factum
695 4689 850 4728 sacra
893 4675 1168 4745 Scriptura
1226 4678 1614 4733 commemorat
1675 4681 1888 4751 (lbid..

311 4761 419 4834 22).
452 4763 801 4820 Postmodum
840 4781 1057 4835 quoque
1085 4785 1204 4822 cum
1235 4772 1502 4838 percussis
1531 4773 1682 4840 aquis
1712 4773 1891 4830 Aaron

311 4869 468 4908 ranas
503 4855 767 4910 .educeret
790 4896 805 4920 ,
837 4871 957 4924 qua:
1009 4864 1207 4910 terram
1239 4857 1456 4929 Egypti
1487 4862 1730 4930 protinus
1761 4878 1892 4932 ope-

311 4942 516 5006 rirent;
552 4944 628 4998 illi
671 4961 886 5016 quoque
932 4948 1160 5002 maleﬁci
1206 4949 1448 5003 nefandis
1494 4953 1698 5006 artibus
1733 4954 1888 5008 obni-

310 5033 543 5088 tentibus
593 5033 786 5088 similia
818 5035 1007 5091 fecisse
1037 5045 1322 5090 narrantur
1352 5037 1549 5105 (Exod.
1585 5057 1706 5104 vni,
1733 5041 1785 5107 6,
1811 5043 1890 5112 7).

311 5119 418 5176 Sed
439 5131 723 5192 postquam
745 5134 966 5180 ventum
995 5135 1078 5180 est
1101 5135 1157 5180 ut
1187 5142 1436 5195 percussa
1461 5137 1604 5184 terra
1629 5132 1895 5200 produce-

311 5221 498 5268 rentur
519 5215 1080 5284 cinipbcs(lbid.,17,
1115 5216 1225 5287 l8),
1257 5217 1383 5271 nihil
1415 5219 1520 5274 tale
1536 5222 1712 5290 potuit
1735 5225 1896 5291 magi-

312 5316 388 5357 cas
413 5304 546 5358 artis
575 5305 792 5374 operari
817 5306 1074 5374 nequitia.
1113 5305 1210 5362 Ubi
1229 5308 1460 5378 primum
1490 5309 1591 5364 iste
1620 5311 1711 5378 qui
1743 5328 1890 5368 mus-

311 5407 402 5448 cas
438 5408 469 5447 a
507 5393 724 5450 diabolo
761 5395 930 5451 factas
975 5398 1184 5462 asserit,
1237 5399 1550 5454 mendacem
1580 5415 1639 5454 se
1661 5417 1780 5455 esse
1807 5418 1898 5458 co-

311 5490 536 5550 gnoscat
565 5521 581 5548 ,
631 5483 1065 5554 quandoquidem
1111 5486 1355 5542 diabolus
1403 5497 1459 5542 et
1510 5490 1685 5558 angeli
1733 5491 1899 5564 429

314 5570 457 5640 ejus,
486 5572 696 5628 etiamsi
726 5574 830 5630 alia
853 5573 1029 5631 facere
1061 5579 1305 5646 permissi
1330 5588 1477 5646 sunt,
1507 5579 1560 5635 in
1591 5597 1894 5639 muscarum

315 5667 495 5716 tamen
525 5677 689 5732 opere
717 5661 1047 5720 defecerunt.
1103 5660 1203 5723 Ubi
1247 5671 1368 5745 quis
1415 5685 1522 5723 non
1570 5671 1746 5726 videat
1783 5675 1895 5730 sive

315 5759 592 5812 serpentes
621 5767 687 5808 ex
717 5753 895 5816 virgis.
947 5754 1059 5811 sive
1099 5771 1261 5827 ranas
1309 5757 1598 5828 productas
1629 5774 1694 5816 ex
1745 5763 1896 5824 acuis

1997 4603 2103 4658 que
2131 4601 2408 4650 nocemur,
2456 4600 2564 4638 non
2593 4593 2785 4638 natura
2830 4586 3030 4638 malum
3071 4584 3273 4637 debere
3319 4583 3449 4645 dici,
3495 4584 3589 4638 sed

1999 4678 2154 4733 nobis
2193 4683 2416 4745 propter
2469 4674 2838 4726 inﬁrmitatem
2907 4673 3291 4728 inconveniens
3339 4672 3586 4726 inveniri.

2001 4765 2080 4820 Ex
2110 4781 2218 4834 quo
2263 4774 2441 4816 tamen
2474 4762 2630 4816 nobis
2660 4763 2994 4817 conveniens
3023 4763 3307 4818 adhibetur
3333 4764 3588 4822 monitus,

1999 4865 2058 4908 ut
2080 4852 2268 4907 humili
2292 4851 2456 4906 corde
2477 4850 2667 4904 divina:
2690 4851 2909 4906 virtutis
2926 4850 3191 4918 justitiam
3216 4851 3589 4907 formidamus.

1998 4945 2320 5000 Naturarum
2346 4958 2494 5006 vero,
2523 4959 2628 4997 non
2647 4943 2820 4999 solum
2847 4945 3038 5007 malos,
3063 4946 3157 4999 sed
3180 4962 3279 4999 nec
3296 4946 3468 4999 bonos
3491 4960 3590 4996 an-

1997 5036 2151 5104 gelos
2197 5048 2316 5088 esse
2345 5043 2639 5101 creatorcs,
2692 5035 2977 5104 quisquam
3021 5036 3238 5104 sapiens
3283 5044 3376 5089 aut
3421 5036 3590 5090 credit

1999 5133 2094 5178 aut
2111 5123 2261 5179 dicit.
2313 5122 2454 5177 Deus
2478 5124 2643 5186 enim,
2681 5125 2822 5180 sicut
2849 5124 3098 5193 superius
3122 5125 3379 5190 diximus,
3411 5127 3591 5180 omnia

2000 5215 2054 5269 in
2083 5213 2347 5282 sapientia
2378 5212 2524 5279 fecit,
2567 5229 2688 5283 qua:
2716 5210 2982 5306 sapientia
3011 5216 3218 5284 attingit
3249 5231 3279 5267 a
3307 5216 3413 5285 [me
3436 5232 3590 5287 usque

1999 5307 2069 5361 ad
2093 5307 2250 5376 ﬁnem
2280 5307 2502 5376 fortiter,
2539 5315 2587 5359 et
2611 5307 2837 5376 disponit
2858 5307 3032 5360 omnia
3051 5307 3276 5360 suaviter
3300 5307 3454 5378 (ευρ.
3481 5323 3590 5372 vttl,

2003 5398 2080 5468 i).
2110 5397 2237 5452 Ideo
2265 5407 2447 5451 autem
2493 5399 2673 5452 omnia
2703 5399 2964 5468 disponit,
3024 5399 3152 5466 quia
3202 5400 3257 5453 in
3288 5400 3401 5470 ipsa
3434 5399 3592 5455 Pater

1999 5490 2176 5545 omnia
2211 5488 2355 5544 fecit.
2398 5489 2548 5544 Sicut
2588 5503 2720 5556 ergo
2758 5492 2810 5545 in
2847 5491 3113 5560 sapientia
3140 5489 3281 5546 Deus
3309 5493 3514 5547 creavit
3539 5494 3592 5548 in

2002 5583 2154 5639 cmlis
2177 5581 2420 5650 angelos,
2452 5580 2603 5634 sicin
2627 5581 2740 5651 ipsa
2762 5583 2966 5636 creavit
2999 5584 3052 5637 in
3079 5595 3218 5638 terra
3241 5584 3590 5652 vermiculos;

2000 5685 2055 5730 et
2083 5673 2174 5744 qui
2204 5673 2257 5728 in
2288 5673 2658 5742 superioribus
2691 5671 2955 5740 Thronos,
2986 5675 3408 5742 Dominationes,
3442 5675 3595 5732 Prin-

2003 5766 2212 5820 cioatus
2254 5771 2317 5822 et
2347 5761 2648 5818 l’otestates
2690 5763 2949 5832 condidit,
2983 5767 3094 5835 ipse
3116 5768 3166 5822 in
3195 5775 3337 5822 terra
3363 5770 3598 5840 scorpio-
