4108 6466
582 352 684 409 599

1609 353 1664 408 S.
1708 351 2068 408 FULGENTII
2109 347 2406 405 EPISCOPI
2451 348 2819 404 RUSI'ENSIS

3747 347 3861 403 ﬁt!)

580 457 712 536 nes,
745 469 949 541 pelices
970 487 1022 526 et
1047 483 1265 525 eumees
1300 469 1440 523 fecit.
1474 468 1575 534 Qui
1605 469 1810 522 creavit
1849 466 2010 537 530
2037 465 2154 531 gal-
2191 469 2233 526 Α
2260 463 2453 517 dicitur
2495 464 2546 516 in
2578 463 2714 518 libro
2747 464 2838 533 (al.
2879 462 3048 532 libris)
3074 463 3364 533 Sapientia:
3391 483 3402 516 :
3456 464 3681 534 Attingit
3711 478 3856 517 eum

581 563 766 628 liuam,
813 563 924 631 ipse
951 562 1155 616 creavit
1185 575 1420 614 muscam
1456 577 1466 611 :
1521 560 1617 613 sed
1666 558 1810 611 illam
1858 555 2010 610 dedit
2054 569 2161 625 qua

581 652 937 707 confundatur
959 653 1121 706 homo
1141 651 1421 720 superbus,
1453 650 1608 703 istam
1638 664 1744 717 qua
1772 647 2046 702 reﬁciatur
2075 646 2159 699 in-

582 742 783 797 ﬁrmus.
823 734 949 796 [nde
976 750 1057 796 est
1085 724 1230 810 quod
1269 739 1337 794 de
1367 739 1464 793 ista
1494 737 1680 792 volens
1707 735 1900 805 recipit
1937 748 2116 790 escam
2144 775 2159 800 ,

583 831 651 885 de
681 831 770 884 illa
814 831 1003 884 nolens
1043 829 1246 900 patitur
1274 842 1530 881 nauseam
1558 845 1569 879 :
1625 834 1683 879 ut
1712 824 1901 880 saltem
1945 839 2052 878 non
2084 823 2162 876 sic

579 923 754 977 solum
785 923 837 976 in
869 923 968 978 ista
995 921 1242 977 solatium
1272 920 1386 985 Dei,
1419 917 1515 973 sed
1545 918 1706 972 etiam
1739 917 1792 970 in
1823 916 1909 970 illa
1933 913 2163 983 compel-

583 1013 726 1067 latur
757 1012 1005 1066 meritum
1036 1013 1118 1066 sui
1150 1009 1330 1064 videre
1361 1009 1589 1079 peccati.

660 1103 746 1157 i8.
789 1103 1021 1157 Proinde
1049 1100 1292 1156 attendat
1336 1101 1456 1161 iste,
1492 1108 1549 1152 ut
1579 1114 1678 1152 nec
1709 1098 1800 1150 illo
1829 1094 2046 1150 nomine
2075 1109 2160 1148 se-

580 1199 806 1252 ducatur
862 1212 969 1264 quo
1015 1195 1270 1263 princeps
1318 1192 1705 1246 dmmoniorum
1768 1187 2066 1244 Beelzebub
2107 1186 2158 1239 in

580 1284 871 1353 Evangelio
901 1290 1263 1351 nuncupatur,
1313 1280 1458 1350 quod
1487 1280 1876 1348 interpretatur
1907 1277 2160 1346 princeps

581 1390 903 1430 muscarum.
945 1371 1062 1428 Hoc
1091 1373 1234 1426 enim
1265 1379 1372 1426 non
1405 1372 1528 1425 ideo
1548 1371 1748 1424 dictum
1774 1376 1856 1423 est
1879 1366 2022 1436 quod
2051 1365 2160 1419 dia-

579 1468 734 1521 bolus
780 1464 953 1538 potuit
997 1478 1210 1518 muscas
1239 1477 1459 1517 creare:
1517 1477 1639 1518 nam
1689 1469 1743 1514 et
1788 1458 1992 1512 Danieli
2043 1472 2162 1527 pro-

578 1557 753 1625 pheta:
779 1555 1006 1624 loquens
1035 1553 1256 1621 angelus
1285 1553 1410 1607 dicit
1438 1571 1449 1604 :
1504 1550 1572 1604 Et
1617 1568 1732 1604 ecce
1777 1549 2002 1603 Michael
2029 1564 2160 1601 unus

577 1647 982 1723 deprineipibus
1011 1649 1207 1718 primus
1235 1648 1368 1699 venit
1389 1649 1442 1699 in
1464 1646 1780 1716 adjutorium
1803 1659 1967 1696 meum
1994 1640 2158 1712 (Dan.

581 1759 636 1804 χ,
666 1739 784 1811 l5);
834 1747 891 1793 et
927 1737 1087 1807 paulo
1117 1746 1276 1806 post:
1326 1735 1494 1790 Nemo
1547 1745 1621 1790 est
1671 1735 1880 1804 adjutor
1925 1749 2066 1786 meus
2105 1733 2158 1785 in

2267 552 2451 624 ubique
2498 564 2707 622 propter
2735 570 2878 606 suam
2907 553 3256 619 munditiam;
3307 564 3356 606 et
3380 555 3495 609 ideo
3524 553 3658 607 nihil
3675 555 3858 617 inqui-

2265 653 2444 698 natum
2470 645 2524 698 in
2548 645 2693 698 illam
2709 646 2958 699 incurrit.
3003 646 3263 716 Splendor
3289 656 3364 700 est
3386 648 3521 699 enim
3551 647 3682 698 lucis
3704 654 3860 698 cter—

2265 748 2365 794 me,
2397 744 2445 786 et
2473 735 2735 800 speculum
2756 737 2868 788 sine
2896 737 3100 789 macula
3137 735 3235 790 Dei
3264 737 3574 807 majestatis,
3603 745 3653 790 et
3679 737 3859 810 imago

2264 823 2658 877 bonitatisillius
2689 825 2844 894 (Sap.
2881 842 2949 879 vn
2969 867 2983 891 ,
3016 825 3085 878 24
3114 836 3164 880 et
3201 830 3360 897 seq.).
3409 826 3531 880 Mali
3561 839 3694 894 ergo
3723 841 3861 880 con-

2265 915 2480 968 tristant
2504 914 2761 984 Spiritum
2792 925 3056 983 sanctum,
3089 918 3182 972 sed
3213 909 3446 988 Spiritus
3473 925 3694 972 sanctus
3719 931 3858 970 con-

2262 1005 2460 1060 tristari
2485 1020 2589 1058 non
2614 1015 2821 1075 potest;
2847 1007 3003 1078 431
3029 1009 3152 1062 mali
3176 1009 3497 1063 conculcant
3516 1007 3712 1062 Filium
3734 1006 3859 1072 Dei,

2262 1096 2356 1152 sed
2377 1096 2542 1151 Filius
2573 1097 2665 1152 Dei
2697 1099 3003 1154 nullatenus
3031 1101 3398 1154 conculcatur.

2334 1219 2419 1273 50.
2469 1220 2596 1274 Tale
2625 1230 2705 1275 est
2734 1230 2913 1276 autem
2959 1221 3103 1292 quod
3133 1223 3384 1277 dicuntur
3419 1221 3544 1275 mali
3583 1220 3852 1291 Spiritum

2261 1319 2502 1364 sanctum
2533 1313 2886 1378 contristare,
2922 1321 2977 1366 et
3018 1311 3210 1366 Filium
3241 1311 3336 1367 Dei
3357 1314 3699 1378 conculcare,
3729 1330 3855 1368 cum

2261 1410 2315 1454 et
2337 1401 2502 1456 Filius
2523 1402 2614 1455 Dei
2643 1410 2700 1455 et
2727 1401 2960 1472 Spiritus
2991 1412 3210 1459 sanctus
3239 1404 3332 1473 (al.
3352 1405 3468 1472 Dei)
3502 1405 3860 1459 incontrista-

2262 1491 2382 1545 bilis
2400 1492 2944 1561 inconculcabilisque
2967 1501 3281 1562 permaneat
3305 1511 3317 1556 ;
3350 1494 3489 1548 sicut
3512 1494 3588 1547 ait
3607 1493 3862 1547 Salvator

2263 1583 2313 1637 in
2329 1583 2617 1652 Evangelio
2639 1603 2650 1635 :
2682 1580 2782 1646 Qui
2805 1585 2986 1637 viderit
3011 1585 3275 1637 mulierem
3299 1584 3364 1636 ad
3389 1583 3861 1654 concupiscendum

2262 1691 2374 1731 erm
2394 1714 2407 1736 ,
2451 1676 2568 1744 jam
2594 1674 2871 1728 moechatus
2901 1684 2978 1728 est
3005 1692 3118 1728 eam
3149 1677 3200 1729 in
3231 1677 3384 1730 corde
3411 1693 3504 1730 suo
3537 1674 3768 1747 (Matth.
3801 1691 3858 1737 v,

2263 1763 2375 1831 ‘28).
2419 1764 2474 1817 Si
2516 1774 2694 1822 autem
2726 1765 2816 1820 illo
2855 1765 3157 1820 moechante
3213 1766 3300 1820 illa
3347 1775 3632 1836 permanet
3659 1774 3810 1820 casta
3839 1805 3858 1824 ι

577 1829 810 1925 fimum"?
839 1829 947 1895 In."
980 1829 1082 1925 ’ἠδέ
1106 1826 1332 1925 me“?!
1361 1828 1600 1925 prince”?
1627 1835 1787 1925 "es?"
1820 1822 2154 1925 ({bid'ﬁen'
2193 1844 2238 1902 Β
2265 1822 2466 1925 quanto
2492 1854 2830 1922 magismalis
2851 1856 3296 1910 eontristantihus
3319 1822 3373 1910 ei
3387 1822 3858 1918 conculcantibus,

578 1923 687 1977 Nec
729 1923 902 1977 solum
931 1923 1172 1989 angelos,
1222 1920 1315 1976 sed
1360 1922 1520 1975 etiam
1571 1919 1816 1974 homines
1863 1917 2163 1972 invenimus

579 2012 847 2083 principes
878 2012 1160 2066 nominari.
1204 2010 1474 2081 Scriptum
1522 2018 1604 2063 est
1652 2009 1834 2064 enim:
1894 2007 2162 2075 Principes

579 2103 882 2170 populorum
902 2109 1246 2153 convenerunt
1272 2115 1385 2150 cum
1407 2097 1515 2152 Deo
1538 2097 1799 2149 Abraham
1825 2095 1994 2164 (Psal.
2015 2109 2160 2159 XLVI,

582 2191 669 2257 18)
700 2208 714 2256 ;
745 2199 800 2245 et
838 2190 1092 2247 Ecclesia:
1121 2190 1318 2243 dicitur
1345 2207 1356 2240 :
1393 2188 1498 2241 Pro
1526 2189 1759 2258 patribus
1792 2187 1888 2239 tuis
1915 2187 2024 2238 nati
2045 2194 2164 2238 sunt

583 2280 675 2333 tibi
697 2281 814 2350 lilii,
856 2282 1132 2334 constitues
1163 2297 1251 2333 eos
1281 2281 1537 2348 principes
1566 2294 1717 2347 super
1743 2293 1941 2330 omnem
1972 2284 2164 2328 terram

583 2369 754 2436 (l’sal.
790 2385 934 2435 xuv,
971 2368 1077 2437 l7).
1117 2367 1184 2420 Et
1216 2369 1267 2421 in
1304 2366 1441 2420 libro
1479 2365 1649 2435 Moysi
1680 2362 1888 2434 (Cenes.
1912 2378 2036 2424 xxv,
2070 2361 2160 2428 16)

582 2460 826 2513 novimus
874 2459 1144 2529 principes
1191 2457 1426 2511 tribuum
1473 2453 1757 2509 nominari.
1822 2453 1928 2506 Nec
1978 2460 2160 2505 tamen

580 2552 704 2618 quia
763 2551 1010 2605 homines
1057 2558 1149 2602 aut
1195 2548 1370 2618 angeli
1417 2547 1667 2600 dicuntur
1713 2543 1998 2614 principes,
2044 2542 2163 2596 ideo

580 2657 687 2693 non
719 2640 893 2694 solum
925 2638 1238 2707 angelorum
1268 2645 1360 2690 aut
1381 2636 1678 2697 hominum,
1709 2633 1800 2688 sed
1835 2633 1996 2689 etiam
2025 2647 2160 2701 qua—

579 2734 836 2788 rumlibet
863 2729 1310 2786 irrationabilium
1343 2729 1658 2790 animarum,
1692 2726 1775 2779 vel
1804 2723 2164 2793 quorumlibet

579 2839 867 2897 corporum
897 2822 1111 2878 dicendi
1139 2829 1262 2876 sunt
1291 2828 1582 2875 creatores.
1625 2817 1756 2870 Nam
1785 2825 1838 2871 et
1861 2817 1975 2885 ipse
2005 2813 2159 2867 Beel-

579 2917 770 2985 zebub,
814 2915 966 2984 cujus
1007 2928 1203 2969 nomen
1253 2911 1636 2981 interpretatur
1670 2909 1919 2976 princeps
1948 2920 2159 2959 musca-

577 3022 716 3072 rum,
769 3006 953 3079 utique
1001 3003 1250 3073 princeps
1282 2999 1670 3053 daemoniorum
1703 2995 1934 3049 dicitur:
1968 2993 2162 3062 quibus

577 3107 757 3151 tamen
788 3095 1143 3168 principatur,
1178 3099 1235 3145 ut
1257 3091 1458 3160 primus
1479 3095 1668 3141 auctor
1692 3086 2041 3152 incentorque
2069 3097 2160 3137 ne-

2267 1947 2382 2014 sine
2435 1948 2647 2001 tristitia
2688 1955 2746 2002 et
2791 1947 2949 2003 beata
2998 1955 3177 2001 manet
3228 1946 3346 2002 Filii
3379 1947 3471 2001 Dei
3520 1955 3574 2001 et
3622 1945 3862 2017 Spiritus

2266 2037 2436 2091 sancti
2475 2036 2652 2091 divina
2682 2037 3011 2092 substantia!

2343 2161 2428 2216 5|.
2458 2163 2640 2216 Nullus
2662 2177 2792 2231 ergo
2819 2161 3050 2218 ﬁdelium
3072 2162 3215 2216 dicat
3236 2161 3468 2230 aliquam
3491 2171 3741 2217 naturam
3765 2178 3859 2232 po-

2267 2257 2432 2309 tuisse
2456 2255 2790 2323 originaliter
2816 2270 2847 2308 a
2876 2253 3093 2310 diabolo
3119 2254 3290 2309 creari
3317 2271 3330 2305 :
3363 2268 3431 2308 ne
3453 2252 3579 2307 dum
3601 2251 3858 2322 quaelibet

2266 2346 2516 2400 animalia
2557 2355 2777 2401 creante
2816 2345 3031 2400 diabolo
3065 2345 3337 2401 exstitisse
3361 2346 3665 2410 conlirmat,
3687 2345 3854 2399 etiam

2265 2436 2385 2490 illas
2413 2451 2500 2490 res
2528 2435 2594 2489 de
2620 2435 2813 2504 quibus
2841 2435 3102 2503 originem
3129 2434 3331 2490 ducunt
3377 2433 3632 2504 operibus
3649 2433 3855 2490 diaboli

2264 2533 2659 2595 consequenter
2689 2521 2940 2580 ascribat.
2973 2524 3232 2591 Quaedam
3255 2526 3398 2580 enim
3424 2539 3622 2593 genera
3645 2539 3853 2580 musca-

2264 2633 2402 2678 rum,
2447 2624 2537 2669 aut
2566 2616 2634 2670 de
2661 2630 2946 2684 corporum
2989 2617 3381 2685 purgamentis,
3431 2623 3524 2669 aut
3563 2615 3634 2670 de
3660 2624 3847 2684 putre-

2264 2705 2414 2758 factis
2441 2706 2619 2760 herbis
2646 2706 2728 2760 vel
2757 2706 3009 2764 carnibus
3038 2707 3305 2762 oriuntur.
3347 2706 3669 2774 Plerumque
3695 2704 3847 2760 vide-

2265 2814 2380 2852 mus
2409 2798 2614 2866 aliquas
2633 2813 2842 2853 muscas
2863 2799 3024 2854 etiam
3041 2814 3109 2853 ex
3137 2799 3491 2868 leguminibus
3521 2798 3686 2854 nasci.
3713 2797 3848 2857 Nam

2263 2899 2318 2942 et
2345 2889 2588 2956 gurgulio
2618 2890 2756 2944 solet
2783 2891 3018 2946 existere
3039 2891 3106 2946 de
3133 2890 3420 2946 frumento.
3445 2889 3699 2959 Quisquis
3718 2905 3849 2958 ergo

2265 2979 2568 3047 hujusmodi
2591 2981 2842 3035 animalia
2867 2997 2974 3036 non
3004 2997 3034 3035 a
3056 2982 3166 3036 Deo
3184 3023 3200 3046 ,
3230 2981 3324 3037 sed
3354 2997 3384 3035 a
3412 2981 3629 3036 diabolo
3657 2983 3845 3036 asserit

2261 3082 2464 3139 creata,
2478 3089 2573 3126 cur
2583 3089 2690 3128 non
2702 3075 2862 3128 etiam
2877 3075 3038 3142 ligna,
3053 3073 3314 3130 frumenta
3323 3076 3637 3144 ,legumina,
3653 3075 3847 3130 herbas

575 3187 780 3256 quitiae,
799 3166 920 3239 non
951 3191 1010 3238 ut
1041 3190 1254 3236 creator
1282 3180 1351 3233 sit
1379 3177 1734 3244 conditorque
1766 3183 1987 3260 natura:.
2030 3172 2152 3225 Mali
2182 3210 2228 3273 Ο
2265 3173 2541 3231 ctcarnes,
2559 3166 2626 3221 de
2641 3167 2834 3236 quibus
2855 3176 3162 3273 nascuntur,
3181 3177 3387 3273 asserat
3405 3168 3580 3273 facta?
3601 3166 3844 3273 lJbioou-

575 3253 732 3332 enim
750 3253 922 3345 angeli
944 3275 1112 3328 Deum
1134 3273 1334 3326 habent
1362 3287 1471 3324 sua:
1493 3278 1694 3323 natura:
1719 3253 1976 3322 factorem
2001 3284 2014 3332 ;
2045 3280 2154 3320 sua:

577 3382 709 3423 vero
760 3367 1017 3436 nequitia:
1067 3363 1270 3417 habent
1316 3362 1587 3416 diabolum
1644 3360 1962 3430 principem.
2023 3358 2158 3412 Tota

576 3472 810 3531 namque
844 3457 1148 3524 refugarum
1181 3453 1491 3522 angelorum
1523 3449 1809 3505 multitudo
1847 3451 1988 3504 bona
2019 3449 2155 3502 facta

575 3557 659 3604 est
686 3564 716 3603 a
732 3549 863 3615 Deo,
881 3546 1032 3616 cujus
1052 3545 1284 3613 gratuita
1305 3543 1632 3612 benignitate
1653 3543 1876 3606 exstitit,
1904 3548 1962 3595 ut
1984 3548 2154 3605 esset;

579 3641 797 3712 propria
828 3656 957 3695 vero
983 3639 1260 3693 voluntate
1290 3636 1507 3691 diabolo
1539 3635 1784 3701 adhaesit,
1828 3642 1887 3688 ut
1915 3633 2153 3690 caderet.

573 3733 805 3788 Proinde
828 3733 1074 3802 princeps
1097 3747 1282 3786 eorum
1304 3729 1514 3795 dicitur,
1542 3744 1647 3783 non
1669 3729 1793 3798 quia
1814 3742 1909 3782 eos
1931 3726 2153 3792 creavit,

573 3824 665 3880 sed
695 3825 819 3897 quia
851 3838 1035 3877 secum
1076 3822 1129 3876 in
1154 3821 1511 3892 praecipitium
1561 3819 1882 3890 perditionis
1910 3818 2154 3872 attraxit.

577 3916 634 3973 In
667 3932 733 3971 eo
767 3917 930 3988 igitur
976 3914 1120 3984 quod
1150 3914 1397 3968 diabolus
1437 3913 1631 3968 dicitur
1660 3912 1910 3982 princeps
1938 3925 2153 3965 musca-

572 4022 708 4068 rum,
743 4007 995 4078 princeps
1023 4003 1326 4059 ostenditur
1354 4004 1678 4073 iniquorum,
1708 4018 1844 4072 quos
1873 4002 1977 4056 alia
2004 4001 2152 4056 Scri-

571 4105 724 4166 ptura
753 4096 1018 4166 signiﬁcat
1047 4095 1233 4151 dicens
1258 4114 1269 4148 :
1298 4094 1494 4150 Must
1523 4096 1788 4150 moritura:
1807 4095 2153 4148 exterminant

571 4188 736 4239 oleum
766 4188 1034 4241 suavitatis
1074 4185 1269 4254 (Eccle.
1304 4203 1353 4248 x,
1394 4185 1468 4256 l).
1511 4186 1610 4252 Qui
1641 4187 2020 4252 exterminant,
2053 4184 2153 4238 nisi

570 4277 661 4344 qui
691 4276 948 4345 Spiritum
995 4285 1239 4332 sanctum
1295 4284 1387 4329 aut
1417 4275 1749 4330 inlidelitatis
1795 4277 2020 4330 crimine
2060 4283 2152 4352 aut

570 4365 784 4419 sordida
816 4364 1208 4435 immpndorum
1260 4379 1484 4434 operum
1531 4364 1867 4419 obscenitate
1925 4364 2021 4435 (al.
2055 4363 2152 4418 ob-

569 4457 848 4524 scuritate)
876 4427 1214 4522 co.ntristant,
1248 4457 1373 4510 dmn
1403 4457 1608 4524 selpsos
1638 4464 1730 4510 aut
1757 4471 2010 4526 perversa
2033 4471 2152 4510 cre-

2264 3266 2554 3326 sequenter
2583 3274 2703 3312 cum
2732 3274 2944 3314 vermes
2973 3259 3162 3314 viderit
3185 3276 3288 3315 non
3308 3260 3482 3314 solum
3503 3258 3570 3314 de
3599 3259 3846 3314 humanis

2263 3349 2632 3414 cadaveribus,
2651 3365 2835 3404 verum
2863 3351 3024 3404 etiam
3050 3351 3117 3406 de
3145 3351 3280 3405 vivis
3306 3352 3626 3420 corporibus
3645 3351 3845 3406 habere

2263 3441 2546 3509 originem,
2575 3441 2666 3509 qui
2690 3441 2741 3494 in
2773 3442 3046 3496 vermibus
3075 3442 3320 3495 humana:
3345 3441 3687 3496 mortalitatis
3710 3457 3844 3496 non-

2263 3545 2538 3599 nunquam
2569 3530 2801 3584 carnalis
2828 3530 3132 3584 ostenditur
3154 3545 3363 3593 sensus,
3395 3531 3558 3585 etiam
3587 3531 3844 3584 humano-

2261 3640 2379 3678 rum
2401 3639 2690 3692 corporum
2713 3624 2828 3678 sine
2848 3623 3012 3677 dubio
3033 3622 3304 3677 diabolum
3326 3621 3642 3692 praedicabit
3661 3631 3843 3677 aucto-

2260 3729 2395 3768 rem.
2428 3713 2535 3768 Sed
2571 3729 2692 3768 cum
2722 3714 2876 3768 bonis
2904 3722 3051 3768 recte
3087 3713 3312 3768 credens
3361 3723 3615 3783 recteque
3641 3714 3844 3769 intelli-

2259 3819 2409 3874 gens,
2427 3819 2526 3858 nec
2545 3804 2674 3873 ipsis
2695 3805 2900 3871 angelis
2915 3805 3071 3859 bonis
3091 3805 3354 3873 originem
3381 3806 3671 3874 cujuslibet
3688 3821 3842 3860 crea-
3883 3857 3895 3866 ,

2259 3906 2391 3950 tura:
2412 3896 2603 3950 audeat
2630 3895 2922 3963 assignare,
2946 3895 3220 3965 quomodo
3247 3897 3355 3960 isti,
3387 3897 3578 3964 angelo
3603 3897 3839 3966 dejecto,

2257 3995 2315 4040 et
2341 4001 2371 4039 a
2401 3999 2496 4039 sua
2535 3983 2796 4053 dignitate
2840 3984 2972 4039 vitio
3010 3985 3240 4054 propria:
3279 3986 3556 4054 pravitatis
3594 3987 3841 4054 excluso,

2256 4077 2508 4131 virtutem
2537 4084 2631 4130 aut
2658 4083 2982 4145 potestatem
3013 4075 3231 4130 creandi
3259 4076 3548 4145 cujuslibet
3592 4078 3842 4132 animalis

2257 4168 2535 4236 assignat?
2582 4167 2725 4235 quod
2756 4167 2805 4220 ei
2836 4167 3109 4235 assignare
3138 4165 3314 4221 nullus
3341 4167 3595 4232 auderet,
3627 4169 3838 4223 etiamsi

2256 4259 2308 4314 in
2340 4259 2580 4328 angelica
2609 4258 2870 4326 dignitate
2915 4241 2978 4311 ac
3015 4258 3256 4312 bonitate
3309 4259 3426 4315 sine
3475 4260 3657 4329 aliquo
3700 4262 3832 4316 vitio

2254 4358 2612 4418 permaneret.

2326 4461 2409 4515 52.
2440 4463 2555 4517 Non
2583 4471 2762 4518 autem
2789 4464 3020 4519 inaniter
3048 4465 3099 4518 in
3141 4465 3258 4534 ipso
3296 4465 3560 4537 principio
3588 4465 3835 4533 Genesis,

568 4546 792 4601 dulitate
873 4556 964 4600 aut
1035 4561 1199 4616 prava
1253 4546 1661 4601 conversatione
1710 4546 2104 4601 commaculant
2125 4549 2149 4598 ξ’
2176 4589 2228 4646 D
2252 4553 2319 4607 de
2345 4552 2595 4607 omnibus
2615 4567 2734 4622 qua:
2763 4553 2900 4609 facta
2927 4562 3052 4609 sunt
3082 4555 3308 4624 loquens
3333 4554 3609 4626 Scriptura
3627 4597 3642 4623 ,
3667 4557 3833 4612 Deum

478 4704 481 4707 Ι
568 4634 724 4700 Quod
748 4635 977 4690 sollicite
1004 4635 1294 4705 Apostolus
1323 4635 1648 4691 interdicens
1676 4636 1750 4689 ait
1777 4653 1788 4686 :
1823 4634 2001 4690 Nolite
2022 4654 2145 4692 con-

567 4728 773 4780 tristare
809 4727 1062 4796 Spiritum
1088 4739 1323 4782 sanctum
1353 4727 1468 4794 Dei,
1516 4729 1568 4780 in
1597 4745 1694 4798 quo
1724 4730 1914 4798 signati
1938 4730 2059 4782 estis
2087 4731 2141 4780 in

563 4820 698 4871 diem
725 4818 1087 4888 redemptionis
1119 4817 1332 4889 (Ep/tes.
1360 4835 1431 4882 tv,
1463 4818 1573 4886 50).

632 4893 1132 4964 49.Ἐκιθι·[ηἱηίιηι
1174 4925 1302 4978 ergo
1347 4911 1398 4963 in
1429 4925 1487 4964 se
1517 4911 1694 4964 oleum
1741 4910 2020 4964 suavitatis
2050 4911 2141 4977 qui

562 5018 670 5055 non
718 5010 868 5055 recto
912 5001 1033 5054 vita:
1084 5001 1272 5054 ordine
1319 5009 1539 5054 utuntur
1587 5007 1928 5054 sacramento
1957 4999 2140 5066 gratia:

559 5097 833 5171 spiritalis.
854 5094 942 5149 Sic
955 5105 1131 5150 autem
1147 5095 1250 5149 illis
1261 5093 1762 5157 exterminantibus,
1779 5093 1948 5161 ipsum
1962 5092 2140 5146 oleum

561 5207 664 5248 non
696 5196 875 5259 potest
901 5187 1246 5242 exterminari
1274 5230 1287 5251 ,
1316 5187 1455 5241 sicut
1485 5186 1671 5240 iisdem
1701 5177 2140 5240 contristantibus

557 5280 850 5333 secundum
893 5279 1088 5331 malam
1112 5277 1444 5332 voluntatem
1470 5290 1648 5337 suam,
1689 5290 1793 5327 non
1827 5282 2008 5342 potest
2037 5273 2136 5326 ali-

556 5386 719 5438 quam
749 5370 981 5439 Spiritus
1008 5379 1224 5424 sanctus
1247 5370 1448 5424 sentire
1479 5367 1772 5422 tristitiam.
1817 5367 1947 5420 Nam
1981 5377 2034 5420 et
2071 5368 2137 5420 de

561 5464 675 5529 ipso
705 5460 801 5514 Dei
831 5460 966 5515 Filio
1010 5462 1207 5515 dicitur
1251 5460 1318 5514 ad
1367 5459 1664 5514 Hebraeos:
1721 5459 1926 5523 Quanto
1967 5460 2131 5528 magis

553 5552 746 5621 putatis
770 5552 1024 5604 deteriora
1053 5551 1236 5605 mereri
1260 5551 1516 5620 supplicia
1543 5551 1628 5620 qui
1653 5547 1849 5601 Filium
1886 5547 1980 5601 Dei
2009 5563 2132 5600 con-

553 5641 829 5695 culcaverit
859 5640 1045 5712 (Hebr.
1090 5659 1142 5705 κ,
1176 5640 1304 5710 29)ῐ
1357 5639 1521 5694 Filius
1553 5647 1731 5693 autem
1764 5638 1855 5692 Dei
1885 5637 2131 5690 Christus

553 5743 654 5796 est,
688 5733 778 5787 Dei
811 5735 998 5800 virtus,
1028 5744 1080 5788 et
1101 5734 1194 5789 Dei
1226 5734 1510 5803 sapientia,
1534 5748 1651 5803 qua:
1675 5733 1978 5786 nullatenus
2002 5747 2126 5784 con-

555 5825 806 5889 t'illCﬂllll‘,
843 5826 965 5892 quia
999 5835 1297 5886 nullatenus
1332 5831 1657 5896 inquinatur.
1691 5825 1761 5878 lle
1794 5824 1903 5895 ipsa
1932 5824 2128 5894 quippe

2251 4643 2430 4696 omnia
2459 4643 2645 4699 iecisse
2667 4644 2972 4712 conﬁrmat,
3002 4647 3186 4702 dicens
3208 4663 3306 4717 per
3333 4649 3542 4719 singula
3575 4668 3586 4702 :
3617 4648 3689 4703 Et
3713 4653 3834 4721 fecit

2251 4729 2418 4794 Deus,
2461 4742 2510 4785 et
2538 4734 2662 4787 vidit
2691 4733 2830 4789 Deus
2860 4737 2995 4806 quod
3032 4738 3219 4792 bonum
3247 4749 3325 4792 est
3361 4741 3388 4805 -(
3411 4737 3539 4793 Gen.
3574 4740 3622 4809 ι)
3659 4759 3672 4793 :
3713 4756 3833 4809 qua:

2247 4825 2427 4878 omnia
2449 4824 2537 4880 die
2559 4835 2712 4881 sexto
2736 4829 2979 4896 perfecit,
3000 4829 3052 4882 in
3069 4830 3262 4897 quibus
3287 4831 3417 4884 nihil
3439 4831 3630 4887 deesse
3657 4833 3832 4902 potuit

2247 4916 2390 4986 quod
2433 4926 2621 4988 postea
2651 4917 2821 4973 iteret.
2869 4920 3002 4986 Quia
3053 4921 3194 4975 Deus
3224 4924 3477 4992 prtescius
3506 4923 3824 4986 futurorum,

2246 5009 2384 5063 sicut
2411 5009 2681 5063 hominem
2710 5018 2933 5064 noverat
2954 5019 3318 5079 peccaturum,
3349 5012 3425 5067 sic
3463 5013 3511 5067 ei
3556 5029 3623 5068 ex
3650 5013 3824 5066 omni-

2244 5101 2342 5154 bus
2387 5116 2505 5169 qua:
2545 5101 2670 5156 fecit
2701 5117 2806 5155 non
2837 5102 3011 5156 solum
3040 5103 3253 5166 solatia,
3304 5105 3398 5159 sed
3424 5105 3586 5159 etiam
3617 5104 3821 5172 ﬂagella

2243 5190 2528 5244 salubriter
2557 5192 2894 5259 praeparavit.
2933 5189 3044 5244 Una
3074 5201 3157 5246 est
3183 5192 3325 5246 enim
3353 5192 3480 5247 boni
3518 5194 3688 5262 patris
3719 5209 3823 5246 ma-

2243 5295 2341 5332 nus
2370 5295 2488 5357 que
2529 5280 2638 5335 ﬁlio
2663 5290 2717 5336 et
2745 5282 2922 5334 cibum
2963 5282 3146 5336 tribuit
3181 5291 3236 5336 et
3259 5281 3522 5349 ﬂagellum
3556 5302 3568 5335 :
3600 5283 3743 5337 aliud
3765 5292 3819 5334 ut

2240 5370 2401 5435 vivat,
2417 5371 2557 5424 aliud
2580 5380 2636 5424 ut
2657 5371 2793 5426 bene
2815 5371 2984 5435 vivat;
3011 5372 3153 5425 aliud
3171 5387 3237 5426 ne
3259 5373 3567 5427 inﬁrmitate
3581 5372 3811 5436 deﬁciat,

2239 5458 2381 5512 aliud
2405 5475 2471 5514 ne
2493 5459 2915 5529 indiseiplinatus
2930 5468 3152 5530 paterna
3177 5471 3442 5532 praecepta
3465 5472 3771 5518 contemnat
3796 5481 3808 5514 :

2241 5548 2403 5613 Quem
2431 5553 2568 5604 enim
2599 5552 2770 5622 diligit
2799 5549 3050 5606 Dominus
3081 5555 3326 5624 corripit,
3375 5554 3610 5624 ﬂagellat
3645 5563 3813 5607 autem

2239 5659 2440 5695 omnem
2469 5643 2631 5712 ﬁlium
2654 5659 2802 5713 quem
2830 5643 3007 5713 recipit
3037 5643 3222 5712 (Hebr.
3256 5661 3347 5705 xu,
3380 5645 3458 5713 ὅ).
3490 5643 3597 5698 Nec
3617 5644 3812 5713 aliquid

2242 5732 2463 5799 prodest
2485 5733 2760 5788 abundare
2789 5735 3176 5802 temporalibus
3205 5735 3380 5801 bonis,
3437 5735 3479 5787 si
3522 5735 3640 5802 quis
3677 5735 3812 5788 male.

2243 5824 2470 5880 vivendo
2495 5834 2671 5880 careat
2689 5817 3027 5892 Sempitcrnis
3055 5841 3063 5875 :
3092 5825 3280 5893 quibus
3304 5840 3422 5878 Clllll
3446 5824 3698 5889 caruerit,
3727 5838 3811 5877 ne-
