4130 6460
281 357 372 414 601

1143 356 1225 410 DE
1262 355 1767 413 lNCARNATlO-NE
1805 353 1957 410 FILII
1999 355 2103 411 DEI
2146 353 2345 410 LIBER
2384 351 2584 411 UNUS.

3371 391 3380 400 -
3425 352 3530 411 60‘)

281 482 422 522 cesse
451 473 532 522 est
561 481 682 522 eum
715 467 867 522 malis
892 470 1216 538 perennibus
1239 469 1510 540 deputari,
1541 470 1735 538 quibus
1761 484 1853 523 ca-
1879 471 1931 530 Α
1955 469 2087 538 pluit
2114 488 2266 541 super
2281 473 2454 542 justas
2483 480 2531 525 et
2559 470 2778 540 injustas
2811 469 3034 539 (Matth.
3060 485 3113 534 v,
3142 467 3240 539 45)
3258 508 3272 532 ,
3307 484 3412 523 non
3441 485 3528 523 so-

172 589 182 601 σ
280 571 395 610 rere
417 570 522 608 non
544 556 732 624 possit.

348 644 432 699 55.
462 644 723 728 cohibeat
752 647 911 721 igitur
935 663 1297 722 unusquisque
1345 653 1702 706 temeritatem
1744 641 1846 706 co-

279 737 544 814 gitationis
579 753 730 804 sum;
785 748 840 794 et
868 741 1005 795 sicut
1048 756 1112 796 ea
1147 744 1340 811 quibus
1379 742 1714 808 delectatur,
1768 743 1846 797 sic

279 828 433 884 etiam
484 843 548 882 ea
590 829 783 897 quibus
814 830 1101 886 oll’enditur
1129 834 1444 890 naturaliter
1489 850 1519 888 a
1566 833 1677 888 Deo
1707 832 1846 887 facta

279 932 382 973 non
410 916 614 970 dubitet
646 936 658 969 :
701 918 853 986 cujus
885 921 1144 989 sapientia
1174 922 1441 989 attingens
1480 939 1510 976 a
1542 923 1646 977 line
1676 937 1846 992 usque

277 1007 341 1060 ad
369 1004 524 1060 tinem
549 1006 775 1072 fortiter,
800 1017 856 1062 et
881 1010 1173 1080 disponens
1193 1014 1371 1067 omnia
1397 1016 1650 1080 suaviter,
1683 1015 1843 1069 etiam

275 1094 339 1149 de
367 1095 444 1148 his
473 1096 632 1150 rebus
659 1113 794 1165 quas
832 1098 990 1170 432
1035 1102 1307 1171 corruptio
1347 1103 1690 1166 exterminat,
1722 1104 1844 1173 pul-

273 1183 624 1239 chritudinem
649 1187 731 1240 sui
761 1190 940 1257 operis
969 1198 1261 1257 monstrat;
1289 1191 1342 1245 in
1365 1191 1492 1260 ipsis
1513 1207 1726 1261 quoque
1746 1193 1847 1245 mi-

273 1272 558 1327 nutissimis
600 1274 916 1332 animalibus
958 1279 1248 1334 ostendens
1295 1281 1375 1334 sui
1427 1281 1845 1350 uniuscujusque

271 1362 477 1428 generis
503 1362 668 1418 decus
686 1405 700 1428 ,
725 1366 816 1433 qui
848 1366 971 1421 fecit
999 1368 1382 1426 minutissimas
1408 1387 1619 1426 muscas
1640 1367 1846 1441 magnis

270 1453 565 1522 elephantis
589 1465 791 1523 quanto
820 1459 1115 1526 breviores,
1151 1469 1302 1516 tanto
1325 1462 1603 1530 agiliores,
1645 1472 1700 1518 et
1724 1477 1845 1518 cum

267 1544 332 1596 sit
378 1545 430 1597 in
471 1545 710 1614 utrisque
757 1547 937 1617 dispar
971 1551 1244 1617 quantitas
1286 1552 1646 1607 membrorum
1671 1591 1686 1616 ,
1735 1569 1844 1608 non

266 1642 437 1686 tamen
480 1634 662 1703 dispar
711 1646 767 1690 et
808 1653 1032 1707 operum
1082 1639 1320 1702 laudatio
1361 1641 1685 1696 divinorum.
1717 1643 1846 1709 Quis

264 1723 403 1790 enim
431 1739 624 1778 sanum
653 1727 866 1795 sapiens
891 1769 905 1793 ,
948 1736 1005 1783 et
1041 1730 1327 1786 invisibilia
1376 1732 1470 1787 Dei
1512 1749 1608 1801 per
1635 1748 1698 1788 ea
1726 1749 1845 1803 quas

1949 561 2059 614 lum
2109 559 2373 617 Herodem
2416 559 2748 616 incredulum
2795 561 3066 614 vermibus
3113 561 3353 614 consumi
3406 561 3529 614 fecit

1947 651 2082 721 (Act.
2108 668 2201 718 xu,
2230 652 2321 721 25)
2341 693 2356 718 ,
2405 652 2498 706 sed
2527 653 2688 706 etiam
2717 667 2930 705 servum
2961 667 3115 705 suum
3144 650 3245 704 Job
3276 651 3425 704 sanie
3456 666 3523 704 ac

1947 744 2214 798 vermibus
2242 743 2466 798 ebullire
2496 737 2735 812 permisit
2767 742 2886 808 (Job
2915 758 2970 807 ιι,
2995 741 3051 811 8)
3077 760 3092 807 ;
3128 741 3235 796 εει]
3265 742 3317 794 in
3346 739 3528 794 futuro

1941 837 2208 903 jnstorum
2231 849 2460 904 corpora
2491 835 2686 888 nullam
2725 835 2960 889 sentient
2985 834 3344 902 corruptionis
3383 849 3528 887 mor-

1945 929 2272 998 talitatisque
2293 929 2612 992 molestiam,
2637 927 2851 996 quando
2874 928 2924 981 in
2955 927 3033 981 eis
3055 925 3402 994 corruptibile
3428 926 3529 980 hoc

1945 1019 2128 1073 induet
2153 1019 2607 1073 immortalitatem
2636 1017 2690 1088 (Ι
2717 1017 2836 1072 Cor.
2871 1032 2959 1078 xv,
2994 1014 3110 1083 53).
3158 1015 3216 1068 In
3239 1015 3327 1068 illa
3355 1015 3529 1069 bono-

1945 1125 2063 1164 rum
2090 1109 2219 1174 vita,
2245 1109 2616 1175 malorumque
2645 1107 2857 1162 miseria
2877 1145 2892 1170 ,
2923 1106 3036 1160 sive
3064 1105 3248 1168 bonis,
3275 1105 3388 1158 sive
3416 1120 3530 1158 ma-

1947 1201 2012 1254 lis
2052 1199 2309 1269 quidquid
2339 1199 2459 1262 erit,
2491 1198 2709 1268 plenum
2733 1205 3101 1263 aeternumque
3125 1195 3246 1249 erit.
3297 1194 3414 1248 Non
3457 1194 3527 1247 ibi

1946 1290 2269 1345 cruciatibus
2295 1289 2488 1344 solatia
2527 1288 2912 1349 miscebuntur,
2944 1300 3118 1355 neque
3142 1284 3412 1338 cruciatus
3439 1298 3526 1337 so-

1947 1382 2089 1435 latiis
2119 1381 2441 1434 inserentur.
2477 1378 2553 1432 lbi
2581 1377 2855 1432 aeternitas
2885 1374 3199 1445 gaudiorum
3230 1388 3293 1427 ac.
3334 1371 3529 1440 suppli.

1947 1472 2152 1527 ciorum
2171 1470 2288 1525 sine
2307 1469 2412 1524 line
2427 1468 2694 1532 manebit;
2724 1482 2824 1522 nec
2841 1466 2967 1520 mali
2996 1464 3185 1533 gaudia
3210 1463 3524 1532 sperabunt,

1947 1580 2062 1619 nec;
2091 1565 2217 1618 boni
2248 1562 2518 1617 tristitiam
2548 1560 2912 1615 formidabunt
2962 1577 2973 1611 :
3021 1559 3072 1612 in
3123 1558 3280 1612 bonis
3325 1563 3525 1610 aeterna

1947 1654 2235 1710 exsultatio
2265 1668 2488 1708 manens
2507 1666 2723 1720 semper
2751 1651 2874 1716 erit,
2903 1651 2953 1703 in
2982 1649 3138 1704 malis
3167 1657 3344 1701 autem
3368 1646 3526 1700 ﬂetus

1946 1752 2002 1799 et
2030 1738 2228 1798 stridor
2247 1743 2488 1796 dentium
2517 1756 2732 1810 semper
2754 1740 3019 1802 manebit;
3053 1739 3266 1808 iniquos
3297 1739 3348 1791 in
3369 1746 3527 1792 aster-

264 1810 396 1866 l'acta
427 1822 556 1867 sunt
586 1815 858 1872 intellecta
903 1822 1259 1888 conspiciens,
1315 1823 1624 1893 non'ipsum
1670 1825 1838 1880 Deum

1945 1851 2071 1890 num
2101 1835 2327 1889 miseros
2354 1833 2607 1888 retinebit
2644 1833 2874 1886 societas
2902 1831 3318 1894 daemoniorum,
3347 1829 3526 1897 justos

263 1901 505 1970 Opiﬁcem
537 1904 716 1959 laudet
756 1908 808 1961 in
848 1911 1172 1980 vermiculo,
1222 1927 1381 1982 quem
1414 1914 1594 1968 laudat
1625 1915 1678 1968 in
1725 1916 1839 1970 ele-

262 1992 507 2060 phanto?
552 2004 644 2049 aut
673 2012 778 2051 non
807 1999 1054 2053 eumdem
1098 2001 1281 2056 laudet
1328 2004 1379 2056 in
1427 2004 1636 2072 pulice,
1679 2019 1840 2073 quem

261 2080 438 2137 laudat
461 2086 516 2138 in
539 2087 711 2141 bove?
749 2089 883 2144 Cum
911 2092 1072 2146 etiam
1096 2093 1182 2163 illa
1211 2095 1360 2162 signa
1389 2099 1517 2164 quae‘
1536 2097 1588 2149 in
1615 2097 1840 2164 gemmis

261 2174 524 2229 artiﬁcum
570 2177 1128 2236 formare'consuevit
1169 2185 1426 2239 industria
1475 2195 1624 2241 tanto
1669 2187 1840 2254 magis

261 2263 480 2319 laudare
517 2267 689 2322 soleat
726 2270 934 2324 animus
959 2311 974 2337 ,
1025 2281 1226 2340 quanto
1269 2274 1557 2330 minutiora
1603 2275 1841 2330 intuetur

260 2364 527 2423 aspectus.

330 2447 416 2504 54.
440 2449 630 2507 Omnia
655 2454 836 2524 itaque
860 2456 1027 2513 Deum
1055 2475 1268 2517 creasse
1290 2463 1566 2519 fatendum
1597 2475 1713 2531 est;
1744 2466 1838 2522 sed

258 2537 356 2591 ista
383 2541 578 2608 quibus
605 2551 734 2596 nutu
758 2544 938 2600 divino
964 2551 1184 2618 vapulat
1205 2551 1435 2606 humana
1463 2556 1834 2622 transgressio.

256 2626 382 2681 dum
412 2631 679 2697 quaeritur.
700 2642 878 2688 utrum
917 2645 1204 2706 antequam
1245 2651 1493 2709 peccaret
1522 2643 1719 2710 Adam,
1770 2663 1837 2700 an

255 2727 540 2789 postquam
563 2726 824 2792 peccavit,
845 2723 1041 2782 fu’erint
1066 2746 1096 2784 a
1122 2730 1234 2785 Deo
1253 2741 1464 2799 creata,
1496 2751 1732 2804 congrue
1760 2754 1841 2793 re-

255 2809 569 2877 spondetur,
603 2812 692 2867 illa
719 2812 839 2882 qua:
867 2817 952 2870 vel
974 2832 1040 2871 ex
1069 2820 1223 2888 aquis
1245 2822 1327 2875 vel
1349 2837 1414 2876 ex
1447 2830 1587 2878 terra
1610 2826 1838 2894 gignun-

257 2904 361 2962 tur,
395 2897 510 2954 Deo
537 2908 664 2956 tunc
687 2914 904 2959 creante
930 2906 1349 2974 primordialiter
1370 2911 1632 2976 instituta,
1658 2917 1726 2970 ab
1748 2916 1838 2971 illo

255 2989 440 3058 utique
461 2999 707 3048 creatore
725 2995 817 3063 qui
841 3012 949 3051 non
968 2999 1143 3053 solum
1166 3010 1410 3056 naturam
1428 3006 1657 3061 hominis
1677 3022 1837 3076 quam

258 3077 485 3136 faciebat
513 3093 764 3148 noverat,
809 3089 904 3142 sed
931 3091 1097 3144 etiam
1125 3092 1297 3161 ipsum
1326 3094 1600 3150 hominem
1641 3113 1836 3167 pecca-

1942 1935 2120 1981 autem
2152 1927 2202 1979 in
2225 1933 2489 1980 teternum
2514 1925 2702 1979 beatos
2720 1924 2998 1993 mqualitas
3018 1929 3325 1978 sanctorum
3354 1922 3525 2002 susci-

1940 2019 2052 2089 piet
2079 2017 2409 2084 angelorum.

2013 2109 2170 2179 £33
2188 2139 2260 2149 ——
2280 2105 2367 2160 56.
2387 2105 2617 2160 Proinde
2639 2106 3060 2160 misericordiam
3090 2103 3199 2159 Deo
3223 2103 3512 2172 judicium-

1940 2217 2045 2270 que
2087 2207 2387 2267 cantantes,
2422 2207 2634 2268 tempus
2661 2197 3043 2252 misericordite
3072 2212 3179 2251 non
3209 2204 3520 2251 contemna-

1939 2309 2078 2359 mus,
2111 2301 2168 2347 ut
2192 2294 2259 2348 ad
2281 2293 2538 2363 judicium
2559 2294 2676 2348 sine
2695 2292 2980 2348 formidine
3001 2291 3296 2346 veniamus.
3327 2291 3526 2359 Spere-

1939 2399 2059 2440 mus
2102 2385 2353 2454 judicem,
2385 2399 2544 2455 quem
2588 2384 2833 2440 novimus
2881 2382 3320 2451 Redemptorem.
3371 2378 3524 2434 Talia

1939 2477 2045 2531 sint
2067 2492 2234 2546 opera
2265 2483 2452 2531 nostra
2479 2477 2673 2544 quibus
2702 2474 2996 2529 reddantur
3051 2473 3272 2542 praemia
3325 2470 3526 2540 sempi—

1940 2574 2113 2621 terna.
2149 2566 2205 2620 In
2229 2582 2296 2621 eo
2321 2567 2465 2635 quod
2489 2565 2768 2621 molestias
2787 2562 3067 2633 praesentis
3107 2559 3368 2630 temporis
3407 2573 3497 2612 me

1940 2645 2139 2708 tnimus
2185 2663 2242 2709 et
2286 2655 2538 2722 vitamus,
2583 2653 2708 2708 inde
2749 2653 2906 2709 nobis
2951 2647 3397 2707 considerandum
3445 2653 3528 2702 est

1940 2753 2198 2813 quantum
2230 2759 2416 2812 pmnas
2445 2751 2677 2798 mternas
2703 2743 2887 2808 fugere
2907 2741 3219 2794 debeamus.
3278 2735 3526 2791 Decline-

1941 2850 2058 2890 mus
2079 2849 2208 2904 ergo
2232 2850 2263 2888 a
2287 2834 2464 2899 malis,
2498 2842 2553 2888 et
2577 2832 2834 2886 faciamus
2858 2831 3000 2884 bona
3033 2847 3045 2881 :
3100 2829 3204 2882 hoc
3232 2827 3374 2881 enim
3405 2840 3526 2880 om-

1939 2927 2024 2982 nis
2075 2926 2239 2980 homo
2288 2924 2526 2978 inveniet
2570 2923 2625 2977 in
2657 2930 2902 2990 tempore
2944 2920 3137 2974 divinae
3160 2915 3527 2976 retributionis

1940 3017 2084 3087 quod
2109 3018 2196 3072 hic
2219 3017 2470 3072 habuerit
2499 3016 2551 3070 in
2573 3015 2828 3084 operibus
2840 3015 2971 3077 suis,
2995 3013 3208 3066 dicente
3230 3010 3523 3080 Apostolo:

1944 3107 2270 3179 Quaecunque
2315 3109 2453 3161 enim
2504 3107 2833 3161 seminaverit
2880 3105 3056 3172 homo,
3100 3103 3207 3156 hare
3256 3111 3303 3155 et
3333 3110 3524 3155 metet:

258 3177 432 3274 turum
453 3173 779 3260 mirabiliter
799 3179 1134 3246 przesciebat.
1165 3181 1277 3238 Nec
1304 3185 1382 3239 sic
1406 3185 1494 3240 illa
1513 3184 1658 3250 fecit,
1691 3196 1746 3242 ut
1769 3203 1832 3243 ea

1942 3203 2183 3272 quoniam
2223 3201 2310 3271 qui
2331 3200 2554 3253 seminat
2578 3200 2632 3251 in
2662 3213 2820 3250 carne
2847 3213 2962 3261 sua,
2991 3196 3055 3249 de
3081 3211 3235 3248 carne
3255 3201 3407 3247 metet
3421 3209 3526 3247 cor-

254 3259 417 3317 bomo
437 3271 564 3319 ante
586 3259 884 3334 peccatum,
912 3270 996 3325 vel
1019 3272 1242 3328 sentiret
1264 3275 1448 3340 noxia,
1479 3275 1567 3331 vel
1596 3278 1829 3334 timeret.

255 3351 341 3407 Sic
355 3355 502 3409 enim
524 3371 646 3411 eum
667 3359 861 3414 nullius
881 3363 1080 3417 terreni
1101 3365 1387 3422 animantis
1407 3366 1603 3423 laedere
1622 3379 1837 3438 poterat

255 3445 480 3510 quilibet
503 3456 688 3517 actus,
728 3450 870 3506 sicut
898 3453 1013 3522 ipse
1039 3463 1357 3511 cunctorum
1386 3459 1561 3513 fuerat
1586 3460 1836 3518 dominus

255 3533 432 3590 divino
460 3553 688 3594 munere
715 3542 1056 3598 constitutus.
1082 3543 1207 3600 Hasc
1236 3547 1418 3616 itaque
1447 3549 1648 3605 homini
1674 3553 1834 3607 noxia

255 3632 412 3692 atque
459 3629 788 3697 perniciosa.
821 3636 1175 3701 transgressio
1221 3635 1347 3692 fecit
1387 3639 1554 3708 ipsius
1582 3640 1831 3707 hominis,

255 3728 360 3769 non
399 3717 647 3774 conditio
672 3719 964 3777 Creatoris.
993 3723 1178 3794 Neque
1203 3728 1346 3782 enim
1372 3729 1477 3784 hoc
1505 3739 1726 3800 operata
1755 3741 1837 3788 est

254 3803 561 3877 benignitas
587 3814 842 3879 creantis,
873 3814 968 3869 sed
995 3818 1218 3884 aequitas
1240 3817 1548 3887 iudicantis.

323 3898 412 3954 55.
444 3900 543 3955 llla
567 3917 693 3958 vero
717 3919 837 3973 qua:
867 3905 936 3960 de
961 3909 1306 3978 corruptione
1329 3913 1570 3966 carnium
1598 3914 1838 3971 videmus

255 3986 380 4041 oriri
407 3991 495 4044 vel
526 3989 819 4058 fructuum,
862 4009 969 4050 non
1009 3997 1224 4064 quidem
1253 4006 1382 4056 tunc
1405 4000 1632 4059 dicimus
1671 4006 1839 4061 exsti-

257 4079 382 4137 tisse
405 4083 632 4151 quando
652 4085 706 4138 in
736 4085 838 4141 illis
863 4102 956 4142 sex
980 4088 1168 4144 diebus
1190 4090 1315 4146 fecit
1337 4093 1476 4148 Deus
1498 4096 1676 4151 omnia
1695 4096 1837 4152 bona

256 4171 447 4239 valde;
478 4175 580 4229 sed
607 4175 686 4230 sic
704 4177 792 4231 illa
824 4182 1192 4249 temporaliter
1219 4183 1358 4240 facta
1387 4194 1530 4255 sunt,
1561 4196 1620 4243 ut
1638 4188 1706 4244 de
1735 4190 1838 4245 illis

257 4260 354 4315 ista
377 4265 725 4332 postmodum
755 4281 1120 4328 nascerentur.
1153 4274 1232 4330 Ad
1258 4291 1417 4345 quam
1439 4282 1838 4350 corruptionem

257 4352 416 4408 etiam
437 4355 678 4411 humana
699 4357 948 4416 devoluta
976 4372 1058 4418 est
1078 4381 1226 4432 caro,
1249 4370 1464 4437 quando
1484 4369 1561 4428 sic
1581 4375 1838 4445 scriptum

258 4451 340 4497 est
371 4462 382 4496 :
417 4445 598 4502 Homo
621 4463 735 4502 cum
760 4452 812 4504 in
843 4453 1036 4509 honore
1063 4467 1212 4522 esset,
1258 4477 1360 4515 non
1387 4463 1671 4532 intellexit;
1701 4483 1840 4522 com-

258 4542 470 4625 paratus
500 4543 581 4589 est
603 4538 850 4607 jumentis
879 4541 1256 4613 insipientibus,
1293 4558 1343 4602 et
1369 4552 1551 4607 similis
1574 4555 1743 4625 factus
1762 4565 1840 4610 est

258 4620 360 4676 illis
385 4625 565 4695 (Psal.
595 4643 776 4694 vam,
803 4628 892 4702 l5)
920 4649 933 4697 ;
977 4643 1038 4687 ut
1057 4633 1164 4702 jam
1193 4651 1388 4707 corpus
1415 4620 1713 4710 peccatoris
1742 4645 1840 4700 ho-

260 4714 418 4772 minis
450 4721 748 4776 necessitas
776 4724 1044 4782 obtineret
1070 4733 1433 4801 corruptionis
1460 4746 1515 4790 et
1543 4741 1730 4794 mortis
1764 4759 1777 4793 :
1809 4757 1840 4796 a

259 4807 453 4900 quibus
480 4812 695 4868 duobus
737 4817 892 4872 malis
937 4833 1163 4888 corpora
1203 4832 1326 4877 sunt
1355 4840 1452 4895 per
1477 4828 1569 4884 Dei
1618 4833 1841 4900 gratiam

262 4893 535 4988 liberanda
548 4902 845 4972 justorum;
871 4924 976 4963 non
994 4911 1047 4965 in
1075 4911 1177 4968 hoc
1199 4893 1460 4985 tempore,
1485 4919 1536 4973 in
1558 4893 1687 4988 quo,
1704 4923 1844 4978 sicut

265 4984 402 5045 Deus
428 4994 590 5048 solem
630 5012 777 5050 suum
808 5000 931 5069 facit
957 5003 1082 5056 oriri
1127 5021 1281 5074 super
1309 4984 1467 5063 bonos
1495 5021 1544 5064 et
1574 4984 1758 5075 malos,
1794 5024 1843 5068 et

1938 3291 2264 3360 ruptionem;
2290 3290 2376 3356 qui
2398 3297 2568 3341 autem
2593 3288 2918 3341 seminaverit
2938 3288 2992 3339 in
3013 3285 3217 3356 spiritu,
3249 3284 3312 3337 de
3339 3284 3526 3352 spiritu

1938 3388 2090 3433 metet
2111 3381 2265 3432 vitam
2291 3386 2539 3433 aeternam
2570 3375 2712 3448 (Gal.
2743 3391 2817 3443 vi,
2848 3375 2925 3443 8).
2959 3372 3185 3443 Propter
3211 3371 3355 3441 quod
3384 3371 3527 3426 idem

1937 3486 2036 3525 nos
2048 3471 2328 3540 apostolus
2349 3470 2621 3534 admonet,
2638 3468 2852 3524 dicens:
2872 3467 2932 3523 Si
2961 3469 3096 3520 enim
3125 3464 3400 3520 secundum
3411 3479 3528 3516 ear-

1938 3575 2053 3614 nem
2080 3562 2330 3627 vixeritis,
2365 3561 2688 3624 moriemini;
2709 3559 2756 3614 si
2784 3568 2953 3612 autem
2975 3559 3160 3628 spiritu
3183 3559 3325 3628 facta
3351 3555 3527 3609 carnis

1936 3651 2392 3721 mortiﬁcaveritis,
2423 3651 2597 3704 vinetis
2630 3649 2805 3719 (Rom.
2828 3664 2942 3715 vni,
2975 3648 3084 3717 l5).
3118 3647 3216 3702 llic
3239 3660 3368 3714 ergo
3415 3645 3526 3716 spi-

1935 3743 2044 3797 ritu
2095 3741 2236 3795 facta
2284 3740 2462 3794 carnis
2513 3739 2921 3802 mortiticemus,
2970 3747 3026 3792 et
3054 3738 3251 3792 mortui
3278 3745 3527 3807 peccato,

1936 3832 2050 3887 Deo
2062 3832 2323 3886 vivamus.
2352 3829 2462 3885 Nec
2489 3846 2588 3885 nos
2610 3830 2790 3884 saeculi
2819 3830 3154 3900 prosperitas
3191 3838 3526 3899 corrumpat,

1938 3939 2038 3979 nec
2066 3923 2362 3978 adversitas
2382 3919 2612 3989 frangat.
2643 3920 2820 3975 Corde
2866 3920 3152 3988 migremus
3201 3920 3269 3974 de
3313 3920 3526 3974 habita-

1938 4014 2087 4069 tione
2108 4007 2266 4081 hujus
2293 4011 2500 4090 mundi,
2529 4011 2597 4066 de
2621 4026 2726 4079 qua
2755 4025 2937 4065 sumus
2961 4010 3213 4065 celeriter
3230 4011 3392 4065 etiam
3414 4025 3528 4065 cor-

1939 4117 2072 4174 pore
2120 4101 2399 4169 migraturi
2423 4119 2437 4155 :
2464 4107 2524 4154 ut
2553 4101 2641 4154 illa
2672 4117 2773 4155 nos
2801 4100 3030 4156 ctelestis
3056 4100 3248 4156 domus
3275 4101 3526 4171 excipiat,

1939 4196 2005 4251 de
2035 4210 2140 4264 qua
2169 4194 2300 4249 dicit
2345 4193 2636 4264 Apostolus
2655 4193 2800 4264 quod
2821 4193 3228 4249 aediﬁcationem
3261 4195 3531 4252 habemus

1939 4302 2003 4342 ex
2029 4285 2160 4352 Deo,
2214 4285 2435 4342 domum
2464 4301 2574 4341 non
2608 4285 2990 4349 manufactam,
3014 4296 3270 4342 mternam
3301 4288 3354 4342 in
3377 4289 3531 4345 caelis

1941 4377 2029 4451 (II
2055 4376 2174 4432 Cor.
2208 4394 2259 4444 v,
2304 4378 2379 4447 1).
2413 4378 2489 4433 De
2529 4379 2631 4434 hac
2674 4379 2930 4448 scriptum
2969 4387 3086 4433 est:
3121 4379 3265 4435 Beati
3310 4383 3397 4450 qui
3435 4382 3531 4435 lia-

1941 4470 2106 4524 bitant
2131 4473 2185 4524 in
2202 4470 2352 4524 domo
2381 4479 2489 4534 tua,
2513 4470 2761 4536 Domine;
2791 4473 2846 4525 in
2876 4472 3065 4526 saecula
3095 4473 3398 4528 surculorum
3414 4474 3530 4527 lau-

1942 4562 2137 4616 dabunt
2169 4571 2216 4615 te
2241 4562 2415 4630 (Paul.
2449 4579 2646 4628 Lxxxv,
2679 4562 2753 4630 5).
2785 4562 2862 4617 lbi
2891 4563 3028 4618 sicut
3050 4572 3133 4618 est
3159 4573 3358 4618 aeterna
3384 4565 3529 4618 habi~

1951 4654 2105 4720 latio,
2135 4654 2214 4708 sic
2237 4661 2320 4709 est
2347 4660 2550 4708 aeterna
2581 4653 2839 4708 laudatio.
2871 4652 2949 4707 Ibi
2976 4654 3069 4722 qui
3098 4653 3360 4717 habitant,
3392 4669 3532 4708 sem-
3553 4659 3567 4670 ‘

1948 4760 2048 4815 per
2093 4743 2262 4799 Deum
2313 4744 2556 4811 laudant,
2601 4745 2726 4814 quia
2775 4745 2843 4800 de
2889 4745 3116 4798 Domino
3145 4752 3201 4798 et
3230 4745 3282 4797 in
3305 4743 3534 4798 Domino

1948 4852 2163 4907 semper
2182 4837 2481 4902 exsultant;
2512 4844 2568 4891 et
2595 4837 2734 4892 sicut
2763 4836 3103 4891 laudantibus
3131 4836 3311 4891 suavis
3331 4843 3531 4891 sancta:

1949 4928 2298 4984 habitationis
2325 4928 2617 4996 aeternitas,
2649 4929 2726 4985 sic
2753 4929 3105 4984 habitantium
3126 4936 3326 4984 mterna
3349 4936 3531 4983 manet

1950 5021 2200 5076 laudandi
2231 5023 2486 5080 suavitas.
