4130 6456
1657 487 1806 600 s.
1883 463 2884 630 FULGENTII

763 698 1005 825 DE
1095 696 1963 825 VERITATE
2050 695 2884 821 PR/EDEST
2895 700 3066 822 IN
3086 701 3304 826 ΛΤ
3315 699 3369 827 Ι
3395 699 3638 829 ΟΝ
3661 709 3807 833 IS

1834 920 1976 990 ET
2045 920 2475 990 GRATL/E
2551 918 2760 1010 DEI,

1413 1077 1568 1186 ad
1636 1077 2225 1186 Joannem
2277 1087 2388 1178 et
2469 1076 3132 1199 Venerium.

1911 1335 2200 1412 LIBER
2259 1332 2664 1411 PRIMUS.

2202 1450 2388 1464 ——‘

710 1533 873 1610 434
897 1534 1078 1592 CAPUT
1108 1535 1274 1589 |.—l.
1315 1535 1427 1588 Deo
1455 1533 1656 1602 gratias
1679 1545 1798 1599 ago,
1833 1529 2009 1584 sancti
2039 1528 2230 1584 fratres
2259 1531 2312 1593 Α
2333 1543 2455 1598 qua:
2481 1529 2550 1583 de
2578 1529 2814 1598 parvulis
2840 1531 3084 1595 vertitur,
3113 1530 3165 1585 in
3193 1545 3296 1600 qua
3318 1547 3424 1587 non
3470 1533 3756 1590 actualium
3795 1553 3916 1606 pro-

639 1625 877 1682 Joannes
898 1626 1199 1697 presbyter,
1226 1633 1282 1679 ct
1310 1623 1766 1686 Vcneridiacone,
1791 1622 1942 1688 cujus
1961 1635 2066 1683 ope
2096 1619 2229 1675 tales

639 1721 801 1782 estis,
822 1729 879 1774 ut
922 1736 1020 1790 pro
1050 1720 1218 1787 gratia
1250 1733 1354 1786 qua
1382 1717 1670 1777 salvantur,
1695 1729 1888 1783 magno
1937 1712 2127 1783 spi'ritu
2157 1728 2227 1769 ac

639 1810 855 1868 fervore
883 1811 1121 1864 certetis.
1151 1809 1514 1864 Contristatus
1541 1816 1719 1861 autem
1749 1822 1888 1870 sum,
1920 1806 2066 1875 quod
2117 1805 2230 1874 qui-

636 1903 762 1959 dam
812 1902 1004 1956 fratres
1057 1902 1227 1955 nostri
1276 1901 1374 1954 sub
1401 1900 1708 1954 Christiano
1737 1898 1955 1952 nomine
1987 1899 2230 1952 nituntur

638 1991 922 2046 catholicae
967 1990 1087 2043 lidei
1140 1993 1484 2057 repugnare:
1543 1987 1747 2042 scilicet
1791 2001 2013 2042 munera
2043 1987 2228 2054 gratiae

637 2078 736 2135 Dei
775 2081 843 2134 ad
873 2079 1089 2134 humani
1117 2080 1370 2133 virtutem
1400 2079 1485 2133 vel
1535 2079 1786 2133 meritum
1836 2077 2228 2133 transferentes

637 2171 878 2235 arbitrii;
902 2179 1153 2238 tanquam
1179 2169 1296 2223 sine
1319 2168 1412 2223 Dei
1442 2169 1642 2222 auxilio
1670 2177 1856 2222 noster
1893 2177 2120 2223 conatus
2147 2167 2227 2222 di-

637 2259 766 2313 vino
793 2259 970 2313 valeat
998 2258 1217 2313 obedire
1247 2266 1553 2327 prmeepto;
1611 2257 1848 2324 illudque
1899 2265 2107 2311 tantum
2156 2258 2226 2311 sit

636 2351 754 2412 Dei,
781 2359 839 2405 ut
865 2351 1018 2404 nobis
1046 2349 1287 2405 facienda
1309 2350 1602 2418 prmetpiat,
1637 2363 1736 2402 nec
1765 2350 1816 2401 in
1845 2347 2000 2402 nobis
2029 2362 2224 2417 opere-

635 2453 724 2497 tur
750 2443 865 2513 ipse
884 2443 1025 2514 quod
1050 2441 1319 2512 praecipit;
1347 2447 1403 2494 'et
1438 2441 1482 2494 si
1502 2438 1632 2507 quid
1663 2439 1788 2492 boni
1810 2438 1952 2492 Deus
1983 2449 2007 2475 ιι
2040 2439 2226 2492 tribuit

636 2536 858 2600 homini,
883 2551 988 2589 non
1022 2534 1265 2588 videatur
1287 2533 1510 2596 donare,
1538 2531 1631 2585 sed
1663 2530 1906 2585 reddere.
1933 2529 2033 2596 Qui
2058 2545 2224 2600 usque

635 2625 772 2681 adeo
818 2625 1011 2680 divina:
1067 2623 1324 2678 bonitatis
1375 2621 1518 2676 dona
1544 2628 1735 2690 putant
1761 2635 1830 2674 ex
1868 2619 2224 2674 humanorum

633 2726 848 2771 actuum
871 2717 1133 2784 qualitate
1156 2714 1411 2784 pendere,
1441 2722 1498 2768 ut
1518 2714 1681 2769 etiam
1707 2713 1958 2783 parvulos
1982 2720 2224 2767 asserant

633 2810 713 2864 sic
744 2809 979 2878 pmsciri
1008 2815 1064 2861 et
1092 2807 1459 2875 praedestinari
1487 2805 1762 2866 divinitus.
1812 2803 1882 2859 ut'
1906 2804 2040 2858 nihil
2070 2805 2124 2858 in
2157 2805 2222 2858 iis

631 2899 723 2969 qui
761 2899 1031 2966 eliguntur
1063 2896 1368 2950 inveniatur
1392 2911 1634 2965 superna:
1661 2895 1967 2951 collationis
2005 2894 2211 2962 gratui-
2248 2892 2292 2950 B

631 2999 744 3044 tum
775 2987 802 3026 δ
831 2989 1064 3043 bonum:
1095 3001 1194 3040 nec
1218 2985 1583 3040 misericordia
1610 2999 1932 3053 quemquam
1987 2982 2220 3051 gratuita

630 3076 937 3146 dignatione
992 3075 1304 3144 pnnveniat,
1354 3073 1450 3129 sed
1505 3073 1757 3142 supplicii
1805 3082 1967 3143 atque
2015 3072 2220 3141 praemii

629 3177 831 3224 teterna
857 3166 1141 3221 retributio
1172 3167 1225 3220 in
1255 3165 1370 3220 sola
1393 3164 1652 3233 cujusque
1673 3163 1905 3234 propriae
1927 3162 2220 3218 voluntatis

629 3257 807 3312 futura
841 3266 862 3293 ε
898 3257 1113 3310 actione
1135 3255 1415 3310 consistat.

699 3346 754 3401 2.
796 3346 944 3400 Illam
966 3361 1182 3414 quoque
1203 3345 1587 3400 absurditatem
1603 3341 1920 3412 quibusdam
1939 3343 2219 3413 irrepsisse

629 3435 853 3490 multum
884 3437 1050 3492 miror
1078 3447 1132 3491 et
1159 3437 1337 3504 doleo,
1379 3450 1485 3504 qua
1536 3435 1722 3503 gratia:
1770 3433 1864 3488 Dei
1914 3435 1966 3489 in
2013 3442 2218 3488 tantum

627 3528 832 3583 inimici
861 3543 981 3584 esse
1009 3545 1116 3583 non
1139 3529 1406 3595 dubitant,
1442 3535 1744 3582 asserentes
1773 3526 2072 3581 futurorum
2094 3542 2219 3596 epe-

626 3630 746 3672 l'utn
770 3618 962 3672 merito
984 3617 1236 3687 parvulos
1279 3617 1559 3686 baptizari,
1593 3625 1653 3670 ut
1679 3617 1985 3672 econtrario
2033 3617 2215 3671 dicant

628 3705 790 3775 5.35
815 3707 919 3760 illis
942 3721 1159 3776 quoque
1189 3706 1424 3775 parvulis
1469 3706 1560 3774 qui
1588 3706 1705 3760 sine
1735 3705 2054 3775 baptismate
2097 3720 2214 3760 mo-

621 3789 858 3862 riuntur,
880 3796 1058 3851 divina
1089 3795 1420 3863 benignitate
1468 3797 1711 3860 consuli;
1737 3805 1795 3850 ut
1823 3797 2026 3864 absque
2047 3811 2214 3851 sacra:

623 3887 913 3942 ablutionis
941 3888 1112 3955 gratia
1144 3887 1422 3957 rapiantur
1446 3887 1514 3941 ad
1544 3902 1780 3956 pmnam,
1805 3887 1858 3940 in
1899 3887 2094 3956 quibus
2115 3887 2213 3942 sci-

623 3974 752 4031 licet
779 3976 948 4030 Deum
978 3977 1155 4031 futura
1185 3992 1372 4031 eorum
1403 3977 1564 4039 mala,
1596 3977 1641 4030 si
1690 3977 1966 4044 aliquanto
2013 3976 2212 4032 diutius

622 4065 711 4122 hic
738 4066 999 4129 viverent,
1031 4068 1310 4136 praescisse
1337 4065 1693 4133 contendunt,
1724 4074 1779 4120 et
1827 4066 2067 4121 bonitate
2112 4082 2208 4122 sua

621 4154 961 4223 praeripuisse
992 4157 1270 4224 pnescntis
1294 4157 1415 4210 vita:
1437 4155 1702 4211 curriculo
1742 4155 1839 4227 (αι.
1872 4157 2156 4229 curricula)
2192 4176 2206 4212 :

623 4247 773 4315 quasi
795 4249 965 4317 possit
983 4250 1176 4318 aliquis
1202 4251 1320 4306 sine
1347 4251 1613 4306 benelicio
1657 4261 1855 4308 sancta:
1883 4253 2208 4322 redemptio—
2235 4262 2281 4332 (ς

623 4337 731 4400 nis,
759 4346 854 4389 aut
890 4338 1167 4406 suppliciis
1198 4340 1521 4408 perennibus
1549 4341 1808 4404 subtrahi,
1851 4352 1943 4396 aut
1970 4344 2208 4398 muneri-

623 4427 722 4482 bus
739 4437 953 4482 :nternzn
975 4430 1096 4483 vitm
1121 4431 1304 4496 potiri.
1329 4430 1466 4484 Dum
1493 4433 1674 4501 itaque
1707 4435 2054 4501 pertinaciter
2079 4451 2210 4490 con-

623 4517 914 4584 tradicunt,
971 4518 1178 4587 seipsos
1228 4519 1504 4575 mortifera
1558 4523 1823 4590 pravitate
1870 4521 2203 4579 confodiunt.

619 4606 826 4672 Quibus
853 4607 1065 4660 videtur
1095 4607 1234 4662 Esau
1264 4617 1318 4663 ct
1371 4608 1558 4676 Jacob,
1609 4617 1948 4680 geminorum
2003 4615 2209 4670 scilicet

621 4697 846 4751 fratrum
874 4714 939 4752 ex
973 4714 1079 4752 uno
1107 4699 1312 4754 semine
1342 4702 1734 4771 concubituque
1757 4706 2108 4770 nascentium,
2134 4706 2206 4761 ita

620 4786 757 4842 velle
785 4787 1090 4843 discernere
1115 4791 1326 4857 merita,
1359 4800 1416 4845 ut
1436 4805 1738 4850 asserentes
1760 4794 1899 4850 Esau
1952 4812 2019 4850 ex
2063 4797 2206 4852 futu-

619 4889 802 4932 rorum
831 4893 1054 4946 operum
1081 4883 1497 4950 prmcognitione
1522 4885 1848 4950 damnatum,
1878 4885 2042 4942 Jacob
2071 4902 2206 4956 quo-

617 4981 726 5038 que
756 4982 863 5021 non
893 4969 1126 5035 gratuito
1155 4970 1349 5024 divina:
1378 4971 1631 5026 bonitatis
1659 4989 1899 5039 munere,
1933 4975 2028 5030 sed
2056 4973 2200 5029 futu-

543 5067 549 5079 ’
617 5072 802 5112 rerum
832 5065 1036 5112 tantum
1066 5075 1290 5128 operum
1332 5063 1664 5130 prmscientia
1719 5065 1915 5119 salvari
1962 5067 2237 5136 potuisse

617 5149 950 5204 contendant
979 5169 992 5203 :
1026 5159 1085 5205 ut
1111 5152 1186 5206 sic
1211 5161 1534 5219 agnoscatur
1575 5153 1714 5208 Deus
1762 5155 1813 5208 in
1845 5166 2072 5225 utroque
2112 5157 2203 5225 ju-

617 5249 750 5306 stus,
783 5256 884 5296 nec
903 5240 1159 5296 credatur
1185 5242 1405 5296 cuilibet
1426 5258 1611 5296 eorum
1653 5245 1882 5312 gratuita
1913 5245 2201 5314 quidquam

519 5365 526 5372 -
618 5332 966 5388 miseratione
987 5333 1227 5401 largitus.
1253 5330 1384 5387 Cum
1408 5333 1460 5386 in
1487 5333 1588 5389 hac
1614 5336 1878 5404 praacipue
1905 5336 2202 5404 quiestione

691 5543 716 5570 ι·
739 5531 864 5588 Mss.
893 5534 981 5590 hic
1010 5545 1065 5588 et
1095 5533 1230 5588 infra
1261 5532 1441 5588 multis
1467 5531 1618 5597 locis,
1649 5529 1807 5597 Deus,
1836 5533 1922 5587 ubi
1951 5531 2076 5587 edd.
2103 5532 2195 5586 ha-

615 5605 745 5662 bent
767 5603 1034 5659 Dominus.

688 5675 712 5712 b
744 5674 834 5728 Sic
862 5690 988 5728 mss.
1018 5674 1143 5728 duo.
1172 5673 1305 5728 Edd.
1336 5689 1439 5727 non
1472 5673 1670 5726 habent
1699 5671 1794 5725 bas
1819 5685 1978 5726 voces
2006 5672 2198 5741 gratui-

544 5747 550 5752 ’
618 5755 754 5805 tum;
779 5759 876 5797 nec
904 5742 1144 5807 inferius,
1177 5754 1370 5798 azterna
1403 5742 1690 5794 retributio.

690 5827 709 5851 ο
745 5813 873 5866 Edd.
930 5813 1102 5866 omitt.
1157 5814 1364 5884 futm'a;
1418 5811 1509 5866 sed
1563 5811 1758 5866 rectius
1811 5825 1938 5866 mss.
1971 5812 2188 5874 addunt,

2332 1620 2446 1688 pria
2469 1619 2782 1688 cujusquam
2813 1621 3014 1676 malitia
3041 1620 3067 1658 ⁸³
3097 1632 3458 1692 pcccntorum,
3481 1626 3573 1680 sed
3599 1627 3766 1697 ipsius
3795 1645 3913 1696 pec-

2331 1708 2543 1763 catricis
2565 1717 2746 1763 reatus
2766 1710 2986 1776 originis
3016 1711 3313 1779 intimatur,
3343 1715 3517 1769 omnis
3535 1717 3626 1785 qui
3655 1733 3761 1771 non
3808 1718 3915 1775 vult

2329 1796 2398 1851 ab
2417 1797 2724 1866 apostolica:
2747 1799 2868 1854 lidei
2885 1801 3108 1855 veritate
3141 1801 3461 1866 desciscere,
3497 1807 3588 1875 qui
3635 1806 3915 1864 rectitudi-

2331 1901 2453 1940 nem
2480 1888 2730 1944 catholici
2761 1887 3046 1956 dogmatis,
3079 1890 3190 1946 Deo
3246 1892 3597 1960 ifluminante,
3646 1898 3796 1965 cupit
3836 1899 3917 1954 in-

2330 1976 2526 2030 violata
2554 1977 2870 2034 credulitate
2915 1980 3356 2052 confessioneque
3385 1998 3622 2048 scrvare,
3650 1986 3796 2041 omni
3827 2002 3914 2042 re-

2334 2075 2484 2122 moto
2513 2067 2864 2125 lnesitationis
2891 2070 3158 2138 ambiguo,
3188 2073 3454 2128 veraciter
3470 2074 3696 2130 credere
3722 2075 3914 2133 debeat

2327 2165 2383 2212 et
2407 2157 2584 2223 fateri,
2614 2158 2782 2214 Deum
2807 2176 2970 2215 unum
3007 2164 3051 2226 ⁸,
3083 2169 3138 2215 et
3166 2177 3370 2228 verum,
3402 2174 3458 2218 et
3484 2164 3705 2230 bonum,
3753 2166 3806 2219 id
3823 2176 3914 2227 ,αἱ

2326 2263 2588 2304 summam
2610 2257 2666 2304 et
2699 2250 3027 2306 ineﬂ'abilem
3049 2253 3204 2308 unius
3248 2263 3452 2308 natura:
3478 2264 3640 2324 atque
3666 2264 3913 2312 essentne

2329 2336 2670 2407 Trinitatem,
2699 2341 2858 2409 primi
2884 2342 3116 2397 hominis
3145 2351 3388 2398 naturam
3421 2352 3587 2398 totam
3617 2345 3816 2400 bonam
3839 2357 3912 2403 at-

2326 2444 2430 2498 que
2455 2430 2736 2498 integram,
2765 2433 2884 2488 sine
2909 2434 3138 2487 naturali
3180 2435 3343 2503 malo,
3369 2451 3433 2492 ac
3458 2437 3575 2492 sine
3620 2438 3730 2493 ullo
3782 2440 3912 2495 vitio

2326 2518 2656 2585 condidisse;
2718 2535 2892 2590 neque
2943 2525 3093 2578 carui
3145 2539 3358 2579 creasse
3385 2527 3760 2582 necessitatem
3790 2545 3909 2584 mo-

2324 2610 2518 2676 riendi,
2551 2627 2726 2682 neque
2755 2615 2945 2668 anima:
2966 2615 3225 2670 maculam
3253 2616 3565 2686 cujusquam
3619 2621 3910 2678 inseruisse

2324 2703 2566 2770 peccati;
2597 2712 2651 2757 et
2670 2703 2792 2758 ideo
2821 2705 3112 2762 humanam
3141 2714 3385 2762 naturam
3440 2724 3506 2762 ex
3553 2709 3666 2764 Deo
3710 2711 3908 2766 habere

2323 2796 2613 2851 creationis
2634 2797 2854 2866 bonum,
2875 2815 2941 2853 ex
2963 2799 3194 2854 hominis
3217 2813 3395 2855 autem
3423 2801 3576 2870 primi
3609 2803 3907 2861 voluntaria

2320 2887 2760 2954 prmvaricatione
2810 2898 3090 2958 peccatum
3139 2889 3414 2959 originale,
3461 2890 3516 2944 in
3562 2893 3907 2948 nascentibus

2328 2977 2563 3045 trahere,
2612 2988 2774 3047 atque
2822 2995 2889 3034 ex
2939 2982 3095 3036 unius
3142 2983 3562 3050 transgressione
3618 2985 3829 3053 iniqua,
3855 2995 3905 3040 ct

2323 3063 2664 3120 damnatione
2679 3068 2993 3135 justissima,
3013 3069 3065 3122 in
3091 3080 3316 3125 cunctos
3337 3071 3512 3138 simul,
3536 3081 3592 3126 et
3610 3074 3907 3144 iniquitatis

2324 3173 2550 3224 nazvum,
2583 3173 2637 3214 et
2662 3162 2850 3216 mortis
2873 3175 3118 3217 manasse
3145 3164 3482 3233 supplicium.
3531 3164 3707 3220 Homo
3761 3167 3902 3221 enim

2321 3250 2389 3304 ad
2417 3251 2703 3318 imaginem
2736 3253 2828 3306 Dei
2857 3251 3045 3318 factus,
3078 3235 3452 3311 rectitudinem
3480 3257 3690 3326 accepit
3715 3265 3770 3312 et
3810 3273 3905 3312 vo-

2320 3340 2542 3396 lu..tatis
2564 3349 2618 3395 et
2646 3343 2844 3410 operis.

2390 3431 2518 3486 Cn.
2554 3448 2608 3486 ιι.
2637 3461 2710 3472 -
2738 3432 2793 3485 5.
2823 3433 3008 3502 Itaque
3035 3435 3156 3489 talis
3181 3443 3265 3489 est
3295 3435 3458 3490 homo
3487 3445 3725 3503 creatus,
3753 3447 3814 3490 ut
3846 3447 3899 3490 et

2319 3535 2547 3591 peccare
2577 3530 2631 3576 et
2657 3538 2764 3577 non
2793 3537 3019 3592 peccare
3038 3533 3220 3593 posset
3247 3526 3464 3594 propria
3495 3526 3807 3590 voluntate;
3839 3541 3900 3581 ac

2320 3618 2607 3678 propterea
2654 3611 2706 3664 in
2737 3626 2804 3666 eo
2845 3612 3006 3681 digne
3035 3614 3251 3682 punitus
3287 3623 3373 3668 est
3401 3615 3719 3670 voluntaria:
3763 3631 3899 3686 pra-

2285 3703 2291 3710 ’
2319 3703 2659 3758 varicationis
2688 3703 2885 3772 lapsus,
2913 3705 3038 3772 quia
3061 3705 3203 3758 nulla
3234 3705 3331 3759 fuit
3357 3705 3422 3758 ad
3450 3705 3785 3775 peccandum
3814 3720 3881 3759 na

2318 3796 2474 3849 turali
2516 3798 2694 3850 carnis
2729 3805 2820 3850 aut
2849 3798 3040 3852 anima:
3069 3798 3386 3852 necessitate
3406 3797 3754 3852 constrictus.
3797 3795 3899 3863 Qui

2315 3883 2459 3948 licet,
2492 3885 2632 3940 sicut
2657 3887 2950 3956 Apostolus
2977 3887 3136 3942 docet
3166 3887 3217 3958 (1
3251 3887 3384 3942 Tim.
3417 3905 3472 3952 ιι,
3505 3888 3617 3958 14),
3646 3889 3900 3944 seductus

2315 3973 2429 4042 ipse
2458 3989 2562 4026 non
2590 3974 2768 4035 fuerit,
2803 3975 3010 4029 mulieri
3039 3983 3239 4041 tamen,
3282 3993 3400 4047 qua:
3428 3977 3649 4032 seducta
3680 3979 3734 4032 in
3763 3992 3896 4047 prte-

2312 4062 2697 4118 varicationem
2727 4064 2844 4130 fuit,
2897 4080 3058 4134 prava
3104 4067 3382 4122 voluntate
3423 4069 3790 4135 consentiens,
3819 4069 3895 4122 sic

2314 4152 2647 4223 improvidus
2675 4156 2774 4210 sibi
2817 4156 3148 4212 mortiferum
3179 4159 3370 4214 vulnus
3398 4159 3612 4224 inflixit,
3640 4163 3774 4213 utin
3805 4159 3896 4215 illo

2313 4259 2420 4298 uno
2450 4245 2667 4300 homine
2696 4245 2849 4314 cujus
2875 4256 2961 4303 est
2997 4249 3173 4303 anima
3215 4258 3427 4304 mortua
3458 4265 3554 4318 per
3593 4259 3890 4318 peccatum,

2313 4350 2617 4404 corpusque
2645 4346 2912 4392 mortuum
2943 4347 3166 4407 propter
3212 4347 3522 4408 peccatum,
3565 4355 3757 4396 omnes
3782 4341 3892 4395 ori-

2313 4426 2566 4492 ginaliter
2596 4436 2819 4495 peccato
2840 4428 3199 4483 subderentur
3233 4438 3287 4482 et
3311 4430 3491 4493 morti,
3523 4438 3794 4499 quotquot
3819 4444 3892 4484 es-

2310 4523 2432 4568 sent
2456 4530 2522 4569 ex
2553 4516 2644 4570 illo
2690 4518 2864 4585 primo
2915 4517 3133 4572 homine
3169 4528 3452 4588 peccatore
3498 4533 3595 4588 per
3640 4519 3890 4574 concubi-

2316 4617 2428 4662 tum
2458 4610 2622 4664 maris
2650 4619 2705 4664 et
2728 4609 2940 4665 femina:
2963 4611 3236 4666 nascituri.
3265 4609 3554 4679 Postquam
3587 4610 3753 4678 igitur
3779 4627 3890 4664 om-

2311 4700 2457 4752 nium
2489 4699 2763 4754 hominum
2796 4701 3006 4768 genitor
3034 4701 3251 4770 propria
3303 4700 3579 4754 voluntate
3629 4700 3890 4769 peccavit,

2313 4792 2597 4845 veritatem
2621 4792 2786 4846 divini
2817 4793 3066 4862 prmcepti
3094 4791 3238 4860 quod
3267 4791 3527 4855 audierat,
3577 4788 3643 4844 In
3673 4805 3889 4860 quacun-

2310 4897 2406 4952 que
2451 4883 2535 4936 die
2581 4883 2791 4937 (deritis
2829 4900 2893 4937 ea:
2940 4902 3020 4948 eo,
3069 4894 3232 4938 morte
3258 4883 3547 4937 moriemini
3591 4879 3803 4950 (Genet.
3832 4896 3889 4946 tt,

2313 4972 2424 5042 Π),
2457 4983 2514 5028 et
2537 4972 2797 5043 justitiam
2827 4974 2921 5028 Dei
2955 4974 3262 5028 ulciscentis
3287 4974 3448 5044 [‘36
3476 4982 3757 5041 expertus,
3788 4985 3886 5024 uno

2310 5062 2484 5116 vetita:
2513 5063 2720 5118 arboris
2744 5075 2919 5131 gustu,
2951 5065 3075 5132 quia
3102 5064 3317 5132 reliquit
3343 5064 3629 5132 justitiam,
3675 5061 3883 5116 devenit

2311 5158 2364 5211 in
2397 5173 2630 5227 poenam,
2673 5167 2728 5214 et
2756 5171 2947 5228 sponte
2975 5160 3027 5214 in
3059 5159 3236 5213 anima
3281 5159 3594 5228 spiritaliter
3626 5165 3884 5217 mortuus,

2308 5248 2625 5316 supplicium
2649 5264 2862 5318 quoque
2885 5251 3184 5319 corporalis
3211 5250 3399 5305 mortis
3427 5249 3642 5317 excepit
3667 5248 3878 5302 invitus.

2379 5337 2430 5391 4.
2463 5337 2774 5394 Voluntaria
2805 5356 2934 5411 ergo
2961 5343 3151 5398 anima:
3195 5357 3339 5397 mors
3375 5341 3643 5411 pamalem
3673 5335 3879 5409 corpori

2305 5551 2426 5607 cum
2441 5535 2508 5591 de
2528 5537 2763 5607 parvulis
2777 5547 2966 5605 agatur
2983 5539 3174 5606 quibus
3199 5537 3478 5604 pratsentis
3499 5546 3593 5590 aut
3613 5545 3738 5592 ante
3755 5544 3877 5592 acta

2303 5605 2615 5677 vitgeopera
2646 5621 2983 5677 nequaquam
3004 5605 3386 5676 ’sullragantur.

2377 5672 2400 5711 ἀ
2431 5672 2527 5729 Ms.
2561 5693 2717 5739 unus,
2732 5672 2968 5732 macula.

2378 5756 2402 5782 ι
2433 5745 2518 5801 Sic
2549 5762 2649 5802 ms.
2683 5747 2892 5814 Caneri,
2927 5746 3089 5802 Deum
3114 5750 3300 5803 uirum.
