4046 6584
264 352 389 410 603

556 351 614 410 Β.
653 351 1016 410 FULGENTII
1052 351 1353 409 EPISCOPI
1391 352 1761 410 RUSPENSIS
1806 353 1848 409 D

1945 353 2269 412 ΓΕΒΙΤΑΤΕ
2307 355 2983 417 νωθιιδτιΝΑτιοΝιε
3020 362 3146 418 ιιιι.
3189 364 3233 421 ι.

3416 366 3522 424 005

264 469 489 541 peperit
507 478 766 536 mortem;
796 478 853 525 et
891 470 1160 526 hominem
1189 470 1419 540 primum
1460 469 1586 540 quia
1615 470 1852 543 possedit
1878 474 1921 537 Α
1952 467 2134 531 lsaias,
2187 470 2313 540 quia
2355 480 2566 541 peccata
2611 480 2790 527 nostra
2829 472 2939 540 ipse
2963 474 3185 541 portavit
3227 476 3383 541 (lsai.
3409 490 3522 540 mu,

265 574 427 614 mors
454 559 712 627 criminis,
734 560 899 615 etiam
927 575 1072 615 mors
1100 560 1241 616 illico
1268 559 1554 615 subsecuta
1578 567 1660 614 est
1687 561 1850 615 ultio-

264 649 385 705 nis.
432 647 558 704 lnde
598 650 796 706 factum
824 658 909 705 est
948 658 1007 704 ut
1041 650 1158 717 ejus
1185 650 1488 704 universam
1537 650 1850 719 progeniem

266 757 392 797 non
416 742 588 797 solum
619 743 672 796 in
702 743 767 797 iis
791 743 884 812 qui
922 743 1142 811 proprio
1170 750 1391 811 possent
1416 741 1637 796 arbitrio
1677 741 1850 795 delin-

265 849 468 904 quere,
492 835 585 890 sed
605 836 769 891 etiam
810 836 868 889 in
890 835 1127 904 parvulis
1157 833 1381 888 necdum
1411 833 1626 904 propria
1657 834 1854 887 utenti-

264 924 384 982 bus
426 925 723 989 voluntate,
771 934 954 979 reatus
1002 924 1396 991 obstringeret.
1427 934 1504 991 et,
1532 923 1853 992 praevalente

264 1010 529 1085 peccato,
558 1015 822 1084 ptenalem
852 1015 951 1069 sibi
982 1029 1078 1083 per
1113 1029 1302 1068 omnes
1332 1014 1578 1068 homines
1617 1029 1763 1068 mors
1797 1020 1855 1068 et

264 1105 565 1160 transitum
612 1098 905 1171 vindicaret
945 1114 1001 1158 et
1046 1116 1292 1170 regnum.
1340 1101 1569 1170 Propter
1612 1102 1756 1171 quod
1797 1110 1854 1156 et

264 1193 570 1263 Apostolus
594 1192 751 1248 dicit:
782 1193 882 1248 Per
902 1209 1063 1247 unum
1083 1192 1342 1245 hominem
1361 1200 1625 1260 peccatum
1643 1192 1854 1268 intrauit

264 1286 331 1337 in
361 1284 627 1346 mundum,
673 1292 722 1335 et
759 1299 850 1349 per
877 1291 1139 1349 peccatum
1186 1298 1324 1335 mors
1348 1297 1366 1334 :
1393 1290 1442 1335 et
1480 1281 1553 1349 ita
1596 1266 1863 1343 inomnes'

263 1374 510 1427 homines
533 1387 671 1424 mors
714 1371 1035 1439 pertransiit,
1082 1370 1138 1423 in
1165 1385 1264 1439 quo
1302 1384 1476 1422 omnes
1521 1375 1854 1437 peccaverunt

264 1462 458 1535 (Rom.
505 1477 556 1523 v,
601 1458 711 1529 12).
757 1459 886 1513 Item
925 1459 1057 1514 dicit
1088 1476 1101 1511 :
1137 1457 1387 1528 Regnavit
1427 1474 1564 1511 mors
1594 1456 1657 1509 ab
1688 1457 1854 1511 Adam

263 1568 436 1625 usque
462 1554 530 1606 ad
551 1551 787 1624 Moysen.
819 1551 974 1604 etiam
1003 1551 1058 1602 in
1087 1565 1174 1603 eos
1196 1549 1282 1619 qui
1308 1565 1411 1603 non
1443 1556 1777 1618 peccaverunt
1796 1548 1851 1624 in

264 1644 611 1699 similitudine
634 1642 1073 1713 prrevaricationis
1101 1640 1230 1695 Ada:
1257 1638 1443 1709 (Ibid.,
1474 1636 1584 1706 M).
1617 1637 1855 1693 Pcecaus

263 1734 443 1802 igitur
468 1732 634 1786 homo
662 1740 832 1784 totam
861 1731 914 1784 in
941 1745 1002 1785 se
1029 1738 1255 1798 peccato
1280 1744 1379 1785 suo
1404 1728 1636 1783 subdidit
1665 1742 1855 1797 proge-

1954 557 2065 628 H).
2091 557 2157 613 Ut
2181 573 2310 628 ergo
2330 561 2383 613 in
2407 560 2711 635 hominibus
2731 575 2965 629 quoque,
2998 561 3084 615 ubi
3104 561 3391 615 abundavit
3409 576 3528 631 pec-

1952 656 2130 703 catum
2154 649 2619 719 superabundaret
2664 650 2854 717 gratia,
2886 665 2992 703 non
3020 648 3193 704 solum
3240 649 3366 703 illud
3396 664 3525 721 pec-

1952 748 2132 795 catum
2163 740 2321 794 diluit
2361 756 2471 810 quo
2502 749 2746 794 terrenus
2784 739 2945 793 homo
2987 740 3388 796 universitatem
3416 753 3525 794 sua:

1954 828 2260 898 propaginis
2286 828 2611 897 inquinavit;
2657 826 2751 881 sed
2780 828 2941 881 etiam
2985 827 3141 896 hujus
3166 826 3336 896 gratia
3379 825 3527 881 omni

1952 919 2191 973 credenti
2218 918 2504 972 dimittitur
2528 918 2783 988 quidquid
2815 918 2885 971 illi
2916 919 3159 984 originali
3191 926 3414 988 peccato
3432 916 3529 972 ad-

1952 1007 2121 1065 ditum
2152 1008 2466 1064 voluntariis
2493 1008 2771 1063 hominum
2801 1008 3033 1062 motibus
3054 1009 3139 1062 vel
3166 1007 3527 1077 operibus'in-
3563 1082 3567 1087 θ

1952 1099 2183 1163 venitur.
2227 1098 2342 1154 lloc
2369 1100 2554 1168 utique
2581 1100 2738 1155 docet
2765 1101 2955 1155 beatus
2984 1101 3269 1169 Apostolus
3298 1099 3484 1155 dicens
3508 1115 3525 1154 :

1954 1187 2094 1243 Nam
2110 1190 2364 1259 judicium
2390 1206 2457 1244 ea:
2480 1207 2581 1244 uno
2608 1191 2663 1244 in
2692 1190 3187 1254 condemnationem,
3238 1191 3407 1261 gratia
3428 1205 3527 1243 att-

1953 1287 2052 1332 tem
2080 1295 2144 1332 ea:
2167 1279 2343 1332 multis
2373 1280 2573 1333 delictis
2601 1280 2652 1333 in
2666 1280 3093 1350 justiﬁcationem
3122 1279 3299 1347 (Rom.
3329 1296 3384 1347 v,
3414 1279 3524 1349 16).

1951 1363 2078 1421 Haec
2102 1374 2185 1420 est
2204 1367 2374 1436 gratia
2405 1367 2497 1421 Dei
2521 1382 2641 1437 qua:
2671 1384 2767 1422 nos
2810 1370 3000 1423 liberat
3045 1383 3141 1439 per
3167 1367 3348 1423 Jesum
3375 1362 3532 1425 Cbrii

1951 1465 2092 1511 stum
2116 1456 2402 1511 Dominum
2431 1468 2696 1526 nostrum,
2723 1459 2874 1526 cujus
2903 1459 3086 1527 gratia:
3111 1475 3247 1529 opus
3273 1456 3528 1519 liberator

1951 1547 2069 1615 ipse
2098 1547 2253 1602 nobis
2284 1548 2577 1610 insinuans,
2603 1548 2675 1601 ita
2706 1548 2979 1617 loquitur:
3005 1546 3067 1602 Si
3095 1565 3179 1603 eos
3208 1546 3380 1603 Filius
3399 1547 3531 1602 libe«

1951 1638 2161 1698 rarerit,
2211 1654 2326 1691 vere
2364 1638 2514 1691 liberi
2551 1639 2725 1701 eritis;
2774 1645 2829 1691 et
2875 1637 2981 1691 alio
3012 1637 3131 1692 loco
3162 1654 3175 1690 :
3216 1635 3365 1691 Venit
3392 1638 3527 1691 enim

1951 1723 2121 1780 Filius
2149 1726 2371 1782 hominis
2399 1744 2627 1799 quwrere
2653 1737 2703 1783 et
2728 1729 2924 1783 salvum
2951 1730 3122 1801 facere
3147 1730 3281 1801 quod
3307 1729 3527 1800 perierat

263 1823 439 1887 niem,
486 1819 701 1890 quando
728 1817 1092 1905 delinquendo
1123 1812 1304 1873 veram
1347 1802 1579 1887 perdidit
1623 1817 1847 1872 liberta-
1881 1840 1923 1899 Β
1953 1812 2387 1905 (Luctum-107).

263 1921 384 1966 tem
418 1929 433 1964 :
459 1912 503 1963 Α
523 1927 621 1983 quo
647 1911 786 1964 enim
812 1912 924 1982 quis
953 1910 1176 1965 devictus
1196 1919 1293 1972 est,
1326 1910 1442 1963 huic
1472 1919 1523 1964 et
1558 1925 1734 1964 servus
1761 1910 1851 1963 ad-

263 2000 439 2055 dictus
463 2011 540 2054 est
562 1998 812 2070 (IIrPezr.
844 2016 900 2064 ιι,
937 1999 1057 2070 19);
1085 2007 1162 2064 et,
1203 1997 1386 2054 Omnis
1406 2001 1491 2071 qui
1514 2001 1640 2071 facit
1664 2015 1848 2067 pecca-

264 2100 404 2158 tum,
426 2107 598 2145 servus
618 2100 694 2144 est
721 2091 917 2161 peccati
946 2089 1126 2161 (Joan.
1158 2105 1267 2155 vm,
1297 2089 1411 2157 54).
1798 2162 1801 2165 Α

342 2179 396 2234 5.
420 2180 495 2234 Ab
526 2180 626 2239 hac
646 2180 922 2246 servitute,
947 2195 1054 2248 qua
1083 2190 1108 2217 κ
1133 2188 1415 2234 nascentes
1433 2179 1641 2249 parvuli
1663 2187 1849 2234 tenen-

266 2280 362 2325 tur
386 2271 647 2335 obstricti,
679 2271 827 2325 solns
850 2269 1033 2341 unus!t
1061 2269 1324 2324 mediator
1354 2268 1451 2324 Dei
1484 2279 1539 2324 et
1568 2268 1846 2324 hominum

266 2360 435 2416 homo
448 2361 690 2417 Christus
709 2361 863 2416 Jesus
886 2362 1022 2417 liber
1049 2370 1132 2417 est
1156 2363 1398 2431 genitus;
1423 2363 1515 2434 qui
1544 2362 1671 2418 licet
1690 2377 1849 2419 verus

267 2451 436 2506 homo
465 2459 622 2506 natus
651 2451 831 2517 fuerit,
866 2466 975 2507 non
1003 2459 1184 2506 tamen
1216 2452 1609 2506 interveniente
1649 2465 1849 2506 concu-

268 2538 530 2608 piscentia
554 2539 750 2604 carnis,
797 2554 898 2594 nec
938 2554 1005 2593 ex
1033 2539 1324 2595 concubitu
1351 2540 1512 2595 maris
1538 2548 1595 2595 et
1614 2541 1845 2607 feminae,

267 2628 364 2685 sed
393 2629 461 2683 de
487 2629 693 2699 Spiritu
734 2638 1144 2695 sanctonatus,
1193 2631 1270 2685 ita
1313 2646 1499 2685 veram
1535 2647 1754 2687 carnem
1781 2631 1850 2687 de

267 2732 435 2772 carne
459 2719 646 2772 matris
672 2719 897 2788 accepit,
930 2727 989 2773 ut
1016 2719 1156 2774 Deus
1181 2734 1341 2774 verus
1369 2735 1477 2774 non
1504 2720 1717 2789 culpam
1748 2720 1849 2775 hu-

270 2822 447 2861 mana:
473 2815 708 2861 sumeret
735 2808 976 2876 originis,
1005 2806 1098 2862 sed
1138 2817 1414 2873 naturam;
1444 2815 1502 2862 et
1544 2817 1764 2878 peccata
1792 2810 1848 2867 in

270 2911 500 2967 corpore
525 2912 622 2951 suo
643 2913 751 2952 non
781 2896 1022 2952 facienda
1048 2900 1330 2967 reciperet,
1354 2895 1453 2952 sed
1479 2896 1703 2952 delenda
1730 2913 1851 2968 por-

272 2993 431 3039 taret.
480 2984 802 3055 Apostolicae
848 3000 1081 3055 namque
1141 2986 1538 3055 pmdicationis
1586 2987 1866 3042 veraciter‘

271 3077 563 3131 auctoritas
595 3076 754 3131 docet
781 3076 907 3146 quia
937 3085 1201 3146 peccatum
1238 3093 1343 3130 non
1370 3076 1511 3145 fecit,
1561 3090 1652 3129 nec
1681 3075 1853 3129 inven-

270 3177 352 3220 tus
379 3175 455 3220 est
483 3167 631 3222 dolus
658 3168 713 3220 in
749 3183 839 3221 ore
865 3167 978 3237 ejus
1007 3165 1060 3236 (1
1096 3165 1240 3219 Petr.
1278 3182 1337 3228 tt,
1369 3164 1490 3234 22);
1517 3174 1589 3230 et,
1623 3164 1848 3220 I’eccata
1871 3203 1918 3265 Ο

271 3266 448 3311 nostra
473 3258 583 3325 ipse
608 3255 816 3327 pertulit
840 3256 895 3309 in
923 3271 1136 3325 corpore
1171 3271 1274 3308 suo
1288 3271 1443 3324 super
1466 3255 1680 3326 lignum,
1730 3265 1786 3307 ut
1814 3271 1847 3309 a

271 3347 491 3413 peccatis
518 3346 744 3416 separati
770 3361 886 3417 cum
906 3344 1114 3415 justitia
1142 3344 1366 3398 vivamus
1395 3343 1582 3415 (Ibid.,
1608 3342 1720 3413 24).
1753 3344 1849 3399 So-

167 3444 173 3448 '
271 3438 372 3493 lius
399 3437 515 3506 ejus
552 3447 723 3493 mater
748 3438 886 3493 sicut
912 3438 1063 3506 virgo
1108 3438 1208 3492 fuit
1248 3446 1375 3493 ante
1399 3445 1742 3508 conceptum,
1768 3438 1847 3494 sic
1892 3482 1899 3489 .

178 3521 188 3525 ’
271 3526 419 3593 virgo
447 3526 744 3595 permansit
766 3526 1021 3580 inviolata
1055 3534 1179 3596 post
1207 3532 1421 3595 partum
1453 3543 1466 3579 :
1498 3526 1622 3595 quia
1648 3540 1750 3581 nec
1776 3525 1844 3579 li-

270 3614 505 3670 bidinem
536 3614 702 3668 sensit
747 3629 867 3669 cum
898 3613 1067 3668 Deum
1114 3615 1425 3685 conciperet
1466 3614 1519 3669 in
1567 3624 1723 3670 utero
1766 3614 1845 3669 fa-

269 3712 414 3760 ctum
457 3704 777 3758 mirabiliter
816 3704 1110 3771 hominem,
1155 3720 1256 3761 nec
1283 3706 1517 3776 aliquam
1542 3706 1845 3777 corruptio-

269 3808 390 3849 nem
414 3792 538 3847 dum
564 3793 616 3847 in
644 3806 769 3848 vera
796 3794 965 3848 nostri
985 3794 1196 3862 generis
1212 3810 1372 3850 carne
1393 3804 1607 3865 pareret
1625 3796 1844 3851 humani

269 3883 477 3949 generis
503 3882 938 3953 Redemptorem.
971 3883 1111 3939 Deus
1136 3899 1366 3954 namque
1385 3900 1544 3939 verus
1572 3899 1754 3939 veram
1777 3900 1843 3942 ex

269 3971 471 4039 virgine
496 3971 795 4041 suscipiens
837 3986 1074 4038 carnem,
1123 3971 1505 4042 perfectionem
1543 3989 1608 4028 ex
1638 3988 1703 4029 ea
1742 3974 1844 4030 hu-

269 4059 406 4112 mani
435 4063 678 4129 corporis
710 4061 955 4132 sumpsit,
1007 4061 1325 4129 virginitatis
1367 4063 1417 4117 ei
1463 4063 1688 4130 gratiam
1734 4080 1841 4120 non

271 4146 481 4202 ademit.
508 4147 691 4217 Neque
718 4149 858 4203 enim
879 4148 1103 4204 decebat
1141 4157 1200 4204 ut
1238 4150 1599 4221 integritatem
1626 4151 1844 4221 virgini-

274 4237 394 4292 tatis
419 4226 632 4294 crea'tor
659 4239 904 4293 humana:
932 4240 1079 4295 carni
1102 4240 1245 4295 Deus
1290 4240 1344 4296 in
1364 4299 1368 4303 ι
1391 4241 1701 4297 conditione
1748 4243 1842 4297 tri-

262 4327 476 4393 ‘bueret,
507 4336 562 4383 et
588 4328 726 4382 idem
749 4330 926 4384 carnis
946 4328 1193 4385 humanae
1213 4340 1497 4403 susceptor
1512 4330 1678 4400 Deus,
1699 4333 1841 4401 quod

272 4404 471 4473 le'cerat
496 4418 889 4488 redempturus,
923 4419 1286 4488 virginitatem
1313 4422 1460 4477 carni
1510 4421 1577 4476 de
1606 4437 1710 4492 qua
1741 4439 1839 4477 na-

268 4508 515 4563 scebatur
543 4508 796 4565 auferret.
827 4509 945 4578 Ipse
972 4519 1057 4565 est
1087 4512 1353 4567 secundus
1397 4513 1564 4568 homo
1603 4512 1671 4567 de
1699 4513 1838 4569 caelo

273 4596 325 4669 (1
349 4597 466 4653 Cor.
501 4615 589 4666 xv,
620 4599 732 4670 47),
778 4603 870 4671 qui
912 4619 1020 4658 non
1048 4603 1171 4657 ideo
1197 4603 1265 4658 de
1297 4604 1436 4659 cmlo
1466 4603 1681 4672 dicitur,
1712 4605 1837 4676 quia
1864 4578 1919 4638 Ῑ)

273 4689 391 4743 inde
413 4704 594 4746 secum
622 4691 792 4745 voluit
816 4693 1090 4762 deponere
1125 4693 1475 4748 substantiam
1513 4688 1597 4750 sui
1638 4697 1835 4766 eorpo~

272 4781 369 4847 ris;
397 4781 495 4836 sed
521 4782 646 4851 quia
676 4782 807 4838 nihil
856 4784 909 4837 in
955 4798 1015 4838 se
1059 4791 1286 4839 terrente
1320 4785 1624 4854 cupiditatis
1663 4787 1835 4843 forma

270 4869 404 4923 servi
432 4869 632 4924 habere
653 4872 848 4940 potuit,
879 4886 1040 4941 quam
1067 4871 1119 4926 in
1153 4873 1408 4928 unitatem
1434 4890 1674 4946 persona:
1696 4862 1836 4933 Deus

268 4966 476 5013 creator
495 4960 616 5014 caeli
645 4967 910 5030 terrmque
932 4962 1185 5033 suscepit.

330 5048 453 5105 Car.
486 5066 560 5106 ιιι.
592 5083 665 5094 -
687 5052 739 5106 6.
772 5052 888 5109 Non
914 5068 1043 5125 ergo
1072 5055 1291 5111 cmleste
1317 5071 1512 5128 corpus
1539 5057 1605 5113 ad
1635 5066 1832 5115 terram

266 5135 526 5207 deposuit,
576 5139 670 5194 sed
699 5140 765 5195 ad
795 5142 990 5197 coelum
1020 5143 1160 5198 Deus
1190 5144 1241 5198 in
1271 5158 1329 5199 se
1371 5153 1616 5201 naturam
1651 5162 1832 5203 veram

268 5226 457 5281 terreni
484 5229 725 5298 corporis
751 5230 1000 5286 elevavit.
1026 5231 1175 5289 Hanc
1201 5235 1397 5289 terreni
1427 5237 1670 5306 corporis
1693 5240 1835 5294 veri-

264 5321 421 5369 tatem
450 5314 516 5370 de
553 5324 768 5372 terreno
795 5319 1028 5389 carpere
1055 5322 1244 5377 matris
1267 5324 1555 5394 accipiens,
1589 5326 1642 5379 in
1671 5341 1834 5383 carne

250 5422 348 5467 sua
377 5418 559 5463 nostra
586 5410 743 5495 437
770 5424 991 5482 peccata
1021 5415 1277 5484 portavit,
1307 5431 1431 5472 cum
1473 5432 1579 5471 non
1609 5417 1833 5474 haberet

263 5498 413 5552 ullam
439 5500 526 5554 vel
572 5501 815 5569 originis,
862 5502 949 5558 vel
995 5506 1174 5573 operis
1217 5508 1450 5579 culpam.
1504 5506 1643 5562 Dicit
1686 5508 1828 5564 enim

268 5718 477 5846 ὼῶῗὲξ
495 5735 654 5787 mss;
680 5729 807 5777 tres.
833 5720 958 5776 edd.
984 5735 1115 5777 vero
1144 5730 1317 5790 totum
1348 5722 1547 5783 habent
1560 5723 1828 5793 singulari

1170 5914 1201 5928 ς
1286 5914 1325 5925 ’θ’

2023 1903 2074 1955 7.
2106 1903 2229 1958 llaec
2257 1903 2352 1959 Dei
2381 1905 2571 1973 gratia,
2602 1921 2705 1976 qna
2729 1906 3017 1973 salvamur,
3068 1923 3174 1963 non
3204 1907 3358 1964 alicui
3389 1923 3525 1979 prte-

1948 1992 2159 2049 cedenti
2199 1995 2342 2049 bono
2372 1996 2564 2049 merito
2609 1996 2787 2060 datur,
2838 2012 2939 2052 nec
2988 2006 3163 2051 tamen
3192 1997 3291 2052 nisi
3323 2012 3525 2068 prmce-
3580 2048 3593 2057 .

1947 2082 2094 2137 denti
2152 2083 2293 2138 malo
2319 2085 2512 2138 merito
2556 2083 2872 2153 denegatur.
2900 2080 3133 2140 'Primus
3177 2086 3319 2141 enim
3361 2087 3524 2142 homo

1949 2174 2244 2229 transmisit
2267 2174 2319 2228 in
2348 2190 2537 2229 omnes
2563 2175 2808 2230 homines
2828 2177 3033 2246 peccati
3056 2176 3137 2230 sui
3166 2176 3375 2242 merita,
3398 2189 3524 2245 quo-

1947 2279 2067 2318 rum
2105 2279 2233 2319 caro
2258 2271 2341 2318 est
2372 2264 2440 2319 de
2476 2264 2683 2334 peccati
2713 2264 2831 2332 lege
2857 2274 3140 2335 concepta.
3169 2264 3395 2334 Propter
3421 2264 3525 2321 hoc

1950 2352 2002 2407 in
2030 2352 2265 2422 parvulis
2289 2367 2412 2407 cum
2441 2353 2644 2407 nullum
2671 2353 2742 2407 sit
2769 2368 2838 2407 ex
2866 2354 3080 2423 propria
3112 2354 3385 2407 voluntate
3409 2367 3525 2422 pee-

1950 2452 2148 2507 catum,
2172 2442 2314 2497 inest
2337 2450 2514 2498 tamen
2540 2441 2662 2499 liliis
2687 2443 2778 2498 inn
2798 2444 3086 2499 carnaliter
3105 2444 3297 2513 genitis
3318 2444 3524 2499 macula

1948 2534 2262 2604 parentalis,
2289 2549 2408 2603 qua:
2427 2533 2644 2603 quidem
2662 2535 2805 2590 bene
2829 2535 3146 2606 dispositum
3169 2535 3360 2589 divinae
3384 2550 3525 2591 creao

1949 2624 2112 2676 tionis
2155 2638 2263 2678 non
2308 2624 2588 2694 perturbat
2630 2625 2907 2692 ordinem;
2956 2626 3051 2681 sed
3095 2641 3244 2680 nmvo
3292 2634 3525 2695 pateram

1950 2715 2388 2781 transgressionis
2416 2714 2607 2783 inﬂigit
2634 2723 2826 2770 tetram
2849 2717 3189 2772 nascentibus
3210 2715 3524 2772 fmditatem.

1950 2801 2031 2857 Ab
2070 2802 2157 2856 illa
2189 2803 2347 2871 igitur
2375 2818 2548 2859 massa
2578 2802 2828 2858 damnata
2867 2821 3027 2860 nemo
3065 2804 3360 2860 futurorum
3391 2819 3524 2876 pra:-

1949 2891 2174 2947 scientia
2222 2907 2446 2962 operum
2489 2893 2838 2955 discernitur,
2900 2894 2995 2949 sed
3041 2894 3342 2950 miserantis
3373 2892 3526 2963 .ﬁguli

1950 2996 2054 3051 ope
2081 2989 2244 3052 atque
2272 2996 2435 3051 opere
2462 2987 2791 3051 segregatur.
2842 2979 3135 3053 Propterea
3159 2998 3286 3039 vasa
3314 2983 3525 3039 miseri-

1950 3072 2166 3137 cordizn,
2220 3087 2340 3142 qua:
2378 3072 2446 3127 de
2491 3073 2678 3128 eadem
2723 3088 2899 3129 massa
2948 3074 3116 3142 gratis
3164 3074 3217 3128 in
3264 3073 3524 3129 honoret:

1951 3164 2104 3233 ﬁunt,
2133 3180 2163 3219 a
2185 3165 2327 3220 vasis
2343 3166 2435 3220 ira:
2456 3166 2509 3220 in
2530 3165 2908 3221 contumeliam
2934 3166 3086 3221 factis
3105 3165 3350 3235 gratuita:
3369 3166 3519 3241 justi-

1951 3254 2220 3310 licationis
2246 3270 2467 3310 munere
2494 3264 2867 3311 secernuntur.
2916 3255 2995 3310 Ad
3022 3255 3409 3311 ostendendam
3431 3272 3522 3313 an-

1948 3352 2056 3399 tem
2083 3344 2332 3412 gratiam,
2379 3359 2499 3413 qute
2546 3345 2711 3414 gratis
2748 3343 3010 3415 justiticat
3034 3353 3359 3415 peccatores,
3388 3352 3522 3416 ‘apo-

1946 3435 2136 3490 stolica
2169 3433 2477 3504 praedicatio
2507 3449 2615 3489 non
2642 3449 2770 3488 vasa
2794 3434 3032 3503 justitim,
3064 3433 3162 3489 sed
3190 3448 3315 3489 vasa
3361 3435 3522 3490 mise-

1946 3524 2192 3580 ricordiae
2242 3532 2536 3595 nuncupat,
2581 3525 2741 3580 beato
2791 3523 2957 3581 Paulo
3004 3525 3216 3580 dicente
3254 3543 3267 3577 :
3304 3522 3522 3589 Quodsi

1945 3615 2117 3669 volens
2143 3612 2281 3668 Deus
2301 3614 2567 3668 ostendere
2591 3618 2745 3681 iram,
2772 3624 2822 3668 et
2849 3625 3024 3671 notam
3051 3618 3221 3686 facere
3245 3617 3522 3686 potentiam

1946 3720 2113 3768 suam,
2149 3706 2391 3758 sustinuit
2419 3705 2473 3758 in
2497 3705 2660 3757 multa
2688 3705 2940 3776 patientia
2981 3722 3104 3759 vasa
3142 3706 3236 3757 ira:
3263 3712 3442 3774 aptata
3468 3707 3521 3760 in

1943 3796 2243 3851 interitum:
2270 3804 2328 3849 ut
2356 3796 2641 3851 ostenderet
2664 3797 2876 3851 divitias
2894 3797 3075 3868 gloria:
3094 3800 3264 3853 amrin
3280 3798 3415 3851 vasis
3426 3799 3521 3852 mi-

1944 3885 2260 3950 sericordiaz,
2290 3902 2403 3956 quw
2425 3887 2736 3956 prazpararit
2780 3887 2833 3940 in
2861 3888 3080 3958 gloriam
3112 3889 3293 3959 (Rom.
3326 3906 3399 3956 ιχ,
3427 3888 3520 3957 22,

1942 3974 2057 4046 23).
2085 3974 2190 4028 Ista
2222 3976 2587 4029 misericordia
2615 3977 2882 4029 neminem
2935 3978 3133 4046 reperit
3159 3978 3395 4048 dignum,
3428 3979 3520 4035 sed

1943 4078 2133 4119 omnes
2170 4063 2415 4131 indignos
2442 4065 2664 4129 invenit,
2710 4073 2763 4118 et
2793 4079 2859 4119 ex
2901 4065 3050 4133 ipsis,
3098 4074 3234 4134 Quos
3262 4066 3517 4130 voluerit,

1941 4154 2131 4223 dignos
2160 4152 2305 4210 facit.

2009 4247 2140 4303 Car.
2174 4264 2244 4303 IV.
2276 4248 2347 4291 -‘—
2374 4246 2428 4302 8.
2478 4246 2591 4303 Hac
2612 4248 2976 4303 misericordia
3006 4259 3307 4319 praeventus
3331 4249 3518 4315 Iacob,

1942 4355 2049 4395 non
2074 4338 2367 4395 secundum
2416 4330 2665 4394 meritum
2699 4341 2953 4408 pneteriti
3002 4356 3095 4395 seu
3128 4342 3290 4396 futuri
3337 4343 3519 4411 cujus-

1940 4443 2101 4498 quam
2125 4428 2342 4487 bumani
2387 4430 2585 4499 operis,
2618 4430 2725 4484 sed-
2741 4429 3035 4484 secundum
3067 4432 3397 4500 propositum
3425 4430 3519 4489 Dei

1939 4516 2404 4588 przedestinantis,
2453 4518 2763 4588 priusquam
2814 4529 3125 4574 nasceretur
3167 4523 3368 4577 electus
3415 4531 3514 4577 est.

1943 4608 2081 4663 Dicit
2107 4607 2248 4663 enim
2278 4607 2566 4677 Apostolus
2592 4609 2735 4676 quia,
2771 4609 2890 4662 dum
2934 4610 3159 4664 nondum
3190 4613 3301 4664 nati
3328 4622 3514 4678 essent,

1942 4706 2032 4751 aut
2070 4697 2267 4768 aliquid
2295 4701 2517 4769 egissent
2544 4698 2663 4752 boni
2700 4708 2787 4752 aut
2830 4701 2973 4766 ntali,
3017 4709 3071 4753 ut
3110 4702 3389 4755 secundum
3412 4703 3509 4757 ele-

1942 4791 2160 4844 ctionem
2205 4790 2524 4859 propositum
2567 4790 2657 4843 Dei
2694 4801 2951 4855 maneret,
3004 4808 3104 4845 non
3156 4807 3221 4845 ea:
3259 4791 3515 4860 aperibus,

1939 4877 2033 4932 sed
2059 4893 2123 4930 ex
2143 4886 2356 4932 vocante
2374 4878 2567 4930 dictum
2593 4886 2669 4931 est
2698 4868 2961 4946 Rebeccw,
2993 4880 3114 4952 quia
3141 4880 3310 4950 major
3337 4881 3515 4936 service

1937 4969 2129 5024 minori
2176 4966 2363 5037 (Ibid.,
2390 4967 2449 5021 11
2490 4979 2539 5023 et
2567 4975 2720 5040 seq.).
2767 4968 2833 5024 Ut
2860 4985 2988 5040 ergo
3017 4971 3191 5035 minor
3217 4972 3384 5027 frater
3406 4986 3512 5025 ma-

1898 5057 2039 5135 .jori
2086 5058 2235 5113 fratri
2273 5060 2615 5131 prml'erretur
2657 5078 2688 5116 a
2726 5063 2857 5128 Deo,
2905 5080 3078 5134 neque
3121 5065 3375 5136 prmteriti
3421 5063 3519 5119 fuit

1937 5148 2250 5218 cujusquam
2296 5148 2569 5215 meritum,
2616 5167 2789 5221 neque
2819 5140 2978 5208 futuri
3023 5156 3202 5225 operis
3226 5194 3242 5219 ,
3275 5154 3518 5223 quando-

1935 5237 2152 5309 quidem
2181 5253 2247 5294 ex
2278 5255 2385 5295 uno
2422 5240 2662 5308 legitimo
2703 5243 2956 5312 justeque
2999 5244 3289 5300 concubitu
3336 5253 3518 5302 reatus

1935 5337 2320 5399 conceptorum
2342 5340 2593 5388 manebat
2613 5334 2851 5404 mqualis.
2875 5334 3057 5390 Gratia
3088 5336 3247 5405 igitur
3270 5335 3374 5393 hoc
3393 5336 3517 5393 fecit

1934 5419 2192 5476 bonitatis
2218 5421 2409 5477 divina:
2442 5441 2454 5476 :
2486 5438 2606 5494 qua:
2635 5440 2906 5493 nunquam
2937 5427 3014 5482 sic
3041 5426 3165 5482 data
3192 5438 3297 5493 est,
3332 5437 3390 5484 ut
3418 5429 3516 5501 ali-

1935 5526 2037 5583 qua
2067 5511 2121 5567 in
2149 5511 2368 5569 homine
2413 5514 2552 5570 bona
2597 5515 2787 5570 merita
2828 5507 3110 5587 reperiret,
3164 5520 3258 5576 sed
3305 5528 3364 5577 ut
3394 5537 3512 5597 non

1932 5766 1935 5773 ~
2011 5728 2035 5767 ι’
2062 5727 2197 5787 Edd.
2228 5748 2332 5787 non
2362 5734 2578 5800 habent,
2609 5750 2759 5788 nnns.
2788 5733 2910 5789 Mss.
2943 5735 3162 5812 habent;
