4130 6458
612 356 713 414 607

1759 343 2120 404 παρείπῃ
2157 339 2460 396 EPISCOPI
2500 337 2867 393 RUSPENSIS

3765 338 3894 390 608'

612 471 931 527 habentibus
979 471 1092 540 ipsa
1122 466 1413 524 conferret.
1463 465 1520 519 Si
1568 463 1710 518 enim
1745 467 1989 515 cessante
2015 454 2186 524 gratia
2217 456 2262 514 Α
2290 455 2406 518 ejus
2432 465 2594 518 super
2623 458 2819 540 terram
2850 446 2969 518 (Job
2991 460 3117 540 Διξν,
3140 445 3194 540 :5,
3218 446 3372 515 juxta
3403 443 3606 540 j;
3640 447 3736 501 sed
3757 449 3878 517 ipse

614 580 710 632 per
737 564 907 617 solam
929 577 1152 632 operum
1178 557 1566 630 prmscientiam
1596 555 1952 608 humanorum
1983 549 2035 602 in
2065 562 2189 616 par-

615 654 750 708 vulis
781 654 883 707 alis
906 653 1059 707 unius
1081 648 1313 718 eligendi
1340 658 1392 702 et
1413 646 1634 700 alterius
1658 639 1978 712 reprobandi
2004 639 2202 692 fuisset

617 744 752 796 facta
798 743 1069 807 discretio,
1119 754 1387 803 nunquam
1439 736 1665 789 dixisset
1694 733 2026 804 Apostolus:
2063 730 2188 798 quia

617 849 718 886 non
747 849 810 885 ea:
832 830 1085 901 operibus,
1113 829 1203 883 sed
1227 846 1291 882 ex
1312 836 1521 881 vocante
1543 826 1732 878 dictant
1752 832 1826 877 est
1850 825 1915 886 ei,
1947 822 2067 893 quia
2088 837 2193 873 ma-

617 925 698 991 jor
722 925 905 976 serviet
930 922 1136 976 minori.
1163 920 1324 990 438
1345 918 1421 972 Ex
1443 918 1696 987 operibus
1720 916 1863 970 enim
1889 914 2004 968 sine
2030 911 2192 966 dubio

618 1012 907 1081 Apostolus
934 1011 1174 1073 dixisset,
1208 1010 1253 1064 si
1283 1009 1581 1062 futurorum
1610 1006 1798 1061 saltem
1828 1005 1900 1059 ibi
1930 1004 2192 1058 humano-

619 1117 735 1154 rum
761 1117 982 1170 operum
1014 1101 1152 1154 bona
1183 1099 1371 1153 merita
1403 1097 1762 1166 cognovisset.
1804 1094 1910 1149 Sed
1938 1091 2194 1162 quoniam

619 1194 672 1246 in
717 1199 945 1260 utroque
991 1191 1108 1245 sola
1146 1189 1509 1244 damnationis
1559 1188 1734 1241 inesse
1782 1183 1971 1238 merita
2017 1181 2192 1245 scivit,

619 1280 896 1334 electionis
912 1294 1128 1334 causam
1144 1278 1243 1332 soli
1258 1277 1537 1347 proposito
1559 1276 1750 1329 divina:
1768 1271 2022 1327 bonitatis
2044 1269 2199 1324 attri-

620 1371 752 1424 buit.
780 1371 1044 1435 Quocirca
1075 1385 1139 1424 ex
1169 1369 1378 1422 duobus
1399 1367 1514 1422 istis
1543 1366 1815 1431 fratribus,
1836 1377 1973 1432 quos
1999 1377 2067 1416 ex
2090 1375 2199 1414 uno

619 1462 905 1516 concubitu
950 1459 1099 1514 Isaae
1147 1459 1312 1528 patris
1360 1457 1530 1512 nostri
1573 1472 1708 1511 unus
1746 1456 1798 1508 in
1837 1453 2042 1507 semine
2072 1466 2200 1506 con-

619 1560 805 1620 ceptus
852 1550 1079 1619 accepit,
1129 1565 1266 1603 unus
1310 1549 1362 1602 in
1405 1549 1578 1602 lucem
1620 1553 1806 1616 partus
1835 1542 2040 1608 effudit,
2086 1541 2200 1596 sola

621 1658 781 1711 quem
807 1642 977 1696 voluit
1002 1657 1031 1695 a
1054 1656 1226 1694 massa
1250 1638 1608 1693 damnationis
1630 1634 1996 1691 misericordia
2023 1632 2201 1685 divina

621 1732 907 1786 discrevit:
938 1731 1020 1784 cui
1050 1729 1387 1799 patrocinata
1423 1733 1506 1781 est
1531 1725 1886 1795 gratuitorum
1917 1719 2202 1791 prmdesti-

2291 555 2505 608 quoque
2533 539 2743 606 generis
2789 536 3005 591 humani
3053 535 3319 604 legitimus
3348 536 3710 606 nuptialisque
3736 553 3880 591 con-

2291 637 2480 698 ceptus
2501 644 2610 682 non
2638 627 2709 680 sit
2737 641 2767 680 a
2797 626 2956 695 culpa
2981 626 3275 695 iniquitatis
3303 634 3611 680 extraneus.

2366 717 2452 770 10.
2482 716 2628 770 Sane
2655 717 2743 771 hic
2772 716 2948 770 nullus
2975 715 3300 769 calumniam
3343 717 3553 770 veritati
3591 723 3746 783 putet
3775 714 3881 769 ali-

2291 813 2554 875 quatenus
2579 803 2972 874 opponendam.
3005 803 3113 860 Nos
3137 804 3280 859 enim
3307 814 3615 859 sanctorum
3648 803 3881 859 Patrum

2292 903 2600 964 sequentes,
2628 895 2738 949 Deo
2759 894 3064 964 adjuvante,
3097 895 3414 959 doctrinam,
3440 896 3719 965 originalis
3746 912 3881 966 pec-

2294 985 2398 1038 cati
2438 984 2701 1038 maculam
2731 985 2784 1038 in
2813 994 3087 1054 conceptu
3106 1001 3229 1056 esse
3252 986 3478 1040 dicimus
3506 987 3886 1056 parvulorum,

2295 1087 2404 1127 non
2427 1073 2479 1125 in
2501 1072 2786 1127 concubitu
2813 1053 3052 1142 legitimo
3071 1053 3399 1142 nuptiarum,
3426 1053 3655 1143 quarum
3679 1077 3884 1129 bonum

2298 1163 2366 1217 ab
2417 1163 2571 1218 initio
2617 1164 2830 1230 generis
2875 1162 3038 1234 439
3065 1164 3281 1217 humani
3331 1165 3583 1220 divmitus
3634 1168 3888 1220 novimus

2299 1257 2624 1312 institutum.
2661 1256 2886 1326 Propter
2914 1259 3017 1311 hoe
3042 1269 3096 1311 et
3124 1258 3418 1326 apostolica
3445 1258 3690 1312 doctrina
3722 1260 3891 1314 hono-

2299 1347 2468 1402 rabile
2529 1347 2852 1402 connubium
2900 1347 2952 1401 in
2993 1348 3241 1401 omnibus
3281 1356 3336 1402 et
3385 1357 3561 1402 torum
3611 1350 3877 1404 immacn-

2300 1439 2469 1492 latum
2517 1438 2634 1495 sine
2678 1437 3019 1492 dubitatione
3057 1437 3402 1492 commendat
3437 1438 3622 1510 (Hebr.
3664 1453 3779 1505 xm,
3811 1440 3886 1509 Δ).

2302 1532 2436 1588 Cum
2489 1533 2650 1602 igitur
2681 1533 2880 1601 nuptiae
2926 1531 3265 1586 laudabiliter
3299 1547 3330 1585 a
3359 1532 3482 1586 Deo
3498 1533 3599 1588 sibi
3629 1535 3890 1587 tributam

2303 1627 2617 1697 possideant
2645 1627 2696 1680 in
2723 1624 2827 1680 ﬁde
2847 1634 2902 1679 et
2919 1625 3144 1680 caritate
3172 1625 3377 1694 prolem
3400 1625 3675 1691 mundam,
3711 1635 3892 1681 tamen

2306 1717 2471 1770 edunt
2500 1724 2724 1785 peccato
2753 1715 2909 1786 primi
2932 1715 3173 1777 hominis
3202 1714 3556 1783 inquinatam.
3588 1716 3664 1770 De
3694 1718 3894 1786 nuptiis

626 1825 772 1878 natio
820 1838 1118 1887 munerum,
1165 1836 1273 1875 non
1319 1819 1616 1874 futurorum
1663 1815 1997 1886 praescientia
2036 1813 2206 1868 meri-
2235 1821 2282 1880 Β
2309 1821 2436 1874 ergo
2462 1807 2616 1862 bonis
2661 1821 2830 1874 usque
2859 1806 2996 1860 adeo
3025 1805 3224 1859 bonum
3253 1815 3335 1859 est
3361 1806 3504 1874 quod
3529 1807 3698 1860 homo
3722 1809 3894 1860 nasci-

627 1922 821 1967 torum.
874 1912 962 1968 Sic
1003 1912 1144 1966 enim
1193 1909 1486 1965 secundum
1526 1907 1844 1962 electionem
1870 1904 2206 1976 propositum

627 2005 722 2060 Dei
751 2005 964 2069 mansit,
991 2015 1048 2058 ut
1067 2019 1133 2058 ex
1155 2002 1434 2073 proposito
1456 2000 1551 2055 Dei
1575 1999 1807 2067 gratuita
1831 1998 1970 2053 foret
1989 1997 2203 2052 electio.

630 2096 891 2152 Voluntas
919 2097 1061 2151 enim
1102 2096 1196 2150 Dei
1225 2109 1388 2150 causa
1418 2101 1500 2148 est
1527 2091 1824 2158 electionis,
1862 2106 1970 2145 non
2015 2087 2208 2144 electio

628 2204 788 2244 causa
823 2197 905 2241 est
932 2187 1241 2241 voluntatis.
1274 2185 1364 2240 Sic
1391 2193 1568 2239 autem
1599 2181 1699 2237 fuit
1743 2183 1799 2236 in
1843 2183 2017 2237 electo
2045 2182 2210 2248 gratis

629 2279 932 2334 misericors
959 2277 1121 2346 Deus,
1171 2286 1228 2334 ut
1276 2279 1330 2332 in
1378 2276 1580 2345 rejecto
1611 2291 1719 2331 non
1767 2282 1913 2330 esset
1958 2275 2206 2344 injustus.

632 2372 809 2424 Unum
839 2369 978 2424 enim
1005 2369 1171 2437 gratis
1191 2368 1498 2436 assumpsit,
1531 2366 1758 2420 alterum
1784 2365 1926 2435 juste
1950 2364 2208 2420 deseruit.

635 2459 902 2515 UanCI‘SIB
929 2461 1126 2529 quippe
1153 2459 1248 2512 via:
1270 2457 1482 2512 Domini
1526 2455 1895 2512 misericordia
1923 2463 1977 2510 et
2009 2453 2210 2510 veritas

634 2548 807 2604 tPsal.
833 2566 975 2615 xxw,
1002 2548 1110 2620 10).

703 2639 757 2694 9.
788 2639 1007 2694 Bonitas
1035 2653 1164 2707 ergo
1193 2637 1359 2706 gratis
1386 2637 1694 2692 miserantis
1724 2634 1841 2698 Dei,
1866 2643 1922 2690 et
1951 2633 2212 2689 severitas

623 2723 770 2790 iuste
792 2729 1102 2799 judicantis,
1133 2727 1260 2784 fecit
1287 2738 1346 2782 ut
1372 2744 1473 2784 nec
1499 2729 1658 2783 ambo
1685 2729 1992 2797 acciperent
2011 2725 2213 2793 gratui-

633 2830 743 2874 tum
771 2821 1146 2875 misericordia:
1192 2819 1421 2882 donum,
1463 2835 1637 2888 neque
1667 2835 1830 2874 unum
1860 2818 2020 2873 simul
2045 2817 2211 2872 sorti-

640 2913 818 2961 ‘cn'tur
847 2908 1140 2973 interitum,
1173 2923 1295 2962 cum
1325 2908 1660 2976 originaliter
1691 2922 1851 2962 causa
1890 2921 1996 2960 una
2030 2906 2214 2959 fuisset

633 3006 933 3053 amborum.
967 2998 1195 3069 Pr0pter
1222 3000 1324 3054 hoc
1353 3001 1517 3054 etiam
1547 3016 1643 3070 per
1668 3001 2007 3071 prophetam,
2039 2999 2213 3068 prius-

633 3109 793 3160 quam
816 3092 1101 3159 diceretur,
1132 3092 1292 3147 Jacob
1321 3093 1502 3158 dilexi,
1531 3093 1674 3146 Esau
1695 3103 1866 3145 autem
1893 3091 2012 3145 odio
2035 3091 2208 3154 habui,
2273 3153 2278 3158 _

2312 1906 2420 1965 tur,
2469 1905 2530 1950 ut
2576 1896 2792 1962 malum
2826 1911 2934 1949 non
2981 1895 3051 1949 sit
3079 1895 3287 1949 etiamsi
3317 1893 3383 1949 de
3417 1895 3686 1949 adulterio
3716 1895 3802 1948 vel
3831 1896 3895 1948 de

2311 1987 2668 2042 fornicatione
2709 1993 2976 2040 nascatur.
3027 1985 3166 2039 Deus
3208 1985 3351 2039 enim
3396 1985 3644 2039 humanm
3692 1999 3910 2037 natura:-

2310 2076 2654 2132 fecunditatis
2695 2075 2897 2130 donum
2936 2074 3189 2139 contulit;
3242 2074 3473 2129 libidinis
3517 2090 3646 2128 vero
3698 2073 3895 2126 malum

2311 2183 2419 2222 non
2446 2175 2528 2222 est
2570 2173 2816 2220 creatura
2848 2164 2962 2232 Dei,
2993 2164 3086 2218 sed
3117 2179 3274 2234 pmna
3305 2165 3534 2234 peccati.
3570 2162 3809 2218 Proinde
3834 2164 3896 2217 de

2311 2256 2567 2312 munditia
2593 2255 2621 2294 δ
2651 2255 2960 2325 nuptiarum
3002 2255 3231 2309 mundus
3274 2255 3438 2309 homo
3481 2271 3588 2309 non
3632 2255 3891 2318 nascitur,

2310 2351 2434 2420 quia
2465 2349 2863 2405 interveniente
2905 2348 3124 2403 libidine
3164 2359 3186 2386 ε
3218 2349 3532 2403 seminatur.
3577 2348 3750 2415 Quam
3782 2349 3901 2402 libi-

2311 2431 2493 2498 dinem
2539 2441 2792 2512 nuptialis
2831 2441 3086 2495 honestas
3126 2440 3310 2510 utique
3360 2457 3467 2494 non
3501 2449 3670 2504 amat,
3720 2441 3817 2494 sed
3847 2443 3897 2494 in

2313 2533 2513 2603 nuptiis
2570 2531 2815 2587 mortalis
2869 2531 3274 2600 propagationis
3329 2531 3626 2585 necessitas
3677 2533 3893 2585 tolerat.

2313 2622 2430 2693 Ipsa
2461 2629 2756 2691 conceptos
2783 2620 2995 2690 polluit,
3026 2620 3234 2674 etiamsi
3273 2629 3597 2688 generantes
3625 2619 3897 2674 ﬁdeles-ad

2313 2716 2510 2769 illicita:
2539 2712 2938 2768 commixtionis
2966 2713 3213 2766 effectum
3246 2715 3457 2767 trahere
3478 2729 3540 2767 ac
3563 2713 3896 2783 praecipitare

2314 2821 2420 2859 non
2447 2804 2636 2874 possit.
2669 2802 2749 2856 Ob
2777 2803 2880 2856 hoc
2908 2810 3126 2856 sanctus
3151 2802 3336 2867 David,
3365 2802 3604 2870 legitimo
3647 2802 3897 2871 fidelique

2314 2895 2584 2952 connubio
2614 2902 2791 2957 natus,
2824 2909 2929 2947 nor:
2952 2894 3068 2948 sine
3095 2894 3242 2962 gravi
3274 2893 3460 2948 dolore
3482 2894 3750 2948 maculam
3781 2911 3899 2948 car-

2315 2986 2452 3040 nalis
2482 2985 2848 3053 generationis
2882 2985 2953 3037 ita
2981 2983 3225 3052 deplorat
3254 3002 3265 3034 :
3299 2983 3434 3037 Ecce
3461 2987 3598 3038 enim
3623 2986 3677 3037 in
3707 2985 3897 3056 iniqui-

2317 3075 2504 3128 tatibus
2528 3084 2798 3145 conceptus
2829 3091 2960 3138 sum,
2994 3083 3043 3127 et
3070 3075 3121 3127 in
3152 3075 3352 3128 delictis
3384 3075 3476 3146 (al.
3509 3079 3760 3146 peccatis)
3797 3093 3901 3128 nia-

633 3197 742 3237 noa
770 3185 950 3253 operis
980 3183 1206 3252 alicujus
1243 3184 1520 3252 pneteriti,
1564 3183 1650 3238 vel
1681 3181 1864 3248 futuri,
1915 3182 2009 3236 sed
2051 3181 2212 3237 solius

2319 3177 2397 3220 ter
2418 3184 2530 3220 mea
2556 3168 2610 3220 in
2635 3175 2779 3220 utero
2809 3183 2888 3255 me
2916 3167 3046 3220 aluit
3076 3165 3244 3236 (Psal.
3279 3185 3331 3229 ι,
3365 3169 3441 3237 7).

637 3274 981 3343 propheticus
1002 3289 1180 3328 sermo
1221 3275 1479 3343 praemisit
1508 3275 1720 3341 generis
1748 3274 2110 3337 mentionem;
2142 3273 2216 3326 ita

639 3363 894 3418 Malachia
941 3363 1236 3432 loquente:
1271 3361 1462 3416 Nonne
1509 3365 1672 3433 frater
1712 3372 1824 3415 erat
1849 3345 2011 3416 Iacob
2037 3361 2215 3426 Esau;

639 3471 683 3506 et
713 3454 876 3508 Jacob
921 3455 1102 3519 dilexi,
1143 3453 1285 3508 Esau
1315 3464 1483 3508 autem
1513 3455 1630 3509 odio
1672 3455 1845 3520 habui,
1887 3455 2009 3508 dicit
2040 3455 2219 3508 Domi-

640 3559 735 3596 nus
761 3542 983 3610 (Malae.
1015 3560 1050 3608 ι,
1081 3544 1172 3614 2)?
1201 3543 1308 3598 Cur
1337 3545 1496 3612 igitur
1523 3546 1610 3602 hic
1637 3561 1744 3599 non
1785 3546 1964 3614 aliqua
1994 3561 2218 3615 operum

640 3631 943 3700 diversitas,
973 3633 1065 3688 sed
1087 3634 1201 3688 sola
1223 3636 1556 3690 nascentium
1587 3635 1896 3692 fraternitas
1920 3637 2216 3702 intimatur,

641 3740 760 3778 cum
789 3727 960 3795 magis
988 3735 1043 3781 et
1073 3727 1213 3781 illius
1240 3728 1330 3796 qui
1359 3728 1587 3784 dilectus
1625 3737 1708 3784 est
1745 3729 1884 3784 bona
1927 3744 2109 3799 opera,
2164 3737 2222 3782 et

641 3814 780 3870 illius
803 3815 941 3870 mala
967 3818 1057 3884 qui
1084 3816 1208 3872 odio
1237 3819 1448 3873 habitus
1475 3826 1579 3885 est,
1601 3821 2013 3876 commemorari
2029 3821 2222 3874 debue-

641 3913 766 3978 rint,
823 3923 883 3969 ut
910 3930 1009 3970 nec
1035 3915 1088 3968 in
1117 3914 1210 3969 illo
1239 3915 1330 3984 qui
1359 3915 1587 3970 dilectus
1615 3924 1698 3970 est
1736 3916 2036 3986 personalis
2063 3929 2219 3970 acce-

641 4005 772 4073 ptio,
802 4019 901 4062 nec
923 4005 974 4058 in
1003 4019 1070 4059 eo
1097 4005 1188 4075 qui
1217 4005 1538 4076 reprobatus
1590 4014 1673 4061 est
1719 4006 1913 4074 injusta
1961 4005 2222 4061 condem-

642 4095 789 4149 natio
817 4097 1140 4163 putaretur?
1164 4094 1492 4150 F‘raternitas
1517 4097 1660 4150 enim
1699 4097 1899 4150 nullam
1923 4097 1976 4150 in
2005 4112 2064 4151 se
2093 4111 2224 4165 ope-

643 4200 760 4238 rum
805 4185 1168 4240 diversitatem
1214 4187 1512 4254 signiﬁcat,
1563 4202 1669 4256 qua
1715 4203 1880 4242 unum
1929 4187 1996 4241 ab
2043 4187 2216 4240 altero

643 4273 956 4328 meritorum
1001 4275 1405 4344 comparatione
1443 4276 1733 4331 discernat.
1798 4276 1914 4330 Non
1961 4277 2031 4330 ob
2079 4275 2223 4329 aliud

644 4377 795 4429 ergo,
825 4364 1028 4432 absque
1077 4367 1592 4420 commemoratione
1621 4381 1870 4435 operum,
1921 4381 1988 4420 ex
2015 4365 2225 4420 duobus

643 4454 868 4521 geminis
898 4453 1149 4510 fratribus
1191 4471 1356 4509 unum
1385 4471 1445 4510 se
1494 4455 1766 4519 dilexisse,
1821 4455 2050 4510 alterum
2100 4455 2224 4510 odio

2389 3279 2518 3334 CAP.
2551 3297 2601 3333 v.
2633 3313 2704 3321 —
2729 3279 2815 3332 il.
2847 3279 2976 3346 Qua:
3005 3295 3126 3333 cum
3156 3281 3229 3333 ita
3259 3295 3319 3334 se
3345 3281 3603 3348 habeant,
3634 3282 3752 3336 ﬁeri
3799 3299 3902 3336 non

2319 3381 2499 3444 potest
2527 3380 2586 3426 ut
2613 3371 2854 3442 quisquis
2893 3370 2945 3424 in
2999 3362 3370 3439 iniquitatibus
3414 3373 3742 3441 concipitur,
3791 3373 3904 3426 sine

2321 3464 2614 3534 iniquitatis
2667 3462 2993 3530 obligatione
3041 3470 3312 3516 nascatur.
3337 3462 3416 3516 Ab
3446 3463 3546 3518 hac
3572 3473 3631 3518 ut
3659 3465 3905 3519 absolve-

2321 3565 2471 3610 retur
2515 3554 2704 3620 Jacob,
2734 3552 2872 3608 Esau
2924 3554 3238 3623 reprobato,
3271 3553 3414 3607 nulla
3468 3553 3691 3609 fuerunt
3720 3556 3902 3610 merita

2322 3646 2576 3710 hominis,
2608 3645 2703 3699 sed
2731 3643 2925 3698 divina:
2945 3645 3116 3712 gratia
3138 3644 3414 3698 bonitatis.
3448 3644 3770 3700 Circumcisi
3796 3647 3906 3715 qui-

2323 3735 2447 3789 dem
2499 3741 2623 3788 sunt
2670 3736 2830 3788 ambo
2860 3733 2912 3787 in
2943 3748 3177 3802 corpore
3231 3733 3646 3787 circumcisione
3678 3734 3906 3799 visibili,

2321 3839 2441 3892 qua:
2465 3824 2517 3876 in
2545 3823 2874 3890 signaculum
2894 3821 3115 3891 justitim
3145 3819 3265 3875 fidei
3291 3820 3472 3892 (Rom.
3504 3838 3575 3886 tv,
3607 3822 3699 3891 Η)
3735 3823 3909 3892 priore

2324 3923 2566 3984 tempore
2596 3913 2836 3982 patribus
2869 3913 3069 3967 nostris
3095 3921 3178 3967 est
3195 3913 3447 3967 divinitus
3477 3913 3763 3967 attributa.
3797 3913 3907 3967 Cir-

2325 4003 2711 4059 cumcisionem
2733 4019 2864 4058 vero
2880 4003 3074 4066 cordis,
3093 4019 3212 4072 qua:
3233 4012 3314 4058 est
3335 4005 3386 4058 in
3410 4005 3624 4072 spiritu,
3645 4021 3757 4058 non
3775 4006 3908 4058 litte-

2322 4109 2404 4161 ra,
2417 4091 2692 4161 cujuslaus
2705 4108 2810 4146 non
2824 4106 2888 4146 ex
2906 4091 3231 4154 hominibus,
3246 4091 3341 4145 sed
3355 4108 3421 4145 ex
3439 4093 3550 4146 Deo
3563 4095 3680 4162 est(
3689 4093 3842 4146 Rom.
3856 4109 3910 4155 ιι.

2324 4183 2596 4253 29),solus
2613 4182 2779 4237 Jacob
2797 4197 2826 4234 a
2853 4181 2963 4236 Deo
2979 4181 3145 4248 gratis
3161 4180 3710 4250 justilicatusaccepit
3729 4199 3744 4246 ;
3777 4180 3910 4234 Esau

2325 4292 2456 4331 vero
2483 4290 2788 4346 quanquam
2828 4273 2990 4329 fuerit
3017 4281 3072 4327 et
3105 4276 3220 4343 ipse
3260 4273 3313 4328 in
3342 4289 3505 4328 carne
3541 4275 3912 4339 circumcisus,

2327 4384 2436 4423 non
2457 4375 2538 4422 est
2567 4375 2747 4420 tamen
2766 4365 2960 4419 divinae
2985 4364 3286 4420 dilectionis
3314 4374 3370 4419 et
3398 4365 3689 4419 electionis
3719 4365 3863 4419 doho
3886 4380 3913 4414 a

2327 4472 2504 4512 massa
2533 4455 2850 4526 perditionis
2869 4464 3145 4525 exceptus.
3174 4455 3231 4509 In
3251 4471 3360 4524 quo
3386 4455 3603 4525 quidem
3634 4456 3915 4510 circumci-

647 4544 895 4598 habuisse
946 4543 1087 4599 Deus
1133 4546 1384 4611 ostendit,
1436 4545 1537 4600 nisi
1578 4553 1636 4599 ut
1663 4558 2077 4612 agnosceremus
2126 4560 2224 4614 per
2251 4560 2304 4618 Ῑ)
2327 4548 2408 4602 sio
2429 4547 2663 4601 carnalis
2692 4545 2823 4611 fuit;
2855 4545 2950 4601 sed
3001 4546 3200 4600 idcirco
3230 4561 3336 4599 non
3381 4546 3606 4614 profuit,
3637 4547 3768 4614 quia
3797 4560 3916 4600 eum

645 4635 1016 4704 conceptionis
1044 4635 1444 4704 nativitatisque
1471 4635 1823 4697 consortium,
1867 4648 1974 4702 quo
2002 4641 2218 4688 consta~

650 4727 742 4781 bat
771 4727 1050 4783 amborum
1095 4728 1418 4794 fraternitas,
1470 4730 1584 4799 pari
1625 4729 1818 4784 merito
1849 4736 2133 4797 utrumque
2167 4728 2221 4781 in

648 4816 735 4868 illa
761 4831 936 4870 massa
964 4816 1320 4872 damnationis
1344 4819 1679 4885 obstrictum,
1717 4835 1747 4872 a
1774 4834 1879 4887 qua
1917 4817 2223 4872 misericors

647 4905 861 4959 bonitas
887 4907 965 4961 sic
993 4923 1156 4962 unum
1186 4909 1352 4977 gratis
1378 4908 1736 4974 discerneret,
1789 4917 1847 4962 ut
1895 4908 2123 4962 alterum
2152 4906 2223 4960 ibi

645 5011 753 5049 non
784 4995 978 5065 injuste
1006 4998 1266 5054 severitas
1284 4997 1429 5067 justa
1454 5008 1479 5036 ι
1501 4999 1846 5068 relinqueret.
1873 4997 2072 5066 lnjnsta
2093 5011 2222 5051 vero

645 5087 856 5156 parvuli
899 5088 1215 5160 cujusquam
1262 5105 1421 5146 causa
1467 5089 1825 5145 damnationis
1871 5090 2148 5150 existeret,
2179 5087 2222 5142 si

648 5192 884 5247 propago
914 5179 1157 5234 mortalis
1181 5181 1382 5234 nullam
1406 5181 1613 5250 peccati
1634 5180 2013 5248 contagionem
2043 5194 2108 5232 ex
2130 5193 2225 5248 pa-

647 5275 797 5321 terna
827 5268 1007 5325 radice
1036 5271 1368 5340 sumpsisset.
1399 5270 1675 5340 Scriptura
1702 5285 1830 5325 vero
1855 5269 2115 5324 divinitus
2144 5270 2224 5322 in-

647 5357 846 5424 spirata
876 5368 1100 5414 testatur
1124 5361 1268 5429 quod
1297 5377 1344 5415 a.
1362 5361 1523 5415 sorde
1552 5376 1657 5415 non
1687 5361 1859 5413 solum
1887 5375 2044 5412 nemo
2071 5374 2224 5412 mun-

649 5444 751 5503 dus
778 5465 895 5506 esse
919 5454 1086 5522 possit
1118 5453 1412 5513 hominum.
1462 5453 1672 5506 etiamsi
1703 5453 1858 5508 unius
1887 5452 1990 5506 diei
2019 5453 2087 5505 sit
2117 5452 2223 5506 vita

722 5685 744 5708 ι·
780 5675 902 5740 3|s.,
926 5675 1068 5742 justa
1101 5675 1193 5728 Dei
1221 5675 1479 5728 severitas.

724 5743 748 5780 δ
781 5735 1010 5796 ΕιιιὶῘάε
1044 5745 1395 5802 inmumditia;
1428 5742 1520 5798 sed
1551 5742 1738 5795 melius
1763 5757 1912 5804 mss.,
1941 5741 2001 5792 dc
2023 5735 2225 5792 mundi-

673 5817 746 5878 iu,
778 5831 898 5869 cum
930 5815 1090 5884 paulo
1122 5815 1367 5882 superius
1394 5814 1594 5868 dictum
1624 5811 1710 5876 sit,
1742 5811 1882 5878 quod
1915 5812 2103 5864 nuntia’
2136 5812 2225 5862 tri-

2325 4653 2357 4692 a
2377 4636 2659 4707 prudentia
2679 4636 2876 4701 carnis,
2901 4651 3019 4705 qua:
3041 4636 3252 4690 inimica
3273 4645 3356 4691 est
3376 4637 3489 4691 Deo
3513 4636 3691 4708 (Rom.
3711 4638 3916 4707 vm,7),

2327 4725 2635 4780 nullatenus
2660 4725 2999 4780 circumcisio
3027 4725 3281 4794 spiritalis
3307 4726 3530 4780 exemit.
3565 4725 3624 4779 In
3647 4725 3791 4780 Esau
3821 4727 3918 4794 igi-

2328 4824 2416 4870 tur
2444 4824 2571 4870 ante
2593 4815 2792 4871 sazcula
2815 4814 2941 4869 odio
2964 4815 3151 4869 habuit
3177 4814 3319 4869 Deus
3343 4831 3657 4870 mansuram
3682 4817 3919 4871 hominis

2331 4905 2530 4960 terreni
2553 4904 2867 4974 nequitiam,
2893 4912 2949 4958 et
2972 4918 3093 4958 eum
3108 4894 3252 4972 juste
3279 4905 3557 4974 deputavit
3577 4905 3648 4958 ad
3677 4921 3917 4974 pugnam.

2328 4995 2388 5050 In
2418 4995 2534 5065 ejus
2560 5010 2690 5048 vero
2720 4994 2883 5049 fratre
2911 5010 3018 5049 non
3066 4995 3241 5064 aliqua
3288 4996 3430 5050 bona
3462 5011 3649 5066 opera,
3681 5013 3807 5067 qua:
3837 5013 3919 5051 es-

2331 5096 2453 5141 sent
2493 5085 2668 5140 futura
2694 5100 2760 5140 ex
2783 5085 2997 5139 homine
3020 5087 3306 5155 pnescivit,
3338 5096 3398 5142 ut
3424 5103 3548 5143 eum
3575 5089 3810 5158 eligeret
3836 5099 3918 5142 at-

2330 5191 2438 5246 que
2461 5177 2704 5246 diligeret
2733 5195 2747 5230 :
2777 5175 2870 5232 sed
2897 5176 2946 5231 ei
2971 5176 3098 5232 ante
3139 5179 3333 5234 secula
3361 5179 3768 5252 justilicationis
3795 5196 3936 5250 ειη--

2332 5270 2462 5324 tiam
2489 5270 2830 5339 praeparavit,
2861 5285 2958 5339 per
2985 5284 3147 5338 quam
3174 5270 3247 5324 illi
3276 5285 3384 5325 non
3412 5272 3586 5326 solum
3619 5273 3778 5326 bona:
3822 5287 3917 5324 vo~

2338 5361 2560 5416 luntatis
2588 5360 2816 5426 initium,
2847 5359 2946 5436 sed.
2970 5360 3132 5414 etiam
3155 5360 3310 5416 bona:
3335 5362 3669 5437 operationis
3696 5362 3920 5430 largire-

2337 5461 2423 5506 tur
2448 5450 2712 5506 elTectum.
2740 5448 2847 5504 Nec
2874 5448 2926 5503 in
2955 5463 3024 5504 eo
3044 5449 3184 5504 bona
3213 5452 3403 5521 merita
3425 5453 3648 5521 reperit,
3669 5453 3765 5506 sed
3795 5466 3918 5506 eum
3999 5517 4008 5522 _

2331 5669 2498 5723 bulam
2529 5669 2624 5724 sibi
2645 5688 2677 5723 a
2700 5669 2806 5724 Deo
2835 5672 3026 5740 prolem
3059 5673 3301 5725 mundam
3332 5669 3650 5740 possideant.

2413 5753 2431 5773 ι·
2461 5741 2582 5793 Mss.
2615 5741 2739 5804 duo,
2774 5743 3135 5795 interveniente
3162 5743 3374 5797 sordida
3397 5740 3628 5794 libidine.
