4046 6568
162 376 296 432 ’809

1067 350 1161 407 DE
1201 318 1539 434 venture
1581 333 2259 404 remosse-summ
2297 332 2420 386 LIB.
2465 330 2505 384 ι.

3343 320 3445 376 610

180 482 572 542 misericordia:
590 476 822 546 gratuito
851 467 1110 528 beneficio
1132 467 1395 522 liberavit.
1432 462 1602 533 Moysi
1625 461 1760 514 enim
1792 468 1837 522 Α
1864 453 2101 520 corrigit,
2128 448 2268 518 juste
2303 444 2478 515 punit,
2510 442 2633 511 quia
2674 438 2998 508 pravitatem
3030 437 3083 492 in
3113 451 3176 491 ea
3215 437 3445 504 invenit,

182 582 337 644 dicit,
370 570 653 630 Misere'bor
695 571 775 622 cui
805 563 1098 626 miserebor,
1120 569 1176 614 ‘et
1204 555 1618 612 misericordiam
1643 568 1771 622 pra:-

181 669 345 724 stabo
375 668 454 720 cui
484 660 782 718 miserebor.
815 654 983 727 Igitur
1013 669 1115 707 non
1138 651 1546 718 volentis,ueque
1561 660 1776 699 curren-

167 763 282 826 ηε,
329 757 419 811 sed
466 752 751 808 miserentis
779 757 853 802 est
878 744 978 798 Det"
1011 741 1186 815 (Rom.
1216 755 1298 802 ιχ,
1329 736 1418 805 15,
1461 733 1562 800 16;
1595 731 1767 786 Exod.

187 863 385 911 xxxm,
422 843 538 914 19).

263 909 399 993 Cn.
423 909 588 989 vr.r——
619 929 703 983 l2.
730 926 913 984 Gratis
955 924 1116 992 igitur
1157 917 1385 988 gratiam
1413 927 1563 968 suam
1591 909 1777 965 tribuit

187 1032 344 1084 Deus
372 1035 518 1089 nato,
541 1023 664 1092 quia
693 1019 859 1089 gratis
887 1030 1006 1070 eam
1046 1012 1442 1082 pneparaverat
1483 1001 1775 1056 nascituro.

189 1121 365 1174 Bonis
390 1117 533 1172 enim
558 1089 840 1184 quidquid
891 1105 1020 1161 boni
1048 1105 1248 1157 habent
1275 1100 1328 1152 in
1370 1096 1648 1150 voluntate
1693 1089 1780 1145 vel

171 1223 368 1278 ~opere
390 1207 531 1260 Deus
563 1181 764 1265 tribuit,
791 1197 884 1266 qui
912 1196 1072 1250 etiam
1127 1191 1324 1245 tributa
1373 1184 1624 1241 custodit.
1675 1181 1782 1235 lni-

187 1273 323 1369 quis
349 1311 478 1352 vero
507 1302 560 1349 et
588 1292 784 1361 impiis,
812 1303 911 1342 nec
938 1295 1242 1356 praeparare
1271 1279 1412 1332 Deus
1457 1275 1634 1345 potuit
1685 1273 1784 1325 ali-

190 1364 440 1461 quando,
467 1402 566 1442 nec
594 1385 724 1438 dare
752 1379 893 1434 mala
921 1376 1083 1446 440
1109 1385 1298 1441 opera,
1327 1367 1521 1461 quibus
1561 1364 1785 1461 damna-

195 1453 384 1535 Iiililer
404 1477 670 1534 servirent
702 1483 726 1510 ³·
763 1488 776 1523 :
808 1482 984 1538 neque
1015 1464 1182 1518 malas
1207 1461 1284 1515 eis
1310 1459 1614 1513 voluntates
1643 1453 1784 1506 inse-

195 1569 336 1633 ruit,
363 1567 557 1634 quibus
584 1561 777 1630 injusta
809 1567 1035 1626 qumque
1056 1548 1396 1619 culpabiliter
1425 1543 1658 1605 vellent;
1691 1538 1786 1594 sed

200 1633 526 1724 praeparavit
547 1651 624 1705 eis
650 1648 783 1717 ignis
803 1642 990 1699 :etcrni
1022 1652 1265 1708 pmnam,
1295 1642 1354 1688 ut
1393 1633 1634 1686 ultricem
1661 1643 1788 1684 sen-

201 1723 345 1802 tiant
373 1747 423 1800 in
453 1754 652 1798 reterna
681 1733 1052 1794 combustione
1077 1728 1359 1798 justitiam.
1394 1723 1530 1778 Mala
1551 1737 1678 1790 ergo
1701 1736 1789 1774 vo-

1873 558 2034 612 quam
2066 543 2177 610 ipse
2225 553 2331 591 non
2363 534 2507 589 fecit.
2552 531 2754 586 Bonam
2777 545 2908 584 vero
2951 527 3280 582 voluntatem
3322 526 3444 594 ipse

1875 634 2043 702 gratis
2061 637 2348 700 praeparat,
2381 625 2546 696 gratis
2573 623 2758 688 donat,
2784 622 2898 692 ipse
2917 619 3152 688 adjuvat,
3178 619 3292 688 ipse
3313 626 3447 672 con-

1878 729 2133 777 summat.
2879 711 2882 713 Α

1946 813 2077 867 Cur.
2107 826 2201 864 vn.
2226 839 2298 850 —-
2327 807 2414 860 M.
2444 806 2751 862 Certissime
2781 811 2962 872 itaque
3007 810 3282 862 teneamus
3331 815 3456 853 om-

1880 919 1976 958 nes
2001 901 2247 956 homines
2268 913 2363 967 per
2386 897 2706 965 semetipsos
2728 909 2832 949 non
2855 895 3026 949 solum
3050 891 3453 962 perfectionem,

1880 994 1975 1049 sed
2005 1007 2102 1046 nec
2123 991 2331 1044 initium
2348 987 2566 1056 justitiae
2583 1001 2742 1057 posse
2765 986 3109 1052 contingere;
3132 984 3224 1040 sed
3250 982 3445 1035 univer

1882 1097 1972 1138 sos
1995 1081 2085 1149 qui
2114 1079 2250 1131 ﬁunt
2269 1076 2418 1143 boni,
2444 1077 2620 1130 divina
2654 1073 3038 1143 justilicatione
3070 1070 3371 1141 przeveniri,
3403 1077 3461 1123 et

1884 1181 1942 1226 ut
1971 1177 2192 1238 accepta
2220 1169 2361 1222 bona
2382 1167 2659 1221 voluntate
2679 1181 2787 1220 non
2814 1163 3084 1225 decidant,
3107 1161 3463 1230 opitulatione

1882 1260 1978 1315 Dei
2008 1258 2306 1328 profectum
2336 1258 2414 1312 eis
2445 1264 2499 1310 et
2528 1255 2983 1324 perseverantiam
3010 1252 3200 1316 tribui;
3229 1266 3331 1304 nec
3374 1249 3464 1302 ali-

1881 1349 2076 1418 quibus
2108 1349 2385 1403 hominum
2429 1347 2632 1401 meritis
2653 1345 2934 1414 prieteritis
2961 1343 3120 1414 441
3150 1349 3242 1394 aut
3269 1340 3464 1394 futuris

1884 1439 2113 1506 gratiam
2142 1438 2286 1504 dari,
2319 1436 2414 1491 sed
2460 1437 2627 1504 ipsius
2656 1436 2842 1503 gratiae
2877 1435 3021 1487 dono
3069 1442 3230 1500 atque
3261 1429 3462 1483 auxilio

1886 1531 2136 1584 universa
2160 1528 2439 1583 hominum
2460 1526 2600 1580 bona
2630 1525 2821 1579 merita
2850 1532 2905 1576 et
2925 1522 3166 1576 inchoari
3190 1529 3245 1573 et
3261 1518 3464 1588 perlici.

1887 1625 2103 1693 lniquos
2124 1637 2274 1688 vero,
2302 1621 2394 1690 qui
2421 1621 2474 1674 in
2503 1634 2599 1673 sua
2650 1619 2931 1686 iniquitate
2971 1615 3118 1683 justo
3149 1615 3238 1668 Dei
3263 1612 3468 1681 judicio

1888 1717 2351 1784 derelinquuntur,
2385 1711 2596 1766 etiamsi
2634 1709 2982 1779 perceptione
3026 1705 3343 1760 sacramenti
3373 1719 3468 1758 ca-

205 1841 396 1892 lnntas
439 1835 716 1889 hominum
746 1828 772 1865 ι’
800 1842 908 1880 non
939 1829 1021 1878 est
1051 1797 1114 1876 ex
1148 1817 1291 1882 Deo;
1324 1822 1379 1870 et
1409 1813 1530 1868 ideo
1555 1827 1676 1866 eam
1701 1810 1786 1878 ju-
1816 1826 1864 1885 Β
1892 1824 2009 1863 rere
2029 1809 2274 1861 dicantur
2296 1804 2500 1874 peccati
2521 1802 2798 1871 originalis
2819 1811 2996 1865 reatu,
3029 1797 3469 1866 subsequentium

191 1939 322 1984 stus
347 1926 512 1996 judex
542 1924 593 1975 in
619 1917 922 1975 hominibus
948 1914 1132 1984 punit,
1161 1909 1286 1978 quia
1317 1921 1423 1961 non
1460 1905 1510 1957 in
1543 1917 1605 1956 ea
1635 1915 1784 1955 crea-

199 2029 296 2073 tor
321 1991 494 2070 bonus
523 2011 767 2066 ordinem
818 2021 926 2060 sum
972 1999 1262 2058 creationis
1301 1994 1574 2063 agnoscit;
1604 1997 1659 2044 et
1687 1991 1782 2060 (at.

202 2095 326 2172 sed)
355 2101 751 2176 perseverantia
780 2093 1102 2165 iniquitatis,
1136 2098 1298 2158 atque
1325 2081 1664 2140 contumacia
1693 2096 1786 2135 su-

206 2172 389 2270 perbae
417 2194 662 2259 cervicis,
683 2191 806 2259 quia
830 2203 933 2242 non
955 2201 1022 2241 ex
1051 2182 1296 2249 largitate
1326 2178 1420 2232 Dei
1448 2177 1692 2238 habetur,
1718 2172 1790 2226 id-

197 2265 362 2343 circo
389 2287 498 2339 Deo
525 2285 698 2336 ultore
723 2280 1026 2333 damnatur.
1053 2273 1143 2326 Eis
1168 2277 1347 2324 autem
1377 2281 1512 2335 quos
1535 2265 1674 2318 Deus
1701 2277 1788 2316 re-

208 2379 300 2447 gni
323 2377 402 2430 sui
432 2374 560 2428 facit
588 2368 850 2433 hmredes,
881 2364 1048 2434 gratis
1067 2363 1264 2417 bonam
1303 2356 1631 2410 voluntatem
1660 2365 1791 2420 prte-

212 2441 387 2537 parat,
413 2464 580 2532 gratis
618 2460 826 2513 donatc
857 2455 1087 2524 ,quibus
1131 2450 1292 2504 etiam
1332 2441 1789 2516 perseverantiam

211 2535 293 2614 sul
307 2558 602 2612 ministrat.
619 2551 797 2606 Gratis
812 2549 1009 2616 quippe
1030 2541 1352 2614 prmparavit
1373 2535 1790 2593 misericorditer

214 2647 496 2704 tribuenda
527 2645 717 2698 merita
764 2651 1068 2702 munerum,
1107 2634 1301 2703 quibus
1343 2629 1485 2698 juste
1530 2625 1792 2681 retribuat

215 2753 439 2794 munera
470 2735 804 2790 meritorum.

288 2829 373 2882 15.
403 2827 651 2894 Figuram
673 2839 834 2893 porro
855 2821 1081 2876 duorum
1103 2817 1419 2888 populorum
1440 2813 1658 2868 dubium
1682 2826 1790 2866 non

218 2927 300 2974 est
327 2920 380 2971 in
413 2917 517 2972 illis
543 2915 750 2970 duobus
778 2911 1113 2983 praecessisse
1135 2907 1400 2976 germanis
1423 2922 1435 2956 :
1465 2904 1622 2958 unius
1649 2903 1792 2958 scili-

204 3019 304 3063 cet
323 3007 585 3070 salvandi,
610 3005 934 3071 alteriusque
955 2998 1261 3056 damnandi.
1289 2996 1474 3064 Neque
1495 3004 1672 3049 tamen
1705 2994 1793 3048 isti

221 3098 419 3167 populo
445 3097 523 3150 sic
567 3096 712 3150 salus
761 3102 844 3147 est
873 3107 968 3161 pro
998 3089 1252 3158 operibus
1292 3085 1519 3147 reddita,
1546 3084 1684 3138 sicut
1710 3090 1794 3137 est

1893 1907 2092 1960 tamen,
2126 1896 2176 1949 id
2223 1903 2308 1949 est
2357 1893 2735 1963 propriorum,
2769 1892 2960 1944 merito
3012 1896 3355 1958 peccatorum
3402 1887 3470 1940 ad

1891 1988 2026 2056 ignis
2049 1987 2236 2040 aeterni
2268 1984 2479 2039 devolvi
2529 1982 2871 2052 supplicium.
2913 1981 3052 2034 Deus
3081 1981 3222 2033 enim
3264 1977 3470 2033 miseri-

1889 2093 2013 2132 cors
2041 2075 2311 2144 etjustus,
2345 2075 2592 2143 humana:
2631 2072 2854 2138 originis
2898 2070 3297 2138 voluntatisque
3345 2083 3472 2137 pec-

1890 2175 2033 2232 cata,
2064 2166 2176 2221 sive
2204 2165 2258 2217 in
2290 2163 2528 2233 parvulis
2548 2199 2563 2224 ,
2589 2161 2702 2215 sive
2731 2163 2782 2214 in
2811 2159 3098 2228 grandibus
3144 2159 3472 2226 hominibus,

1889 2271 2006 2324 qua:
2035 2253 2456 2309 misericorditer
2481 2268 2588 2306 non
2618 2251 2795 2317 diluit,
2813 2250 2958 2318 juste
2980 2250 3134 2319 punit
3164 2267 3176 2301 :
3208 2249 3330 2318 quia
3362 2250 3474 2318 ipse

1891 2357 1974 2402 est
2005 2347 2142 2401 Deus
2171 2347 2346 2400 bonus
2367 2352 2421 2398 et
2443 2357 2620 2407 verus,
2651 2342 2741 2410 qui
2772 2341 3042 2394 hominem
3067 2339 3212 2403 fecit,
3231 2338 3326 2392 sed
3347 2353 3476 2407 pec-

1891 2444 2066 2490 catum
2097 2437 2149 2488 in
2169 2435 2386 2490 homine
2413 2447 2519 2486 non
2547 2430 2776 2486 creavit:
2795 2430 2992 2499 quique
3017 2429 3206 2483 merita
3228 2438 3283 2482 et
3308 2443 3475 2497 opera

1892 2530 1945 2580 in
1974 2527 2219 2582 omnibus
2259 2525 2568 2580 hominibus
2597 2538 2871 2591 nunquam
2915 2522 3119 2576 invenit
3165 2522 3327 2584 bona,
3369 2535 3475 2589 pro

1891 2619 2082 2688 quibus
2123 2633 2218 2672 eos
2260 2618 2466 2682 salvet;
2514 2615 2610 2670 sed
2661 2615 2857 2683 ipsein
2897 2614 2975 2668 eis
3004 2623 3058 2668 et
3087 2615 3396 2667 voluntates
3423 2619 3478 2667 et

1893 2724 2056 2777 opera
2081 2694 2271 2775 mutat,
2302 2707 2516 2775 quando
2545 2721 2640 2760 eos
2664 2705 2896 2772 gratuita
2934 2705 3281 2758 miseratione
3319 2703 3478 2771 justi-

1895 2798 2036 2854 ﬁcat.
2087 2798 2190 2865 Qui
2232 2797 2580 2868 praescientite
2608 2810 2718 2850 sua:
2765 2803 2913 2848 certa
2950 2801 3006 2849 et
3053 2793 3478 2848 incommutabili

1895 2889 2146 2942 firmitate
2202 2889 2256 2942 in
2302 2888 2443 2940 vasis
2483 2883 2863 2939 misericordia:
2891 2899 3000 2938 non
3026 2882 3130 2936 nisi
3157 2882 3344 2949 gratim
3373 2895 3481 2936 sua:

1893 2979 2163 3051 prmscivit
2191 2967 2418 3042 donum,
2460 2975 2602 3045 quod
2631 2989 2663 3028 a
2691 2989 2750 3028 se
2781 2981 3006 3028 noverat
3035 2981 3141 3027 tam
3172 2974 3226 3026 in
3265 2972 3478 3026 meritis

1896 3085 2208 3132 munerum,
2249 3081 2408 3137 quam
2447 3069 2498 3121 in
2539 3067 2853 3122 meritorum
2894 3065 3204 3119 muneribus
3243 3064 3479 3132 largien-

207 3155 376 3242 ,ξιιιξῃιί
401 3183 767 3256 ρι-ουρθιιίωε
795 3155 1173 3237 condemnatio
1208 3177 1500 3238 retributa;
1542 3173 1637 3228 sed
1659 3186 1793 3227 unus
1823 3189 1864 3247 ρ
1900 3161 2048 3216 dum.
2068 3160 2184 3230 Ipse
2209 3160 2350 3214 enim
2381 3167 2435 3213 et
2461 3158 2750 3226 gratuitam
2778 3155 3042 3210 voluntati
3072 3156 3316 3208 humana:
3333 3155 3483 3209 boni-

211 3277 364 3346 .quod
388 3291 492 3330 non
521 3275 828 3329 merebatur
854 3270 1060 3340 accepit
1087 3269 1273 3336 gratim
1302 3265 1554 3345 salutaris
1573 3257 1795 3330 donum,

223 3371 358 3424 alter
385 3367 675 3422 secundum
697 3364 945 3418 meritum
975 3359 1179 3429 recepit
1197 3357 1356 3426 justae
1395 3353 1799 3410 condemnatio-

211 3459 306 3513 anis
331 3457 622 3511 interitum.
645 3453 703 3508 In
735 3469 841 3507 uno
868 3450 1057 3505 merita
1078 3455 1203 3502 sunt
1226 3445 1587 3515 damnationis
1615 3445 1802 3497 inven-

215 3559 312 3612 -ta,
343 3547 496 3600 alteri
526 3560 653 3599 vero
699 3543 887 3597 merita
931 3538 1337 3613 glorilicationis
1385 3537 1619 3604 gratuita
1676 3541 1802 3588 sunt

216 3631 598 3707 justilicatione
642 3635 855 3689 collata.
887 3633 980 3686 llle
1024 3631 1163 3685 unde
1197 3630 1506 3696 displiceret
1535 3629 1590 3682 in
1619 3643 1676 3681 se
1705 3627 1802 3680 ha-

224 3726 341 3780 buit
360 3766 376 3790 ,
417 3725 518 3778 iste
546 3731 724 3777 autem
755 3722 893 3774 unde
921 3720 1032 3774 Deo
1062 3719 1301 3787 placeret
1347 3717 1413 3770 ab
1462 3717 1577 3784 ipso
1605 3717 1690 3769 cui
1716 3731 1804 3769 es-

227 3826 313 3872 set
340 3815 634 3884 placiturus
659 3811 887 3878 accepit.
937 3809 995 3862 In
1019 3808 1266 3862 onmibus
1291 3807 1448 3874 igitur
1483 3806 1573 3873 qui
1603 3805 1806 3865 gehen-

224 3907 335 3958 nali
358 3905 640 3959 traduntur
661 3901 685 3937 ἀ
711 3900 960 3955 incendio
999 3898 1202 3952 invenit
1216 3896 1358 3964 justa
1379 3895 1639 3950 severitas
1659 3893 1804 3962 quod

221 3997 414 4064 (puniat
445 3995 692 4052 meritum
723 3992 919 4046 malum
953 4000 975 4028 ο
995 4028 1011 4052 ,
1044 3991 1096 4043 in
1126 3986 1443 4056 quibusdam
1474 3983 1805 4052 originaliter

224 4093 473 4148 tractum,
505 4085 555 4138 in
581 4082 896 4152 quibusdam
924 4081 1086 4134 etiam
1109 4078 1238 4131 vitio
1261 4076 1490 4148 proprize
1512 4073 1806 4128 voluntatis

227 4175 510 4243 adjectum.
545 4173 797 4242 Exceptis
826 4172 970 4227 enim
1000 4168 1259 4239 parvulis,
1289 4167 1485 4236 quibus
1507 4165 1573 4220 ad
1601 4165 1805 4232 eligen-

221 4269 346 4321 dam
385 4267 644 4335 justitiam
676 4264 1093 4333 fugiendumque
1135 4268 1415 4329 peccatum
1445 4257 1674 4312 necdum
1700 4271 1803 4327 po-

229 4368 332 4412 test
351 4372 470 4412 esse
511 4358 736 4411 liberum
768 4354 1058 4409 voluntatis
1083 4351 1384 4414 arbitrium,
1414 4349 1539 4417 quia
1563 4347 1617 4400 in
1645 4354 1804 4400 celate

229 4461 412 4504 tenera
441 4456 616 4517 torpet
651 4447 791 4501 ratio
817 4444 1097 4513 consopita
1120 4483 1135 4508 ,
1167 4441 1346 4497 caateri
1373 4440 1464 4510 qui
1492 4439 1699 4492 ratione
1725 4437 1804 4490 uti

1902 3262 2067 3308 tatem
2097 3253 2286 3319 donat,
2331 3262 2386 3305 et
2409 3251 2606 3305 bonam
2653 3249 2981 3304 voluntatem
3023 3248 3074 3302 in
3107 3248 3358 3317 operibus
3387 3248 3484 3302 ad-

1894 3344 2066 3412 juvat.
2107 3343 2224 3412 lpse
2257 3342 2419 3396 etiam
2449 3340 2500 3393 in
2531 3339 2669 3393 vasis
2699 3339 2790 3392 ine
2820 3338 2908 3391 illa
2957 3339 3224 3407 praescivit
3269 3338 3484 3392 malitia:

1891 3435 2146 3498 humana:
2202 3447 2367 3502 opera
2395 3445 2515 3499 qua:
2544 3439 2729 3484 essent
2769 3429 2821 3482 in
2868 3427 3061 3484 eﬂ'ectu
3091 3428 3278 3497 proe..l
3323 3428 3486 3482 dubio

1900 3533 2175 3578 secutura.
2272 3575 2277 3579 ,

1975 3614 2062 3667 15.
2092 3612 2399 3668 Secundum
2428 3619 2632 3667 rectam
2663 3611 2843 3679 itaque
2869 3610 3028 3665 fidem
3057 3625 3121 3664 ac
3145 3609 3488 3680 perSpicuam

1901 3705 2205 3767 veritatem,
2261 3704 2406 3773 quod
2437 3704 2630 3756 attinet
2658 3703 2725 3756 ad
2753 3703 3034 3770 paryulum
3065 3703 3154 3769 qui
3178 3703 3295 3757 sine
3321 3702 3485 3756 bene-

1903 3794 2027 3850 ﬁcio
2053 3794 2298 3848 secunda:
2327 3793 2621 3846 nativitatis
2648 3792 2775 3845 huic
2804 3791 2925 3845 vita:
2952 3791 3315 3855 subtrahitur,
3349 3793 3486 3845 sicut

1902 3886 2182 3955 prtescisse
2212 3883 2487 3937 fatendum
2516 3890 2599 3936 est
2627 3882 2794 3936 Deum
2841 3883 3046 3950 parvuli
3075 3881 3305 3935 futuram
3343 3898 3486 3935 mor-

1905 3983 2033 4037 tem,
2063 3989 2182 4042 quze
2210 3989 2338 4028 vere
2364 3973 2540 4026 futura
2569 3981 2707 4038 erat,
2737 3971 2816 4024 sic
2841 3971 3072 4024 absurde
3098 3971 3294 4024 dicitur
3317 3967 3487 4024 Deum

1905 4065 2182 4133 praescisse
2226 4063 2436 4132 parvuli
2478 4063 2656 4116 futura
2687 4070 2942 4130 peccata,
2985 4076 3110 4128 qua:
3159 4060 3336 4114 futura
3379 4077 3488 4116 non

1905 4164 2076 4212 erant.
2108 4155 2292 4224 Neque
2322 4155 2464 4210 enim
2494 4154 2635 4207 Deus
2662 4168 2839 4207 rerum
2867 4151 3104 4206 omnium
3127 4151 3377 4206 conditor
3405 4152 3488 4206 fa-

1905 4248 2091 4304 cienda
2118 4248 2441 4317 prmscisset,
2471 4261 2590 4314 qua:
2634 4235 2876 4298 facienda
2907 4259 3013 4298 non
3045 4251 3244 4299 essent.
3277 4243 3490 4300 Scimus

1909 4355 2139 4410 namque
2169 4339 2560 4409 prmscientiam
2592 4336 2690 4392 Dei
2731 4338 2809 4394 sic
2833 4351 2953 4390 esse
2990 4352 3173 4391 veram
3217 4345 3377 4404 atque
3409 4337 3490 4391 in-

1907 4431 2364 4492 commutabilem,
2397 4438 2456 4482 ut
2501 4443 2620 4498 quae
2650 4426 2828 4481 futura
2871 4427 3104 4496 pnescit,
3146 4442 3271 4480 vere
3311 4427 3488 4481 futura

231 4549 472 4609 possunt,
499 4539 708 4606 adjecto
744 4544 895 4592 reatu
925 4535 1158 4604 propria:
1188 4531 1502 4593 voluntatis,
1532 4537 1625 4583 aut
1646 4529 1712 4581 ad
1739 4526 1803 4578 fi-
1836 4524 2046 4602 Dsint;
2095 4537 2194 4577 nec
2237 4521 2438 4589 aliquid
2481 4519 2782 4574 faciendum
2825 4518 3071 4587 prmsciat
3097 4518 3238 4586 quod
3269 4534 3373 4572 non
3403 4533 3490 4572 se-

228 4634 348 4689 dem
378 4649 483 4688 non
510 4633 789 4694 accedunt,
829 4639 921 4683 aut
961 4646 990 4683 a
1040 4629 1142 4683 lide
1169 4626 1466 4681 discedunt.
1501 4622 1570 4678 Ut
1620 4630 1798 4675 autem

233 4722 459 4791 liatquis
477 4723 650 4791 justus
676 4737 742 4775 ex
765 4721 948 4789 impio,
988 4719 1194 4772 amicus
1219 4716 1311 4770 Dei
1341 4730 1409 4768 ex
1432 4713 1668 4776 inimico,
1701 4711 1799 4782 ab-

230 4813 434 4868 solutus
457 4829 525 4868 ex
552 4828 668 4879 reo,
698 4823 1070 4880 quamcunque
1120 4815 1244 4873 agat
1292 4803 1535 4872 corporis
1567 4809 1802 4867 aetatem,

229 4905 296 4958 ab
349 4905 468 4975 ipso
497 4901 794 4958 nativitatis
824 4907 1014 4954 exortu
1042 4912 1210 4966 usque
1241 4893 1308 4948 ad
1358 4892 1686 4967 decrepitam
1715 4905 1802 4944 se-

231 5002 518 5059 nectutem,
547 5007 702 5046 nemo
737 4988 1119 5059 justificatione
1148 4982 1418 5039 invenitur
1467 4981 1679 5048 dignus,
1709 4979 1804 5035 sed

231 5083 455 5150 gratuita
485 5083 726 5136 bonitate
748 5081 1072 5149 justilicatur
1095 5074 1377 5144 indignus;
1410 5087 1510 5126 nec
1529 5071 1596 5124 de
1619 5077 1802 5139 potes-

234 5181 341 5228 tate
364 5173 704 5228 tenebrarum
733 5172 977 5241 eripitur,
1007 5177 1061 5225 et
1101 5169 1154 5222 in
1185 5180 1406 5234 regnum
1440 5163 1530 5218 filii
1557 5163 1802 5237 dilectio-

233 5263 314 5316 nis
344 5263 436 5317 Dei
459 5263 779 5316 transfertur
797 5303 814 5326 ,
840 5262 939 5315 nisi
964 5276 1122 5330 quem
1155 5257 1412 5312 Dominus
1432 5255 1663 5325 gratuito
1691 5254 1804 5322 glo-

234 5353 324 5406 ria:
342 5353 588 5420 dignatus
613 5352 775 5406 fuerit
797 5366 1018 5405 munere
1041 5348 1335 5420 prmvenire
1353 5389 1367 5412 ,
1393 5347 1484 5418 qui
1513 5345 1680 5416 gratis
1701 5345 1808 5400 sal-

237 5449 341 5506 vat,
371 5451 427 5496 et
449 5441 590 5509 juste
617 5441 955 5496 condemnat.
987 5438 1288 5493 Misericors
1327 5435 1582 5491 Dominus
1609 5442 1664 5488 et
1686 5433 1802 5501 jus-

239 5535 320 5584 tus
368 5531 698 5584 voluntatem
747 5542 997 5596 pravam,
1023 5542 1183 5596 quam
1229 5541 1335 5582 non
1384 5523 1804 5579 misericorditer

309 5695 330 5721 ³
358 5687 507 5750 Mss,
538 5685 898 5738 damuubiliter
918 5685 1156 5737 viverent.

309 5757 330 5792 δ’
367 5756 495 5808 Edd.
532 5773 637 5809 mm
668 5757 864 5809 habent
891 5756 1168 5807 hominum.
1204 5759 1332 5821 Mss,
1366 5755 1475 5811 duo
1504 5750 1723 5805 habent.

317 5837 337 5862 ε
371 5825 494 5879 Mss.
525 5826 650 5889 duo,
673 5827 842 5897 gratia
871 5824 1029 5877 donat

1907 4613 2138 4668 cundum
2165 4613 2556 4683 prmscientiam
2586 4611 2701 4678 ejus
2738 4611 2848 4664 fiat.
2884 4610 3083 4664 Futura
3113 4626 3242 4664 vero
3281 4611 3392 4663 sola
3435 4612 3488 4664 in

1902 4719 1961 4758 se
1991 4713 2249 4758 creaturae
2276 4702 2604 4756 mutabilitas
2628 4700 2843 4768 recipit,
2876 4716 2996 4768 quae
3027 4701 3076 4754 in
3106 4701 3374 4753 Creatoris
3403 4701 3487 4753 in-

1905 4796 2436 4852 commutabilitatem
2479 4791 2786 4846 nullatenus
2823 4791 3326 4865 cadit.jPropterea
3374 4791 3492 4845 Deo

1909 4891 2040 4944 nihil
2069 4897 2152 4944 est
2171 4887 2500 4958 praeteritum
2528 4885 2614 4940 vel
2643 4885 2900 4952 futurum,
2931 4886 3014 4941 cui
3044 4885 3122 4940 sic
3144 4886 3322 4939 omnia
3351 4901 3488 4955 prm-

1906 4978 2079 5033 sentia
2110 4984 2234 5032 sunt
2261 4990 2379 5044 qua:
2406 4974 2648 5030 facienda
2679 4975 2910 5044 prtescit,
2945 4983 3003 5030 ut
3029 4985 3314 5046 postquam
3346 4972 3485 5030 facta

1907 5067 2142 5128 fuerint,
2196 5065 2467 5135 prmterita
2513 5064 2561 5118 ei
2615 5064 2707 5134 (al.
2739 5063 2873 5135 Deo)
2917 5080 3034 5121 esse
3081 5081 3186 5120 non
3231 5065 3484 5135 possint:

1908 5159 2163 5228 quoniam
2191 5159 2330 5212 sicut
2355 5157 2506 5210 novit
2533 5156 2841 5226 pneterita,
2888 5157 2966 5213 sic
3014 5157 3161 5210 novit
3188 5165 3243 5211 et
3285 5155 3481 5210 futura.

1908 5249 2248 5316 Quaecunque
2275 5246 2416 5302 enim
2437 5261 2557 5301 cum
2585 5256 2825 5315 tempore
2851 5253 3122 5298 mutantur
3143 5253 3198 5299 et
3227 5245 3320 5314 (al.
3369 5246 3482 5315 aut)

1907 5348 2224 5403 transeunt,
2272 5337 2324 5391 in
2368 5335 2484 5404 ejus
2514 5334 2531 5373 ί
2575 5336 2882 5404 cognitione
2911 5335 3026 5388 sine
3055 5335 3309 5404 temporis
3339 5344 3485 5392 tran-

1907 5432 2011 5486 situ
2047 5446 2111 5485 ac
2136 5428 2494 5483 mutabilitate
2537 5427 2856 5481 consistunt.
2907 5425 3106 5479 Rerum
3153 5435 3328 5481 autem
3374 5445 3481 5483 non

1903 5537 2089 5578 earum
2117 5534 2237 5590 qu:e
2267 5519 2453 5574 futurae
2479 5532 2589 5572 non
2613 5505 2758 5584 sunt,
2789 5515 2882 5572 sed
2911 5531 3029 5586 quae
3055 5515 3304 5574 facienda:
3333 5527 3478 5585 sunt.
3569 5496 3572 5498 ⁷

1983 5675 2006 5713 δ
2040 5677 2164 5732 Mss.
2188 5677 2316 5743 duo,
2347 5675 2630 5730 tradentur.

1985 5756 2006 5783 θ
2036 5746 2189 5808 Edd.,
2215 5762 2388 5800 eorum
2419 5746 2632 5811 malum;
2661 5759 2813 5806 mss.,
2845 5747 3071 5800 meritum
3099 5748 3309 5799 niuium.

1909 5880 1924 5888 ἢ
1986 5816 2002 5855 ί
2033 5815 2127 5873 Ms.
2163 5832 2315 5881 unus,
2347 5824 2526 5869 cuncta
2547 5817 2598 5870 in
2621 5816 2752 5885 ejus,
2782 5825 2886 5871 etc.
