4046 6498
581 422 678 478 811

1637 417 1695 472 5.
1735 413 2092 471 FULGENTII
2134 412 2446 487 EPISCOPI»
2469 409 2840 468 RUSPLNSIS

3748 403 3859 460 613

581 532 972 607 prmscientiam
1019 531 1131 586 Deo
1177 532 1371 594 inesse,
1428 529 1564 583 liber
1602 527 1836 584 Danlehs
1883 531 2160 598 prOphette
2190 533 2238 592 Α
2263 526 2480 583 veritati
2523 534 2582 580 ut
2633 526 2686 579 in
2727 525 3060 594 praescientia
3100 521 3194 576 Dei
3229 521 3438 576 dicatur
3461 534 3581 574 esse
3609 515 3856 574 futurum

584 633 814 681 testatur
837 624 920 678 bis
950 621 1154 677 verbis:
1172 621 1334 682 Deus,
1357 620 1442 690 qui
1471 621 1792 671 occultorum
1819 634 1873 670 es
1904 619 2156 685 cognitor,

583 716 670 788 qui
697 716 800 769 scis
830 714 1006 768 omnia
1031 721 1306 782 antequam
1343 709 1476 778 ﬁant
1508 706 1671 775 (Dan.
1714 722 1835 769 xm,
1879 705 1991 774 42).
2023 706 2170 760 Deus.

583 819 714 874 ergo
743 806 846 859 hoc
871 803 972 859 scit
997 803 1050 856 in
1078 811 1279 855 {eterna
1306 797 1723 869 prmcognitione
1751 796 1896 865 quod
1925 795 2162 850 futurum

585 906 692 963 est,
717 905 778 951 ut
801 893 895 948 ﬁat
923 894 974 947 in
1005 907 1187 962 opere.

659 992 787 1042 Car.
838 1001 948 1039 τω.
1001 1015 1067 1026 —
1119 981 1205 1035 16.
1252 978 1500 1034 Absurde
1545 979 1726 1047 itaque
1784 977 1986 1032 dicitur
2020 975 2167 1046 quod

586 1078 880 1149 prmscierit
918 1074 1196 1144 parvulum
1223 1113 1241 1139 ,
1286 1072 1333 1125 si
1377 1071 1611 1136 viveret,
1655 1070 1876 1139 impium
1905 1070 2162 1133 futurum,

586 1185 747 1240 quem
775 1167 1017 1238 profecto
1044 1181 1149 1218 non
1180 1164 1474 1233 plusquam
1492 1161 1627 1214 vixit
1652 1161 1917 1230 pnescivit
1943 1173 2064 1214 esse
2085 1160 2169 1213 fu-

587 1272 762 1315 turum
796 1277 809 1312 :
852 1273 1010 1326 quem
1041 1256 1225 1324 utique
1276 1254 1542 1324 pncscivit
1569 1253 1636 1306 ad
1673 1261 1887 1306 (etatem
1916 1267 2022 1320 qua
2061 1251 2166 1304 im-

587 1351 677 1421 pie
713 1350 918 1403 viveret
963 1362 1070 1400 non
1115 1361 1235 1398 esse
1281 1353 1590 1409 venturum,
1619 1344 1743 1410 quia
1773 1359 1895 1396 eum
1925 1343 1979 1396 in
2007 1350 2170 1397 aetate,

586 1440 816 1495 infantili
840 1438 906 1492 de
936 1437 1136 1491 saeculo
1163 1436 1428 1489 \eraciter
1457 1442 1682 1487 noverat
1705 1433 2075 1486 auferendum.
2103 1431 2168 1486 Et

583 1535 636 1589 in
666 1548 773 1604 quo
822 1531 963 1585 nulla
1004 1529 1280 1599 peccatrix
1327 1526 1652 1597 prmcognita
1685 1535 1768 1579 est
1808 1533 1975 1589 mtas,
2025 1527 2168 1580 unde

585 1624 698 1680 fieri
733 1624 908 1694 potuit
948 1632 1005 1677 ut
1031 1621 1205 1675 mtatis
1231 1635 1348 1688 qum
1379 1618 1553 1672 futura
1602 1635 1708 1672 non
1739 1626 1855 1673 erat
1894 1619 2168 1687 pnesciie—

585 1725 674 1769 tur
701 1714 974 1781 iniquitas,
1007 1726 1126 1766 cum
1164 1719 1295 1764 actas
1326 1709 1495 1762 renati
1527 1709 1733 1777 parvuli
1763 1709 1877 1762 sine
1902 1718 2026 1762 actu
2052 1724 2169 1762 om-

585 1805 711 1858 nino
740 1804 945 1873 peccati
980 1817 1098 1855 esse
1128 1800 1331 1869 possit,
1373 1798 1536 1869 5.7.2
1565 1807 1716 1852 actus
1741 1807 1920 1852 autem
1950 1799 2167 1853 humani

2262 619 2463 688 aliquid
2493 617 2638 688 quod
2665 618 2717 671 in
2749 624 2955 670 tantum
2987 614 3119 669 nihil
3150 629 3271 669 esse
3299 613 3659 675 convincitur,
3693 621 3752 666 ut
3790 628 3859 668 ex

2261 709 2440 766 futuro
2481 723 2719 778 praesens
2762 707 3071 762 nullatenus
3109 704 3223 760 fore
3252 704 3338 758 vel
3368 702 3532 758 fuisse
3578 712 3856 757 monstre-

2264 811 2352 857 tur
2381 820 2396 855 :
2429 817 2553 858 cum
2595 801 2778 869 utique
2807 799 2982 869 ipsum
3015 797 3178 852 futuri
3221 797 3527 851 nullatenus
3556 795 3733 866 possit
3762 796 3860 848 ha-

2263 892 2392 949 bere
2407 891 2753 957 vocabulum,
2783 889 2926 959 quod
2957 889 3239 959 prmsentis
3265 888 3628 959 appellatione
3657 903 3772 942 non
3794 889 3862 940 sit

2263 983 2588 1053 quandoque
2613 983 2968 1038 censendum.

2336 1076 2465 1131 Car.
2496 1093 2570 1130 ιι.
2595 1107 2667 1119 -
2697 1074 2784 1130 18.
2818 1075 2864 1128 Α
2893 1076 3118 1145 parvulo
3150 1088 3282 1142 ergo
3316 1073 3406 1143 qui
3437 1073 3570 1150 nihil
3599 1071 3734 1129 fecit
3791 1073 3863 1126 ni-

2264 1166 2342 1221 hil
2371 1161 2672 1222 faciendum
2703 1167 2844 1221 Deus
2879 1181 3000 1222 esse
3045 1166 3336 1234 prmscivit.
3380 1165 3490 1220 Cur
3517 1174 3704 1219 autem
3751 1180 3864 1218 non

2266 1259 2336 1313 :ib
2357 1272 2423 1311 eo
2443 1257 2724 1311 abstulerit
2744 1257 3004 1326 originale
3027 1265 3331 1325 peccatum,
3354 1271 3452 1310 nos
3474 1256 3700 1326 quidem
3719 1257 3865 1310 scire

2267 1365 2376 1403 non
2405 1363 2720 1418 possumus;
2751 1347 2854 1402 hoc
2878 1356 3055 1402 tamen
3085 1362 3209 1401 eum
3235 1346 3380 1415 juste
3415 1346 3628 1404 fecisse.
3679 1345 3865 1399 nulla-

2267 1450 2430 1498 tenus
2471 1441 2719 1495 dubitare
2763 1440 3042 1495 debemus.
3094 1440 3246 1494 Licet
3268 1439 3410 1493 enim
3439 1438 3597 1493 nobis
3624 1453 3738 1491 non
3769 1452 3866 1491 so-

2269 1533 2378 1586 lum
2405 1548 2472 1586 ex
2504 1532 2670 1586 nihilo
2698 1531 2916 1593 creatis,
2960 1529 3055 1584 sed
3098 1531 3261 1584 etiam
3307 1530 3513 1599 peccati
3542 1529 3868 1597 gerentibus

2271 1624 2535 1677 maculam
2568 1624 2748 1690 (quam
2784 1620 3090 1675 mortaliter
3115 1621 3415 1675 viventibus
3444 1618 3540 1673 Dei
3569 1619 3695 1672 filiis
3722 1620 3868 1674 sicut

2270 1713 2440 1780 gratia
2470 1711 2694 1767 subinde
2722 1711 2895 1775 diluit,
2927 1711 3001 1765 ita
3033 1710 3341 1778 frequenter
3380 1709 3666 1763 infirmitas
3694 1709 3863 1778 parit)

2272 1803 2830 1874 incomprehensibilis
2872 1803 3082 1857 consilii
3113 1801 3208 1855 Dei
3251 1801 3432 1856 clausa
3473 1802 3546 1854 sit
3583 1800 3861 1858 altitudo,

584 1895 787 1965 peccati
829 1893 944 1946 :ine
971 1891 1209 1959 qualibet
1237 1898 1394 1943 :ctale
1424 1904 1543 1942 esse
1577 1904 1684 1942 non
1711 1888 1919 1956 possit?
1948 1887 2164 1942 Futurae
2199 1907 2246 1966 B
2273 1895 2402 1950 illud
2447 1904 2626 1948 tamen
2657 1894 2811 1948 nobis
2837 1893 3175 1948 manifeglum
3218 1901 3319 1954 est,
3353 1893 3478 1960 quia
3524 1893 3574 1945 in
3605 1891 3725 1946 Deo
3757 1892 3864 1944 ulla

583 1985 727 2039 enim
755 1983 926 2037 artatis
955 1997 1062 2035 non
1109 1978 1340 2034 absurde
1387 1979 1629 2048 prmscita
1661 1978 1912 2033 dicuntur
1956 1993 2120 2047 opera
2143 2017 2160 2043 ,

584 2076 668 2129 vel
699 2076 837 2127 bona
884 2072 967 2126 vel
1000 2071 1168 2135 mala;
1212 2068 1442 2123 absurde
1486 2077 1666 2122 autem
1703 2068 2039 2136 praescicntia
2068 2083 2164 2121 cu-

585 2171 828 2239 jusquam
871 2165 1091 2218 humani
1131 2164 1311 2232 operis
1359 2163 1411 2216 in
1451 2169 1610 2215 :ctate
1638 2160 1912 2223 asseritur,
1961 2159 2014 2212 in
2061 2173 2166 2226 qua

585 2261 795 2314 futurus
816 2258 978 2311 homo
1008 2257 1124 2324 ipse
1154 2270 1260 2308 non
1290 2269 1410 2308 esse
1437 2260 1784 2306 monstratur.
1816 2251 1964 2304 Sicut
1986 2258 2167 2302 autem

587 2367 696 2405 non
724 2349 823 2404 nisi
855 2345 1336 2416 concipiendorum
1376 2343 1599 2398 exordia
1624 2382 1638 2407 ,
1680 2343 1752 2396 ita
1783 2357 1891 2396 non
1921 2341 2024 2394 nisi
2054 2341 2167 2393 vic-

585 2451 828 2495 turorum
883 2439 1162 2492 hominum
1230 2435 1462 2488 actualia
1516 2443 1662 2488 recte
1717 2433 1942 2487 dicimus
1997 2430 2167 2485 Demn

587 2531 860 2600 prmscisse
888 2536 1132 2599 peccata.
1165 2527 1380 2580 Illorum
1409 2535 1433 2561 ⁸
1466 2525 1628 2593 igitur
1667 2523 1920 2593 prmscius
1944 2536 2167 2591 operum

587 2631 732 2676 recte
759 2621 953 2674 dicitur
993 2617 1153 2682 Deus,
1182 2631 1408 2686 quorum
1453 2615 1523 2690 in
1552 2614 2019 2670 consummatione
2058 2628 2168 2667 non

589 2720 812 2779 negatur
839 2710 1220 2763 subsecuturus
1247 2705 1485 2760 effectus.

661 2801 746 2854 t7.
779 2800 1043 2854 Cancrum
1070 2797 1312 2867 quisquis
1343 2796 1510 2850 Deum
1539 2794 1820 2864 prmseium
1851 2799 2003 2862 putat
2026 2790 2170 2846 futu-

586 2906 765 2946 rorum
788 2904 1035 2959 operum,
1057 2903 1176 2957 quae
1201 2897 1379 2940 tatnen
1409 2887 1584 2939 futura
1609 2902 1714 2962 non
1742 2883 1971 2945 fuerant,
2003 2888 2170 2937 restat

585 2989 644 3034 ut
672 2978 1016 3049 prmi-scientia:
1047 2977 1161 3042 Dei,
1191 2991 1354 3046 quam
1375 2976 1557 3046 utique
1573 2991 1679 3029 non
1710 2983 1870 3043 negat
1896 2989 2165 3038 veracem,

583 3073 816 3140 aliquant
845 3071 1042 3135 inesse,
1075 3069 1218 3138 quod
1245 3069 1402 3132 absit,
1435 3067 1666 3124 aestimet
1699 3065 2008 3144 falsitatem.
2042 3064 2169 3119 Fat-

583 3181 700 3220 sum
730 3173 812 3219 est
857 3164 999 3218 enim
1049 3160 1284 3214 futurum
1337 3174 1458 3214 esse
1503 3157 1704 3226 aliquid
1752 3158 1896 3228 quod
1937 3171 2170 3226 pmsens

587 3274 698 3312 non
741 3257 860 3310 erit.
906 3255 1003 3308 Dei
1041 3260 1219 3307 autem
1249 3253 1474 3306 scientia
1505 3251 1637 3304 nihil
1667 3251 1720 3304 in
1763 3265 1822 3304 se
1852 3260 2030 3320 potest
2073 3251 2170 3303 ha-

588 3350 716 3403 bere
743 3346 860 3400 falsi
887 3388 903 3413 ,
949 3347 1073 3414 quia
1104 3344 1306 3399 falsitas
1348 3343 1524 3397 inesse
1551 3342 1764 3396 veritati
1813 3357 1921 3396 non
1970 3348 2167 3410 potest.

584 3418 1102 3504 Prtescicntia'igitur
1123 3434 1381 3498 veritatis,
1399 3447 1520 3502 qua:
1552 3432 1605 3484 in
1637 3446 1695 3485 se
1726 3447 1830 3484 non
1853 3431 2048 3500 recipit
2074 3429 2171 3483 fal-

585 3532 825 3591 sitatem,
857 3529 992 3582 sicut
1014 3526 1314 3581 faciendum
1341 3524 1552 3594 pnescit
1574 3521 1717 3592 quod
1743 3522 2044 3578 faciendum
2065 3531 2167 3588 est,

589 3626 665 3679 ita
693 3634 800 3674 non
822 3616 1119 3672 faciendum
1142 3615 1286 3684 quod
1316 3614 1619 3668 faciendum
1643 3627 1747 3666 non
1769 3621 1874 3668 est.
1903 3612 2020 3667 Non
2041 3627 2170 3682 ergo

589 3712 729 3768 Deus
767 3712 820 3766 in
847 3710 1070 3782 parvulo
1111 3716 1334 3779 peccata
1365 3708 1470 3760 ulla
1519 3707 1805 3776 prmscivit,
1837 3722 1955 3775 qua:
1991 3707 2168 3776 prius-

584 3821 745 3876 quam
787 3814 1085 3859 moreretur
1111 3803 1365 3873 parvulus
1405 3816 1509 3854 noa
1542 3800 1775 3854 admisit.
1810 3798 1875 3866 .Si
1923 3800 2064 3854 enim
2089 3799 2170 3852 fa-

583 3898 773 3955 cienda
802 3897 1119 3967 puescisset,
1148 3894 1332 3964 utique
1363 3891 1571 3947 fierent.
1597 3891 1782 3961 Neque
1816 3891 1960 3944 enim
1989 3890 2167 3943 futura

583 3995 783 4059 sciret,
827 4009 945 4062 qum
988 4006 1094 4045 non
1128 3987 1368 4043 facienda
1411 3985 1703 4055 praescii-ct.
1737 3983 1968 4038 Prhinde
1995 3984 2170 4037 faten-

584 4085 708 4141 dum
738 4092 819 4138 cst
840 4085 964 4152 quia
987 4123 1003 4146 ,
1044 4084 1184 4137 sicut
1209 4078 1462 4149 parvulus
1488 4085 1732 4130 mortuus
1774 4083 1855 4129 est
1875 4115 1889 4139 ,
1941 4075 2012 4128 ita
2045 4089 2168 4128 eum

586 4177 729 4232 Deus
753 4181 1069 4230 moriturum
1092 4189 1213 4229 esse
1237 4171 1525 4243 prmscivit.
1545 4170 1632 4224 Dei
1659 4170 1802 4224 enim
1830 4169 2168 4238 prmscientia

586 4269 890 4322 nullatenus
933 4267 1171 4328 fallitur,
1215 4265 1339 4332 quia
1387 4263 1525 4316 sicut
1554 4261 1856 4316 faetendum
1905 4261 2172 4330 prmscivit

589 4360 864 4422 mundum,
895 4366 950 4412 et
977 4359 1056 4412 sic
1082 4372 1204 4410 eum
1235 4355 1360 4410 fecit
1384 4351 1837 4422 quemadmodum
1870 4353 2168 4408 laeiendum

588 4464 708 4503 esse
737 4448 1000 4517 prtcscivit
1033 4464 1046 4499 :
1082 4447 1219 4500 sicut
1249 4445 1300 4498 in
1342 4445 1458 4512 ipso
1487 4457 1704 4512 quoque
1731 4443 1933 4496 mundo
1960 4444 2167 4513 singula

587 4555 707 4610 qua:
734 4537 871 4592 facta
901 4545 1044 4600 sunt,
1071 4536 1157 4590 vcl
1187 4533 1336 4596 fiunt,
1370 4534 1454 4586 vel
1491 4533 1731 4587 facienda
1758 4543 1903 4597 sunt,
1935 4535 2006 4587 ita
2035 4551 2170 4590 sem-

2267 1985 2520 2052 iniquitas
2548 1999 2656 2038 non
2679 1991 2782 2038 est.
2817 1983 2891 2037 De
2932 1983 3049 2052 ipso
3087 1983 3229 2037 enim
3258 1983 3514 2050 scriptum
3544 1990 3634 2036 est
3663 1999 3678 2034 :
3720 1979 3866 2036 Deus

2268 2075 2458 2144 ﬁdelis,
2513 2076 2566 2127 in
2616 2091 2713 2145 quo
2756 2091 2861 2127 non
2911 2084 2986 2126 est
3029 2073 3306 2142 iniquitas;
3353 2072 3524 2141 justus
3563 2082 3615 2124 et
3647 2082 3870 2125 sanctus

2267 2165 2429 2235 5&3
2459 2163 2713 2218 Dominus
2741 2163 2882 2216 Deus
2913 2161 3091 2232 (Deut.
3120 2178 3286 2225 χχχιι,
3317 2161 3406 2229 4};
3454 2171 3509 2216 et
3550 2159 3666 2216 'alio
3697 2163 3865 2216 loco:

2267 2256 2474 2311 Judicia
2502 2255 2597 2308 Dei
2630 2272 2770 2318 uera,
2799 2255 3093 2324 justi/irata
3123 2255 3176 2308 in
3204 2259 3476 2324 semetipsa
3498 2253 3681 2323 (Psal.
3713 2268 3866 2319 xvut,

2271 2349 2380 2418 10).
2415 2347 2495 2402 Ad
2524 2362 2754 2415 quorum
2779 2346 3105 2414 judiciorum
3134 2347 3399 2402 occultam
3432 2345 3865 2414 profunditatem

2271 2439 2417 2512 [quia
2440 2439 2642 2508 judicia
2673 2437 2769 2492 Dei
2799 2437 3014 2507 abyssus
3043 2438 3207 2490 multa
3237 2437 3409 2508 (Psal.
3437 2453 3600 2500 xxxv,
3638 2435 3718 2506 τη
3747 2451 3862 2491 cre-

2272 2530 2450 2585 dimus
2486 2530 2651 2583 etiam
2690 2538 2976 2599 parentum
3025 2531 3140 2584 sive
3180 2530 3544 2598 quorumlibet
3585 2530 3864 2584 hominum

2272 2622 2650 2690 negligentiam
2675 2621 2946 2690 pertinere
2981 2639 3000 2674 ε
3031 2621 3169 2676 sicut
3198 2621 3360 2675 etiam
3391 2636 3493 2690 pro
3524 2622 3756 2690 parvulo
3777 2629 3864 2691 qu:

2271 2715 2340 2769 ad
2369 2715 2694 2784 baptismum
2738 2715 3003 2784 pervenit,
3037 2724 3318 2784 parentum
3348 2731 3534 2770 curam
3571 2732 3686 2770 non
3713 2715 3836 2769 duli
3914 2724 3926 2737 ‘

2272 2816 2450 2860 tamus
2478 2804 2546 2860 ad
2574 2805 2767 2860 divina:
2802 2807 2985 2873 gratia:
3031 2822 3258 2860 munera
3310 2806 3674 2861 referendam.
3727 2805 3796 2860 Et
3822 2817 3866 2860 si

2271 2897 2486 2966 quidem
2516 2904 2768 2966 parentes
2796 2912 2904 2952 non
2927 2896 3126 2952 fuerint
3154 2898 3356 2968 pietate
3380 2913 3444 2953 ac
3463 2899 3610 2952 bona
3637 2914 3854 2952 conver-

2270 2989 2482 3043 satione
2509 2989 2738 3059 prtediti,
2771 2989 2933 3055 Deus,
2971 2990 3063 3058 qui
3092 2990 3248 3044 malis
3275 3006 3492 3060 quoque
3522 2992 3665 3044 bene
3694 2991 3856 3044 utitur

2271 3079 2637 3134 voluntatibus
2665 3079 2967 3142 hominum,
2993 3094 3091 3148 per
3114 3081 3377 3135 malorum
3401 3090 3686 3150 parentum
3717 3082 3835 3136 solli

2273 3171 2565 3225 citudinem
2612 3170 2932 3234 beneficium
2963 3171 3149 3239 gratia:
3195 3187 3306 3225 sua:
3333 3181 3591 3241 operatur
3641 3174 3693 3225 in
3739 3187 3865 3240 parx

2198 3272 2243 3334 ο
2272 3265 2430 3330 vulo;
2479 3265 2526 3318 si
2565 3278 2698 3335 vero
2726 3273 2979 3333 parentes
3007 3263 3136 3318 boni
3166 3262 3192 3301 δ
3223 3264 3350 3325 sint,
3397 3279 3504 3318 non
3535 3264 3711 3318 solum
3743 3279 3840 3333 par

2274 3355 2400 3409 vulo
2419 3354 2562 3408 bona
2589 3354 2838 3408 voluntas
2866 3363 3150 3424 parentum
3181 3354 3414 3424 prolicit,
3444 3353 3543 3408 sed
3575 3355 3706 3424 ipsis
3733 3369 3856 3422 quo-

2273 3463 2378 3518 que
2425 3449 2734 3518 parentibus
2773 3457 2794 3485 ο
2841 3447 2909 3500 ad
2952 3447 3203 3501 meritum
3256 3447 3445 3501 futura:
3492 3447 3861 3502 retributioni:

2273 3541 2502 3596 accedit.
2529 3541 2670 3596 Deus
2691 3541 2852 3600 enim,
2877 3541 2967 3610 qui
2997 3548 3250 3608 operatur
3268 3553 3323 3593 et
3344 3541 3479 3594 velle
3498 3550 3553 3594 et
3580 3539 3862 3609 perficere

2271 3647 2372 3703 pro
2418 3634 2557 3686 bona
2606 3632 2906 3698 voluntate,
2956 3631 3274 3699 parentibus
3315 3631 3368 3684 in
3412 3646 3472 3684 se
3519 3629 3865 3689 credentibus

2272 3723 2497 3792 gratiam
2521 3723 2673 3777 bona:
2697 3723 2989 3778 voluntatis
3015 3723 3127 3793 ipse
3156 3724 3401 3792 largitur,
3431 3732 3492 3777 ut
3517 3738 3616 3792 pro
3637 3731 3864 3792 parvulo

2272 3815 2414 3884 piam
2459 3813 2876 3868 sollicitudinem
2909 3823 3119 3882 gerant,
3171 3814 3346 3869 donec
3375 3815 3438 3867 ad
3477 3823 3685 3868 sanetae
3707 3828 3862 3882 rege-

2271 3907 2567 3960 nerationis
2587 3907 2883 3961 remedium
2914 3908 3078 3962 vitale
3106 3909 3402 3977 perveniat.
3422 3907 3662 3974 Quorum
3687 3918 3864 3962 tamen

2271 4015 2370 4054 nec
2401 4015 2590 4054 cursus
2621 4008 2819 4069 potest,
2870 4015 2971 4053 nec
3001 4000 3113 4069 ipsa
3145 4001 3302 4054 honre
3331 4000 3625 4054 voluntatis
3667 4000 3864 4055 sollici-

2272 4091 2402 4146 tudo
2431 4093 2517 4163 pia
2545 4091 2793 4148 suflicere
2814 4134 2830 4158 ,
2877 4093 2979 4146 nisi
3011 4108 3134 4148 eum
3172 4091 3422 4160 dignetur
3449 4091 3588 4146 Deus
3631 4107 3745 4146 sum
3772 4093 3864 4145 mi-

2270 4185 2556 4240 serationis
2585 4183 2819 4251 gratuito
2845 4199 3068 4238 munere
3093 4184 3410 4252 prtevcnirc.
3437 4182 3697 4251 Equidem
3726 4183 3862 4236 bona

2273 4273 2539 4334 voluntas,
2581 4287 2701 4342 qua:
2725 4287 2754 4324 a
2790 4271 3022 4326 Domino
3067 4289 3166 4342 pro
3193 4273 3398 4341 parvuli
3455 4272 3864 4340 regeneratione

2271 4364 2586 4434 parentibus
2614 4364 2923 4431 inspiratur,
2976 4378 3072 4417 eos
3101 4365 3312 4430 instigat
3357 4371 3413 4416 ut
3443 4370 3684 4426 currant,
3733 4377 3864 4432 qua-

2270 4463 2430 4509 tenus
2457 4454 2714 4524 parvulus
2743 4453 2812 4508 ad
2844 4455 3172 4510 ablutionem
3203 4456 3455 4509 salutaris
3484 4469 3641 4523 aqua:
3676 4469 3863 4523 perve-

2271 4547 2405 4600 niat.
2433 4546 2817 4600 Verumtamen
2848 4545 2995 4599 illius
3025 4547 3450 4614 regenerationis
3485 4545 3715 4600 effectus
3760 4560 3862 4598 non

588 4645 686 4701 per
725 4628 966 4683 facienda
1000 4626 1214 4680 fuerunt
1239 4625 1289 4678 in
1331 4622 1422 4678 Dei
1463 4623 1797 4692 prmscientia
1829 4625 2168 4692 quemadmo-

2275 4639 2588 4706 cujusquam
2618 4636 2848 4691 hominis
2874 4637 3106 4692 volentis
3132 4652 3307 4706 neque
3327 4638 3618 4700 currentis,
3643 4637 3740 4690 sed
3769 4638 3863 4689 mi-

586 4724 712 4778 dttm
743 4732 868 4777 sunt
897 4722 948 4776 in
978 4735 1142 4790 opere
1185 4729 1473 4775 consecuta
1499 4759 1514 4784 ,
1566 4720 1651 4774 vel
1702 4720 1866 4774 etiam
1896 4731 2165 4775 secutura.

588 4813 706 4869 Non
745 4827 874 4880 ergo
913 4811 1054 4865 Deus
1086 4811 1351 4880 prtescivit
1395 4809 1699 4865 faciendum
1741 4828 1771 4864 a
1803 4811 2044 4880 quolibet
2069 4813 2170 4864 bo-

588 4906 730 4960 mine
779 4904 921 4972 quod
957 4902 1194 4959 facturus
1246 4903 1409 4957 homo
1447 4919 1554 4957 non
1594 4904 1725 4967 fuit;
1757 4903 1898 4957 sicut
1924 4918 2024 4957 nec
2052 4904 2169 4970 ejus

590 4997 976 5068 prmscientiam
1007 4996 1205 5066 aliquid
1243 4996 1397 5049 latuit
1425 5011 1610 5049 eorum
1637 5011 1756 5063 qua:
1797 4995 2042 5050 homines
2085 4996 2168 5049 vel

589 5087 850 5154 fecerunt,
898 5088 980 5141 vel
1025 5087 1268 5153 faciunt,
1317 5087 1401 5140 vel
1449 5086 1734 5156 aliquando
1785 5085 1975 5141 facturi
2023 5094 2166 5142 sunt.

589 5177 731 5234 Deus
774 5179 914 5232 enim
943 5193 1100 5232 verus
1138 5193 1201 5232 ea
1232 5177 1282 5230 in
1313 5178 1568 5247 operibus
1606 5178 1879 5231 hominum
1919 5179 2170 5246 prmscire

579 5280 737 5326 recte
777 5263 986 5335 dicitur,
1034 5286 1153 5341 qua:
1185 5277 1239 5324 et
1265 5271 1427 5325 rebus
1468 5278 1524 5323 et
1561 5269 1806 5339 personis
1831 5277 1886 5323 et
1916 5269 2172 5339 tempori-

579 5361 691 5415 bus
720 5362 1058 5416 inchoantur.
1095 5361 1194 5416 Ubi
1224 5371 1404 5415 autem
1437 5361 1518 5414 vel
1556 5374 1662 5425 res,
1693 5360 1777 5415 vel
1807 5355 2061 5429 persona,
2087 5360 2174 5413 vel

581 5461 803 5522 tempus
827 5469 932 5507 non
963 5454 1279 5518 ostenditur,
1318 5451 1522 5507 nullum
1549 5452 1733 5522 utique
1763 5467 1899 5521 opus
1927 5460 2010 5506 est
2030 5450 2175 5520 quod

582 5543 895 5612 prscscitum
943 5544 1198 5598 divinitus
1225 5551 1519 5599 asseratur.
1555 5541 1673 5598 Non
1703 5551 1884 5598 autem
1927 5542 2176 5611 congruit

662 5691 688 5718 α
723 5681 884 5747 Edd.,
910 5683 1080 5744 illius;
1111 5683 1201 5736 sed
1233 5683 1410 5738 minus
1439 5685 1596 5739 bene.

665 5752 689 5790 δ
722 5752 845 5825 Μες.
879 5755 1004 5818 duo,
1033 5763 1268 5823 parentes
1299 5756 1496 5825 ﬁdeles.

668 5833 691 5860 ε
724 5822 985 5877 Restitnta
1016 5833 1222 5878 suntex
1252 5822 1377 5879 mss.
1404 5825 1611 5879 duobus
1638 5824 1752 5878 haec
1779 5822 1959 5892 verba,
1984 5838 2172 5894 paren-

593 5893 726 5948 tibus
756 5895 823 5953 ad
851 5895 1198 5949 meritum......
1225 5912 1322 5962 pro
1347 5896 1478 5950 bona
1510 5896 1787 5952 voluntate.

2271 4731 2501 4784 serentis
2531 4738 2613 4782 cst
2635 4728 2749 4793 Dei,
2775 4729 2865 4798 qui
2893 4735 2948 4782 et
2969 4729 3303 4782 voluntatem
3325 4737 3611 4797 parentqu
3641 4728 3861 4789 excitat,

2275 4830 2330 4877 et
2355 4821 2657 4875 volentibus
2683 4820 3007 4889 adjutorium
3037 4819 3222 4874 donat.

2349 4912 2433 4965 19.
2467 4912 2494 4948 ἀ
2532 4909 2599 4964 Ut
2623 4924 2751 4978 ergo
2781 4911 3033 4980 parvulus
3066 4911 3488 4978 regenerationis
3518 4924 3686 4978 opere
3720 4907 3862 4963 redi-

2278 5014 2475 5070 matur,
2516 5002 2843 5072 Rcdemptor
2881 5003 3300 5057 misericorditer
3335 5010 3635 5070 operatur;
3684 5002 3779 5070 qui
3812 5007 3860 5054 et

2277 5095 2707 5166 opportunitates
2739 5103 3002 5164 prcharat
3021 5134 3036 5159 ,
3065 5104 3118 5150 ct
3145 5095 3454 5149 voluntates
3483 5093 3784 5155 ministrat,
3813 5100 3862 5146 et

2277 5198 2536 5254 personas
2557 5183 2758 5246 tribuit,
2792 5191 2847 5237 et
2877 5183 2991 5237 loca
3022 5182 3286 5238 concedit.
3310 5182 3520 5252 Quique
3549 5196 3657 5235 non
3685 5180 3793 5234 hoc
3813 5181 3861 5232 in

2277 5275 2407 5328 solis
2435 5273 2699 5344 parvulis,
2733 5272 2826 5328 sed
2853 5273 3014 5326 etiam
3048 5272 3098 5325 in
3129 5271 3420 5340 majoribus
3449 5280 3726 5340 operatur.
3763 5269 3860 5322 De-

2277 5367 2436 5434 nique
2480 5365 2704 5433 legimus
2753 5363 2806 5416 in
2858 5363 2994 5416 libro
3039 5363 3265 5416 Actuum
3295 5362 3664 5431 apostolorum
3713 5357 3860 5428 (Cap.

2275 5474 2388 5524 vtn,
2419 5457 2508 5527 26)
2540 5456 2684 5526 quod
2713 5463 2937 5526 repente
2966 5454 3268 5524 Philippum
3302 5456 3352 5508 in
3384 5453 3629 5508 Samaria
3661 5452 3862 5508 consti-

2278 5554 2452 5601 tutum
2484 5547 2704 5614 angelus
2725 5546 2994 5600 monuerit
3023 5555 3079 5598 ut
3107 5547 3160 5599 in
3184 5546 3321 5598 viam
3352 5560 3471 5613 qum
3498 5543 3648 5598 ducit
3675 5541 3862 5597 Hiero-

2351 5677 2375 5716 ἀ
2409 5679 2582 5733 Locus
2611 5678 2696 5733 hic
2725 5679 2792 5733 ab
2822 5679 2905 5732 his
2939 5679 3146 5741 verbis,
3181 5677 3248 5732 Ut
3284 5694 3436 5746 ergo,
3476 5675 3547 5729 ad
3574 5669 3858 5746 hmc,Qut'

2278 5752 2467 5813 etiam,
2500 5758 2643 5802 totus
2671 5759 2753 5803 est
2781 5764 2846 5803 ex
2878 5765 3005 5803 mss.
3037 5751 3244 5802 duobus
3268 5748 3325 5802 S.
3346 5745 3560 5801 Crueis.
3602 5746 3658 5799 In
3689 5745 3860 5798 altero

2281 5835 2411 5874 vero
2440 5834 2539 5872 ms.
2573 5820 2684 5872 hanc
2714 5828 2918 5872 tantum
2949 5819 3227 5880 habentur,
3261 5817 3331 5871 Ut
3355 5833 3478 5885 ergo
3500 5815 3710 5870 veridici
3729 5829 3860 5882 pue-

2283 5890 2526 5944 dicatoris
2549 5888 2796 5956 indulsit,
2825 5888 2911 5960 qui
2941 5891 3375 5960 opportunitatem
3403 5902 3617 5958 quoque,
3651 5893 3753 5940 etc.
