4130 6464
260 384 355 437 (l3

1186 375 1273 431 ne
1308 373 1648 430 VERI‘I‘ATE
1687 349 2359 431 PRAEDESTINATldNiS
2404 371 2531 430 ue.
2568 373 2608 430 ι.

3397 375 3502 432 6η

250 492 466 566 solymis
493 487 687 544 Gazam
717 486 1091 552 descenderet,
1126 487 1214 542 ubi
1253 487 1546 542 transeunti
1571 485 1814 556 spadoni.
1847 490 1892 546 Α
1919 483 2120 539 cordia:
2144 483 2196 538 in
2225 483 2484 540 honorem
2512 484 2842 556 gloriamque
2868 486 3156 554 discernit,
3197 489 3504 548 hominibus

259 599 352 640 nec
378 591 550 636 tamen
580 574 895 633 beneficium
924 577 1346 644 regenerationis
1373 577 1712 645 aliquatenus
1741 575 1823 630 in-

257 673 504 746 quirenti,
533 686 641 724 non
665 671 838 724 solum
866 669 1182 739 przedicaret
1211 669 1332 724 fidei
1359 667 1676 723 Christiana:
1704 684 1824 740 my-

251 764 496 828 sterium,
527 761 653 828 quin
693 761 852 814 etiam
883 759 1220 828 baptismatis
1255 759 1493 814 traderet
1520 773 1827 814 sacramen-

257 865 380 910 tum.
421 852 558 908 Ecce
583 852 855 921 quomodo
880 852 1110 921 Spiritus
1139 860 1354 907 sanctus
1380 853 1548 920 gratia
1581 867 1675 906 sua
1703 866 1826 921 spa-

252 948 440 1003 donem
489 944 818 1014 przevenicns
841 984 859 1009 ,
898 959 1182 1013 personam
1213 943 1432 998 veridici
1461 942 1827 1012 praedicatoris

275 1037 484 1093 ndulsit.
533 1036 634 1102 Qui
663 1036 825 1089 etiam
866 1035 1321 1104 opportunitatem
1351 1032 1671 1103 prtedicandi
1704 1032 1827 1086 Plii-

255 1130 392 1198 Iippo
419 1125 598 1192 dedit,
628 1127 842 1194 quando
877 1126 1132 1195 spadonis
1167 1126 1404 1178 animum
1447 1125 1510 1178 ad
1543 1124 1825 1192 legendum

253 1219 433 1274 Isaiam
484 1216 903 1271 misericorditer
947 1216 1220 1269 excitavit.
1268 1215 1387 1282 Ipse
1449 1214 1610 1268 etiam
1649 1214 1822 1287 locum

252 1309 468 1368 tribuit,
509 1307 721 1375 quieos
750 1306 814 1360 ad
853 1315 1101 1374 stagnum
1149 1306 1382 1373 gratuita
1430 1304 1674 1358 bonitate
1701 1320 1825 1374 per-

251 1399 414 1452 duxit.
445 1374 646 1465 Ipse'iu
678 1396 915 1464 spadone
941 1411 1076 1464 opus
1103 1395 1288 1462 gratia:
1313 1393 1561 1447 salutaris
1574 1393 1825 1462 perfecit,

247 1503 354 1558 quo
391 1488 723 1542 illuminante
773 1485 910 1540 idem
959 1483 1128 1554 spado
1183 1484 1452 1539 Christum
1483 1499 1603 1538 esse
1633 1483 1825 1538 Filium

251 1581 340 1634 Dei
367 1580 619 1641 credidit,
653 1587 707 1632 et
734 1578 800 1632 ad
831 1587 1076 1646 stagnum
1112 1578 1336 1632 veniens
1361 1592 1524 1632 sacrm
1552 1577 1828 1631 tiaetionis

243 1667 490 1726 effectum
515 1669 778 1739 poposcit,
806 1685 903 1724 nec
926 1670 1223 1739 baptizatus
1251 1676 1475 1734 tantum,
1499 1668 1592 1723 sed
1621 1676 1673 1721 et
1702 1667 1826 1737 Spi-

249 1760 351 1814 ritu
377 1768 568 1814 sancto
597 1759 832 1827 repletus
861 1759 1138 1813 abscessit.

1926 589 2140 646 quoque
2181 578 2390 631 ratione
2433 578 2707 632 utentibus
2741 593 3005 647 congruas
3031 581 3098 636 ad
3126 583 3351 638 salutem
3379 600 3502 654 per-

1925 681 2087 720 sonas
2133 675 2227 720 aut
2273 675 2564 736 procuret,
2603 677 2695 722 aut
2731 669 2987 738 deneget,
3039 671 3091 725 in
3137 673 3256 729 aliis
3299 675 3505 730 scilicet

1920 759 2181 827 justitiam
2213 767 2430 822 tenens,
2461 759 2580 814 aliis
2612 760 3030 815 misericordiam
3075 763 3316 819 tribuens
3346 780 3362 827 ς
3409 780 3506 820 cur

1927 861 2034 900 non
2085 845 2246 900 etiam
2278 846 2329 900 iu
2360 848 2692 915 baptizandis
2741 847 3028 903 infantibus
3057 852 3356 907 certissime
3385 868 3504 908 cre-

1929 938 2121 993 damus
2150 954 2213 992 ac
2243 939 2408 993 libere
2447 939 2840 1008 proclamemus
2867 941 3194 1009 diligentiam
3225 954 3506 1013 parentum

1927 1031 1994 1084 ad
2043 1031 2271 1098 gratiam
2326 1031 2636 1085 redimentis
2658 1073 2672 1095 ,
2715 1033 3087 1100 negligentiam
3117 1011 3248 1089 vero
3277 1035 3341 1089 ad
3360 1011 3508 1104 judiu

1927 1124 2100 1178 eantis
2131 1122 2222 1176 Dei
2247 1123 2507 1189 justitiam
2540 1127 2849 1192 pertinere?
2893 1124 3007 1178 Non
3035 1128 3158 1195 quia
3189 1144 3255 1182 ex
3285 1127 3396 1182 Deo
3424 1136 3508 1184 est

1925 1215 2052 1268 boni
2082 1216 2261 1284 operis
2290 1215 2609 1282 negligentia
2637 1255 2653 1280 ,
2697 1231 2725 1268 a
2765 1232 2871 1285 quo
2903 1218 3041 1270 nulla
3073 1233 3303 1285 unquam
3335 1222 3506 1289 potuit

1927 1320 2044 1360 esse
2074 1306 2198 1358 mali
2225 1306 2402 1373 operis
2429 1320 2586 1359 causa
2615 1323 2626 1357 :
2653 1307 2744 1359 sed
2774 1308 2895 1374 quia
2923 1308 3060 1361 bona
3094 1309 3357 1374 voluntas,
3389 1326 3508 1379 quas

1926 1411 1956 1449 a
1987 1395 2096 1449 Deo
2124 1396 2391 1459 tribuitur,
2423 1405 2678 1463 quantum
2710 1397 2760 1450 in
2791 1384 3012 1452 caritate
3040 1399 3249 1468 profit-it
3281 1411 3326 1463 ε,
3359 1410 3510 1455 tanto

1927 1486 2185 1553 majorem
2231 1502 2330 1556 pro
2359 1488 2530 1540 salute
2560 1487 2844 1554 cujuslibet
2873 1491 3062 1544 animm
3093 1485 3508 1546 sollicitudinem

1925 1576 2084 1643 gerit.
2135 1574 2268 1628 Mala
2299 1591 2428 1630 vero
2459 1575 2705 1630 voluntas
2732 1618 2747 1642 ,
2791 1593 2909 1647 qum
2935 1594 3034 1631 suo
3061 1580 3254 1632 merito
3281 1581 3508 1646 gratiam

1927 1665 2165 1719 caritatis
2193 1673 2284 1718 aut
2312 1680 2418 1718 non
2456 1666 2649 1734 accipit
2674 1707 2688 1732 ,
2725 1675 2817 1719 aut
2846 1667 3080 1735 amittit,
3113 1677 3384 1736 torporem
3416 1669 3522 1723 ne;

1929 1756 2194 1822 gligentitc
2222 1772 2332 1810 sua:
2370 1772 2475 1810 non
2506 1757 2764 1824 deponit,
2806 1769 2861 1811 et
2885 1759 3010 1812 dum
3058 1761 3108 1812 in
3136 1760 3246 1814 suis
3274 1760 3508 1814 tenebris

312 1849 398 1906 20.
427 1851 561 1917 Quis
589 1852 749 1905 etiam
781 1850 1088 1905 Cornelium
1119 1849 1508 1913 centurionem,
1535 1847 1699 1901 misso
1729 1862 1825 1900 au-
1858 1853 1898 1910 Β
1927 1845 2332 1913 derelinquitur,
2365 1847 2532 1914 magis
2561 1862 2624 1901 ac
2651 1848 2818 1914 magis
2846 1857 3164 1903 excreatur.

244 1939 364 2011 gelo
411 1949 474 1994 ut
543 1941 847 2009 apostolum
919 1939 1130 1993 Petrum
1189 1940 1494 2002 accersiret,
1551 1937 1828 1990 admonuit

243 2031 445 2100 (Achx,
477 2029 671 2099 ὅμιἰεί
701 2031 789 2099 qui
821 2029 992 2084 eidem
1016 2029 1315 2084 centurioni
1344 2027 1715 2094 gratisdouum
1745 2025 1833 2095 sui

245 2120 448 2174 timoris
478 2135 543 2173 ac
575 2120 728 2172 bona:
773 2119 1103 2187 operationis
1142 2117 1370 2172 infudit?
1421 2116 1489 2171 Ut
1515 2117 1658 2172 enim
1689 2117 1830 2171 Deus

241 2209 546 2263 orationum
584 2206 747 2278 444
786 2209 903 2275 ejus
930 2215 983 2261 et
1021 2207 1482 2277 eleemosynarum
1514 2205 1828 2258 memoriam

243 2297 465 2354 haberet
489 2341 504 2362 ,
538 2300 702 2368 ipsius
727 2299 961 2354 Cornelii
993 2300 1142 2369 prius
1165 2300 1442 2362 meminit;
1493 2314 1600 2352 non
1629 2299 1680 2352 in
1711 2297 1828 2365 ejus

243 2390 481 2458 quolibet
505 2405 669 2458 opere
699 2390 844 2444 bono
871 2431 886 2454 ,
930 2389 1024 2444 sed
1054 2390 1105 2443 in
1135 2389 1472 2458 beneplacito
1510 2403 1608 2444 suo
1635 2428 1650 2452 ,
1691 2396 1750 2441 ut
1778 2387 1828 2442 ei

243 2478 444 2534 donum
477 2482 560 2534 sui
587 2481 795 2535 timoris
823 2479 1145 2542 infunderet,
1169 2494 1276 2547 quo
1305 2480 1355 2533 ei
1384 2488 1439 2533 et
1465 2479 1830 2547 eleemosyna-

244 2583 359 2623 rum
389 2571 644 2633 studium,
673 2578 727 2623 et
747 2579 944 2624 sauctze
971 2570 1231 2624 orationis
1252 2570 1536 2638 inspiraret
1563 2568 1828 2621 affectum.

242 2655 363 2727 Ipse
393 2659 555 2724 igitur
590 2659 640 2711 ei
681 2659 928 2726 placendi
978 2658 1204 2724 gratiam
1253 2657 1520 2718 contulit,
1560 2656 1652 2724 qui
1682 2657 1734 2708 in
1763 2669 1830 2710 eo

240 2748 386 2818 quod
420 2763 603 2803 coram
644 2763 702 2801 se
732 2749 968 2816 placeret
1007 2747 1225 2800 invenit.
1264 2746 1383 2815 Ipse
1410 2755 1491 2799 est
1519 2747 1662 2799 enim
1693 2745 1833 2799 Deus

243 2833 310 2886 de
359 2849 470 2902 quo
518 2835 806 2903 Apostolus
851 2834 1022 2889 dicit:
1057 2833 1195 2886 Deus
1246 2843 1416 2886 autem
1461 2834 1606 2902 pacis
1643 2841 1698 2895 ι,
1747 2832 1833 2902 qui

245 2923 422 2976 eduxit
442 2925 506 2976 de
527 2927 740 2979 mortuis
762 2935 1020 2995 pastorem
1047 2905 1291 2994 magnum
1319 2925 1486 2976 ovium
1508 2924 1561 2976 in
1581 2924 1835 2993 sanguine

247 3017 538 3068 testamenti
559 3018 755 3081 azterni,
787 3014 1061 3069 Dominum
1089 3026 1321 3068 nostrum
1349 3013 1528 3067 Iesum
1553 3013 1845 3079 Christum,

249 3113 387 3175 aptet
415 3123 502 3159 vos
539 3107 590 3159 in
638 3107 776 3160 omni
824 3104 954 3159 bono
976 3144 990 3166 ,
1038 3113 1091 3156 ut
1121 3103 1328 3174 faciatis
1356 3103 1670 3156 voluntatem
1697 3103 1828 3170 ejus,

2001 1931 2088 1987 ᾖξ’..
2137 1935 2248 1989 Deo
2293 1936 2453 2004 igitur
2499 1937 2552 1988 in
2597 1936 2901 1991 hominibus
2937 1936 3358 1992 misericorditer
3380 1953 3509 2008 ope-

1929 2033 2118 2089 rante,
2171 2027 2524 2095 providentur
2568 2024 2596 2062 τι
2643 2027 2806 2081 etiam
2852 2027 3114 2094 adjutoria
3160 2043 3510 2097 personarum

1929 2125 2091 2186 atque
2116 2117 2575 2184 opportunitatum
2602 2157 2617 2183 ,
2646 2125 2704 2170 et
2745 2115 2858 2185 ipsa
2909 2118 3134 2172 facultas
3167 2119 3347 2187 operis
3387 2127 3510 2172 tunc

1932 2205 2203 2260 invenitur
2229 2205 2295 2258 ad
2331 2206 2707 2274 baptizandum
2755 2209 3034 2277 parvulum
3063 2250 3079 2274 ,
3124 2209 3338 2276 quando
3368 2209 3418 2262 in
3445 2223 3518 2264 eo

1931 2295 2189 2351 Dominus
2214 2295 2373 2367 545
2399 2299 2585 2350 statuit
2605 2313 2738 2366 opus
2760 2310 2958 2352 sancta:
2981 2298 3268 2353 ablutionis
3290 2298 3514 2368 implen-

1930 2385 2074 2440 dum.
2109 2386 2249 2440 Deus
2273 2388 2436 2451 enim,
2462 2387 2550 2456 qui
2581 2387 2859 2455 parvulum
2891 2404 2996 2440 non
3027 2388 3313 2450 volentem,
3338 2399 3521 2456 nequa'

1931 2484 2233 2530 currentem
2253 2516 2268 2540 ,
2305 2475 2424 2530 fidei
2456 2476 2727 2543 nescium,
2757 2492 2972 2546 suaeque
3000 2477 3188 2532 salutis
3222 2487 3381 2544 atque
3411 2479 3512 2531 uti.

1932 2563 2097 2620 litatis
2126 2565 2367 2632 ignarum
2395 2603 2410 2626 ,
2451 2565 2502 2618 in
2533 2581 2641 2632 quo
2671 2567 2813 2619 nulla
2843 2569 3265 2634 regenerationis
3302 2569 3518 2636 petitio,-

1932 2653 2076 2706 nulla
2127 2654 2246 2707 fidei
2297 2662 2477 2722 potest
2525 2655 2700 2708 inesse
2746 2656 3048 2719 confessio,
3077 2658 3306 2724 gratuita
3336 2672 3516 2712 saerao

1934 2744 2099 2796 menti
2123 2727 2324 2797 virtute
2353 2743 2609 2808 mundat;
2650 2744 2764 2813 ipse
2789 2761 2886 2814 pro
2914 2746 3282 2818 redemptione
3309 2747 3520 2816 parvuli

1935 2834 2145 2887 animos
2175 2839 2452 2902 parentum
2476 2875 2490 2897 ,
2521 2834 2632 2888 sive
2668 2835 3032 2904 quorumlibet
3062 2835 3292 2890 ﬁdelium
3323 2837 3516 2891 volun-

1937 2931 2074 2977 tates
2101 2924 2303 2977 excitat
2329 2962 2343 2986 ,
2383 2931 2444 2978 ut
2471 2925 2633 2977 etiam
2664 2925 2766 2979 illis
2794 2939 2914 2979 cum
2965 2926 3156 2980 timore
3200 2933 3254 2979 et
3285 2935 3516 2984 tremore

1935 3015 2164 3068 salutem
2186 3029 2336 3067 suam
2363 3014 2711 3091 operantibus
2739 3015 2982 3082 proficiat
3011 3015 3074 3067 ad
3105 3015 3259 3069 bona:
3287 3017 3518 3070 retribu-

1937 3104 2097 3159 tionis
2144 3105 2484 3171 mercedem,
2534 3120 2632 3174 per
2679 3120 2904 3173 quorum
2954 3106 3095 3174 piant
3133 3121 3315 3160 curam
3347 3107 3520 3166 infans

252 3194 446 3263 faciens
474 3195 526 3248 in
549 3196 687 3248 vobis
706 3194 843 3266 quod
863 3194 1065 3262 placeat
1087 3208 1261 3246 coram
1287 3208 1342 3245 se
1369 3190 1553 3261 (Hebr.
1581 3207 1692 3257 xm,
1716 3189 1827 3260 20).
1859 3207 1904 3270 C
1936 3195 2246 3265 perducitur
2274 3195 2340 3249 ad
2369 3195 2616 3250 salutem.
2649 3195 2704 3248 Si
2735 3195 2874 3248 enim
2903 3195 3203 3249 mercedem
3231 3210 3380 3249 suam
3411 3210 3516 3250 non

252 3279 307 3336 In
339 3293 546 3338 tantum
577 3294 754 3338 autem
783 3283 974 3338 divinzn
1003 3283 1187 3352 gratiae
1218 3282 1345 3346 fuit,
1377 3283 1521 3352 quod
1549 3282 1832 3337 Cornelius

250 3371 556 3428 admonitus
585 3383 668 3428 est
710 3384 767 3428 ut
805 3374 870 3427 ad
901 3389 960 3427 se
989 3372 1203 3428 Petrum
1235 3374 1556 3438 accersiret,
1591 3383 1647 3426 ut
1675 3374 1836 3426 etiam

254 3462 351 3532 ipsi
406 3464 571 3519 Petro
602 3469 625 3502 ι»
655 3467 882 3535 Spiritus
926 3476 1143 3521 sanctus
1188 3466 1526 3520 venientibus
1572 3465 1637 3520 ad
1689 3481 1834 3533 eum,

251 3566 384 3623 quos
411 3556 697 3610 Cornelius
735 3555 990 3620 miserat,
1040 3571 1144 3610 non
1185 3555 1358 3609 solum
1389 3564 1447 3608 ut
1475 3569 1596 3609 cum
1627 3556 1704 3609 eis
1735 3556 1838 3610 iret

253 3645 608 3715 praeciperet,
637 3645 764 3714 quin
795 3645 955 3699 etiam
987 3645 1323 3698 formidinem
1356 3645 1520 3698 totius
1545 3644 1838 3698 dubitatio-

254 3733 334 3787 nis
357 3735 630 3798 auferens,
661 3749 690 3788 a
719 3749 778 3789 se
807 3735 926 3789 illos
954 3735 1146 3788 missos
1176 3733 1338 3788 fuisse
1368 3733 1626 3788 firmaret.
1675 3734 1836 3788 Deni-

253 3839 354 3894 que
395 3829 472 3882 sic
512 3827 688 3881 eidem
731 3825 888 3880 Petro
919 3843 948 3880 a
979 3826 1181 3895 Spiritu
1229 3834 1417 3880 sancto
1467 3825 1663 3879 dictum
1708 3833 1835 3879 est:

255 3913 385 3971 Ecce
410 3919 514 3972 viri
543 3927 647 3972 tres
673 3927 906 3989 qnmrunt
937 3929 1002 3972 te.
1045 3917 1211 3984 Surge
1239 3919 1409 3987 itaque
1434 3958 1448 3981 ,
1477 3916 1725 3970 descende
1745 3957 1759 3979 ,
1792 3927 1842 3972 et

253 4006 378 4060 vade
404 4023 522 4061 cum
553 4008 644 4070 eis,
675 4008 805 4061 nihil
833 4007 1096 4073 dubitans,
1127 4009 1246 4077 quia
1275 4024 1368 4078 ego
1397 4009 1513 4059 misi
1543 4007 1658 4059 illos
1700 4009 1836 4072 (Act.

254 4107 306 4159 ι,
336 4095 442 4168 19).
497 4099 790 4166 Apostolus
816 4113 1030 4166 quoque
1060 4100 1300 4152 volentes
1331 4099 1407 4152 ire
1447 4099 1497 4150 in
1539 4097 1839 4168 Bithyniam

253 4194 410 4256 atque
437 4189 664 4252 Asiam,
706 4191 901 4244 vetitos
930 4207 962 4242 a
988 4191 1187 4260 Spiritu
1225 4199 1414 4244 sancto
1442 4191 1665 4256 legimus
1697 4193 1836 4256 (Act.

255 4287 357 4341 xvi,
389 4277 466 4346 7).
501 4277 572 4332 Ει
598 4288 878 4348 postquam
907 4278 1124 4335 Saulum
1151 4280 1406 4335 Dominus
1426 4295 1521 4334 sua
1551 4296 1685 4335 voce
1713 4296 1840 4350 pro-

254 4370 437 4423 stravit
484 4369 627 4440 (Act.
657 4385 729 4433 ις,
757 4368 849 4440 6),
897 4371 1007 4439 ipse
1055 4371 1120 4424 ad
1169 4370 1413 4425 eumdem
1464 4359 1840 4440 liaptizandom

256 4454 514 4514 Ananiam
545 4462 795 4527 visitavit,
828 4471 883 4516 et
912 4463 1056 4516 misit
1086 4461 1273 4527 (Ibid.,
1309 4463 1369 4516 ll
1389 4477 1420 4517 '.
1457 4461 1648 4517 Paulus
1675 4463 1839 4517 etiam

1936 3287 2125 3357 perdet
2171 3287 2261 3354 qui
2309 3285 2529 3340 calicem
2580 3300 2732 3352 aqute
2788 3284 2988 3349 frigidm
3036 3285 3123 3338 uni
3173 3301 3238 3338 ex
3287 3286 3516 3342 minimis

1935 3376 2135 3430 Christi
2191 3376 2244 3429 in
2286 3375 2500 3429 nomine
2531 3373 2772 3442 discipuli
2816 3373 3023 3427 dederit
3073 3373 3286 3442 (Matth.
3321 3390 3374 3436 χ,
3405 3372 3521 3439 42).

1937 3483 2045 3536 quo
2073 3467 2190 3522 sola
2229 3467 2281 3520 in
2325 3467 2542 3520 liomine
2575 3475 2598 3502 ε
2626 3480 2754 3520 caro
2781 3467 3049 3534 pascitur,
3079 3470 3349 3534 quomodo
3380 3481 3520 3521 mer-

1938 3557 2122 3612 cedem
2168 3572 2273 3611 non
2303 3557 2562 3620 habebit,
2609 3557 2700 3624 qui
2731 3557 2834 3625 .pia
2879 3556 3238 3610 sollicitudine
3264 3558 3431 3612 currit
3457 3561 3519 3611 ae

1937 3647 2130 3714 satagit
2157 3655 2216 3700 ut
2243 3661 2371 3700 caro
2397 3645 2614 3699 infantis
2644 3646 2928 3714 animaque
2957 3645 3228 3699 salvetur?

2007 3735 2136 3790 Car.
2171 3753 2242 3790 XI.
2273 3763 2344 3774 --
2367 3734 2456 3790 25.
2483 3735 2744 3800 Quocirca
2774 3737 2936 3789 etiam
2965 3736 3077 3789 haec
3105 3737 3245 3790 bona
3275 3737 3520 3793 voluntas

1942 3828 2198 3882 divinitus
2225 3827 2340 3881 dari
2370 3826 2632 3881 credenda
2663 3834 2748 3880 est
2771 3827 3082 3894 parentibus
3111 3827 3240 3894 piis,
3270 3843 3375 3896 qua
3410 3826 3520 3882 fru-

1939 3926 2086 3972 ctum
2114 3932 2223 3970 sua:
2261 3916 2437 3970 carnis
2459 3955 2474 3979 ,
2518 3930 2678 3982 quem
2705 3915 2995 3970 carnaliter
3029 3916 3226 3969 editum
3257 3925 3520 3972 noverunt

1940 4006 2214 4074 originalis
2242 4005 2447 4075 peccati
2470 4007 2790 4074 contagione
2817 4006 3096 4074 pollutum,
3122 4022 3226 4060 non
3255 4007 3520 4075 negligant

1940 4097 2164 4166 spli'itali
2211 4096 2622 4163 regeneratione
2669 4094 3066 4160 mundandum;
3111 4111 3286 4164 neque
3317 4105 3520 4153 tantum

1941 4188 2158 4258 cupiant
2187 4188 2384 4241 habere
2416 4187 2783 4255 trmporaliter
2811 4186 3074 4241 limredem
3093 4225 3108 4248 ,
3138 4197 3396 4255 quantum
3423 4189 3521 4244 de-

1940 4279 2176 4333 siderent
2198 4287 2254 4332 et
2281 4278 2561 4341 vigilanter
2588 4287 2832 4345 satagant
2852 4276 3050 4332 Christi
3079 4295 3258 4334 secum
3290 4279 3400 4335 fieri
3430 4295 3522 4336 co-

1943 4367 2241 4434 hceredetn;
2281 4377 2335 4423 et
2363 4384 2521 4437 quem
2563 4368 2756 4422 habent
2785 4383 2852 4423 ex
2882 4371 3092 4423 mortali
3122 4371 3324 4426 semine
3361 4371 3523 4427 lilium

1943 4462 2242 4516 mortaliter
2293 4461 2679 4524 transiturum,
2723 4476 2790 4514 ex
2830 4476 2967 4530 aqua
3010 4469 3066 4515 et
3099 4461 3298 4531 Spiritu
3337 4475 3526 4520 sancto

253 4545 548 4606 Corinthis
575 4554 816 4607 scribens
857 4554 1135 4608 evidenter
1162 4555 1394 4607 affirmat
1426 4554 1839 4608 sollicitudinem
1873 4567 1917 4626 ι)
1943 4560 2188 4605 renatum
2219 4551 2434 4604 fratrem
2472 4550 2699 4602 habeant
2730 4550 2828 4602 sub
2859 4549 2969 4602 Deo
2998 4547 3155 4604 Patre
3186 4561 3524 4620 perpetuum.

255 4651 490 4700 sanctam
519 4645 642 4698 Tito
680 4645 942 4715 discipulo
977 4661 1075 4700 suo
1101 4689 1116 4711 ,
1146 4662 1249 4714 qua
1282 4662 1379 4714 pro
1410 4646 1515 4700 illis
1542 4655 1838 4713 satagcrct,

256 4728 511 4789 divinitus
553 4735 882 4804 inspiratam.
936 4737 1026 4790 Sic
1053 4737 1194 4789 enim
1225 4735 1357 4788 dicit
1390 4753 1401 4788 :
1437 4734 1644 4788 Gratias
1672 4744 1841 4788 autem

259 4817 402 4885 Deo,
441 4828 530 4896 qui
579 4827 716 4879 dedit
761 4827 993 4880 eamdem
1029 4827 1428 4880 sollicitudinem
1475 4844 1570 4896 pro
1618 4828 1757 4882 vobis
1785 4829 1840 4881 iit

259 4913 408 4966 corde
438 4915 541 4968 Titi
573 4914 662 4984 (11
689 4914 807 4969 Cor.
838 4933 948 4978 vm,
985 4916 1094 4983 16).

329 5000 454 5056 Car.
485 5020 541 5058 κ.
563 5031 634 5042 -
655 5003 742 5056 21.
767 5005 900 5059 Cum
922 5020 1050 5074 ergo
1071 5005 1467 5073 Scripturarum
1497 5007 1843 5060 attestatione

259 5099 561 5146 sanctarum
593 5095 928 5149 manifestum
954 5097 1023 5149 sit
1045 5096 1187 5163 quod
1212 5095 1370 5160 Deus,
1394 5095 1546 5162 cujus
1575 5097 1842 5150 voluntati

261 5189 417 5232 nemo
440 5182 660 5247 resistit,
686 5188 837 5252 cujus
863 5186 1266 5256 dispositionem
1297 5201 1452 5240 nemo
1477 5195 1670 5253 mutat,
1691 5187 1844 5253 cujus

257 5263 457 5333 judicia
505 5289 666 5329 nemo
713 5277 1156 5346 comprehendit,
1187 5276 1480 5332 secundum
1509 5277 1844 5332 abundantes

261 5355 476 5419 divitias
512 5368 697 5433 gratia:
738 5384 847 5423 suae
873 5410 888 5433 ,
932 5384 1066 5438 quas
1110 5370 1271 5424 liabet
1314 5369 1366 5422 in
1399 5359 1640 5424 bonitate
1683 5382 1846 5436 super

265 5461 473 5521 omnes,
503 5469 640 5524 quos
665 5458 732 5514 de
761 5475 936 5514 massa
963 5459 1213 5514 damnata
1243 5457 1444 5514 faciens
1479 5475 1606 5515 vasa
1635 5459 1846 5513 miscri-

343 5622 485 5704 {Sie
507 5622 832 5691 mss.,justa
859 5630 1058 5676 textum
1075 5621 1335 5692 Apostoli.
1363 5621 1498 5676 Edd.
1525 5638 1631 5677 non
1653 5621 1850 5676 habent

267 5706 519 5835 {,aiublss.
551 5763 676 5830 duo,
707 5766 807 5835 ipsi
837 5764 982 5817 beato
1013 5762 1196 5827 Pctro;
1239 5771 1294 5817 et
1322 5763 1484 5832 paulo
1515 5769 1654 5832 post,
1682 5763 1842 5816 eidem

269 5827 410 5884 beato
439 5831 618 5889 Petro.

1196 5955 1238 5969 -συ-

1944 4643 2322 4697 V'erumtamcn
2354 4644 2490 4696 hanc
2515 4641 2830 4695 laudabilem
2859 4643 3190 4697 voluntatem
3215 4644 3316 4698 illis
3341 4646 3525 4714 procul

1943 4738 2106 4792 dubio
2136 4737 2446 4806 parentibus
2495 4735 2632 4788 Deus
2662 4734 2883 4797 tribuit,
2925 4735 3119 4803 quibus
3145 4751 3242 4805 per
3267 4736 3526 4807 Spiritum

1943 4839 2185 4883 sanctum
2209 4828 2434 4896 gratiam
2455 4835 2655 4879 sancta:
2683 4827 2921 4880 caritatis
2942 4824 3152 4880 infudit.
3185 4827 3285 4898 Ipsi
3313 4845 3527 4899 quoque

1943 4922 2010 4975 ad
2042 4922 2204 4973 vitam
2235 4929 2488 4973 a-ternam
2518 4919 2837 4986 perveniunt
2861 4958 2876 4981 ,
2921 4935 3026 4973 non
3063 4923 3187 4988 quia
3220 4921 3271 4975 in
3301 4938 3527 4992 corpore

1915 5012 2137 5065 ‘mortis
2176 5010 2334 5075 lmjus
2377 5009 2666 5061 morituros
2697 5006 2836 5061 ﬁlios
2875 5009 3128 5076 gignunt,
3177 5011 3269 5064 sed
3310 5013 3433 5079 quia
3474 5012 3528 5068 in

1945 5098 2037 5152 Dei
2073 5099 2266 5152 timore
2295 5097 2566 5158 viventes,
2599 5112 2720 5151 eum
2762 5098 2840 5151 eis
2869 5099 2935 5152 ad
2963 5099 3209 5154 secundae
3237 5101 3528 5158 nativitatis

1944 5188 2261 5242 beneficium
2293 5185 2546 5241 festinare
2579 5203 2684 5241 non
2725 5189 2995 5256 negliguut
3021 5227 3036 5251 ,
3079 5197 3132 5242 et
3161 5189 3334 5244 donec
3361 5191 3415 5244 in
3449 5193 3528 5248 eis

1945 5293 2110 5347 opere
2136 5277 2472 5346 compleatur
2493 5317 2508 5340 ,
2551 5277 2852 5332 Christiana
2871 5277 3178 5332 'dilcclione
3213 5283 3523 5349 parturiunt

1945 5383 2082 5437 quos
2119 5368 2349 5422 humana
2389 5367 2715 5422 fecunditate
2773 5359 3119 5435 pepererunt.
3170 5369 3317 5436 Quos
3363 5375 3527 5428 etiam

1946 5457 2249 5528 baptizatos
2277 5456 2519 5513 difﬂuere
2560 5475 2656 5528 per
2684 5457 2881 5526 ﬂagitia
2916 5453 3260 5529 facinoraque
3305 5479 3411 5519 non
3450 5468 3522 5520 si-

2033 5632 2055 5692 ς
2082 5621 2178 5692 _Sic
2198 5635 2324 5675 mss.
2344 5621 2468 5692 duo.
2487 5619 2616 5692 ΕΔΜ,
2637 5663 2653 5686 ,
2677 5597 2890 5692 profuit.

2024 5688 2048 5725 ά
2081 5690 2155 5765 Ita
2189 5689 2474 5765 mssaduo.
2506 5688 2725 5765 suae:
2754 5688 2853 5749 ms.
2879 5694 3034 5762 alter,
3063 5700 3380 5765 providente.

2027 5771 2049 5796 ι·
2083 5758 2203 5814 Ilaec
2231 5760 2412 5825 verba,
2443 5761 2495 5811 in
2520 5760 2724 5817 homine
2775 5781 2882 5820 non
2910 5758 3110 5823 habent
3136 5769 3262 5825 editi
3295 5785 3392 5825 nec
3424 5783 3524 5825 ms.

1955 5846 2121 5885 unu5°
2163 5831 2360 5884 habent
2394 5845 2518 5884 mss.
2553 5831 2678 5885 duo.
