4046 6508
566 362 670 420 615

1545 360 1600 414 s.
1641 333 2001 413 meum“
2040 354 2343 411 EPISCOPI
2389 353 2762 413 RUSPENSIS

3730 359 3856 413 (οῒῦ

565 484 727 538 nunt;
773 476 867 530 sed
897 491 1026 537 eos,
1074 474 1361 530 secuudum
1406 472 1644 541 Apostoli
1683 476 2043 539 praeceptum,
2085 469 2140 520 iu
2170 470 2217 528 Α
2246 483 2312 522 ne
2359 469 2545 522 redimi
2596 469 2764 537 possit
2809 479 3181 537 quemcunque
3230 468 3457 524 voluerit
3499 489 3510 522 :
3566 469 3848 524 Voluntati

563 566 834 635 disciplina
857 575 905 618 et
923 567 1242 634 correptione
1267 562 1474 615 Domini
1505 560 1716 630 (Ephes.
1741 575 1811 622 γι,
1836 558 1891 629 4)
1943 558 2145 612 nutrire

563 663 724 723 atque
751 655 983 709 educare
1011 652 1373 717 contendunt;
1417 651 1585 718 magis
1623 665 1717 704 eos
1745 650 1990 703 volentes
2026 662 2146 702 esse

563 747 788 816 placitos
818 747 952 813 Deo,
982 761 1142 815 quam
1171 744 1362 799 divites
1386 750 1478 796 aut
1501 741 1675 796 claros
1703 754 1822 794 esse
1846 739 1898 792 in
1925 739 2140 793 sznculo.

633 835 721 889 9.4.
771 836 951 904 Usque
978 835 1114 889 adeo
1145 849 1272 888 vero
1318 831 1655 886 manifestum
1686 839 1770 884 est
1795 830 2022 898 gratiam
2050 830 2144 884 ba-

567 925 745 994 ptismi
785 925 982 980 debere
1009 924 1128 978 ﬁliis
1158 940 1187 977 a
1217 923 1526 992 parentibus
1562 921 1811 976 celeriter
1850 920 2056 984 afferri,
2086 926 2146 974 ut

565 1017 667 1070 hoc
697 1031 802 1069 non
831 1015 1002 1067 solum
1045 1013 1172 1067 boni
1214 1012 1396 1066 ﬁdeles
1435 1010 1651 1065 solliciti
1693 1008 1870 1063 facere
1909 1008 2140 1070 soleant,

562 1103 660 1159 sed
687 1104 847 1158 etiam
877 1104 952 1156 illi
981 1102 1069 1171 qui
1099 1101 1165 1155 ad
1201 1100 1433 1155 ﬁliorum
1474 1100 1567 1154 Dei
1611 1115 1716 1153 non
1748 1099 2018 1168 pertinent
2045 1115 2145 1153 nu—

564 1210 767 1249 merum
795 1211 806 1245 :
832 1194 921 1262 qui
942 1193 1146 1246 scilicet
1167 1206 1288 1246 cum
1311 1189 1544 1244 ﬁdelium
1569 1196 1884 1242 censeantur
1907 1189 2142 1255 nomine,

564 1298 758 1352 negare
786 1282 1173 1336 convincuntur
1201 1279 1454 1349 operibus
1482 1277 1639 1332 ﬁdem
1659 1319 1674 1341 ,
1706 1277 1831 1330 dum
1861 1291 1924 1330 ea
1952 1285 2148 1344 gerunt

564 1389 680 1445 qua:
720 1374 839 1428 ﬁdei
886 1373 1173 1426 convenire
1221 1387 1327 1425 non
1377 1353 1619 1439 possunt.
1649 1369 1805 1435 Nam,
1844 1377 1903 1422 ut
1929 1368 1995 1422 de
2024 1369 2143 1422 aliis

562 1474 770 1520 taceam
793 1504 808 1528 ,
849 1477 1027 1518 nonne
1056 1462 1298 1516 videmus
1333 1460 1674 1515 mulierculas
1701 1459 1956 1529 quasdam
2005 1459 2142 1513 ﬁlios

559 1571 685 1624 suos
710 1569 815 1608 non
840 1553 908 1607 de
934 1551 1222 1615 connubio,
1254 1550 1350 1605 sed
1369 1550 1436 1604 de
1465 1549 1818 1604 fornicatione
1839 1555 2141 1617 susceptos,

559 1645 788 1699 Sollicito
816 1644 884 1698 ad
919 1641 1251 1712 baptismatis
1279 1640 1502 1707 gratiam
1532 1647 1778 1707 portare,
1809 1637 2141 1706 multumque

557 1736 696 1790 tueri
727 1750 795 1789 ne
822 1734 913 1802 qui
941 1733 1007 1788 de
1038 1733 1141 1787 illis
1169 1731 1454 1786 carnaliter
1480 1730 1588 1783 nati
1624 1737 1750 1784 sunt
1793 1728 2013 1798 spiritali
2045 1743 2143 1781 na-

2246 560 2382 612 euim
2419 559 2530 628 ejus
2573 559 2694 628 quis
2723 558 2914 610 resistit
2958 555 3135 625 (Rom.
3169 573 3219 610 ιχ
3243 593 3257 621 ,
3291 557 3417 620 l9)?
3465 560 3663 626 injuste
3710 576 3848 613 vero

2244 648 2500 702 damnare
2528 648 2829 716 quempiam
2858 661 2956 701 nec
2984 647 3112 701 velit
3143 647 3431 715 aliquando
3450 685 3465 714 ,
3495 663 3597 702 nec
3628 651 3845 717 possit;

2244 739 2366 806 quia
2395 746 2561 791 rectus
2587 747 2662 790 est
2693 736 2946 790 Dominus
2987 735 3125 788 Deus
3166 746 3375 802 uoster,
3416 748 3466 789 et
3493 753 3596 791 non
3629 747 3708 790 est
3737 737 3822 790 ini

2243 829 2410 898 quitus
2440 829 2495 880 in
2523 844 2581 880 eo
2614 826 2784 897 (Psal.
2813 841 2918 890 χει,
2946 825 3058 892 16),
3083 835 3139 880 et
3165 828 3413 895 iniquitas
3452 839 3635 882 nostra
3674 831 3816 900 justi
3843 865 3849 868 -

2245 920 2369 970 tiam
2397 915 2492 969 Dei
2521 916 2864 980 com.uendat,
2895 932 2994 972 nec
3021 925 3106 971 est
3133 918 3347 987 iniquus
3372 917 3534 985 Deus,
3556 921 3652 989 qui
3678 922 3850 977 infert

2247 1010 2382 1064 iram
2416 1008 2590 1080 (Rom.
2624 1025 2700 1073 ιιι,
2731 1006 2806 1079 5).

2309 1099 2441 1154 Car.
2473 1117 2565 1154 xu.
2596 1130 2665 1140 —
2706 1099 2793 1152 26.
2826 1100 3079 1168 Quisquis
3108 1101 3270 1169 igitur
3295 1103 3480 1171 gratia:
3507 1103 3704 1158 divinre
3731 1107 3849 1160 nti-

2243 1193 2467 1247 rabilem
2496 1193 2611 1246 vult
2639 1199 2800 1260 atque
2843 1192 3438 1262 incomprehensibilem
3481 1197 3851 1254 considerare

2243 1286 2516 1351 virtutem,
2541 1285 2668 1340 illud
2692 1285 2870 1354 potius
2891 1286 3079 1341 humili
3101 1270 3297 1357 pioque
3319 1290 3482 1344 corde
3503 1293 3847 1350 consideret.

2242 1377 2514 1445 quomodo
2551 1377 2864 1447 plerumque
2894 1387 3146 1448 parentes
3173 1381 3268 1448 pii,
3302 1380 3484 1436 ﬁdeles
3513 1392 3570 1436 et
3596 1383 3846 1453 impigri,

2243 1476 2404 1536 atque
2430 1467 2664 1531 solliciti,
2692 1483 2814 1521 cum
2845 1469 3080 1537 parvulis
3100 1471 3213 1526 suis
3239 1471 3306 1524 ad
3334 1472 3660 1541 baptismum
3689 1476 3848 1529 velo-

2243 1557 2378 1611 citer
2405 1566 2654 1623 currant,
2685 1569 2739 1612 et
2769 1559 2909 1613 inter
2937 1575 3126 1614 manus
3155 1559 3516 1616 festinantium
3548 1574 3845 1632 parentum

2242 1650 2446 1718 parvuli
2471 1650 2589 1704 sine
2615 1651 2882 1719 baptismo
2912 1651 3226 1705 moriantur.
3261 1641 3680 1707 Consideremus
3705 1670 3846 1722 ergo

2242 1737 2374 1791 duos
2397 1739 2648 1807 parvulos
2681 1740 2796 1793 sine
2824 1740 3142 1808 baptismate
3171 1751 3414 1797 mortuos
3441 1762 3454 1796 :
3480 1760 3648 1798 unum
3673 1761 3844 1813 quem

556 1823 765 1877 tivitate
792 1822 1102 1891 priventur?
1131 1819 1207 1873 [ta
1231 1835 1352 1874 cum
1378 1820 1442 1873 iis
1466 1833 1601 1887 quos
1624 1817 1803 1871 invita}
1825 1817 2135 1886 plerumque

2248 1830 2408 1883 noxia
2436 1837 2722 1898 parentum
2752 1829 2985 1896 neglexit
3013 1830 3234 1897 incuria,
3267 1833 3495 1887 alterum
3525 1836 3611 1889 cui
3640 1850 3842 1904 paren-

555 1915 864 1984 concipiunt
892 1921 1052 1981 atque
1080 1913 1293 1982 pariunt
1343 1912 1586 1966 volentes
1610 1909 1674 1964 ad
1712 1909 1992 1964 ecclesiam
2024 1918 2137 1963 tre-

552 2015 867 2072 mentesque
899 2011 1264 2068 concurrunt;
1323 2010 1377 2056 et
1416 2017 1536 2057 cum
1582 2009 1865 2070 peccatum
1908 1999 2139 2053 fornica-

553 2095 716 2148 tionis
745 2109 854 2147 sua:
884 2093 1185 2159 negligant,
1216 2092 1289 2145 ita
1324 2092 1379 2145 in
1418 2090 1791 2158 iniquitatibus
1823 2089 1935 2143 suis
1962 2103 2140 2142 rema-

553 2192 720 2249 nent,
765 2192 823 2236 ut
861 2191 1037 2235 tamen
1079 2181 1216 2235 ﬁlios
1252 2196 1380 2234 suos
1417 2180 1621 2234 absolvi
1659 2179 1887 2232 vinculis
1929 2179 2138 2248 peccati

553 2275 824 2342 originalis
853 2280 1128 2341 exoptent.
1158 2273 1247 2326 Sic
1276 2272 1418 2326 Deus
1455 2272 1629 2326 bonus
1655 2281 1936 2340 parentum
1966 2271 2140 2326 bono—

552 2380 668 2422 rum
716 2369 856 2433 piam
898 2364 1231 2418 voluntatem
1273 2379 1380 2417 non
1423 2365 1597 2418 solum
1639 2364 1908 2432 parvulis,
1949 2378 2135 2417 verum

553 2457 716 2511 etiam
748 2455 878 2522 ipsis
907 2454 1218 2522 parentibus
1255 2451 1380 2507 facit
1419 2454 1486 2506 ad
1525 2452 1773 2507 effectum
1800 2453 1984 2520 gratia:
2012 2467 2140 2521 pros.

551 2545 740 2609 licere;
767 2546 1068 2613 iniquorum
1090 2556 1220 2601 vero
1242 2553 1521 2614 parentum
1545 2544 1956 2598 sollicitudinem
1975 2542 2138 2612 446

551 2635 675 2692 facit
702 2636 999 2692 commodis
1025 2636 1252 2690 ﬁliorum
1283 2636 1476 2703 quibus
1506 2635 1714 2690 confert
1742 2635 1974 2702 gratiam
2035 2635 2136 2686 mi-

551 2727 723 2783 Litare.
754 2726 888 2792 Quia
915 2726 1073 2800 etiam
1102 2725 1174 2779 illi
1203 2725 1295 2793 qui
1327 2725 1378 2777 in
1407 2740 1464 2778 se
1493 2723 1811 2778 beneﬁcium
1843 2711 2135 2791 batiisma-

549 2816 618 2872 tis
644 2816 896 2885 operibus
925 2816 1077 2870 malis
1105 2824 1392 2881 evacuant,
1418 2812 1547 2884 quid
1575 2814 1818 2869 conferat
1845 2815 2135 2883 baptisma-

549 2907 615 2961 tis
641 2907 808 2974 gratia
839 2921 945 2959 non
979 2906 1223 2972 ignorant
1255 2922 1266 2956 :
1297 2911 1353 2958 et
1392 2919 1515 2958 eum
1547 2904 1598 2956 in
1626 2917 1790 2958 carne
1817 2918 1911 2957 sua
1947 2903 2134 2956 morti-

549 2996 673 3054 fera:
716 2999 908 3053 cedant
957 2997 1162 3050 libidini
1190 3038 1205 3061 ,
1255 2997 1306 3049 in
1356 2995 1530 3050 fructu
1579 3002 1757 3049 tamen
1806 2993 1984 3048 carnis
2023 3007 2132 3048 sua:

487 3115 492 3119 -
549 3090 714 3156 magis
741 3089 939 3144 θεά-ἰιι
963 3089 1158 3155 agnita}
1187 3086 1418 3140 veritati.

615 3178 704 3232 ‘25.
739 3177 794 3231 Si
833 3193 964 3231 vero
993 3175 1154 3244 aliqui
1184 3174 1528 3243 parvulorum
1557 3180 1811 3242 parentes
1839 3172 2130 3228 Christiani

550 3269 717 3338 (quod
765 3267 1014 3329 interim,
1060 3266 1186 3333 quia
1233 3265 1456 3318 multum
1494 3279 1524 3317 a
1561 3264 1819 3330 religione
1856 3264 2131 3329 abhorret,

551 3359 739 3414 durum
768 3366 851 3413 est
879 3358 1123 3426 credere)
1157 3355 1475 3410 Christianm
1503 3356 1772 3420 caritatis,
1799 3364 1854 3411 et
1890 3372 1998 3412 sum
2027 3374 2133 3412 non

551 3451 726 3502 minus
752 3463 912 3516 quam
940 3448 1171 3501 ﬁliorum
1191 3447 1380 3503 salutis
1403 3447 1575 3514 obliti,
1601 3463 1786 3502 curam
1807 3463 2133 3516 regeneran-

551 3544 741 3598 dorum
772 3559 876 3597 non
916 3543 1114 3596 habent
1151 3541 1495 3612 parvulorum
1520 3580 1536 3606 ,
1583 3556 1690 3596 non
1737 3551 1974 3597 nostram
1997 3581 2012 3607 ,
2041 3544 2135 3598 scd

551 3634 794 3704 Apostoli
833 3649 994 3703 super
1031 3635 1134 3688 hoc
1174 3635 1378 3689 scelere
1425 3636 1746 3690 sententiam
1784 3636 2038 3704 audiant,
2081 3646 2136 3692 et

551 3725 752 3778 utinam
799 3724 1248 3789 contremiscam,
1286 3723 1511 3780 dicentis
1544 3743 1556 3777 :
1591 3726 1651 3780 Si
1679 3729 1790 3797 quis
1817 3737 1986 3782 autem
2010 3746 2134 3783 suo-

550 3833 680 3879 rum,
703 3825 754 3870 et
777 3817 1000 3869 maxime
1025 3816 1420 3871 domesticorum
1450 3834 1626 3871 curam
1653 3835 1756 3872 non
1780 3819 1948 3884 habet,
1979 3821 2138 3889 ﬁdem

550 3908 777 3978 negavit,
804 3916 858 3959 et
892 3915 969 3959 est
1003 3906 1206 3974 inﬁdeli
1244 3907 1467 3961 deterior
1521 3906 1574 3976 (1
1607 3907 1739 3961 Tim.
1771 3925 1824 3970 v,
1858 3908 1933 3977 8).
1985 3909 2138 3963 Sicut

548 4006 724 4052 autem
748 3997 924 4052 nullus
951 3996 1111 4050 habet
1136 4013 1203 4050 ex
1225 3997 1338 4051 Deo
1367 4006 1425 4051 ut
1451 4006 1609 4065 neget
1634 3999 1788 4052 ﬁdem
1809 4039 1824 4063 ,
1868 3999 1945 4053 sic
1974 4000 2133 4054 etiam

548 4086 921 4155 negligentiam
949 4085 1233 4153 cujuslibet
1260 4087 1440 4155 Operis
1465 4087 1593 4141 boni
1623 4102 1782 4141 nemo
1811 4087 2002 4142 divina:
2030 4089 2138 4142 im—'

547 4186 734 4247 putare
770 4177 1099 4246 permittitur
1142 4176 1422 4230 voluntati.
1458 4176 1626 4231 Sicut
1668 4186 1846 4231 autem
1891 4178 1957 4231 ad
2000 4194 2135 4248 opus

546 4268 737 4320 divina:
765 4267 949 4333 gratia:
976 4267 1235 4336 pertinet,
1269 4265 1416 4332 quod
1446 4273 1699 4333 parentes
1727 4281 1825 4335 pro
1851 4279 2134 4332 regenera-

548 4359 693 4411 tione
729 4357 956 4411 ﬁliorum
987 4357 1129 4425 piam
1167 4355 1582 4410 sollicitudinem
1629 4365 1820 4424 gerunt
1856 4375 1867 4408 ε
1901 4357 1975 4408 ita
2007 4356 2134 4409 illud

549 4462 762 4517 quoque
806 4447 972 4501 divini
1011 4445 1197 4515 judicii
1236 4457 1320 4500 est
1342 4487 1356 4511 ,
1389 4446 1537 4514 quod
1568 4446 1708 4501 Deus
1737 4447 1904 4501 malas
1932 4446 2135 4500 deserit

548 4540 888 4602 voluntates,
935 4553 1057 4593 cum
1095 4545 1349 4608 parentes
1395 4536 1626 4593 ﬁliorum
1677 4538 2014 4608 corporalem
2058 4539 2132 4592 ita

547 4629 770 4683 salutem
795 4627 1047 4697 diligunt,
1078 4637 1137 4681 ut
1158 4628 1452 4682 animarum
1477 4629 1531 4682 in
1561 4629 1638 4683 eis
1659 4629 1930 4697 negligant
1956 4630 2130 4698 sospi-

547 4727 740 4783 tatem;
772 4733 1062 4786 curamque
1089 4726 1282 4786 gerunt
1305 4726 1364 4772 ut
1389 4718 1634 4773 morituri
1662 4719 1863 4782 vivant,
1889 4733 1989 4773 nec
2013 4733 2129 4774 me-

549 4821 703 4867 tuunt
729 4813 773 4867 si
802 4810 895 4866 ﬁlii
930 4826 1121 4866 eorum
1152 4826 1272 4865 cum
1320 4819 1475 4864 reatu
1524 4811 1866 4880 sempiterna:
1903 4809 2127 4865 damna-

549 4905 705 4959 tionis
734 4905 999 4958 intereant
1027 4921 1040 4954 :
1075 4902 1163 4956 ubi
1209 4903 1494 4955 maximam
1541 4902 1751 4971 culpam
1781 4902 2125 4966 contrahunt,

547 5006 600 5051 et
628 4994 980 5052 crudelissimi
1008 4994 1287 5065 parricida:
1316 4993 1629 5063 spiritaliter
1658 4991 1808 5048 ﬁunt.
1841 4993 2129 5050 Diabolicis

547 5091 686 5145 enim
734 5089 896 5144 lucris
943 5088 1059 5157 ipso
1104 5086 1378 5155 neglectus
1407 5087 1490 5141 sui
1521 5094 1739 5155 torpore
1782 5086 2043 5153 militant,
2074 5094 2131 5141 et

545 5183 818 5250 placentes
845 5181 986 5235 hosti
1017 5179 1367 5248 nequissimo,
1390 5192 1570 5246 regem
1594 5179 1793 5233 bonum
1819 5178 1973 5233 malis
2000 5194 2132 5248 0pc-

546 5273 692 5325 ribus
732 5274 1076 5326 exacerbant.
1121 5270 1287 5325 Deum
1328 5271 1524 5338 igitur,
1570 5269 1722 5338 cujus
1757 5271 2009 5349 universa:
2034 5273 2129 5325 via:

541 5363 897 5416 misericordia
962 5373 1013 5416 et
1058 5363 1243 5416 ueritas
1293 5361 1466 5430 (Psal.
1502 5377 1658 5426 xxrv,
1691 5361 1816 5432 10),
1849 5362 1988 5417 sicut
2029 5362 2127 5416 hu-

545 5455 744 5510 militer
789 5454 1007 5507 laudare
1047 5452 1304 5507 debemus
1350 5467 1471 5506 cum
1521 5452 1746 5520 gratiam
1794 5452 2000 5519 donat,
2048 5451 2127 5505 sic

545 5559 705 5599 neruo
730 5543 872 5610 juste
903 5550 1080 5611 potest
1117 5555 1372 5596 accusare
1399 5556 1520 5596 cum
1549 5540 1795 5608 denegat.
1828 5539 1903 5593 Ea
1929 5539 2126 5609 quippe

544 5641 624 5686 est
650 5633 861 5685 bonitas
890 5630 1006 5699 ejus
1033 5639 1195 5700 atque
1217 5630 1420 5697 justitia
1442 5671 1456 5695 ,
1484 5639 1542 5686 ut
1567 5631 1797 5700 gratuita
1826 5629 2127 5686 miseratio—

616 5819 638 5839 ἰ
671 5804 805 5859 Εάιι.
838 5815 889 5859 et
915 5821 1012 5858 ms.
1047 5821 1200 5867 Imus,
1230 5817 1547 5867 pra’seutom.

2240 1928 2350 1972 tum
2380 1919 2594 1988 quidem
2639 1919 2724 1988 pia
2770 1919 3071 1974 sollicitudo
3099 1936 3206 1975 non
3235 1921 3441 1987 defuit,
3479 1925 3574 1978 sed
3625 1928 3824 1980 mortis

2241 2010 2523 2064 velocitate
2560 2019 2827 2079 przcrcpto
2872 2009 3127 2079 prodesse
3168 2013 3441 2080 nequivit;
3482 2017 3575 2083 qui
3623 2017 3855 2072 scilicet

2241 2102 2382 2156 inter
2408 2117 2597 2156 manus
2618 2100 2966 2171 portantium,
2991 2101 3182 2168 quibus
3207 2102 3275 2156 ad
3302 2103 3624 2172 baptismum
3649 2114 3838 2173 gesta—-

2239 2190 2397 2244 batur
2419 2231 2434 2255 ,
2484 2191 2794 2259 priusquam
2833 2192 3138 2259 perveniret
3165 2190 3233 2245 ad
3261 2192 3451 2247 futura:
3475 2194 3597 2247 vita:
3629 2195 3850 2249 beneﬁt

2239 2281 2379 2334 cium
2407 2321 2422 2345 ,
2462 2280 2742 2349 praesentis
2772 2290 2797 2317 ι
2832 2281 3055 2335 incurrit
3093 2297 3345 2336 occasum
3371 2323 3386 2347 ,
3418 2292 3473 2338 et
3499 2294 3629 2340 ante
3660 2287 3840 2340 caruit

2238 2371 2346 2424 vita
2374 2384 2536 2438 qmm
2563 2370 2771 2424 macula
2802 2387 2818 2435 ;
2867 2371 3123 2439 priusque
3170 2381 3356 2440 raptus
3401 2382 3485 2427 est
3514 2374 3581 2428 ad
3611 2390 3836 2444 pinnam

2237 2474 2397 2528 quam
2427 2457 2812 2528 perduceretur
2837 2458 2904 2513 ad
2930 2460 3177 2528 gratiam.
3209 2459 3266 2514 Si
3293 2460 3361 2516 de
3385 2461 3470 2518 bis
3496 2462 3710 2518 duobus
3739 2465 3839 2517 ιιι.ιὶ

2237 2531 2430 2602 dicitur
2457 2555 2738 2617 parentum
2774 2548 3095 2617 negligentia
3143 2551 3389 2606 nocuisse
3414 2591 3430 2615 ,
3476 2552 3694 2606 dicatur
3730 2570 3831 2608 cur

2238 2639 2390 2693 alteri
2424 2648 2644 2706 negatus
2685 2646 2768 2693 est
2795 2640 2982 2694 salutis
3019 2640 3242 2696 effectus
3263 2680 3278 2706 ,
3318 2629 3403 2697 cui
3447 2657 3548 2697 nec
3574 2645 3838 2698 voluntas

2237 2730 2475 2798 potuerit
2503 2737 2782 2798 parentum
2829 2730 3083 2799 prodesse
3106 2771 3120 2795 ,
3167 2747 3265 2788 nec
3293 2748 3500 2788 cursus.
3549 2733 3636 2788 An
3665 2737 3830 2788 etiam

2237 2820 2361 2874 huic
2391 2835 2421 2874 a
2449 2821 2560 2874 Deo
2589 2820 2786 2874 dicitur
2813 2821 2977 2875 fuisse
3007 2824 3337 2891 consultum,
3357 2831 3417 2878 ut
3444 2825 3535 2893 qui
3561 2825 3833 2894 praevide‘

2237 2911 2394 2965 batur
2420 2911 2579 2983 447
2611 2913 2819 2966 futurus
2843 2912 3052 2981 impius,
3083 2913 3343 2970 beneﬁcio
3372 2925 3595 2985 putetur
3623 2917 3834 2970 lamen~

2236 3001 2412 3056 tandze
2441 3001 2632 3056 mortis
2657 3000 2917 3070 adjutus?
2964 3001 3094 3067 Quis
3123 3003 3229 3058 hoc
3255 3003 3444 3058 dicat?
3479 3006 3672 3072 quisve
3718 3019 3832 3057 non

2235 3092 2417 3147 videat
2462 3091 2607 3160 quod
2645 3091 2771 3145 talis
2796 3091 2974 3146 obitus
3003 3108 3112 3147 non
3140 3093 3471 3148 damnationi
3500 3096 3834 3148 morientem

2238 3182 2520 3251 parvulum
2547 3182 2823 3252 praeripuit
2847 3223 2861 3248 ,
2891 3181 2984 3236 sed
3013 3182 3173 3237 saluti
3198 3183 3222 3236 ?
3267 3183 3352 3237 cui
3381 3199 3492 3238 non
3529 3193 3614 3237 est
3642 3185 3836 3250 utique-

2237 3275 2465 3342 levigata
2485 3274 2776 3339 damnatio,
2806 3273 2901 3329 sed
2929 3271 3232 3343 redemptio
3247 3273 3541 3342 denegata;
3571 3289 3675 3327 nec
3694 3289 3838 3328 conv

2235 3364 2433 3418 sultum
2462 3372 2540 3418 est
2571 3372 2630 3418 ut
2664 3365 2840 3418 minus
2868 3373 3242 3432 torqueretur,
3274 3364 3368 3419 sed
3397 3374 3584 3434 raptus
3631 3375 3716 3419 est
3757 3381 3828 3418 ne

2236 3455 2576 3509 liberaretur.
2625 3454 2814 3510 Nonne
2865 3456 2954 3510 hic
2999 3464 3055 3509 et
3096 3457 3181 3524 pia
3226 3464 3504 3525 parentum
3569 3457 3833 3510 voluntas

2236 3553 2398 3613 atque
2425 3559 2612 3599 cursus
2640 3559 2709 3598 ex
2737 3544 2846 3598 Deo
2880 3544 3006 3608 fuit,
3037 3543 3132 3599 sed
3161 3544 3282 3598 ideo
3311 3560 3417 3598 non
3445 3543 3667 3614 profuit,
3699 3546 3831 3612 quia

2236 3645 2296 3692 ut
2334 3639 2585 3707 parvulus
2623 3638 2983 3708 baptizaretur
3024 3654 3090 3692 ex
3119 3638 3228 3692 Dco
3259 3653 3364 3691 non
3395 3637 3533 3691 fuit?
3570 3639 3663 3704 qui
3694 3652 3832 3705 pro--

2242 3729 2407 3784 fundo
2431 3731 2683 3798 justoque
2716 3729 2918 3798 judicio
2959 3729 3062 3783 illis
3088 3729 3300 3797 quidem
3331 3743 3431 3797 pro
3460 3728 3570 3781 ﬁlio
3600 3728 3830 3795 religiu-r

2236 3837 2350 3876 sum
2369 3821 2566 3876 inludit
2596 3821 2867 3887 affectum,
2892 3821 2984 3876 sed
3005 3822 3230 3891 parvulo
3253 3819 3415 3875 vitale
3442 3821 3615 3875 noluit
3640 3820 3825 3887 largiri

2233 3915 2551 3970 remedium.
2604 3913 2736 3967 Nam
2766 3921 2821 3968 et
2853 3923 3040 3968 sancto
3084 3913 3248 3967 David
3299 3912 3386 3978 (II
3419 3912 3548 3983 Reg.
3583 3927 3733 3974 xvm,
3768 3909 3827 3978 ὅ)

2235 4007 2348 4076 ipse
2374 4007 2570 4061 donum
2597 4007 2834 4061 caritatis
2862 4004 3069 4066 infudit,
3102 4011 3160 4057 ut
3185 4002 3418 4056 Absalon
3449 4001 3558 4054 ﬁlio
3587 4015 3826 4070 parcen-

2233 4094 2356 4148 dum
2387 4094 2720 4164 praeciperet,
2753 4110 2822 4150 ne
2853 4096 2904 4148 in
2933 4109 3029 4148 sua
3061 4093 3335 4162 impietate
3363 4101 3695 4156 moreretur;
3730 4092 3821 4145 sed

2233 4199 2301 4238 ex
2332 4184 2440 4238 Deo
2469 4199 2576 4238 non
2609 4183 2726 4247 fuit,
2758 4191 2816 4236 ut
2848 4183 3082 4236 Absalon
3113 4181 3304 4249 impius
3331 4179 3520 4234 futurae
3547 4181 3824 4249 pmniteu-

2234 4275 2320 4328 tim
2348 4282 2673 4328 servaretur.
2727 4272 2984 4326 Exhibuit
3027 4285 3155 4338 ergo
3201 4270 3345 4338 quod
3373 4269 3558 4324 debuit
3586 4270 3823 4323 hominis

2233 4367 2402 4420 sancti
2431 4365 2678 4419 voluntas
2706 4364 2831 4432 pia;
2880 4362 2974 4417 sed
3021 4368 3244 4430 operata
3289 4369 3372 4414 est
3395 4360 3539 4428 quod
3564 4367 3826 4428 oportere

2232 4462 2459 4509 noverat
2492 4453 2669 4507 divina
2700 4453 2922 4521 justitia.

2303 4545 2392 4600 27.
2423 4544 2556 4599 lllud
2578 4545 2738 4600 etiam
2759 4545 2805 4599 si
2824 4545 2945 4614 quis
2969 4545 3056 4614 pia
3081 4551 3262 4598 mente
3289 4541 3615 4608 consideret,
3641 4557 3828 4596 nonne

2233 4638 2374 4694 sicut
2418 4637 2609 4691 divinae
2658 4638 3036 4692 misericordia:
3077 4636 3341 4691 suavitate
3387 4635 3694 4698 mulcetur,
3748 4635 3825 4687 ita

2233 4728 2396 4783 divini
2434 4727 2620 4797 judicii
2663 4727 3028 4797 profunditate
3065 4726 3386 4781 terrebitur?
3425 4725 3817 4793 Nonnunquam

2230 4820 2372 4874 enim
2401 4829 2456 4875 et
2482 4819 2732 4891 parvulus
2760 4818 3004 4874 ﬁdelibus
3032 4819 3288 4883 nascitur,
3319 4826 3374 4872 et
3401 4817 3525 4879 illis,
3548 4817 3690 4871 sicut
3704 4817 3820 4884 jam

2229 4910 2459 4965 diximus
2482 4951 2497 4975 ,
2549 4925 2647 4980 pro
2675 4909 3046 4979 redemptione
3093 4908 3188 4962 ﬁlii
3235 4909 3324 4977 pia
3353 4907 3454 4962 ﬁde
3481 4908 3821 4974 caritateque

2228 5003 2493 5068 sollicitis,
2525 5010 2650 5056 ante
2677 5002 2905 5055 moritur
2933 5015 3091 5070 quam
3114 5015 3267 5056 sacro
3290 5000 3613 5070 baptismate
3641 4998 3815 5051 dilua-

2229 5100 2334 5145 tur.
2387 5091 2538 5145 Alter
2568 5106 2699 5146 vero
2727 5090 2794 5145 de
2825 5090 3124 5145 inﬁdelibus
3153 5098 3309 5144 natus
3337 5131 3353 5156 ,
3390 5089 3544 5158 cujus
3583 5088 3819 5142 salutem

2228 5189 2480 5250 parentes
2507 5196 2613 5236 non
2642 5181 2828 5236 saltem
2861 5180 3037 5250 tepide
3065 5180 3254 5236 volunt
3273 5221 3288 5245 ,
3329 5179 3426 5234 sed
3453 5179 3679 5233 omnino
3707 5193 3820 5231 non

2215 5261 2437 5333 'volunt,
2468 5269 2609 5324 idem
2640 5279 2820 5324 tamen
2850 5271 3106 5339 parvulus
3132 5284 3374 5340 supernae
3401 5267 3830 5338 dispensationis»

2231 5357 2422 5413 ordine
2445 5398 2462 5422 ,
2504 5350 2814 5428 parentibus
2842 5368 2934 5414 aut
2961 5360 3224 5415 violenter
3251 5358 3511 5422 aufertur,
3543 5367 3637 5412 aut
3669 5357 3815 5411 furto

2228 5452 2539 5522 subripitur,
2565 5460 2620 5506 et
2644 5454 2710 5506 ad
2737 5461 2982 5508 sanctum
3009 5453 3271 5522 baptisma
3297 5449 3660 5519 quorumlibet
3682 5448 3814 5500 tide-

2229 5542 2356 5597 lium
2387 5545 2472 5613 pia
2501 5544 2726 5599 caritate
2764 5543 3109 5614 perducitur,
3141 5551 3196 5598 et
3235 5559 3358 5596 mox
3410 5549 3465 5594 ut
3511 5539 3812 5609 baptizatus

2231 5630 2405 5696 fuerit,
2437 5633 2503 5688 de
2529 5635 2628 5687 hac
2657 5633 2763 5686 vita
2793 5631 3035 5687 discedit.
3083 5631 3138 5684 Si
3184 5629 3529 5700 parvulorum
3586 5635 3810 5682 Istorum
