4046 6508
591 373 697 456 ius

1566 450 1569 453 Α
1621 388 1676 444 S.
1718 383 2079 442 FULGENTII
2121 382 2421 439 EPISCOPI
2459 380 2830 440 RUSPEXS'S

3750 382 3828 439 670

589 513 815 573 remittit
845 510 1210 581 iniquitatem;
1244 508 1295 562 in
1343 506 1590 560 omnibus
1624 512 1802 558 autem
1833 517 1969 571 quos
1993 499 2167 570 punit,
2200 502 2248 563 Α
2275 496 2568 557 minutiem
2596 501 2773 557 cordis
2802 497 3022 569 incipit;
3050 506 3106 551 et
3133 494 3377 550 hominis
3409 491 3722 548 voluntatem
3744 506 3825 548 mm

595 602 1117 675 irreprehensibiiem
1176 598 1373 654 retinet
1426 595 1752 664 mquitatem.
1816 591 1992 647 Causa
2047 606 2178 645 vero

594 697 859 767 majorum
909 704 1073 765 atque
1117 691 1459 763 parvulorum
1502 698 1527 726 ι
1556 689 1645 757 qui
1693 688 1810 742 sine
1859 687 2182 758 baptismate

593 803 810 861 cursum
838 787 966 841 vitae
1006 784 1286 855 praesentis
1334 782 1385 835 in
1424 778 1737 834 inﬁdelitate
1780 786 2178 843 consummant,

596 889 854 951 quantum
882 879 1075 934 attinet
1101 875 1167 931 ad
1196 873 1629 931 communionem
1654 871 1930 941 originalis
1951 871 2185 941 peccati,

596 988 701 1028 una
734 978 847 1036 est;
876 976 932 1024 et
955 984 1023 1024 ex
1050 968 1151 1021 hac
1176 964 1389 1033 utrique
1420 963 1570 1016 ibunt
1608 961 1665 1016 in
1690 961 1867 1030 ignem
1895 969 2180 1025 aeternum,

596 1064 687 1133 qui
721 1069 939 1133 paratus
964 1067 1046 1113 est
1073 1055 1292 1112 diabolo
1317 1062 1371 1109 et
1400 1052 1608 1122 angelis
1631 1051 1746 1120 ejus
1769 1093 1785 1117 ,
1832 1052 1957 1121 quia
2007 1052 2060 1105 in
2108 1051 2188 1106 eis

600 1152 1044 1222 chirographum,
1075 1163 1183 1217 quo
1209 1145 1311 1201 sibi
1339 1159 1439 1199 eos
1462 1143 1764 1211 deceptoris
1794 1141 2031 1210 nequitia
2059 1141 2187 1195 sab-

561 1244 565 1248 ’
599 1245 764 1309 didit,
796 1240 1093 1299 Salvatoris
1135 1236 1307 1306 gratia
1358 1250 1465 1289 non
1507 1233 1727 1287 delevit.
1776 1231 1881 1285 Sed
1921 1231 1972 1285 in
2012 1246 2083 1286 eo
2106 1239 2192 1285 est

599 1332 861 1401 majorum
893 1342 1052 1385 causa
1078 1325 1334 1390 deterior,
1365 1320 1757 1393 quia,rationis
1783 1320 1997 1374 utenda
2022 1318 2191 1373 facul-

601 1434 711 1481 tate
739 1430 992 1494 percepta
1012 1460 1029 1486 ,
1059 1424 1318 1489 reSpuunt
1342 1422 1437 1470 aut
1473 1413 1747 1484 negligunt
1774 1411 2193 1482 regenerationis

600 1515 837 1568 salutare
862 1510 1161 1567 remedium
1180 1553 1194 1575 ,
1231 1507 1347 1562 sine
1371 1520 1480 1575 quo
1508 1520 1613 1560 non
1637 1504 1809 1560 solum
1841 1518 2006 1572 regno
2032 1500 2205 1579 potiri

604 1605 900 1686 nequibant
922 1644 937 1668 ,
981 1602 1111 1671 quin
1141 1600 1302 1655 etiam
1347 1596 1680 1667 gravioribus
1708 1595 1981 1666 suppliciis
2016 1592 2196 1663 subia-

604 1699 818 1773 cebunt.
864 1694 1025 1751 Tales
1052 1692 1194 1749 enim
1225 1697 1636 1746 contemnentes
1664 1688 2048 1757 benignitatem
2078 1686 2193 1750 Dei,

604 1788 898 1846 secundum
926 1786 1175 1843 duritiem
1206 1799 1358 1839 suam
1385 1790 1440 1838 et
1463 1780 1802 1852 impmnitens
1828 1795 1947 1846 cor,
1977 1779 2194 1834 thesau-

2280 593 2474 649 bonatn
2496 594 2700 648 invenit
2728 593 2865 663 ipsa,
2893 589 2985 646 sed
3015 589 3177 654 facit;
3204 598 3375 659 atque
3406 595 3468 642 ut
3491 587 3721 654 eligatur,
3741 586 3827 657 ipsa

2280 686 2428 756 prius
2456 685 2634 754 eligit;
2674 697 2851 753 neque
2876 680 3168 752 suscipitur
3201 687 3300 733 aut
3333 676 3609 742 diligitur,
3640 675 3728 730 nisi
3752 678 3832 735 hoc

2283 777 2395 846 ipsa
2426 777 2477 831 in
2502 774 2664 831 corde
2686 772 2920 828 hominis
2944 780 3221 842 operetur.
3253 768 3406 836 Ergo
3429 774 3485 821 et
3514 768 3759 836 susceptio
3791 778 3833 823 et

2282 867 2603 922 desiderium
2634 866 2819 934 gratia:
2845 879 2981 935 opus
3010 863 3179 933 ipsius
3202 869 3289 917 est
3317 858 3530 930 gratim.
3569 855 3717 911 Istam
3741 871 3833 926 gra-

2285 959 2414 1012 tiam
2438 956 2614 1011 nullus
2637 956 2914 1010 hominum
2932 951 3267 1016 desiderare,
3284 950 3372 1004 vel
3391 962 3634 1018 poscere,
3655 948 3739 1002 sed
3761 963 3836 1002 nec

2285 1064 2613 1119 cognoscere
2641 1048 2859 1119 poterit,
2886 1047 2988 1101 nisi
3014 1060 3131 1100 eam
3160 1042 3314 1114 prius
3334 1041 3406 1096 ab
3428 1041 3522 1095 illo
3541 1039 3749 1109 accipiat
3765 1041 3837 1108 qui

2287 1156 2408 1209 eam
2438 1141 2595 1195 nullis
2622 1138 3046 1209 prmcedentibus
3076 1135 3339 1205 operibus
3387 1139 3484 1186 aut
3521 1130 3839 1193 volutatum

2288 1233 2444 1288 bonis
2471 1231 2541 1285 ad
2567 1231 2669 1285 hoc
2695 1229 2916 1299 Largitur
2933 1268 2953 1293 ,
2998 1236 3056 1282 ut
3084 1227 3429 1282 voluntatem
3460 1222 3516 1277 in
3539 1236 3644 1291 qua
3665 1236 3839 1291 semper

2290 1332 2507 1379 maneat
2553 1323 2665 1393 ipsa
2696 1332 2960 1391 praeparet
2982 1361 3002 1386 ,
3036 1320 3149 1389 ipsa
3178 1318 3351 1373 donet
3375 1354 3390 1378 ,
3437 1316 3559 1385 ipsa
3599 1313 3836 1376 illuminct,

2293 1419 2405 1490 ipsa
2435 1418 2635 1472 excitet
2655 1457 2671 1483 ,
2702 1416 2813 1485 ipsa
2839 1421 3142 1477 conservet,
3177 1423 3199 1450 ε
3234 1411 3354 1481 ipsa
3385 1414 3732 1463 consummet.

2364 1509 2492 1564 CM‘.
2523 1525 2630 1562 κγ».
2677 1534 2747 1545 -
2791 1506 2879 1559 5i.
2915 1502 2985 1559 Ut
3016 1516 3146 1571 ergo
3196 1500 3374 1571 gratia
3406 1498 3509 1552 Dei
3530 1504 3837 1564 cognoscatur

2295 1610 2350 1658 ct
2373 1602 2649 1669 diligatur,
2671 1598 3002 1652 desideretur
3025 1610 3089 1648 ac
3128 1591 3467 1663 postuletur,
3488 1589 3631 1658 prius
3651 1586 3839 1641 donatur

2298 1690 2504 1745 bomi..i
2539 1704 2644 1742 non
2677 1684 3021 1755 cogno~eenti
3041 1724 3055 1749 ,
3087 1698 3200 1737 non
3221 1680 3471 1750 diligenti
3494 1718 3515 1742 ν
3542 1695 3647 1732 non
3669 1675 3834 1733 deside-

2299 1779 2463 1845 ranti,
2482 1790 2659 1846 neque
2677 1773 2988 1845 postulanti.
3015 1772 3132 1841 Ipsa
3159 1771 3345 1838 itaque
3372 1780 3436 1821 se
3465 1765 3590 1820 facit
3611 1763 3835 1828 cognosci,

606 1868 777 1935 rizant
800 1878 902 1934 sibi
923 1879 1058 1932 iram
1086 1875 1141 1931 in
1165 1874 1251 1930 die
1280 1874 1373 1929 ira:
1400 1881 1456 1929 et
1485 1870 1829 1927 revelationis
1851 1870 1980 1940 justi
2004 1867 2191 1939 judicii
2224 1870 2267 1928 Β
2294 1869 2438 1938 diligi
2466 1910 2480 1935 ,
2528 1864 2820 1922 desiderari
2845 1902 2865 1930 ,
2898 1862 3180 1935 postulari.
3229 1860 3369 1916 Cum
3419 1858 3568 1915 enim
3610 1855 3835 1917 Dominus,

607 1970 721 2033 Dei,
744 1969 834 2040 qui
861 1966 1048 2023 reddet
1067 1964 1355 2033 unicuique
1380 1960 1675 2018 secundum
1696 1975 1863 2031 opera
1887 1974 1985 2015 sua
2012 1957 2188 2030 (Rom.

608 2078 668 2132 tt,
698 2060 750 2129 5,
776 2060 829 2131 6)
863 2078 877 2114 :
909 2066 969 2114 ut
996 2073 1102 2113 non
1128 2056 1304 2112 solum
1330 2070 1427 2124 pro
1456 2052 1703 2122 originali
1731 2059 1952 2122 peccato
1979 2049 2194 2105 :eternis

611 2154 818 2224 ignibus
846 2152 1109 2217 ardeant,
1143 2147 1340 2217 quibus
1384 2144 1556 2200 arsuri
1584 2152 1710 2198 sunt
1736 2143 1854 2198 sine
1872 2140 2194 2212 baptismate

612 2244 902 2300 morientes
925 2241 1087 2297 etiam
1106 2237 1338 2311 parvuli,
1363 2236 1454 2307 qui
1484 2236 1615 2292 nihil
1642 2234 1767 2290 boni
1793 2241 1888 2288 aut
1914 2232 2038 2288 mali
2067 2246 2195 2300 ego-

613 2345 769 2402 runt;
810 2334 905 2391 sed
934 2334 1096 2390 etiam
1125 2347 1224 2403 pro
1253 2345 1348 2385 sua
1378 2328 1655 2384 voluntate
1691 2327 1833 2382 mala
1864 2334 2013 2382 tanto
2041 2325 2196 2381 dete-

615 2428 725 2483 rius
754 2430 1126 2497 torqueantur,
1155 2428 1359 2490 quanto
1384 2418 1613 2489 amplius
1642 2417 1872 2488 propria:
1903 2416 2201 2488 iniquitatis

614 2518 887 2588 adjiciunt.
921 2514 979 2570 lu
1008 2514 1099 2569 illo
1124 2512 1325 2582 quippe
1350 2508 1596 2578 originali
1627 2516 1849 2579 peccato
1874 2523 2019 2562 mors
2044 2514 2201 2561 teter-

615 2627 683 2668 na
706 2617 961 2678 utrosque
981 2604 1356 2675 complectitur
1381 2620 1394 2656 :
1419 2603 1502 2657 his
1530 2609 1709 2657 autem
1737 2616 1835 2671 pro
1864 2600 2201 2654 voluntatum

617 2708 943 2770 actuumque
989 2695 1194 2752 malitia
1240 2707 1399 2764 poma
1450 2692 1772 2747 cumulatur.
1834 2690 2075 2746 Deterius
2122 2698 2205 2746 est

616 2793 758 2849 enim
785 2788 1169 2861 redemptionis
1212 2781 1530 2841 beneﬁcium
1580 2784 1743 2853 impia
1788 2783 2068 2838 voluntate
2097 2798 2204 2838 non

614 2898 878 2955 quasrere,
906 2896 1066 2953 quam
1095 2877 1164 2934 ad
1192 2877 1322 2933 illud
1346 2875 1729 2948 impedimento
1759 2883 1958 2931 tenerm
1985 2889 2207 2945 prorsus

617 2972 792 3029 anatis
821 2972 1006 3028 venire
1052 2984 1165 3025 non
1206 2982 1401 3038 posse;
1447 2967 1769 3036 graviusque
1819 2967 2080 3036 premitur
2115 2969 2209 3034 qui

620 3066 773 3122 oneri
800 3081 868 3121 ex
894 3063 1082 3136 primis
1118 3060 1432 3132 parentibus
1468 3066 1685 3130 sumpto
1726 3058 2040 3129 superaddit
2080 3073 2208 3129 pro-

535 3170 544 3186 '
620 3158 824 3228 prium,
853 3170 1014 3224 quam
1037 3152 1128 3224 qui
1157 3152 1331 3207 solum
1361 3150 1564 3220 bajulat
1591 3150 1847 3205 alienum.

2295 1962 2434 2019 sicut
2475 1976 2569 2031 per
2597 1957 2934 2014 Ezechielem
2963 1954 3285 2027 prophetam
3331 1951 3603 2020 loquitur,
3623 1963 3707 2005 cer
3734 1947 3837 2016 lapi-

2294 2054 2453 2109 deum
2498 2051 2674 2107 aufert
2713 2051 2782 2105 ab
2814 2048 3117 2104 hominibus
3139 2085 3153 2109 ,
3186 2054 3244 2101 et
3269 2045 3369 2100 dat
3400 2043 3489 2099 eis
3511 2057 3604 2097 eor
3627 2053 3837 2095 car-eum

2298 2144 2513 2215 (Ezech.
2541 2143 2744 2213 x1,19),
2765 2142 2947 2210 utique
2965 2154 3063 2209 per
3086 2138 3273 2208 gratiae
3302 2150 3421 2191 sua:
3446 2131 3839 2188 illuni-alienat

2298 2247 2470 2294 mutat
2493 2236 2724 2292 hominis
2751 2233 3105 2288 voluntatem.
3128 2228 3254 2284 llmc
3276 2235 3369 2284 est
3396 2224 3620 2281 mutatio
3647 2236 3738 2277 non
3760 2221 3835 2275 hu-

2303 2327 2450 2383 mani
2472 2324 2698 2389 arbitrii,
2737 2322 2831 2379 sed
2853 2321 3088 2376 dextera:
3121 2317 3339 2374 Excelsi
3362 2314 3721 2388 (Paduam,
3745 2308 3832 2378 ll):

2300 2436 2398 2492 per
2419 2434 2579 2489 quam
2610 2415 2701 2471 ﬁlii
2749 2414 3026 2469 hominum
3070 2424 3199 2480 grav
3234 2425 3262 2463 s
3310 2407 3480 2464 corde
3504 2447 3521 2474 ,
3550 2404 3635 2475 qui
3659 2402 3834 2492 diligunt

2304 2490 2592 2568 vanitatem
2622 2517 2678 2563 et
2717 2511 2964 2575 quaerunt
3006 2501 3347 2563 mendacium
3389 2496 3572 2572 (Psal.
3602 2511 3666 2560 tv,
3690 2490 3838 2564 3),:d

2302 2601 2621 2673 diligendum
2658 2607 2715 2654 et
2742 2595 3083 2667 quaerendam
3112 2592 3403 2647 veritatem
3433 2605 3535 2645 non
3566 2587 3659 2658 ipsi
3686 2587 3835 2641 bonam

2304 2698 2634 2754 voluntatem
2662 2691 2918 2755 aﬁ‘erunt,
2944 2690 3035 2746 sed
3067 2704 3097 2743 a
3124 2685 3358 2742 Domino
3384 2684 3584 2739 donum
3610 2678 3742 2732 boum
3763 2688 3830 2727 vo-

2305 2790 2524 2846 luntatis
2552 2787 2836 2856 recipiunt.
2867 2782 3135 2852 Scriptum
3162 2785 3246 2834 est
3274 2776 3449 2839 enim,
3476 2771 3597 2842 quia
3621 2778 3831 2856 pretim:

2308 2893 2390 2936 tur
2413 2851 2706 2937 voluntate
2736 2874 2957 2930 Domino
2992 2851 3178 2942 7(Pruv.
3211 2882 3339 2932 vnt,
3369 2864 3463 2928 55,
3492 2876 3590 2916 sec.
3622 2853 3780 2923 LXX).
3803 2851 3831 2906 Α

2310 2989 2438 3028 vero
2465 2970 2610 3026 enim
2650 2966 2850 3023 lumine
2869 3006 2882 3029 ,
2912 2960 3056 3035 quod
3084 2959 3352 3014 illuminat
3380 2966 3593 3010 omnem
3620 2945 3832 3005 hominem

2311 3065 2614 3121 venientem
2641 3061 2694 3114 in
2719 3057 2863 3114 hunc
2888 3052 3164 3117 mundum,
3187 3050 3331 3104 bona
3363 3045 3610 3101 voluntas
3632 3037 3777 3096 datur,
3794 3038 3830 3085 ut

2312 3159 2475 3214 homo
2518 3155 2574 3212 iu
2602 3153 2769 3208 Deum
2797 3147 2983 3205 credat
3025 3144 3301 3211 Deumque
3335 3136 3580 3193 ﬁdeliter
3617 3130 3831 3196 diligat,a

692 3246 781 3301 52.
944 3219 1073 3321 vero
1220 3243 1334 3298 sive
1362 3241 1703 3321 originalium
1749 3242 1862 3296 sive
1889 3240 2050 3294 etiam
2081 3255 2210 3309 pI‘O-
2237 3246 2279 3307 ς
2312 3263 2421 3320 quo
2452 3246 2565 3316 ipsa
2591 3242 2842 3298 voluntas
2866 3236 3063 3306 iugiter
3090 3231 3429 3302 guhcmalur
3472 3232 3529 3279 et
3557 3219 3759 3321 regitur,
3793 3220 3833 3264 ιιι

622 3340 862 3411 priorum
890 3345 1160 3392 exuuntur
1185 3334 1347 3408 550
1367 3313 1620 3389 oneribus
1644 3341 2009 3404 peccatorum,
2035 3333 2207 3402 gratia

516 3414 539 3427 ’
627 3431 723 3485 Dei
750 3429 1055 3501 pratveniri,
1086 3428 1264 3483 nullus
1287 3426 1450 3482 debet
1479 3425 1750 3494 ambigere
1772 3418 2127 3480 Christianus.
2153 3424 2209 3479 In

627 3520 779 3590 cujus
805 3519 989 3590 gratiae
1035 3519 1281 3588 largitate
1308 3516 1547 3588 quidam,
1577 3516 1786 3571 minore
1828 3531 2004 3570 rerum
2032 3515 2212 3570 consi-

628 3613 907 3669 deratione
937 3617 1187 3680 percepta
1207 3648 1224 3674 ,
1255 3623 1363 3663 non
1392 3606 1585 3662 leviter
1610 3613 1813 3670 errant,
1843 3606 2212 3660 existimantes

629 3720 748 3762 eam
776 3701 1024 3759 omnibus
1048 3699 1353 3755 hominibus
1377 3696 1657 3767 aequaliter
1680 3695 1796 3751 dari
1827 3714 1840 3750 :
1865 3698 1938 3751 ita
1966 3704 2020 3750 ut
2048 3696 2210 3751 etiam

629 3794 710 3853 eis
737 3793 827 3865 qui
857 3789 1115 3847 beneﬁcia
1144 3788 1308 3860 ipsius
1334 3788 1547 3858 gratiae,
1580 3796 1831 3857 tanquam
1862 3787 1960 3856 ipsi
1987 3785 2035 3851 ιτ,
2069 3784 2210 3841 mul-

629 3898 741 3943 tum
772 3885 1044 3944 minorant
1067 3923 1082 3948 ,
1111 3882 1237 3937 dum
1274 3895 1384 3936 non
1413 3879 1639 3935 credunt
1672 3878 1838 3948 ipsius
1865 3879 2047 3948 gratia:
2075 3892 2212 3947 opus

624 3993 751 4035 esse
791 3984 847 4034 in
893 3975 1111 4035 homine
1133 4014 1149 4040 ,
1183 3981 1240 4027 ut
1284 3971 1454 4042 gratia
1498 3970 1819 4040 suscipiatur
1848 3967 1915 4022 ab
1944 3968 2162 4023 homine
2195 3985 2208 4022 :

628 4083 746 4143 qua:
775 4083 882 4123 non
911 4066 981 4122 ob
1009 4064 1150 4121 aliud
1179 4062 1435 4118 divinitus
1463 4060 1638 4126 datur,
1670 4060 1771 4115 nisi
1801 4066 1860 4114 ut
1892 4058 2090 4115 bonam
2118 4073 2213 4113 vo-

630 4160 890 4218 luntatem
919 4156 973 4215 in
1002 4157 1222 4235 homine
1251 4155 1499 4226 primitus
1525 4159 1812 4224 operetur;
1851 4159 2109 4220 tantaque
2144 4152 2214 4207 sit

628 4253 686 4309 in
708 4264 1033 4320 unoquoque
1060 4248 1149 4318 qui
1175 4248 1390 4319 accipit,
1416 4254 1671 4316 quantam
1696 4244 1838 4300 Deus
1858 4245 2087 4315 gratuita
2115 4245 2213 4300 mi-

630 4341 902 4399 seratione
930 4340 1077 4395 cordi
1105 4338 1416 4409 accipientis
1444 4335 1693 4392 infundit.

699 4431 833 4490 Ean.
862 4447 950 4487 xvs
981 4456 1051 4469 --
1080 4428 1169 4485 35,.
1203 4428 1428 4498 Dignum
1459 4426 1642 4498 itaque
1675 4434 1787 4491 est,
1816 4425 2077 4482 carissimi
2107 4424 2214 4480 fra-

632 4532 779 4588 tres,
823 4528 881 4575 ut
928 4519 980 4575 in
1017 4517 1235 4596 singulis
1262 4516 1560 4589 quibusque
1587 4516 1870 4579 sententiis
1890 4554 1907 4581 ,
1937 4516 1989 4570 in
2021 4516 2214 4585 quibus

2315 3309 2416 3398 nec
2445 3309 2579 3391 ﬁdes
2603 3329 2838 3389 hominis
2867 3325 3126 3389 deﬁciat,
3175 3336 3276 3376 nec
3322 3318 3522 3375 caritas
3564 3309 3829 3375 refrigescat.

2317 3427 2470 3484 Unde
2509 3425 2757 3482 Salvator
2795 3419 2956 3476 Petro
2997 3415 3167 3471 dicit:
3202 3411 3315 3483 Ego
3359 3407 3535 3479 rogavi
3573 3417 3657 3474 pro
3685 3406 3757 3455 te.
3785 3411 3832 3451 ne

2315 3519 2523 3593 deﬁciat
2544 3515 2677 3589 ﬁdes
2704 3522 2795 3569 tua
2869 3510 2992 3567 Luc.
3029 3522 3157 3573 xm,
3185 3503 3301 3573 32).
3343 3501 3504 3572 551
3535 3493 3679 3553 Fides
3700 3494 3832 3593 autem

2318 3585 2430 3683 ipsa
2476 3585 2561 3665 est
2605 3615 2911 3665 sanctorum
2936 3642 2950 3664 ,
2982 3614 3102 3671 quae
3147 3611 3245 3667 per
3291 3594 3571 3650 caritatem
3617 3585 3831 3683 operatur-

2309 3664 2467 3757 S'icut
2494 3711 2624 3766 ergo
2652 3696 2808 3751 bona:
2844 3687 3135 3746 voluntatis
3162 3685 3372 3740 initium
3411 3693 3566 3737 nemo
3593 3664 3830 3766 pomi-lli?

2314 3793 2473 3855 bere,
2504 3790 2607 3845 nisi
2637 3786 2797 3842 fuerit
2837 3778 3202 3838 misericordia
3233 3776 3329 3830 Dei
3374 3767 3711 3844 prtevenienle
3743 3756 3828 3812 ίῑιυο

2316 3884 2567 3946 minatus,
2594 3879 2719 3949 quia
2742 3881 3070 3948 preparatur
3097 3869 3334 3924 uoluntas
3364 3883 3398 3917 α
3426 3859 3726 3949 Durnium-et
3746 3858 3829 3945 rur-

2316 3991 2434 4031 sum
2482 3973 2741 4041 scriptum
2789 3943 2873 4021 est
2913 3982 2927 4018 :
2974 3961 3109 4015 Deus
3158 3974 3297 4012 meus
3320 3997 3336 4021 ,
3386 3943 3716 4012 misericordia
3743 3943 3830 4041 ἐμω

2317 4027 2710 4139 promist-ue
2748 4056 2930 4131 (Ptol.
2963 4069 3117 4114 Lvut,
3151 4049 3207 4103 ll
3237 4061 3252 4116 ι
3284 4065 3297 4102 :
3328 4049 3402 4101 ita
3429 4038 3667 4139 eamdem
3684 4027 3828 4132 volun-

2317 4121 2482 4214 latem
2510 4155 2710 4211 bonam
2737 4121 2894 4206 nemo
2924 4160 3093 4217 usque
3131 4144 3186 4197 in
3215 4138 3378 4196 ﬁnem
3406 4131 3599 4207 poterit
3622 4121 3826 4217 obtinere

2318 4212 2421 4302 nisi
2464 4244 2625 4301 fuerit
2647 4242 2847 4311 iugiter
2886 4212 3076 4293 eadem
3126 4226 3494 4286 misericordia
3538 4212 3829 4311 subsequente

2318 4344 2575 4390 servatus.
2607 4293 2742 4386 οἶεῆ
2768 4328 2911 4384 enim
2941 4325 3053 4380 Deo
3080 4322 3271 4377 beatus
3300 4314 3467 4373 David
3494 4332 3507 4366 ;
3530 4293 3829 4390 ,Μὺενὶεοτιιὶςι

2319 4438 2403 4482 tua
2437 4424 2761 4496 subsequatur
2790 4437 2871 4475 me
2896 4415 3138 4487 omnibus
3166 4411 3345 4468 diebus
3386 4411 3503 4467 vita:
3540 4413 3654 4496 mea
3689 4384 3829 4496 (φευξ-

2321 4532 2448 4580 xm,
2478 4513 2554 4585 6);.
2589 4483 2948 4567 Misericordia
2978 4506 3153 4576 igitur,
3178 4516 3295 4572 qua:
3315 4499 3485 4569 gratis
3506 4491 3683 4548 malum
3702 4483 3829 4553 home

635 4613 816 4670 nubilo
836 4592 1151 4681 cujusquam
1179 4580 1519 4664 obscuritatis
1541 4580 2214 4680 ambigimus,sanctorum
2248 4626 2292 4685 ι’)
2316 4622 2439 4662 nem
2471 4580 2728 4675 praxvenit
2746 4643 2762 4670 ,
2791 4608 2846 4656 ut
2875 4606 3109 4653 mutetur
3137 4592 3161 4632 ἀ
3196 4593 3249 4650 in
3273 4592 3490 4656 melius,
3518 4592 3569 4640 et
3593 4582 3690 4650 ipsa
3714 4580 3830 4685 (ιιιθξῗ

636 4703 852 4760 Patrum
900 4699 1298 4758 deﬁnitionibus
1345 4700 1642 4755 horreamus
1674 4718 1687 4763 ε
1718 4714 1853 4771 quos
1880 4700 2215 4769 praeveniens

636 4793 1001 4851 misericordia
1030 4793 1126 4848 Dei
1162 4791 1327 4861 gratis
1355 4790 1702 4854 illuminavit,
1734 4798 1793 4843 ut
1819 4790 2129 4856 crederent,
2160 4796 2216 4843 et

635 4902 865 4959 sequens
899 4885 1148 4940 instruxit
1175 4884 1488 4955 spiritaliter
1511 4927 1525 4950 ,
1566 4891 1623 4937 ut
1651 4881 1930 4947 docerent,
1978 4880 2043 4936 lli
2072 4881 2213 4936 enim

636 4979 946 5051 apostolica:
975 4975 1370 5047 przedicationis
1399 4984 1643 5032 tenentes
1685 4990 1782 5045 per
1809 4974 1990 5031 omnia
2019 4973 2216 5029 verita-

636 5080 763 5137 tem,
782 5069 1082 5126 certissime
1101 5074 1488 5137 cognoverunt,
1509 5066 2049 5138 cognoscendumque
2068 5065 2217 5120 libris

635 5171 691 5220 et
737 5161 979 5232 epistolis
1028 5159 1399 5228 reliquerunt,
1440 5159 1666 5227 gratiam
1699 5157 1791 5213 Dei
1820 5172 1929 5212 non
1971 5157 2220 5212 omnibus

638 5252 939 5312 hominibus
962 5250 1288 5318 generaliter
1313 5249 1448 5303 dari.
1479 5247 1780 5302 Gratuitum
1801 5247 1999 5317 quippe
2017 5245 2217 5301 donum

644 5342 737 5398 Dei
764 5349 846 5397 est
871 5340 1060 5412 gratia.
1110 5338 1335 5409 Propter
1381 5337 1525 5407 quod
1572 5336 1701 5392 dicit
1739 5334 2066 5405 Apostolus,
2097 5334 2223 5405 quia

637 5434 979 5506 unusquisque
1005 5434 1272 5505 proprium
1309 5430 1458 5485 habet
1485 5429 1678 5484 donum
1705 5446 1737 5483 α
1754 5428 1876 5489 ,Deo
1907 5446 1925 5495 ς
1954 5430 2087 5483 alius
2113 5430 2226 5500 qui-

642 5525 758 5581 dem
804 5525 913 5589 sic,
954 5525 1087 5584 alius
1134 5541 1250 5583 vero
1295 5524 1370 5577 sic
1416 5522 1469 5595 (I
1491 5521 1611 5578 Cor.
1644 5537 1738 5589 vn,
1770 5521 1845 5591 7).
1895 5521 2001 5576 Ista
2030 5521 2223 5589 gratia,

644 5631 804 5691 quam
840 5615 978 5671 Deus
1010 5614 1146 5673 vasis
1185 5613 1562 5672 misericordia:
1591 5612 1756 5681 gratis
1784 5601 1981 5674 donat,
2010 5610 2079 5665 ab
2109 5611 2229 5666 illu-

720 5832 740 5856 υ
772 5821 861 5874 Sic
888 5834 1014 5877 mss,
1045 5818 1172 5875 duo.
1207 5818 1272 5875 At
1301 5816 1455 5876 edd..
1494 5816 1767 5873 "rivorum.

718 5889 741 5929 ι’
774 5890 869 5946 Ms.
903 5905 1068 5953 unus,
1092 5906 1242 5944 quam
1267 5887 1384 5963 insi.
1417 5888 1636 5942 Uzeteri.
1682 5896 1920 5940 («uanam
1956 5901 2071 5942 nm.

2317 4671 2516 4750 bonum
2571 4692 2699 4748 facit
2758 4684 3134 4758 subsequendo
3194 4683 3371 4753 regit,
3431 4694 3497 4735 ne
3557 4675 3760 4728 mutetur
3794 4671 3830 4709 ιιι

2320 4793 2492 4865 pejus.

2390 4850 2479 4938 ὲδ.
2503 4879 2673 4937 Omne
2700 4878 2859 4946 igitur
2895 4875 3095 4930 bonum
3124 4868 3411 4926 voluntatis
3458 4872 3511 4920 el
3548 4850 3708 4949 Ope!"is

2324 4978 2500 5032 inesse
2529 4980 2706 5045 potest
2731 4969 2952 5034 homini,
2982 4967 3027 5023 si
3048 4961 3423 5045 praaveaientis
3450 4953 3621 5026 gratim
3640 4940 3830 5045 lamlw—l‘:

2322 5071 2497 5133 detur,
2530 5034 2883 5135 ejusdemque
2922 5034 3105 5129 gratia:
3147 5039 3516 5125 subsequentis
3546 5034 3843 5135 ορῇυιωξίξίξθα

2325 5117 2586 5215 serveiur:
2613 5155 2742 5222 Qua:
2762 5117 2961 5208 malum
2983 5147 3260 5221 pmvenit,
3288 5117 3350 5200 ui
3375 5146 3585 5199 bonum,
3619 5128 3714 5182 Deo

2325 5213 2526 5319 giente,
2556 5213 2888 5299 voluntatem
2918 5213 3116 5297 habere
3136 5235 3376 5306 incipiat,
3401 5242 3553 5301 quam

2325 5304 2423 5408 ἴδει·
2449 5304 2525 5392 se.
2538 5333 2737 5389 habere
2765 5348 2873 5386 non
2914 5336 3146 5400 poterat,
3176 5304 3282 5382 non
3319 5320 3579 5408 habebatt
3609 5304 3827 5408 supsﬁ‘lnli':

2330 5387 2418 5484 iur
2444 5434 2626 5483 autem
2653 5425 2874 5488 bonum,
2907 5387 2966 5476 ut
2992 5387 3302 5491 perseveret
3326 5424 3383 5470 et
3409 5404 3635 5483 proﬁciat
3658 5395 3702 5491 iu

2329 5518 2627 5579 νοιιιηῑτίιε,
2650 5528 2810 5585 quam
2839 5478 2905 5572 et
2931 5478 3218 5566 scitabere
3246 5522 3352 5563 non
3383 5478 3572 5576 potuit,
3702 5478 3843 5585 Sfar‘

2330 5609 2556 5681 accepit.
2590 5573 2856 5663 Ila-evenit
2900 5617 3029 5674 ergo
3069 5599 3342 5670 dirigendo
3377 5573 3468 5671 cor
3508 5575 3710 5645 hominis
3739 5573 3823 5636 llr"

2404 5823 2424 5849 ε
2461 5809 2582 5862 llzec
2617 5808 2779 5862 verba
2806 5808 2999 5861 absunt
3027 5806 3092 5859 ab
3123 5804 3279 5858 editis
3330 5798 3577 5856 habentur
3603 5786 3647 5839 in
3676 5784 3795 5831 11155..

2400 5880 2422 5916 ι¹
2457 5880 2616 5943 Editi,
2649 5887 2824 5931 mutet.
3786 5882 3793 5891 ’
