4046 6500
313 351 410 408 6S1

1228 358 1314 414 DE
1358 357 1695 416 VERITATE
1738 360 2416 422 l'R.-F.DESTINATIONIS
2455 366 2583 422 LIB.
2627 370 2664 425 Ι.

3487 379 3592 436 σει

320 484 474 534 vum,
507 471 631 538 quia
661 469 916 541 scriptum
946 479 1029 526 est
1056 490 1066 524 :
1104 472 1290 546 Dirigit
1320 487 1488 528 autem
1528 476 1686 529 corda
1719 474 1899 530 Domi-
1941 486 1974 541 Α
2007 492 2114 530 non
2143 476 2244 530 hoc
2271 477 2438 535 virtus
2465 478 2711 533 lnnnance
2739 479 3049 548 voluntatis,
3083 485 3176 540 sed
3199 486 3377 544 divina
3420 501 3589 560 gratia

317 575 414 613 nus
441 559 618 629 (Prov.
648 577 755 624 nl,
789 562 864 632 2).
905 546 1260 631 Subsequitur
1305 574 1504 629 autem,
1551 566 1902 622 custodiendo

317 663 618 708 correctum
636 692 651 718 ,
682 654 805 722 quia
833 654 1080 709 similiter
1105 656 1360 726 scriptum
1383 666 1466 712 est
1490 655 1724 711 :Justum
1751 658 1903 728 adju-

317 743 507 797 torium
534 761 700 798 meum
732 762 762 797 a
801 745 1046 813 Domino,
1077 749 1162 817 qui
1191 749 1360 802 salvas
1385 749 1512 821 facit
1552 758 1714 803 rectos
1749 751 1903 802 corde

318 834 491 902 (Psat.
537 851 628 902 vn,
681 837 788 898 ll).
817 836 1002 892 Gratia
1035 839 1194 906 igitur
1236 840 1287 892 in
1336 850 1562 907 utroque
1607 848 1897 908 operatur:

315 927 539 992 scilicet,
574 937 628 981 et
653 931 703 983 in
735 939 970 997 errante,
1003 938 1062 984 ut
1091 939 1368 987 correctus
1395 933 1562 1000 vivat,
1595 941 1649 987 et
1687 934 1736 986 in
1781 948 1902 986 cor-

317 1026 489 1083 recto,
516 1034 582 1072 ne
607 1019 931 1088 depravatus
954 1021 1201 1076 abcedat.

386 1119 514 1174 Cn.
549 1137 674 1176 xvn.
702 1152 773 1163 —-
797 1122 885 1176 56.
919 1123 1034 1178 Non
1080 1126 1326 1178 omnibus
1367 1132 1543 1179 autem
1579 1126 1734 1180 istam
1775 1141 1899 1194 gra-

316 1208 444 1262 tiam
476 1210 614 1278 dari,
642 1220 705 1265 'ct
733 1213 926 1280 quibus
962 1213 1138 1278 datur,
1176 1230 1280 1267 non
1329 1216 1577 1269 omnibus
1619 1217 1903 1285 :cqualiter

313 1300 450 1365 dari,
482 1303 724 1374 quisquis
747 1305 833 1374 pie
864 1307 1075 1379 qumrit,
1101 1307 1434 1374 eloquiorum
1478 1317 1787 1363 sanctorum
1819 1319 1901 1364 at-

318 1393 612 1447 testatione
640 1396 935 1462 cognoscit.
963 1395 1096 1461 Quid
1119 1398 1264 1451 enim
1293 1399 1440 1467 prius
1467 1400 1520 1452 in
1552 1401 1768 1477 homine
1798 1401 1898 1456 bo-

310 1496 443 1535 num
489 1492 667 1553 potest
713 1501 861 1550 esse,
896 1502 1003 1555 quo
1050 1486 1118 1541 ad
1159 1498 1418 1544 reternam
1474 1492 1634 1544 vitam
1693 1493 1896 1559 tendat,

307 1584 473 1641 quam
503 1574 643 1629 bona
674 1576 960 1632 voluntas!
995 1579 1065 1633 de
1104 1595 1207 1650 qua
1259 1589 1436 1635 tamen
1489 1583 1539 1635 in
1594 1580 1897 1638 Proverbiis

311 1664 541 1719 dicitur:
575 1667 913 1737 Praeparetur
948 1671 1186 1725 voiuntas
1229 1690 1260 1726 a
1308 1673 1528 1729 Domino
1571 1673 1750 1746 (Prov.
1786 1694 1893 1742 \‘lll,

307 1750 412 1820 55,
441 1757 595 1826 juxta
620 1755 811 1828 LXX).
848 1759 1104 1818 Dominus
1138 1778 1286 1832 ergo,
1317 1767 1406 1834 qui
1438 1766 1490 1819 in
1523 1767 1674 1821 nobis
1699 1767 1892 1822 bonam

2006 566 2133 621 facit
2155 586 2169 620 :
2195 569 2318 636 quia
2347 568 2509 634 Deus,
2538 571 2676 624 sicut
2706 571 3034 629 voluntatem
3056 578 3124 630 ad
3148 581 3471 640 credendum
3496 604 3593 658 per

2005 659 2231 725 gratiam
2261 669 2546 729 przeparat,
2571 663 2648 716 sic
2678 662 2845 732 ipsam
2890 666 3220 722 voluntatem
3251 675 3420 740 gratia
3457 693 3587 747 ope-

2005 755 2159 802 rante
2184 759 2551 816 consummat;
2582 760 2635 806 et
2661 753 2799 809 sicut
2818 754 2978 809 ﬁdem
3009 774 3114 812 non
3137 760 3455 822 habentibus
3475 769 3592 840 ipse

2005 839 2191 906 donat,
2221 842 2299 897 sic
2335 843 2387 896 in
2420 844 2524 897 illis
2552 846 2713 899 etiam
2742 849 2832 915 qui
2874 849 3070 905 habent
3101 852 3213 922 ipse
3250 839 3587 929 multiplicat.

2009 935 2232 1003 Propter
2246 935 2389 1004 quod
2413 936 2472 990 in
2484 935 2722 1007 Epistula
2749 956 2868 1009 quae
2896 943 2962 996 ad
2987 943 3239 1002 Hebraeos
3257 959 3343 1005 est
3366 954 3587 1024 scripta,

2011 1024 2083 1078 sic
2120 1024 2316 1078 dicitur
2345 1043 2360 1078 :
2407 1025 2727 1098 Deponcntes
2758 1033 2916 1102 igitur
2940 1052 3092 1090 omne
3118 1041 3338 1108 pondus,
3380 1053 3434 1098 et
3480 1049 3590 1100 cir-

2000 1124 2264 1170 cumstans
2294 1134 2386 1170 nos
2416 1129 2700 1188 peccatum,
2733 1139 2824 1190 per
2847 1127 3152 1194 patientiam
3179 1146 3445 1187 curramus
3465 1153 3588 1206 pro-

2001 1207 2222 1275 positum
2251 1208 2396 1261 nobis
2434 1220 2708 1275 certamen,
2749 1216 3056 1284 aspicientes
3086 1219 3138 1271 in
3169 1227 3431 1278 auctorem
3459 1226 3588 1296 ﬁdei

1997 1305 2050 1348 et
2090 1309 2553 1352 consummatorem
2593 1299 2770 1356 Jesum
2802 1304 2990 1372 (Hebr.
3032 1324 3122 1375 xu,
3159 1310 3206 1377 l,
3240 1312 3317 1383 2).
3355 1314 3589 1374 Proinde

2002 1390 2045 1443 si
2070 1405 2135 1444 ex
2166 1407 2225 1445 se
2248 1393 2408 1447 homo
2439 1392 2600 1450 ﬁdem
2632 1398 2812 1464 habet,
2847 1418 2950 1456 non
2981 1412 3062 1457 est
3095 1417 3286 1462 auctor
3323 1410 3448 1467 ﬁdei
3493 1413 3589 1469 Je-

2000 1497 2117 1547 sus;
2144 1492 2199 1538 et
2239 1485 2284 1539 si
2327 1485 2529 1541 viribus
2553 1489 2664 1542 suis
2694 1490 2857 1546 homo
2887 1491 3044 1548 ﬁdem
3076 1497 3303 1566 perﬁcit,
3352 1518 3458 1557 non
3505 1514 3588 1562 est

2001 1584 2406 1632 consummator
2437 1577 2557 1633 ﬁdei
2599 1579 2754 1637 Jesus
2779 1601 2794 1634 :
2821 1586 3116 1654 apostolica
3148 1597 3326 1645 autem
3354 1597 3588 1652 auctori-

2002 1674 2082 1720 tas
2136 1676 2411 1724 auctorem
2452 1683 3052 1746 consutumatoremque
3089 1677 3210 1735 ﬁlei
3254 1693 3451 1740 nostrte
3481 1687 3588 1743 Do-

2000 1757 2203 1811 minum
2231 1757 2412 1813 Jesum
2435 1762 2748 1830 conﬁtetur;
2785 1774 2989 1821 certum
3021 1778 3106 1824 est
3145 1772 3304 1840 igitur
3338 1773 3496 1831 ﬁdem
3537 1779 3586 1834 in

309 1847 642 1904 voluntatem
666 1863 953 1922 prmparat,
979 1855 1093 1925 ipse
1124 1858 1277 1911 nobis
1307 1859 1459 1914 bona:
1483 1861 1771 1915 voluntatis
1800 1862 1900 1915 ini-
1937 1877 1974 1931 η
2004 1848 2158 1902 ηουίε
2185 1864 2284 1904 nec
2331 1866 2448 1906 0558
2490 1869 2671 1921 P0559.
2696 1872 2796 1911 nec
2823 1874 3110 1928 ,ετεέεΐθν
3144 1863 3243 1917 ηῖεί
3298 1865 3386 1922 me
3428 1869 3584 1924 “0N!

313 1939 446 1993 tium
475 1941 658 1996 donat.
696 1945 861 2000 Deum
892 1964 1114 2018 quoque
1150 1949 1201 2004 in
1235 1951 1389 2006 nobis
1421 1954 1631 2022 operari
1646 1971 1766 2009 ‘non
1807 1972 1898 2010 so-

314 2028 422 2083 lum
451 2040 510 2085 ut
540 2034 787 2101 velimus,
818 2052 1003 2091 verum
1031 2042 1193 2094 etiam
1225 2051 1282 2095 ut
1309 2043 1452 2112 quod
1483 2044 1618 2099 bene
1656 2045 1900 2102 volumus

313 2120 586 2189 faciamus,
608 2127 897 2196 Apostolus
917 2129 1096 2196 docet,
1129 2133 1312 2189 dicens
1338 2153 1349 2185 :
1378 2133 1503 2188 Cum
1525 2139 1707 2192 timore
1730 2148 1777 2192 et
1801 2149 1900 2192 tre-

311 2227 454 2266 more
480 2215 701 2269 salutem
744 2205 963 2272 vestram
1003 2224 1310 2290 operamini.
1352 2223 1488 2278 Deus
1533 2237 1609 2280 est
1649 2230 1784 2282 enim
1813 2232 1896 2301 qui

306 2313 556 2373 operatur
575 2305 629 2358 in
653 2305 799 2361 nobis
820 2317 868 2362 et
898 2312 1023 2364 velte
1046 2321 1094 2365 et
1125 2315 1391 2383 perﬁcere,
1423 2334 1516 2384 pro
1548 2317 1682 2373 bona
1721 2321 1898 2376 volun—

311 2403 418 2448 tate
438 2394 659 2466 (Philip.
685 2414 744 2461 tt,
777 2399 860 2464 12,
916 2401 1022 2474 l5).
1058 2403 1225 2472 l‘lujus
1265 2407 1419 2462 bona:
1460 2411 1748 2468 voluntatis
1796 2415 1896 2468 ini—

307 2485 444 2538 tium
492 2486 544 2540 in
589 2487 693 2542 ﬁde
749 2491 1066 2560 consistere,
1121 2494 1258 2550 liber
1301 2496 1510 2556 Cantici
1550 2501 1892 2560 Canticorum

313 2574 467 2645 (Cap.
503 2593 572 2642 ιγ,
605 2576 656 2642 8,
684 2595 789 2632 sec.
818 2579 990 2649 LXX)
1040 2586 1302 2652 ostendit,
1350 2589 1436 2643 ubi
1484 2591 1728 2648 Christus
1767 2596 1895 2651 dicit

311 2662 564 2720 Ecclesiae
593 2684 609 2720 τ
641 2668 823 2722 Venies
847 2682 898 2724 et
920 2678 1230 2741 pertransies
1270 2677 1334 2730 ab
1370 2681 1522 2734 initio
1541 2684 1686 2752 fidei.
1725 2685 1892 2751 Quam

308 2768 494 2812 tamen
526 2759 680 2815 ﬁdem
705 2778 811 2817 non
837 2766 1084 2821 omnibus
1112 2755 1222 2822 dari
1247 2769 1436 2826 beatus
1457 2772 1653 2830 Paulus
1683 2779 1890 2844 asserit,

309 2847 493 2904 dicens
518 2869 530 2902 :
561 2850 685 2906 Non
705 2857 839 2909 enim
866 2860 1091 2911 omnium
1122 2873 1198 2915 est
1221 2863 1352 2931 ﬁdes
1377 2865 1462 2935 (11
1490 2867 1665 2923 Thess.
1701 2888 1770 2934 ιιι,
1804 2872 1890 2942 2);

312 2947 367 2992 et
394 2957 577 2997 rursus
610 2963 622 2998 :
661 2943 784 2999 Non
812 2955 988 3001 otunes
1032 2949 1274 3004 obediunt
1310 2953 1592 3025 Evangelia
1626 2958 1799 3028 (Rom.
1835 2979 1887 3026 κ,

316 3032 424 3098 l6).
457 3035 658 3100 Quibus
689 3047 866 3092 autem
897 3039 1071 3105 datur,
1107 3058 1211 3097 non
1242 3047 1520 3114 aequaliter
1541 3049 1676 3118 dari,
1701 3053 1891 3107 eodem

311 3122 535 3180 docente
559 3133 953 3196 cognoscimus,
981 3135 1068 3202 qui
1097 3135 1170 3188 ait
1195 3155 1206 3188 :
1244 3137 1370 3192 Dico
1395 3142 1527 3194 enim
1549 3160 1641 3212 per
1667 3147 1891 3214 gratiam

312 3230 340 3282 τι
359 3230 422 3266 (σε
449 3215 572 3269 data
591 3229 666 3270 est
692 3221 815 3273 nti/ii
844 3222 1077 3277 omnibus
1099 3227 1184 3292 qui
1212 3239 1328 3280 sunt
1354 3231 1487 3285 inter
1513 3249 1619 3296 ros,
1650 3251 1751 3289 non
1776 3237 1887 3305 plus
1917 3256 1959 3317 ρ

310 3320 491 3374 sapere
516 3324 668 3378 quam
697 3321 894 3379 oportet
915 3331 1115 3384 sapere,
1141 3318 1230 3370 sed
1250 3337 1430 3390 sapere
1450 3323 1520 3375 ad
1537 3325 1881 3394 sobrietatem,

307 3404 356 3446 et
385 3398 654 3468 unicuique
681 3403 812 3454 sicut
834 3402 974 3459 Deus
1016 3407 1190 3462 divisit
1216 3427 1508 3467 mensuram
1549 3418 1676 3486 ﬁdei
1707 3418 1881 3486 (Rom.

312 3502 418 3552 sl,
449 3487 532 3556 5).

377 3597 468 3650 57.
494 3598 572 3653 Ob
599 3601 704 3656 hoc
734 3604 848 3673 ipse
875 3610 1240 3676 apostolorum
1265 3616 1483 3682 chorus,
1519 3621 1611 3690 qui
1646 3639 1750 3678 non
1773 3627 1883 3696 spi-

307 3689 469 3742 ritum
511 3691 669 3760 hujus
709 3698 889 3750 mundi
921 3712 1222 3770 acceperat,
1255 3707 1346 3761 sed
1385 3689 1638 3779 Spiritum
1682 3719 1772 3784 qui
1821 3735 1886 3774 ex

308 3779 420 3834 Deo
449 3793 550 3845 est,
582 3793 639 3836 ut
687 3787 986 3858 sciretquzc
1017 3808 1044 3845 a
1077 3793 1186 3848 Deo
1210 3797 1402 3852 donata
1431 3800 1590 3875 452
1623 3779 1834 3863 fixerant
1863 3823 1884 3847 η

307 3871 356 3923 ei
409 3869 475 3939 (1
505 3871 624 3928 Cor.
658 3891 714 3940 ιι,
751 3877 875 3947 l2),
925 3881 1102 3937 sciens
1148 3900 1177 3938 a
1225 3885 1453 3945 Domino
1487 3895 1739 3950 collatum
1787 3901 1887 3954 sibi

311 3962 515 4015 initium
548 3961 688 4029 ﬁdei,
722 3967 789 4021 ab
820 3969 934 4038 ipso
962 3973 1060 4027 sibi
1092 3977 1334 4032 eamdem
1367 3985 1626 4050 poscebat
1674 3992 1878 4057 augeri.

306 4050 477 4106 Lucas
506 4056 646 4108 enim
670 4061 992 4128 evangelista
1015 4079 1402 4125 commemorat
1433 4073 1659 4130 Domino
1687 4080 1888 4138 dixisse

309 4143 598 4214 discipulos
634 4167 646 4202 :
680 4151 724 4203 υ
759 4152 993 4221 Domine,
1039 4177 1168 4231 auge
1199 4165 1344 4218 nobis
1373 4167 1531 4236 [idem
1567 4169 1714 4238 (Luc.
1758 4193 1884 4242 xm,

1108 4223 1129 4231 .,
1373 4223 1384 4236 .
1568 4223 1579 4238 \
1672 4223 1712 4225 *-
1758 4223 1884 4242 ""1

307 4234 386 4305 5).
417 4237 578 4306 Cujus
614 4243 657 4296 si
688 4259 754 4298 ex
797 4262 853 4299 se
895 4250 1142 4306 voluntas
1185 4255 1411 4313 hominis
1458 4261 1654 4318 habere
1703 4279 1885 4336 posset

308 4327 537 4395 initium,
563 4347 625 4385 ex
659 4349 716 4388 se
755 4337 996 4404 profecto
1024 4347 1339 4414 sumpsisset
1379 4364 1743 4420 augmentum.
1779 4358 1886 4413 Sed

310 4417 448 4473 beati
481 4426 707 4490 apostoli
752 4429 888 4484 unde
912 4448 972 4486 se
1012 4435 1250 4492 sciebant
1298 4441 1507 4497 initium
1556 4447 1676 4502 ﬁdei
1726 4466 1885 4505 acce-

307 4512 447 4577 pisse
469 4515 609 4581 quod
640 4532 745 4571 non
779 4520 1068 4590 habebant,
1103 4529 1350 4587 inde'sibi
1371 4535 1610 4603 ejusdem
1634 4558 1888 4612 augmen-

311 4611 419 4654 tum
449 4608 741 4672 poscebant
774 4629 787 4663 :
830 4615 951 4683 quia
983 4621 1176 4688 gratia,
1212 4640 1328 4692 qure
1377 4628 1478 4683 illis
1518 4608 1727 4687 initiuni
1764 4635 1886 4694 ﬁdei

307 4711 338 4747 ε
360 4697 629 4762 intulerat,
666 4701 775 4769 ipsa
808 4705 858 4758 in
893 4707 970 4761 eis
1017 4714 1272 4778 augenda:
1313 4717 1632 4777 desiderium
1664 4731 1888 4783 suscita-

308 4784 416 4837 bat.
450 4784 506 4839 ln
535 4792 642 4858 duo
679 4800 856 4848 tamen
888 4795 1152 4855 desiderio
1196 4803 1320 4858 licet
1361 4807 1470 4874 jam
1531 4812 1698 4869 ﬁfeiis
1748 4831 1889 4874 esset

310 4876 576 4942 voluntas,
621 4883 921 4941 nullatenus
968 4898 1146 4946 tamen
1193 4897 1290 4949 sibi
1321 4899 1606 4969 sufﬁceret,
1651 4909 1752 4962 nisi
1801 4913 1889 4968 ille

308 5062 418 5111 tum
463 5074 677 5132 quoque
714 5073 1057 5134 poscentibus
1097 5075 1323 5145 benigna
1373 5062 1726 5144 miseratione
1761 5109 1889 5148 con-

307 5147 494 5206 ferret.
533 5152 752 5223 Utergo
780 5165 1009 5229 apostoli
1028 5169 1333 5239 crederent,
1363 5175 1614 5234 voluntas
1652 5199 1758 5238 non
1790 5186 1885 5242 dc-

306 5235 426 5307 fuit,
457 5244 552 5298 sed
583 5245 634 5298 in
657 5248 737 5302 eis
759 5249 923 5318 ipsam
951 5257 1277 5314 voluntatem
1319 5263 1576 5323 Dominus
1614 5287 1885 5343 priepara-

309 5331 403 5383 vit.
429 5330 558 5387 Nam
585 5345 642 5390 ut
671 5337 831 5394 homo
860 5358 966 5398 non
997 5349 1202 5417 credat,
1235 5337 1306 5407 ex'
1329 5371 1386 5410 se.
1418 5358 1577 5414 habet
1600 5330 1884 5423 inﬁdelita-

311 5427 454 5488 tem;
489 5435 545 5478 ut
573 5437 750 5483 autem
775 5433 825 5486 in
855 5432 1021 5490 Deum
1045 5443 1248 5512 credat,
1281 5463 1308 5500 a
1343 5449 1452 5506 Deo
1481 5455 1675 5526 accipit
1704 5458 1880 5527 ﬁdem,

310 5520 363 5565 et
388 5523 445 5568 ut
470 5517 522 5571 in
553 5535 618 5573 eo
648 5521 780 5577 ﬁdes
823 5539 1110 5594 augmento
1151 5539 1510 5612 subsequente
1553 5547 1878 5618 perﬁciatur,

381 5701 404 5765 ξ
433 5695 552 5751 Mss.
581 5700 711 5765 ᾶιιο,
741 5705 935 5760 donata
963 5719 1100 5763 sunt.

377 5761 401 5868 ζ’
427 5761 707 5868 ὶςῗξζμιᾮξ
736 5773 874 5868 Dicit
900 5779 1056 5861 igitur
1082 5761 1212 5868 idern
1243 5793 1524 5868 apostolus.

459 5836 470 5848 ο
515 5839 523 5848 .
557 5840 567 5849 .
830 5848 840 5858 ι
919 5835 941 5846 “’
1033 5852 1043 5861 -
1165 5835 1212 5843 Ἶ-
1243 5835 1339 5868 "Pu

377 5843 397 5869 ε
431 5835 590 5901 IL-JIII,
625 5839 744 5896 Non
767 5856 936 5910 utrave
959 5868 1075 5903 auia
1102 5859 1339 5932 volumus

2004 1951 2123 1989 eam
2177 1939 2394 2005 tribuat,
2455 1943 2710 1997 tributam
2767 1956 2983 2014 augeat,
3044 1961 3253 2007 auctam
3312 1957 3578 2029 perﬁciat,

2001 2042 2160 2096 quem
2192 2039 2467 2086 auctorem
2497 2047 3100 2109 consummatoremque
3130 2042 3252 2099 ﬁdei
3283 2050 3584 2116 apostolica

2005 2115 2286 2185 proﬁtetur
2314 2123 2629 2179 auctoritas.
2647 2124 2890 2196 ‘Propter
2913 2130 3057 2199 quod
3087 2115 3366 2202 apostolus
3393 2137 3586 2197 Paulus

2002 2206 2053 2259 in
2081 2204 2320 2277 Epistola
2343 2226 2505 2280 quam
2546 2214 2612 2267 ad
2645 2212 2904 2283 Ephesios
2949 2221 3185 2291 scripsit,
3228 2225 3366 2282 sicut
3404 2245 3434 2284 a
3473 2229 3586 2288 Deo

1999 2297 2112 2351 dari
2161 2300 2392 2365 gratiam
2443 2303 2718 2371 prmdicat.
2765 2306 2838 2360 ita
2890 2314 3125 2366 testatur
3178 2330 3287 2371 non
3332 2320 3584 2377 omnbus

1998 2389 2278 2456 :equaliter
2322 2389 2466 2457 dari;
2519 2392 2614 2448 sed
2665 2405 2832 2464 prout
2873 2397 2964 2455 ille
3004 2403 3428 2465 misericorditer
3483 2412 3584 2468 do-

2000 2491 2132 2546 nat,
2186 2486 2277 2555 qui
2337 2503 2445 2542 non
2503 2504 2622 2544 eam
2667 2509 2766 2562 pro
2814 2497 3021 2553 meritis
3077 2501 3420 2567 retribuere,
3485 2507 3579 2560 sed

1997 2575 2164 2640 gratis
2211 2576 2482 2641 tribuere,
2524 2583 2824 2637 consuevit.
2878 2585 3014 2641 Dicit
3060 2590 3200 2644 enim
3234 2590 3257 2628 δ
3304 2610 3317 2646 :
3368 2591 3581 2648 Unicui-

1997 2685 2092 2734 que
2147 2680 2378 2724 nostrum
2433 2673 2558 2727 data
2610 2685 2686 2728 est
2732 2681 2903 2747 gratia
2946 2685 3230 2740 secundum
3287 2706 3580 2746 mensuum

1995 2755 2294 2811 donationis
2324 2756 2514 2814 Christi
2561 2761 2873 2834 (Ep/temur,
2929 2768 3001 2839 7).
3063 2769 3158 2826 llis
3198 2782 3359 2845 atque
3399 2778 3580 2848 hujus-

1997 2847 2140 2899 modi
2191 2850 2518 2908 testimoniis
2539 2857 2861 2925 ostenditur,
2895 2876 2996 2915 nec
3023 2864 3274 2921 omnibus
3309 2868 3422 2922 dari
3451 2847 3572 2938 gra-

1992 2935 2122 2990 tiam
2145 2979 2160 3003 ,
2202 2954 2300 2994 nec
2328 2943 2523 3009 quibus
2559 2944 2721 3000 datur
2758 2951 3038 3018 aequaliter
3066 2953 3203 3020 dari,
3253 2956 3345 3009 sed
3375 2972 3575 3012 secum-

1993 3023 2120 3078 dum
2163 3041 2472 3084 mensuram
2507 3033 2818 3092 donationis
2857 3037 3076 3094 Christi.
3125 3041 3261 3100 llinc
3311 3055 3398 3100 est
3433 3050 3576 3117 quod

1990 3118 2240 3174 eamdem
2280 3121 2470 3178 beatus
2527 3125 2819 3196 Apostolus
2863 3133 3195 3191 concludens
3241 3135 3571 3209 Epistolam,

1990 3222 2203 3275 pacem,
2237 3212 2537 3279 caritatem,
2573 3226 2735 3288 atque
2765 3220 2922 3276 tidem
2945 3224 3201 3283 divinitus
3223 3239 3375 3298 optat
3396 3232 3573 3301 lrlbui,

1991 3299 2174 3356 dicens
2213 3322 2224 3356 :
2263 3304 2383 3359 Pax
2425 3309 2690 3378 fratribus,
2735 3322 2784 3366 et
2830 3316 3024 3371 caritas
3060 3335 3181 3374 cum
3216 3323 3331 3401 ‘ﬁde
3380 3341 3413 3378 a
3467 3325 3575 3382 Dee

1989 3391 2171 3460 Patre,
2203 3405 2251 3450 et
2274 3396 2497 3454 Domino
2524 3401 2650 3456 Iesu
2672 3402 2875 3462 Christo
2887 3408 3113 3480 ,(Eplics.
3147 3391 3226 3480 vt,
3248 3415 3362 3488 25).

2060 3479 2189 3538 Cive.
2217 3503 2360 3542 xmi.
2389 3522 2461 3532 —
2481 3489 2570 3546 58.
2607 3491 2677 3548 Ut
2705 3511 2834 3565 ergo
2863 3479 2915 3553 in
2939 3500 3104 3558 Deum
3150 3479 3373 3563 credere
3411 3509 3576 3566 velle-

1989 3587 2128 3636 mus,
2181 3574 2270 3628 ille
2314 3578 2471 3634 nobis
2519 3581 2717 3637 bonam
2761 3587 3090 3646 voluntatem
3131 3596 3394 3662 contulit;
3428 3610 3486 3652 ut
3510 3601 3576 3665 ,in

1986 3675 2111 3714 eum
2139 3664 2504 3736 crederemus,
2533 3671 2646 3740 ipse
2675 3673 2831 3728 ﬁdem
2859 3679 3016 3734 nobis
3056 3683 3305 3750 donavit;
3341 3695 3398 3740 ut
3427 3664 3575 3745 illum

1985 3751 2154 3804 etiam
2183 3752 2554 3823 diligeremus,
2588 3760 2730 3815 idem
2759 3767 2961 3821 nostris
2998 3769 3249 3828 cordibus
3289 3791 3383 3843 per
3410 3774 3576 3846 Spiri-

1987 3847 2102 3893 tum
2133 3851 2377 3899 sanctum
2404 3849 2631 3913 gratiam
2663 3867 2772 3907 sum
2799 3857 3042 3914 caritatis
3069 3860 3287 3919 infudit.
3323 3864 3436 3921 Non
3470 3869 3575 3924 ita-

1990 3943 2096 3996 que
2122 3931 2244 4000 quia
2275 3935 2546 3993 voluimus
2580 3951 2602 3978 ο
2634 3943 2861 4007 gratiam
2885 3950 3210 4019 accepimus,
3234 3955 3324 4009 sed
3352 3959 3577 4018 necdum

1989 4021 2294 4080 voientibus
2342 4029 2498 4083 nobis
2531 4034 2700 4098 gratia
2741 4037 2864 4090 data
2888 4049 2989 4094 est.
3017 4041 3188 4108 Quam
3229 4049 3396 4118 ipsam
3418 4052 3579 4127 453

1991 4116 2217 4181 gratiam
2237 4120 2264 4155 ·¹
2290 4121 2488 4178 habere
2519 4129 2810 4200 potuimus,
2835 4143 2892 4187 ut
2921 4139 3147 4202 gratiam
3171 4145 3574 4217 acciperemus;

1991 4208 2084 4262 sed
2109 4209 2410 4270 inﬁdelibus
2435 4219 2588 4274 nobis
2611 4230 2695 4277 est
2723 4223 2918 4280 donata
2952 4228 3084 4285 ﬁdes
3113 4249 3178 4288 ex
3208 4208 3397 4304 gratia.
3423 4208 3576 4308 Quod

1992 4297 2100 4354 Vas
2143 4299 2422 4360 electionis
2474 4309 2758 4366 manifesto
2796 4321 3031 4372 testatur
3082 4297 3316 4394 eloquio,
3361 4297 3576 4388 digeris:

1994 4384 2178 4442 Gratia
2201 4393 2330 4446 salvi
2360 4397 2488 4466 facti
2506 4401 2629 4453 estis
2650 4420 2740 4471 per
2768 4405 2956 4474 ﬁdem;
2981 4398 3035 4465 εἰ
3061 4414 3156 4468 hoc
3184 4384 3287 4472 non
3311 4436 3378 4474 ea:
3416 4424 3576 4486 vobis.

1986 4480 2081 4532 sed
2113 4481 2207 4535 Dei
2239 4484 2431 4540 donum
2456 4499 2532 4542 est
2562 4491 2777 4563 (Ep/tes.
2819 4516 2871 4564 ιι,
2906 4502 2980 4571 8).
3021 4503 3148 4560 Sola
3197 4509 3358 4578 igitur
3404 4480 3575 4581 gratia

1994 4569 2046 4622 in
2076 4573 2229 4627 nobis
2252 4575 2448 4632 bonam
2480 4583 2811 4642 voluntatem
2843 4569 3001 4656 facit,
3027 4595 3140 4649 sola
3170 4569 3327 4653 ﬁdem
3352 4569 3451 4671 ipsi
3481 4619 3575 4663 vo:

1923 4663 2185 4720 l)lnntati
2230 4667 2432 4722 tribuit.
2489 4672 2593 4726 Sed
2647 4693 2766 4732 cum
2827 4681 2969 4736 bona
3024 4687 3270 4744 voluntas
3327 4663 3576 4750 habuerit

1999 4749 2176 4820 ﬁdem,
2204 4755 2324 4810 sine
2351 4773 2454 4826 qua
2486 4761 2623 4818 bona
2649 4783 2771 4823 esse
2798 4788 2906 4826 non
2940 4783 3136 4844 potest,
3168 4780 3292 4847 quia
3323 4784 3434 4837 sine
3473 4785 3576 4856 [ide

1989 4841 2305 4910 impossibile
2332 4857 2407 4902 est
2434 4851 2638 4918 placere
2661 4857 2771 4914 Deo
2801 4841 2985 4933 (Hebr.
3015 4883 3086 4934 ιιι,
3119 4841 3200 4939 6),
3231 4871 3417 4944 incipit
3442 4841 3562 4944 ope

1991 4931 2096 4984 rari
2127 4932 2357 5003 bonum,
2391 4939 2645 5007 si,tamen
2666 4931 2912 5017 aperanti
2949 4959 3135 5024 gratia:
3176 4969 3446 5032 nunquam
3476 4965 3572 5021 dce

1991 5019 2058 5071 sit
2080 5023 2355 5080 auxilium.
2391 5027 2514 5085 lateo
2543 5040 2685 5091 enim
2728 5040 2780 5094 in
2820 5045 2977 5100 nobis
3017 5050 3188 5115 gratia
3236 5051 3329 5106 Dei
3374 5055 3571 5120 bonam

1992 5111 2160 5168 eﬁicit
2191 5118 2541 5191 voluntatem,
2568 5135 2626 5181 ut
2655 5131 2853 5188 habeat
2881 5111 3042 5205 quani
3075 5142 3125 5193 in
3158 5143 3312 5198 nobis
3335 5118 3569 5215 adjuvet,

1993 5217 2097 5255 non
2124 5205 2303 5261 solum
2331 5211 2622 5283 volentem,
2649 5220 2745 5274 sed
2780 5224 2939 5278 etiam
2971 5239 3313 5297 operantem;
3351 5242 3406 5288 et
3447 5235 3567 5293 ideo

1991 5293 2252 5352 voluntati
2283 5311 2478 5358 nostrre
2503 5307 2702 5365 donum
2746 5293 3078 5374 credulitatis
3120 5319 3368 5390 infundit,
3403 5337 3462 5382 ut
3499 5330 3572 5386 ei-

1991 5383 2109 5439 dem
2140 5390 2406 5450 voluntati
2450 5401 2693 5458 credenti
2726 5411 3086 5481 operantique
3131 5431 3239 5470 non
3289 5417 3448 5476 desit.
3499 5420 3566 5477 Ut

1990 5488 2118 5543 ergo
2146 5477 2342 5537 habeat
2381 5485 2540 5544 ﬁdem
2567 5502 2610 5557 ο,
2642 5509 2746 5549 non
2795 5513 2860 5552 ex
2910 5515 2990 5566 se,
3041 5504 3137 5560 sed
3167 5522 3233 5564 ex
3274 5508 3368 5566 Dei
3397 5515 3569 5582 gratia

1987 5563 2089 5617 sibi
2119 5565 2297 5624 inesse
2328 5579 2538 5632 noverit
2570 5581 2737 5650 ipsam
2768 5586 2886 5643 ﬁdei
2916 5563 3230 5660 largitatem.

2055 5735 2082 5817 ιι
2117 5725 2480 5817 adtingi-aus.

2063 5816 2086 5842 ε
2107 5809 2242 5894 .Mss.
2268 5809 2394 5894 diro,
2426 5820 2491 5874 Ut
2522 5840 2643 5894 ergo
2674 5830 2856 5889 habeat

2107 5839 2491 5914 ι
2522 5840 2643 5894 ergo
2674 5839 2856 5889 habeat
2890 5839 3122 5896 voluntas
3165 5846 3391 5905 humana
3433 5855 3562 5914 bona

1993 5887 2173 5932 merita
2203 5900 2293 5951 per
2318 5887 2491 5950 ﬁdem.
