4046 6510
557 355 658 409 613

1521 391 1526 396 .
1578 352 1633 406 S.
1677 349 2034 410 FULGENTII
2081 346 2385 405 EPISCOPI
2433 350 2804 407 DUSPENSIS
3711 363 3793 416 tm

625 471 712 527 39.
742 471 940 528 Parum
965 481 1050 530 est
1077 482 1255 529 autem
1286 473 1440 528 nobis
1474 470 1630 527 ﬁdem
1667 472 1804 527 scire
1847 470 2133 539 unicuique
2162 469 2209 528 Α
2238 469 2525 539 acceperit,
2552 483 2582 523 a
2612 484 2720 539 quo
2745 483 2864 524 eam
2891 483 3092 538 primus
3124 469 3307 535 homo,
3339 485 3465 526 cum
3488 473 3793 545 conderetur,

554 563 805 618 divinitus
830 562 972 629 dari,
1005 564 1103 620 nisi
1134 565 1432 620 certissime
1461 565 1765 620 noverimus
1793 572 1997 618 tantam
2022 563 2144 617 uni-

555 655 748 725 cuique
779 655 959 719 tribui,
992 664 1249 726 quantam
1297 655 1435 712 Deus
1481 653 1683 710 donare
1718 653 1991 722 dignatur,
2034 668 2142 707 non

555 756 809 818 quantam
843 749 1074 802 humana
1107 747 1351 804 voluntas
1381 755 1635 802 meretur.
1666 747 1794 814 Qua:
1832 747 2142 818 priusquam

557 842 783 909 accipiat
822 839 1001 908 ﬁdem,
1050 841 1382 911 punitionem
1425 856 1521 910 per
1547 841 1781 912 seipsam
1821 847 2000 910 potest
2030 854 2143 893 me-

558 932 683 997 reri,
712 947 819 986 non
850 929 1025 985 ﬁdem.
1058 931 1222 986 Omne
1243 925 1392 987 enim
1413 931 1549 1003 quod
1573 949 1676 986 non
1698 939 1859 985 estea:
1879 931 2003 1002 fide,
2027 948 2145 1000 pec-

558 1035 729 1078 catum
762 1035 858 1080 est.
898 1033 954 1080 et
981 1026 1090 1078 sine
1125 1025 1226 1092 ﬁde
1270 1023 1595 1095 impossibile
1645 1034 1720 1076 est
1769 1025 1974 1094 placere
2031 1021 2140 1076 Deo

559 1103 870 1190 (Rom.xrv,
916 1117 1013 1181 25;
1058 1116 1220 1171 Ilebr.
1254 1133 1325 1180 XI,
1360 1116 1430 1186 6).
1487 1116 1587 1182 Qui
1643 1126 1820 1170 autem
1866 1115 1976 1172 Deo
2032 1132 2140 1170 non

560 1207 753 1276 placet,
804 1207 920 1262 sine
957 1207 1119 1262 dubio
1162 1205 1441 1278 displicet;
1475 1217 1529 1262 et
1575 1209 1666 1277 qui
1719 1208 1826 1261 Deo
1866 1207 2136 1277 displicet,

561 1315 664 1354 non
688 1315 810 1353 eum
833 1299 1057 1368 mitigat,
1087 1298 1180 1354 sed
1205 1300 1380 1370 potius
1403 1301 1713 1355 esacerbat.
1745 1299 1954 1354 Nullum
1981 1299 2141 1366 igitur

558 1389 881 1460 accipienda:
905 1389 1022 1444 ﬁdei
1044 1390 1292 1444 meritum
1325 1391 1525 1446 habere
1552 1400 1729 1461 potest
1757 1391 2004 1446 voluntas
2022 1406 2141 1459 qua:

559 1496 665 1535 non
689 1481 847 1535 habet
873 1480 1060 1534 Iidem:
1091 1483 1215 1552 quia
1243 1481 1398 1536 tidem
1419 1498 1523 1536 non
1548 1482 1766 1546 habere,
1799 1482 1901 1536 hoc
1931 1491 2015 1536 est
2032 1481 2140 1536 Deo

557 1571 861 1642 displicere.
897 1570 1228 1628 lnlidelitatis
1256 1583 1434 1628 autem
1461 1575 1658 1628 malum
1684 1589 1788 1628 non
1804 1573 2138 1643 justiticatio—

557 1665 657 1730 nis,
690 1664 782 1719 sed
807 1665 1166 1720 damnationis
1189 1674 1271 1722 est
1298 1667 1572 1722 meritu'n.
1594 1666 1839 1721 Gratuita
1867 1678 1950 1722 est
1981 1667 2140 1736 igitur

554 1755 745 1812 divisio
793 1756 938 1826 ﬁdei,
993 1772 1112 1828 quae
1164 1773 1270 1813 non
1327 1757 1619 1813 secundum
1666 1757 1974 1824 inﬁdelium,
2019 1774 2139 1828 quae

2246 562 2476 632 accepit,
2505 577 2667 632 quam
2693 563 2737 617 si
2765 566 2968 632 primus
3016 563 3178 617 homo
3208 579 3317 619 non
3347 565 3619 634 perderet,
3650 572 3796 628 omnis

2247 652 2408 706 homo
2436 651 2689 722 deinceps
2709 669 2828 707 eam
2853 653 3167 708 naturaliter
3194 655 3505 724 possideret

2315 743 2405 799 41.
2439 742 2710 814 Prteccpta
2737 759 2954 814 quoque
2983 745 3116 814 legis
3145 761 3343 801 sonare
3373 757 3600 816 possunt
3619 754 3793 806 extrin-

2245 851 2402 889 secus
2441 835 2659 890 auribus
2681 835 2894 902 carnis;
2931 835 3252 892 intrinsecus
3303 848 3492 893 autem
3547 839 3710 896 nullus
3745 857 3795 899 ea

2245 925 2424 986 cordis
2443 926 2627 980 auditu
2655 926 2996 995 aliquatenus
3019 927 3315 983 salubriter
3335 929 3583 998 percipit,
3606 932 3698 987 nisi
3714 933 3791 990 do-

2245 1031 2372 1070 num
2409 1017 2592 1086 gratia:
2631 1017 2885 1088 spiritalis
2927 1018 3068 1072 intus
3115 1019 3415 1088 acceperit.
3460 1020 3632 1089 Auget
3678 1025 3796 1080 enim

2247 1111 2423 1164 littera
2452 1109 2786 1180 prohibendo
2810 1119 3110 1181 peccatum,
3132 1112 3176 1166 si
3213 1111 3360 1166 desit
3392 1111 3627 1167 audienti
3646 1118 3795 1183 gratia

2245 1203 2502 1274 spiritalis
2525 1203 2812 1266 auxilium;
2843 1213 2898 1258 et
2943 1204 3124 1271 agnita
3157 1203 3275 1271 lege
3304 1204 3474 1258 homo
3522 1208 3794 1274 prevarica-

2246 1302 2332 1347 tor
2351 1292 2598 1358 eﬂicitur,
2629 1295 2728 1348 nisi
2753 1293 2819 1348 ad
2847 1295 3167 1366 implendam
3195 1295 3376 1366 legem
3399 1295 3686 1351 voluntasa
3713 1297 3793 1353 Do—

2244 1386 2388 1441 mino
2417 1398 2743 1457 przeparetur
2768 1406 2779 1440 :
2814 1385 2923 1442 Lex
2950 1390 3085 1444 enim
3105 1387 3242 1444 iram
3261 1398 3532 1461 operatur,
3557 1398 3604 1443 et
3623 1389 3698 1444 ubi
3714 1408 3796 1446 non

2242 1487 2318 1531 est
2345 1477 2449 1539 lex,
2483 1495 2574 1531 nec
2601 1480 2962 1548 praevaricatio
2986 1477 3160 1548 (Rom.
3193 1496 3266 1545 tv,
3307 1478 3431 1548 15);
3477 1489 3552 1546 et,
3581 1483 3792 1536 conclusit

2244 1568 2512 1640 Scriptura
2557 1573 2729 1625 omnia
2767 1572 2858 1624 sub
2883 1583 3114 1642 peccato,
3161 1585 3217 1627 ut
3254 1575 3572 1646 justiﬁcatio
3613 1592 3673 1630 ex
3710 1578 3794 1647 μ.

2240 1661 2363 1715 Jesu
2388 1657 2578 1714 Christi
2618 1662 2829 1716 daretur
2867 1664 3190 1718 credentibus
3221 1664 3430 1734 (Calat.
3464 1682 3541 1731 tu,
3572 1667 3679 1739 22).
3703 1669 3787 1726 Lcs

2240 1751 2421 1824 itaque
2452 1754 2569 1808 sine
2597 1755 2767 1824 gratia
2790 1756 3076 1812 ostendere
3100 1765 3282 1828 potest
3300 1760 3688 1827 :cgritudinem,
3704 1779 3793 1818 non

555 1849 698 1904 ηυιιςι
728 1859 829 1916 εει,
862 1849 1041 1917 ﬁdem,
1071 1851 1162 1905 sed
1191 1851 1486 1907 secundum
1519 1852 1866 1922 Ῑιιειίηοωιιίε
1901 1852 1995 1908 Dei
2038 1868 2135 1908 γο-
2164 1847 2213 1908 Β
2238 1859 2460 1910 sanare;
2511 1845 2730 1900 vulnera
2783 1857 3066 1913 monstrat,
3113 1850 3475 1904 medicamina
3525 1869 3624 1908 non
3659 1857 3785 1910 mini-

557 1941 839 1994 lunlariam
869 1943 1154 2012 unicuique
1179 1945 1432 2000 tribuitur
1459 1945 1783 2015 largitatem.
1818 1943 1934 2002 Hoc
1956 1947 2139 2016 utique

558 2033 758 2087 Doctor
787 2034 1024 2102 gentium
1053 2034 1275 2099 docens,
1309 2035 1564 2090 admonet
1594 2053 1713 2101 nos,
1758 2055 1859 2091 non
1894 2041 2011 2106 plus
2052 2055 2138 2092 sa-

553 2140 670 2195 pere
698 2140 852 2194 quant
894 2135 1091 2193 oportet
1132 2142 1330 2198 sapere,
1366 2127 1456 2180 sed
1484 2143 1665 2196 sapere
1700 2127 1769 2180 ad
1809 2128 2136 2182 sobrietatem

555 2213 732 2281 (Rem.
760 2231 852 2281 sn,
874 2216 927 2286 5)
949 2233 963 2282 ;
987 2226 1035 2269 et
1056 2217 1327 2289 unicuique
1349 2217 1480 2272 sicut
1505 2216 1640 2272 Deus
1654 2219 1824 2273 divisit
1848 2235 2137 2274 mensuram

554 2306 678 2378 ﬁdei
705 2306 757 2378 (1
791 2307 934 2364 Petr.
974 2325 1043 2372 iv,
1097 2309 1204 2375 l0).
1252 2307 1452 2365 Beatus
1477 2323 1694 2380 quoque
1735 2310 1927 2367 Petrus
1958 2313 2136 2367 multi-

553 2397 778 2453 formem
826 2400 1052 2468 gratiam
1104 2400 1195 2454 Dei
1240 2415 1360 2456 esse
1408 2408 1653 2456 testatur.
1714 2400 1942 2472 Propter
1994 2403 2137 2473 quod

555 2474 986 2562 unumquemque
1017 2489 1253 2547 tilelium
1275 2507 1372 2562 pro
1402 2491 1666 2562 qualitate
1694 2503 1926 2565 acceptze
1953 2495 2139 2563 gratim

555 2566 795 2650 prter-ipit
825 2582 1055 2651 operari,
1079 2581 1110 2636 d
1136 2597 1265 2637 cens
1293 2601 1305 2636 :
1338 2580 1638 2654 Hospitales
1667 2593 1828 2639 estote
1854 2586 1990 2639 inter
2030 2601 2136 2648 ros,

558 2675 664 2728 siue
699 2677 1150 2739 murmuratione;
1171 2677 1516 2748 unusquisque
1545 2677 1747 2748 qualem
1793 2680 1990 2750 accepit
2023 2696 2138 2749 gra-

555 2766 696 2826 tiam,
722 2766 855 2818 inter
886 2782 970 2819 ros
997 2783 1111 2820 eam
1133 2766 1579 2830 administrantes,
1623 2778 1680 2822 ut
1717 2767 1839 2823 boni
1861 2769 2134 2839 dispensa-

555 2867 686 2910 tores
737 2857 1072 2928 multiformis
1121 2857 1305 2928 gratitz
1355 2854 1452 2911 Dei
1510 2855 1562 2927 (l
1615 2857 1760 2912 Petr.
1810 2875 1880 2925 tv,
1923 2859 1976 2925 9,
2031 2859 2134 2930 10).

555 2945 748 3002 Beatus
771 2949 930 3002 etiam
957 2947 1154 3004 Paulus
1179 2948 1339 3004 dicit:
1373 2947 1527 3003 Multi
1559 2967 1716 3004 unum
1747 2967 1934 3020 corpus
1962 2967 2161 3004 sumus.

551 3041 605 3094 in
633 3038 858 3104 Christo,
902 3040 1090 3111 singuli
1131 3049 1300 3095 autem
1331 3041 1463 3095 alter
1492 3041 1709 3094 alterius
1747 3040 1970 3094 membra
1994 3057 2012 3094 :
2040 3043 2134 3095 ha-

554 3132 722 3184 bentes
750 3141 919 3184 autem
954 3131 1258 3186 donationes
1302 3133 1593 3185 secundum
1611 3133 1832 3202 gratiam
1873 3147 1985 3201 quw
2011 3133 2136 3184 data

554 3231 626 3276 est
657 3221 800 3276 nobis
831 3221 1125 3290 differentes
1157 3221 1334 3292 (Rom.
1368 3239 1459 3288 xu,
1491 3222 1542 3285 ὅ,
1577 3221 1654 3293 6).

624 3313 750 3368 Car.
787 3329 892 3366 six.
917 3311 1096 3366 —40.
1130 3312 1299 3368 Porro
1339 3330 1407 3369 ne
1441 3315 1560 3384 quis
1585 3313 1940 3369 dill‘erentiam
1972 3315 2140 3369 dona-

553 3405 760 3456 tionum
791 3401 1117 3471 quibuslibet
1140 3401 1391 3458 humanis
1419 3404 1674 3473 operibus
1700 3413 1795 3459 aut
1823 3405 2029 3460 meritis
2055 3407 2137 3460 ni-

554 3501 761 3549 teretur
788 3492 1078 3558 ascribere,
1103 3494 1344 3550 ostendit
1372 3495 1510 3550 idem
1535 3496 1812 3566 apostolus
1837 3497 2135 3552 voluntaria

557 3583 740 3650 gratia:
769 3583 1025 3654 spiritalis
1054 3584 1215 3640 tribui
1239 3585 1486 3653 largitate
1517 3595 1566 3652 λ,
1595 3602 1714 3658 quae
1755 3588 2137 3644 nulluminve-

555 3675 636 3732 nit
658 3677 904 3730 meritum
933 3675 1017 3730 cni
1049 3674 1292 3732 conferat
1319 3677 1539 3744 donum,
1571 3679 1665 3734 sed
1711 3679 1822 3750 ipsa
1853 3679 2018 3735 donat
2042 3682 2138 3735 bo-

558 3783 746 3822 norum
769 3769 987 3823 exordia
1017 3769 1356 3825 meritorum.
1390 3769 1479 3824 Ait
1499 3785 1628 3840 ergo
1656 3789 1668 3824 :
1703 3771 1992 3828 Divisiones
2019 3792 2141 3845 gra-

555 3861 742 3912 tiarum
772 3868 912 3926 sunt,
943 3859 1076 3914 idem
1105 3870 1275 3916 autem
1315 3861 1575 3931 Spiritus;
1619 3873 1667 3917 et
1724 3864 1998 3920 divisiones
2047 3870 2140 3922 mi-

555 3949 916 4004 nistrationum
937 3959 1074 4012 sunt,
1110 3950 1243 4004 idem
1269 3964 1436 4006 autem
1473 3951 1756 4018 Dominus;
1791 3964 1840 4009 et
1863 3956 2140 4011 divisiones

554 4041 909 4107 operationum
930 4051 1068 4108 sunt,
1101 4041 1235 4096 idem
1257 4053 1423 4097 autem
1454 4042 1612 4110 Deus,
1651 4047 1737 4117 qui
1763 4057 2007 4118 operatur
2029 4066 2140 4104 out-

545 4130 641 4192 ~uia
665 4130 715 4181 in
747 4131 982 4185 omnibus
1012 4131 1065 4198 (1
1096 4131 1216 4186 Cor.
1243 4150 1332 4200 xu,
1359 4133 1411 4200 ι,
1442 4133 1490 4200 5,
1519 4135 1596 4206 ϐ).
1629 4135 1694 4191 Et
1715 4148 1836 4208 post
1857 4155 2140 4197 enumera-

557 4219 1158 4274 tionemcharismatqu
1189 4222 1345 4278 dicit:
1384 4223 1511 4280 "(BC
1541 4237 1710 4282 autem
1739 4233 1912 4285 omnia
1949 4250 2138 4301 opera-

559 4319 639 4360 tur
667 4324 796 4361 unus
827 4317 977 4378 atque
1005 4311 1140 4363 idem
1173 4311 1422 4381 Spiritus,
1453 4315 1684 4370 dividens
1721 4321 1940 4391 singulis
1988 4335 2140 4391 prout

554 4394 658 4452 eutt
682 4396 868 4467 (lbid.,
901 4398 1010 4469 ll).
1037 4398 1267 4456 Proinde
1290 4403 1452 4474 454
1483 4420 1641 4460 nosse
1667 4407 1827 4464 debet
1856 4415 2140 4482 unusquis-

553 4503 658 4560 que
686 4487 1041 4554 Christianus,
1076 4505 1247 4560 neque
1273 4491 1324 4546 in
1354 4495 1556 4548 viribus
1589 4506 1811 4564 natum,
1861 4517 2034 4572 neque
2085 4505 2136 4559 in

2244 1944 2415 1990 strat:
2452 1945 2710 1992 utautem
2751 1938 2883 2008 legis
2934 1940 3220 2010 impleatur
3259 1952 3606 2014 praeceptum,
3650 1949 3788 2015 gratia

2242 2027 2387 2082 intus
2417 2029 2685 2084 ministrat
2707 2031 2986 2086 auxilium.
3019 2033 3096 2087 Ac
3122 2034 3199 2088 sic
3230 2033 3319 2088 les
3346 2035 3549 2091 revelat
3589 2037 3786 2107 culpam,

2240 2119 2409 2186 gratia
2440 2119 2650 2174 confert
2694 2120 3101 2191 indulgentiam.
3149 2123 3310 2194 Legis
3343 2134 3430 2180 est
3477 2125 3648 2195 igitur,
3673 2129 3788 2196 quod

2241 2219 2461 2280 peccata
2498 2213 2906 2281 cognoscimus;
2952 2215 3158 2282 gratiae,
3198 2216 3346 2285 quod
3394 2217 3634 2273 vitamus.
3678 2218 3785 2276 Dicit

2239 2302 2380 2354 enim
2414 2301 2702 2371 Apostolus
2731 2321 2742 2355 :
2781 2301 3055 2358 Peccatum
3085 2321 3188 2360 non
3229 2309 3448 2376 cognoui
3477 2309 3577 2362 nisi
3612 2326 3694 2380 per
3725 2311 3783 2364 le-

2241 2409 2374 2472 gem.
2392 2389 2531 2444 Nam
2553 2395 3016 2462 concupiscentiam
3038 2395 3354 2461 nesciebam,
3378 2399 3478 2452 uisi
3499 2399 3580 2453 lea:
3597 2400 3781 2452 diceret:

2244 2483 2365 2539 Non
2395 2488 2722 2555 concupisces
2751 2484 2930 2557 (Rom.
2961 2503 3050 2550 vn,
3075 2488 3154 2558 7).
3176 2488 3251 2542 De
3271 2491 3452 2558 gratia
3479 2497 3680 2560 quoilue
3698 2493 3783 2544 ait:

2242 2571 2368 2639 Quis
2397 2593 2477 2629 me
2496 2574 2732 2630 liberabit
2761 2577 2824 2631 de
2850 2594 3065 2648 corpore
3088 2581 3272 2634 mortis
3306 2582 3501 2654 hujus?
3521 2581 3686 2637 Gratia
3708 2579 3783 2634 Dei

2240 2682 2330 2735 per
2357 2665 2530 2720 Iesum
2581 2665 2839 2722 Christum
2889 2667 3168 2724 Dominum
3215 2681 3454 2728 nostrum
3497 2672 3781 2745 (lbid.,2l).

2242 2757 2453 2814 Naturzc
2475 2759 2656 2829 itaque
2675 2760 2981 2831 depravatte
3003 2763 3188 2817 vitium
3213 2773 3322 2830 est,
3347 2774 3405 2820 ut
3425 2765 3584 2821 homo
3602 2775 3776 2836 peccet;

2243 2848 2373 2920 legis
2402 2849 2659 2918 ofﬁcium,
2709 2861 2766 2906 ut
2806 2853 3009 2908 homini
3059 2863 3366 2923 peccatum,
3408 2857 3550 2928 quod
3591 2858 3779 2925 ignorat,

2241 2940 2613 2998 demonstret:
2645 2945 2830 3013 gratia:
2871 2953 3049 3000 autem
3087 2946 3287 3002 donum
3332 2959 3435 3012 est,
3487 2957 3542 3002 ut
3593 2946 3776 3002 hominis

2243 3035 2427 3089 vitium
2470 3046 2644 3099 sanet.
2703 3037 2846 3107 quod
2895 3039 2996 3094 sibi
3045 3049 3237 3094 natura
3293 3042 3475 3097 intulit
3505 3043 3549 3107 δ,
3592 3055 3638 3095 et
3679 3041 3775 3108 legit

2243 3128 2442 3196 agnitio
2487 3130 2802 3186 cumulavit.
2835 3129 3104 3202 Operatur
3137 3147 3266 3202 ergo
3298 3135 3494 3203 gratia,
3533 3143 3584 3188 et
3625 3132 3774 3188 illumi-

2165 3223 2214 3289 c
2244 3222 2515 3278 nationem
2547 3223 2600 3278 in
2629 3223 2952 3288 hominibus,
2977 3232 3033 3280 et
3064 3224 3294 3280 salutem
3324 3244 3338 3279 :
3373 3235 3432 3281 ut
3471 3223 3698 3280 mandata
3723 3222 3772 3276 le-

2242 3312 2341 3382 gis,
2375 3327 2492 3382 qua:
2519 3312 2694 3369 donec
2721 3314 2883 3370 homo
2915 3313 3136 3385 implere
3166 3330 3272 3370 non
3306 3324 3540 3387 poterat,
3569 3331 3661 3369 nou
3696 3323 3766 3366 tan

2245 3412 2356 3458 tum
2387 3403 2669 3470 inutiliter,
2697 3404 2794 3461 sed
2823 3405 2985 3460 etiam
3015 3404 3400 3462 damnabiliter
3425 3406 3676 3468 audiebat,
3706 3402 3770 3456 Iti-

2236 3493 2442 3564 jutorio
2464 3495 2650 3564 gratia:
2670 3504 2996 3566 prteventus,
3021 3512 3128 3551 non
3150 3497 3328 3552 solum
3357 3507 3563 3563 sancta,
3584 3505 3632 3550 et
3645 3495 3774 3565 jusla.

2241 3592 2297 3640 et
2339 3583 2478 3639 bona
2511 3599 2632 3640 esse
2676 3587 2906 3651 noverit,
2943 3602 3129 3642 verum
3165 3587 3332 3642 etiam
3364 3588 3631 3643 caritatem
3672 3581 3761 3638 acti

2242 3675 2374 3746 piat,
2404 3692 2507 3746 qua
2534 3679 2702 3748 possit
2730 3689 2786 3733 et
2805 3679 3026 3748 diligere
3057 3688 3112 3734 et
3140 3680 3372 3751 implere
3400 3679 3540 3751 quod
3565 3679 3719 3734 discit.

2313 3767 2442 3822 Car.
2469 3784 2558 3822 xx.
2587 3801 2658 3811 —-
2685 3767 2774 3824 42.
2823 3768 2940 3825 Non
2983 3785 3113 3840 ergo
3161 3781 3416 3842 putemus
3458 3771 3664 3841 gratiam
3702 3764 3770 3819 Det

2241 3861 2490 3916 omnibus
2538 3860 2843 3915 hominibus
2899 3861 3035 3917 dari.
3089 3861 3205 3918 Non
3254 3865 3400 3920 enim
3455 3862 3674 3918 omnium
3711 3863 3772 3912 est

2242 3949 2392 4018 lldes,
2424 3961 2479 4006 et
2506 3951 2722 4021 quidam
2751 3952 3032 4009 caritatem
3055 3954 3150 4009 Dei
3177 3971 3284 4010 non
3312 3956 3572 4027 recipiunt
3598 3960 3648 4006 ut
3670 3948 3770 4004 salvi

2241 4043 2389 4098 ﬁant.
2433 4042 2490 4098 ln
2537 4043 2729 4114 quibus
2756 4052 2968 4112 tamen,
3012 4055 3072 4101 ut
3112 4062 3217 4101 non
3244 4048 3469 4104 credant
3497 4059 3654 4117 neque
3677 4040 3770 4096 dili~

2239 4145 2366 4203 gant
2413 4133 2601 4201 Deum,
2656 4136 2901 4192 humana:
2957 4138 3245 4194 voluntatis
3283 4148 3370 4195 est
3423 4139 3643 4194 vitium:
3679 4146 3770 4203 qua

2238 4227 2472 4298 quandiu
2497 4227 2664 4298 gratia
2695 4227 2856 4283 divini
2889 4230 3124 4284 muneris
3153 4245 3261 4284 non
3288 4238 3538 4294 mutatur,
3567 4235 3650 4281 aut
3666 4238 3768 4295 pm:-

2234 4331 2393 4392 cepta
2426 4337 2532 4376 non
2564 4321 2832 4391 intelligit,
2863 4330 2956 4377 aut
2986 4323 3256 4378 intellecta
3289 4323 3599 4387 contemnit,
3623 4317 3668 4374 id
3690 4323 3767 4375 est.

2239 4421 2331 4467 aut
2359 4413 2607 4468 nesciens
2627 4421 2837 4484 peccat,
2867 4421 2958 4468 aut
2985 4423 3262 4484 peccatum
3308 4430 3464 4470 suum
3510 4412 3627 4466 vitio
3665 4421 3786 4477 pm“.

2235 4505 2586 4571 varicationis
2608 4504 2931 4561 accumulat.
2965 4505 3037 4562 De
3064 4507 3128 4561 iis
3159 4507 3321 4578 igitur
3350 4523 3481 4578 quos
3502 4497 3762 4574 ἰεηοηηιίίι

554 4579 814 4646 legalibus
844 4582 1156 4650 prmceptis,
1192 4583 1284 4638 sed
1333 4585 1382 4639 in
1430 4585 1816 4646 illuminatione
1858 4595 2037 4650 cordis
2075 4607 2130 4652 et
2156 4594 2200 4656 Ι.
2235 4596 2602 4652 circumvallat
2643 4597 2962 4662 obscuritas,
3014 4597 3179 4673 555
3216 4601 3413 4656 dicitur
3443 4618 3456 4653 :
3486 4594 3766 4653 Nescimﬂl.

554 4671 854 4726 voluntario
877 4672 1068 4728 divince
1107 4675 1360 4732 bonitatis
1399 4693 1619 4734 munere
1655 4691 1904 4740 constare
1945 4689 2131 4755 gratite

551 4762 802 4818 salutaris
821 4764 1126 4830 exordium,
1157 4783 1260 4837 qua
1294 4767 1351 4822 lit
1378 4778 1434 4824 ut
1461 4771 1602 4840 quod
1652 4773 1906 4832 divinitus
1948 4782 2133 4848 praeci-

551 4852 716 4924 pitur,
745 4869 854 4941 non
884 4855 1055 4941 solum
1095 4873 1125 4910 a
1167 4859 1322 4914 nobis
1361 4862 1600 4931 agnosci,
1631 4865 1725 4920 sed
1775 4867 1936 4926 etiam
1987 4871 2133 4941 diligi

552 4939 721 5020 possit
741 4954 803 4993 ac
827 4936 962 4996 ﬁeri.
997 4941 1175 5012 Neque
1205 4945 1346 5000 enim
1390 4946 1502 5017 ipsa
1543 4959 1732 5005 natura
1763 4953 1995 5010 humana
2038 4936 2135 5028 per

551 5029 893 5099 semetipsam
917 5039 1090 5100 potest
1115 5033 1401 5106 aliquando
1430 5037 1622 5093 bonam
1647 5057 1922 5100 resumere
1945 5048 2132 5103 volun-

552 5129 736 5189 tatem,
766 5137 870 5193 qua
911 5124 1123 5195 placeat
1155 5125 1284 5192 Deo,
1315 5144 1381 5183 ex
1411 5143 1517 5199 quo
1554 5146 1673 5187 eam
1721 5134 1772 5189 in
1822 5138 1995 5205 primo
2035 5140 2130 5195 ho-

551 5215 694 5268 mine
724 5215 974 5286 perdidit,
1001 5232 1122 5273 cum
1153 5218 1387 5287 diabolo,
1420 5222 1709 5294 depravata
1741 5243 1900 5298 quam
1929 5242 2132 5290 rectum

548 5307 805 5385 divinitus
834 5318 1116 5379 acceperat
1137 5311 1432 5381 voluntate,
1463 5319 1756 5374 consensit.
1803 5319 1973 5387 Quam
2006 5333 2133 5383 tunc

547 5399 624 5453 sic.
652 5399 902 5469 perdidit,
926 5409 984 5454 ut
1013 5416 1131 5457 eam
1174 5405 1351 5460 nullus
1395 5406 1670 5463 hominum
1695 5409 1950 5483 deinceps
1979 5431 2044 5470 ex
2074 5433 2134 5472 se

549 5490 745 5542 nabere
776 5491 960 5560 possit.
1011 5493 1107 5547 nisi
1145 5509 1262 5549 eam
1307 5498 1673 5567 unusquisque
1711 5501 1778 5555 ab
1830 5503 1920 5557 illo
1967 5510 2132 5573 gratis

620 5703 642 5728 ι
675 5693 762 5745 Sic
787 5707 883 5745 ms.
920 5709 1072 5747 unus.
1100 5693 1255 5761 Editi,
1284 5699 1717 5754 voluntariam...
1763 5705 1914 5759 tribui
1960 5708 2122 5776 largi-

553 5772 724 5819 tatem.

619 5833 645 5871 δ
669 5829 756 5890 Sic
788 5847 885 5886 ms.
937 5831 1062 5890 duo.
1097 5837 1161 5920 At
1209 5837 1361 5905 editi,
1397 5841 1532 5907 quod
1569 5841 1664 5895 sibi
1719 5846 1869 5898 culoa
1925 5849 2118 5904 intulit.

2238 4704 2398 4760 neque
2419 4688 2799 4754 intellexerunt,
2831 4690 2884 4744 in
2909 4690 3130 4745 tenebris
3158 4691 3425 4746 ambulant
3443 4687 3600 4761 (Psal.
3617 4694 3762 4739 um.

2241 4777 2316 4848 5).
2347 4777 2434 4845 Hi,
2475 4780 2612 4834 sicut
2662 4781 2970 4851 Apostolus,
2997 4783 3144 4850 dicit,
3188 4785 3452 4840 ambulant
3491 4785 3540 4836 in
3583 4777 3762 4834 vanitati

2237 4888 2414 4926 sensus
2445 4875 2546 4938 sui,
2579 4875 2796 4930 tenebris
2835 4876 3161 4932 obscuratum
3201 4879 3444 4932 habentes
3481 4873 3761 4929 intellectum.

2238 4965 2452 5018 alienati
2474 4983 2504 5019 a
2543 4968 2646 5020 rita
2688 4965 2783 5022 Dei
2811 4985 2902 5037 per
2930 4971 3279 5039 ignorantiam
3307 4987 3419 5041 qua:
3465 4975 3536 5022 est
3578 4965 3624 5017 in
3664 4957 3762 5014 illis.

2240 5072 2444 5133 propter
2472 5065 2753 5116 caecitatem
2775 5064 2944 5118 cordis
2972 5065 3201 5134 ipsorum
3232 5066 3443 5136 (Ep/tes.
3480 5077 3544 5123 Iv,
3579 5056 3651 5118 l7.
3677 5049 3759 5114 13h

2240 5151 2314 5206 De
2334 5152 2624 5206 scientibus
2644 5168 2772 5207 vero
2797 5154 2925 5208 dicit
2947 5156 3093 5224 quia,
3116 5173 3231 5210 cum
3249 5156 3589 5228 cognovissent
3610 5145 3760 5203 Deum.

2235 5259 2338 5296 non
2367 5244 2498 5298 sicut
2540 5241 2703 5296 Deum
2748 5244 3183 5314 gloriﬁcaverunt,
3217 5256 3306 5300 aut
3344 5244 3532 5315 gratias
3566 5238 3757 5308 egerunt.

2233 5331 2324 5385 sed
2351 5341 2664 5387 evanuerunt
2691 5334 2744 5388 in
2773 5336 3167 5406 cogitationibus
3193 5341 3299 5392 suis
3327 5337 3494 5406 (Rom.
3527 5349 3557 5395 I,
3583 5327 3680 5393 9⁸)·
3709 5318 3758 5373 εί

2233 5424 2300 5478 de
2320 5432 2690 5494 contemptore
2720 5441 2877 5480 servo
2899 5427 3096 5482 dicitur
3123 5447 3136 5481 :
3174 5428 3353 5483 Verbis
3381 5444 3478 5482 non
3510 5411 3758 5476 (ineuitabi-

2237 5526 2318 5568 tur
2363 5534 2533 5572 servus
2585 5519 2776 5580 durus;
2822 5520 2910 5572 sed
2946 5523 3043 5575 etsi
3088 5522 3413 5585 intellexerit,
3467 5532 3560 5571 non
3593 5505 3756 5563 obediel

2234 5713 2470 5798 Priorem
2501 5721 2785 5798 lectionem
2811 5727 3161 5793 pnetulimus,
3183 5730 3306 5797 quia
3336 5735 3416 5782 est
3444 5724 3533 5796 ipsi
3563 5723 3746 5774 contex-

2232 5791 2306 5841 tui
2335 5791 2758 5849 convenientior.
