4130 6460
250 465 453 543 θως

1187 548 1190 550 γ
1270 430 1356 524 ωε
1395 441 1736 524 venture
1777 445 2446 526 rumussrtssnosts
2479 467 2611 526 us.
2654 470 2696 526 ι.

3513 468 3617 526 628

353 581 536 652 (Prov.
570 599 717 647 xxxx,
752 582 857 653 l9).
889 583 1023 651 Quid
1054 593 1134 638 est
1165 595 1369 649 autem,
1405 583 1585 639 Verbis
1633 601 1735 638 non
1767 599 1939 636 emen-
1968 591 2011 648 Α
2041 598 2070 638 a
2103 585 2266 652 malo,
2309 584 2404 641 sed
2431 585 2594 642 etiam
2643 593 2701 640 ut
2726 583 2984 640 faciamus
3013 583 3211 638 bonum
3237 602 3250 651 ;
3303 601 3408 653 qua
3435 583 3622 653 diliga-

352 672 582 741 dabitur,
605 673 706 729 nisi
731 691 745 727 :
772 674 891 730 solo
913 675 1167 731 mandato
1197 676 1228 730 lt
1249 676 1351 745 gis,
1375 677 1420 731 si
1450 676 1619 742 gratia
1642 675 1799 740 desit,
1826 691 1933 730 non

351 767 736 822 convertetur?
762 765 904 821 Deus
948 766 1090 822 enim
1120 774 1440 822 convertens
1471 766 1702 822 vivilieat
1733 782 1847 830 nos,
1880 772 1935 819 ut

353 854 508 926 plebs
531 854 646 923 ejus
672 854 880 910 lmtetur
909 855 960 910 in
991 871 1057 910 eo
1083 854 1256 926 (Psal.
1281 871 1496 920 uxxtv,
1527 855 1604 927 7).
1635 853 1753 926 Ipse
1781 854 1937 910 nobis

353 949 593 1006 ostendit
623 947 1043 1004 misericordiam
1073 963 1247 1013 suam,
1282 955 1336 1003 et
1361 948 1597 1004 salutare
1635 963 1789 1002 suum
1821 947 1937 1016 ipse

350 1043 445 1100 dat
472 1043 626 1098 nobis
657 1041 843 1112 (Ibid,
885 1042 964 1114 8).
999 1041 1069 1098 Ut
1104 1056 1234 1112 ergo
1279 1058 1390 1098 non
1436 1041 1620 1098 credat
1673 1043 1724 1098 in
1766 1042 1933 1098 Deum

349 1133 536 1196 homo,
569 1147 634 1187 ex
671 1133 854 1202 seipse
896 1131 1060 1187 habet
1107 1132 1440 1188 inﬁdelitatis
1469 1134 1690 1199 vitium;
1733 1141 1792 1189 ut
1840 1149 1935 1187 au-

351 1234 462 1279 tem
492 1224 678 1279 credat
705 1231 761 1278 et
785 1223 968 1292 diligat
997 1239 1143 1292 eum,
1175 1223 1368 1279 divinae
1396 1223 1658 1293 largitatis
1703 1233 1790 1279 est
1835 1223 1934 1279 do-

351 1333 502 1372 num.
567 1317 626 1372 Si
677 1315 818 1371 enim
872 1324 1145 1386 qut-matur
1206 1315 1394 1385 quales
1439 1315 1687 1370 homines
1734 1315 1937 1370 invenit

350 1411 546 1482 gratia,
571 1410 705 1464 tales
727 1408 927 1463 invenit
948 1408 1132 1477 utique
1145 1407 1333 1477 quales
1356 1407 1599 1477 designat
1624 1406 1932 1477 Apostolus,

349 1501 405 1555 id
434 1508 534 1564 est,
567 1498 879 1568 insipientes
918 1506 973 1553 et
1002 1497 1326 1563 incredulos,
1351 1505 1617 1564 errantes,
1638 1495 1935 1552 servientes

351 1592 631 1648 desideriis
657 1599 713 1647 et
741 1591 1102 1662 voluptatibus
1140 1590 1334 1656 variis,
1378 1590 1432 1645 in
1468 1590 1673 1644 malitia
1717 1597 1772 1645 et
1801 1589 1936 1644 invi-

352 1684 440 1738 dia
467 1691 708 1752 agentes,
741 1681 986 1747 odibiles,
1021 1679 1267 1736 odientes
1315 1680 1542 1736 invicem
1592 1677 1719 1750 (Tit.
1747 1695 1824 1745 ιιι,
1855 1678 1931 1750 3).

352 1775 434 1832 Ex
492 1775 686 1844 quibus
713 1774 858 1830 vitiis
895 1773 1142 1828 omnibus
1188 1789 1294 1828 non
1334 1772 1689 1843 possibilitate
1736 1780 1938 1849 natune

353 1878 411 1926 et
451 1869 723 1938 agnitione
751 1867 902 1938 legis,
945 1867 1041 1923 scd
1083 1867 1411 1936 benignitate
1445 1868 1741 1924 Salvatoris
1769 1867 1936 1924 nostri

2039 692 2158 732 mus
2186 693 2292 732 non
2322 677 2495 734 solum
2526 677 2821 748 proximos,
2870 676 2966 732 sed
3011 676 3175 731 etiam
3220 676 3466 732 inimicos
3514 693 3616 731 no-

2038 777 2198 834 stros,
2232 776 2288 824 et
2313 767 2411 839 (at.
2438 767 2518 838 ut)
2548 767 2948 823 benefaciamus
2976 767 3056 823 eis
3101 767 3193 837 qui
3238 766 3467 823 oderunt
3496 783 3619 833 nos,

2036 867 2094 916 et
2139 875 2354 916 oremus
2399 875 2498 930 pro
2547 862 2992 931 persequentibus
3053 869 3108 916 et
3165 860 3620 918 calumniantibus

2039 965 2137 1005 nos
2167 948 2380 1019 (Matth.
2412 966 2466 1018 v,
2497 948 2586 1021 44)
2612 967 2625 1016 ;
2669 950 2783 1006 haec
2807 964 2938 1020 ergo
2967 951 3163 1006 caritas
3191 966 3297 1006 non
3323 965 3392 1006 ex
3437 957 3618 1005 nostra

2041 1041 2316 1098 voluntate
2345 1050 2437 1096 aut
2465 1057 2584 1098 esse
2613 1041 2818 1112 incipit,
2851 1050 2944 1096 aut
2972 1043 3165 1097 crescit
3189 1041 3242 1097 in
3273 1041 3428 1096 nobis
3454 1058 3467 1107 ;
3498 1041 3614 1103 sed.

2039 1133 2208 1202 gratia
2240 1130 2332 1186 Dei
2377 1131 2625 1201 faciente,
2670 1132 2982 1187 dill'unditur
3026 1132 3077 1186 in
3133 1132 3384 1187 cordibus
3425 1130 3618 1185 nostris

2039 1239 2136 1293 per
2162 1222 2420 1294 Spiritum
2442 1232 2709 1288 sanctum,
2738 1223 2830 1293 qui
2856 1223 3012 1277 datus
3043 1232 3125 1277 est
3153 1223 3325 1276 nobis.

2109 1316 2238 1372 Car.
2268 1334 2398 1372 xxii.
2426 1347 2495 1356 ——
2523 1314 2610 1369 45.
2645 1314 2895 1384 Quisquis
2927 1315 3086 1382 igitur
3116 1315 3167 1368 in
3200 1315 3415 1368 nomine
3438 1313 3619 1380 gratia:

2039 1424 2146 1463 non
2177 1410 2288 1463 vult
2315 1407 2423 1462 falli
2457 1408 2540 1463 vel
2575 1405 2779 1473 fallere,
2813 1407 2994 1461 audiat
3025 1405 3361 1476 Apostolum,
3395 1409 3619 1461 tumoris

2040 1498 2261 1554 humani
2312 1496 2639 1567 superbiam,
2681 1511 2801 1567 quae.
2827 1496 2926 1551 sibi
2955 1497 3144 1550 nititur
3171 1496 3445 1564 assignare
3468 1495 3619 1549 boum

2042 1587 2333 1644 voluntatis
2367 1587 2599 1652 initium,
2627 1585 2859 1642 sollicite
2887 1586 3357 1655 comprimentem.
3389 1584 3481 1653 qui
3503 1585 3578 1638 ait
3602 1599 3616 1636 :

2043 1677 2170 1742 Quis
2199 1680 2336 1732 enim
2373 1688 2418 1731 te
2458 1677 2750 1732 discernit?
2797 1674 2936 1740 Quid
2965 1687 3134 1729 autent
3161 1673 3318 1728 habes
3357 1674 3490 1742 quod
3518 1688 3618 1726 non

2040 1773 2283 1843 accepisti
2306 1772 2330 1825 .’
2360 1771 2420 1826 Si
2447 1782 2616 1826 autem
2645 1771 2912 1842 accepisti,
2943 1769 3066 1838 quid
3085 1770 3326 1842 gloriaris
3350 1769 3620 1840 quasi’non

2040 1865 2298 1935 acceperis
2330 1861 2381 1934 (1
2412 1862 2531 1920 Cor.
2562 1879 2634 1929 tv,
2665 1863 2763 1932 '7)?
2811 1861 2996 1917 Jacobi
3036 1877 3252 1932 quoque
3298 1861 3619 1916 sententiam

353 1959 449 2018 Dei
479 1978 578 2018 nos
602 1959 853 2032 prtedieat
879 1973 999 2015 esse
1035 1959 1269 2014 salvatos
1296 1957 1482 2029 (lbid.,
1518 1957 1594 2030 4).
1645 1959 1807 2028 Cujus
1836 1974 1939 2029 ope
1971 1975 2014 2034 Β
2041 1958 2254 2013 sincera
2286 1956 2463 2012 cordis
2493 1956 2792 2010 humilitate
2821 1963 3080 2018 sectetur,
3103 1970 3207 2025 qua
3232 1971 3327 2008 nos
3351 1953 3418 2007 ab
3439 1967 3620 2006 errore

357 2051 415 2105 lit
454 2061 529 2117 ut,
560 2051 872 2123 abnegantes
901 2051 1212 2121 imﬁetatem
1256 2058 1304 2104 et
1343 2051 1616 2105 stecularia
1659 2050 1935 2115 desideria,

353 2141 629 2206 sobrie,,et
667 2141 828 2213 juste,
865 2150 915 2195 et
945 2142 1026 2213 pie
1057 2143 1280 2196 vivamus
1329 2143 1381 2195 in
1437 2141 1528 2196 hoc
1582 2145 1770 2196 sa'culo
1810 2141 1935 2214 (Tit.

354 2251 422 2297 tl,
458 2233 571 2302 ιιι).

427 2324 556 2380 Car.
583 2341 690 2380 xxi.
710 2358 781 2368 -—
797 2325 885 2379 45.
911 2324 1023 2380 Hoc
1049 2325 1208 2394 igitur
1225 2325 1332 2394 agit
1353 2326 1521 2395 gratia
1542 2324 1635 2380 Dei
1650 2341 1747 2396 per
1761 2323 1939 2380 Domi-

353 2431 482 2472 num
525 2425 765 2472 nostrum
785 2415 965 2471 Jesum
986 2414 1279 2484 Christum,
1301 2424 1358 2470 ut
1379 2432 1445 2471 ex
1471 2416 1841 2486 insipientibus
1862 2431 1942 2470 sa-
1976 2410 1979 2412 ’

356 2509 565 2580 pientes
585 2504 765 2570 faciat,
783 2503 1085 2562 inﬁdelibus
1103 2505 1259 2561 iidem
1283 2507 1498 2569 tribuat,
1519 2513 1762 2562 errantes
1782 2506 1845 2560 ad
1871 2505 1940 2560 vi~

351 2598 468 2654 tam
485 2613 591 2652 non
620 2597 792 2652 solum
808 2606 984 2664 vocet,
1014 2596 1108 2652 sed
1135 2597 1296 2651 etiam
1313 2613 1342 2650 a
1363 2598 1540 2667 pravis
1559 2597 1837 2652 desideriis
1855 2612 1940 2652 rc-

358 2697 542 2754 vocet;
568 2689 795 2744 terrenis
815 2687 1094 2744 desideriis
1111 2698 1134 2724 ι
1165 2689 1424 2758 expulsis,
1447 2687 1767 2754 desiderium
1790 2688 1937 2756 regni

357 2781 594 2837 caelestis
617 2779 874 2851 inspiret;
897 2779 1081 2834 ablata
1104 2779 1437 2850 voluptatum
1461 2781 1756 2835 carnalium
1784 2781 1937 2850 cupi-

359 2869 547 2934 ditate,
598 2869 798 2924 donum
825 2868 1084 2940 spiritalis
1121 2868 1498 2925 delectationis
1544 2885 1608 2926 ac
1652 2870 1938 2925 voluntatis

357 2960 641 3024 infundat;
686 2960 945 3030 exstirpet
975 2959 1172 3014 inserta
1202 2961 1443 3016 bonitate
1463 2961 1717 3015 malitiam
1743 2978 1758 3026 ;
1789 2962 1942 3017 beni-

359 3053 580 3124 gnitatis
621 3052 764 3107 dono
795 3052 960 3122 pellat
989 3053 1240 3108 invidiam
1268 3071 1282 3119 ;
1329 3053 1616 3109 odibilibus
1642 3069 1859 3124 quoque
1887 3064 1941 3110 et

359 3141 669 3199 odientibus
706 3142 934 3196 invicem
980 3142 1180 3196 donum
1226 3150 1423 3199 saneta:
1452 3143 1755 3199 dilectionis
1782 3146 1936 3198 attri-

360 3235 494 3290 buat
520 3232 569 3288 b.
606 3232 673 3287 Ut
701 3247 829 3302 ergo
856 3248 922 3287 ex
953 3233 1106 3288 tnalis
1137 3233 1262 3288 boui
1283 3235 1466 3299 simus,
1494 3244 1550 3290 et
1574 3244 1630 3290 ut
1653 3237 1774 3304 igne
1813 3254 1954 3306 san-_

2043 2059 2291 2115 revocat,
2327 2057 2382 2103 ct
2409 2048 2461 2102 in
2491 2048 2630 2101 viam
2657 2047 2899 2102 veritatis
2929 2046 3160 2110 inducit,
3189 2045 3372 2100 dicens
3400 2062 3412 2098 :
3447 2041 3622 2097 Nolito

2039 2157 2238 2207 errare,
2272 2142 2460 2211 fratres
2481 2139 2580 2192 mei
2619 2155 2636 2192 :
2685 2154 2836 2192 omne
2866 2136 3045 2190 datum
3080 2126 3350 2206 optimum,
3400 2142 3447 2187 et
3474 2147 3622 2188 omne

2044 2233 2231 2288 donum
2272 2232 2555 2303 perfectum
2587 2229 2858 2284 desursum
2885 2237 2993 2295 est,
3038 2226 3350 2281 descendens
3393 2241 3425 2278 α
3463 2224 3622 2279 Patre

2040 2326 2292 2381 luminum
2325 2323 2462 2395 (Jac.
2494 2338 2532 2389 ι,
2562 2320 2648 2386 l6,
2680 2319 2789 2392 l7).
2833 2318 2950 2390 Ipse
2978 2335 3194 2390 quoque
3217 2325 3400 2372 noster
3427 2313 3622 2370 Condi»

2041 2425 2128 2472 tor
2155 2432 2218 2471 ac
2262 2414 2613 2484 Redemptor,
2645 2427 2767 2468 cum
2794 2411 2964 2466 turbis
2993 2410 3046 2464 in
3077 2409 3347 2480 parabolis
3377 2408 3620 2477 loquere-

2043 2518 2144 2573 tur,
2195 2517 2251 2562 ut
2288 2505 2600 2560 ostenderet
2624 2503 2900 2559 interioris
2933 2513 2954 2540 ε
2987 2501 3276 2571 agnitionis
3305 2499 3620 2553 facultatem

2041 2602 2145 2657 illis
2174 2608 2378 2654 tantum
2411 2598 2586 2653 inesse
2621 2596 2816 2668 quibus
2849 2610 2966 2650 eam
2998 2596 3113 2665 ipse
3152 2591 3330 2660 largiri
3361 2590 3612 2650 voluerit.

2040 2692 2164 2760 quia
2197 2690 2230 2758 ἰ,
2252 2704 2310 2743 se
2331 2696 2412 2742 est
2435 2688 2518 2758 qui
2541 2686 2688 2740 docet
2714 2685 2972 2740 hominem
2993 2685 3262 2738 scientiam
3280 2679 3448 2751 (Psal.
3477 2695 3622 2745 xcm,

2044 2783 2154 2853 10),
2197 2779 2497 2834 dicentibus
2543 2777 2643 2831 sibi
2691 2775 2965 2845 discipulis
2997 2793 3008 2828 :
3036 2773 3210 2839 Quare
3254 2774 3310 2826 in
3360 2769 3620 2842 parabolis

2041 2875 2259 2947 loqueris
2289 2874 2361 2926 eis
2394 2869 2610 2942 (Matth.
2640 2884 2752 2933 xm,
2787 2867 2921 2939 ll)?
2965 2864 3246 2921 manifesta
3273 2861 3625 2934 responsione

2042 2964 2245 3019 denunt
2276 2961 2460 3033 gratia:
2506 2961 2744 3016 cmlestis
2790 2960 3018 3029 aperuit,
3061 2959 3244 3013 (licens
3271 2975 3283 3009 :
3313 2955 3446 3020 Quia
3483 2953 3624 3010 vobis

2043 3055 2218 3108 datum
2241 3062 2317 3107 est
2347 3067 2496 3106 nosse
2521 3051 2818 3121 mysterium
2859 3051 3004 3120 regni
3043 3047 3139 3102 Dei
3161 3091 3175 3115 ,
3224 3048 3424 3101 caeteris
3452 3052 3623 3098 autem

2041 3147 2094 3200 in
2118 3144 2380 3215 parabolis
2405 3141 2554 3214 (Luc.
2593 3159 2648 3208 ιι,
2684 3141 2792 3211 l0).
2836 3142 3004 3213 Ipsius
3042 3155 3260 3211 quoque
3301 3139 3366 3194 ad
3407 3136 3622 3192 Patrem

2043 3236 2245 3292 directa
2273 3235 2540 3290 confessio
2569 3234 2851 3290 evidenter
2878 3233 3135 3301 ostendit,
3165 3247 3380 3289 omnem
3409 3231 3622 3301 sapien-

360 3334 463 3382 cta:
511 3325 752 3380 caritatis
790 3325 1104 3394 tlagremus,
1153 3326 1338 3396 gratim
1384 3327 1637 3398 spiritalis
1674 3344 1842 3399 opere
1883 3329 1936 3384 in
1969 3345 2015 3410 (ς
2047 3327 2173 3382 tiam
2204 3328 2450 3382 humana:
2487 3327 2684 3383 mentis
2723 3326 2790 3380 ad
2820 3325 3228 3395 intelligentiam
3259 3322 3455 3379 divitum
3491 3338 3624 3393 prae-

361 3419 517 3474 uobis
547 3418 852 3484 inchoatur,
885 3417 1108 3487 ejusque
1156 3419 1210 3473 in
1245 3419 1401 3475 nobis
1427 3421 1746 3491 operatione
1776 3421 1938 3493 perti-

360 3512 520 3567 eitur.
552 3509 775 3565 Fructus
822 3510 964 3565 enim
1016 3509 1244 3581 Spiritus
1287 3520 1364 3566 est
1405 3515 1623 3579 caritas,
1669 3514 1933 3586 gaudium,

360 3618 486 3673 pax,
504 3601 890 3674 longanimitas,
919 3601 1140 3665 bonitas,
1160 3599 1448 3674 benignitas
1477 3601 1617 3676 (Gal.
1642 3620 1692 3670 v,
1714 3604 1804 3670 22,
1823 3605 1935 3672 25),

360 3702 417 3748 et
445 3703 657 3758 caetera,
685 3709 805 3764 qua:
836 3693 1130 3764 apostolica
1160 3693 1407 3748 doctrina
1427 3696 1790 3757 commendat.
1825 3695 1938 3751 Hoc

361 3786 414 3841 in
444 3785 596 3840 nobis
625 3784 830 3856 Spiritu
855 3794 1116 3856 operante
1153 3785 1443 3842 salubriter
1473 3787 1715 3844 facienda
1747 3805 1941 3858 cogno-

359 3877 579 3941 scimus,
604 3879 728 3947 quia
761 3879 874 3948 ipse
903 3879 953 3933 in
979 3878 1131 3933 nobis
1159 3887 1436 3950 operatur,
1460 3890 1517 3935 ut
1540 3882 1752 3950 cognita
1774 3881 1937 3938 facia-

359 3984 499 4024 mus.
536 3966 652 4022 Nou
682 3968 823 4022 enim
847 3969 1086 4040 spiritum
1116 3969 1271 4040 hujus
1304 3971 1482 4024 mundi
1513 3973 1819 4041 accepimus,
1851 3973 1942 4026 sed

363 4060 616 4131 Spiritum
644 4061 729 4132 qui
757 4077 822 4114 ea:
849 4059 957 4114 Deo
983 4070 1077 4125 est,
1107 4068 1161 4113 ut
1183 4062 1405 4114 sciamus
1427 4077 1540 4129 quin
1563 4078 1595 4114 a
1620 4061 1725 4116 Deo
1747 4063 1941 4117 donata

359 4165 479 4208 sunt
526 4154 670 4209 nobis
718 4152 772 4225 (l
819 4151 938 4209 Cor.
974 4169 1030 4220 ιι,
1067 4152 1171 4224 ιε).
1225 4152 1429 4208 Eodem
1479 4171 1692 4225 quoque
1741 4155 1939 4226 Spiritu

359 4247 586 4315 agimur,
629 4256 688 4300 ut
717 4246 854 4301 bene
894 4254 1116 4314 agentes
1163 4246 1255 4300 lilii
1299 4245 1393 4300 Dei
1441 4247 1624 4300 simus.
1688 4245 1944 4317 Quotquot

359 4338 502 4393 enim
551 4338 749 4406 Spiritu
794 4336 890 4392 Dei
928 4346 1172 4410 aguntur,
1210 4338 1275 4391 hi.
1308 4338 1406 4408 ﬁlii
1454 4348 1570 4392 sunt
1622 4337 1716 4392 Dei
1762 4339 1938 4396 (Rom.

360 4445 470 4493 vm,
508 4428 616 4496 ll).

432 4519 521 4574 Η.
563 4518 886 4574 leestibus
926 4519 1086 4590 igitur
1115 4521 1427 4577 obcdicntes
1457 4522 1706 4592 eloquiis,
1749 4521 1943 4578 tirmis-
1992 4557 2001 4567 -

357 4617 494 4671 sime
521 4623 818 4681 teneamus,
846 4617 1084 4670 omnium
1116 4616 1271 4670 nobis
1299 4617 1562 4671 bonorum
1607 4617 1814 4670 initiuzn
1863 4617 1944 4672 di-

2043 3420 2328 3476 dicationis
2365 3419 2673 3484 invalidam,
2720 3419 2820 3476 nisi
2865 3419 3025 3486 Deus,
3063 3417 3155 3488 qui
3185 3417 3345 3474 docet
3389 3417 3625 3474 exterius

2042 3529 2138 3585 per
2167 3513 2441 3569 hominem
2469 3512 2810 3583 loquentem,
2862 3527 2960 3584 per
2995 3512 3230 3583 seipsum
3261 3511 3486 3567 interius
3522 3510 3618 3567 do-

2040 3621 2190 3673 cens,
2222 3607 2486 3662 illuminet
2510 3614 2672 3676 atque
2701 3607 2919 3677 adjuvet
2954 3606 3279 3663 audientem.
3323 3605 3410 3660 Ait
3438 3604 3579 3660 enim
3608 3621 3620 3655 :

2042 3699 2304 3770 Conﬁteor
2321 3700 2430 3766 tibi,
2454 3698 2637 3764 Pater,
2664 3699 2883 3755 Domine
2901 3702 3016 3755 coeli
3037 3711 3085 3755 et
3107 3711 3280 3768 terra,
3303 3699 3389 3770 qui
3411 3699 3624 3752 abscon~

2043 3789 2166 3843 disti
2205 3789 2314 3844 hac
2353 3807 2384 3842 a
2421 3789 2739 3860 sapientibus
2760 3797 2809 3843 et
2831 3790 3186 3860 prudentibus,
3217 3799 3267 3843 et
3295 3789 3531 3842 retielasti
3562 3801 3623 3839 ea

2043 3881 2271 3953 paruulis
2315 3880 2530 3952 (Matth.
2564 3896 2650 3948 ιιι,
2681 3879 2796 3950 23).
2851 3879 3134 3946 Quomodo
3175 3880 3345 3948 gratia
3377 3879 3622 3933 omnibus

2045 3971 2302 4026 asseritur
2327 3970 2473 4036 data,
2522 3985 2644 4039 qua:
2691 3987 2721 4025 a
2772 3971 3105 4041 sapientibus
3149 3979 3204 4024 et
3245 3968 3620 4040 prudentibus,

2045 4071 2180 4118 teste
2211 4061 2327 4133 ipso
2355 4061 2620 4117 donatore
2639 4063 2689 4128 ά,
2721 4070 3052 4118 monstratur
3091 4059 3450 4115 abscondita?
3493 4060 3622 4117 Nam

2045 4165 2100 4211 et
2129 4156 2182 4210 in
2210 4155 2664 4225 subsequentibus
2704 4154 2884 4211 verbis
2926 4155 3257 4225 agnitionem
3303 4155 3398 4212 Dei
3428 4172 3532 4211 non
3570 4156 3622 4212 in

2047 4247 2281 4302 humana
2310 4254 2598 4318 potestate,
2628 4248 2722 4303 sed
2749 4248 2802 4302 in
2831 4247 3010 4303 divina
3037 4250 3268 4304 ostendit
3300 4248 3636 4305 revelationn'

2046 4341 2364 4408 consistere,
2394 4355 2516 4396 eum
2544 4340 2660 4397 ait:
2709 4339 2876 4398 Nemo
2907 4344 3044 4397 norit
3071 4341 3264 4398 Filium
3287 4345 3402 4398 nisi
3443 4343 3624 4413 Pater,

2047 4448 2209 4504 neque
2238 4431 2451 4486 Patrem
2479 4433 2593 4505 quis
2623 4434 2760 4488 norit
2783 4432 2952 4488 nisi-F
2954 4435 3094 4498 ilius,
3118 4444 3168 4490 et
3189 4437 3268 4490 cui
3298 4436 3510 4491 coluerit
3532 4434 3625 4490 Fi-

2047 4525 2146 4578 lius
2175 4527 2398 4579 revelare
2427 4523 2614 4595 (lbid.,
2657 4525 2788 4597 27)?
2827 4526 2957 4593 Quis
3001 4526 3088 4583 hic
3115 4543 3220 4583 non
3254 4529 3424 4583 videat
3454 4530 3626 4584 homi-

2049 4631 2171 4671 nem
2203 4617 2269 4671 ab
2299 4617 2517 4672 homine
2547 4617 2806 4673 inutiliter
2839 4635 3144 4676 sermonem
3171 4620 3626 4677 doctrinmcmle-

359 4709 483 4762 vina
514 4707 760 4776 largitate
796 4705 1050 4762 conferri.
1094 4705 1203 4761 Nos
1224 4715 1426 4769 autem,
1458 4714 1515 4760 ut
1542 4708 1937 4772 contineamus,
1975 4733 2021 4794 ο
2047 4709 2147 4763 stis
2176 4707 2380 4768 audire.
2415 4708 2517 4762 nisi
2556 4708 2605 4762 ei
2635 4711 2890 4777 magister
2921 4710 3059 4766 Deus
3091 4711 3381 4768 revelando
3420 4713 3623 4768 miseri-
3713 4707 3718 4712 ’

359 4815 427 4854 ne
449 4798 590 4853 mala
622 4798 900 4861 faciamus,
929 4805 985 4852 et
1013 4806 1069 4852 ut
1109 4799 1308 4852 bonum
1350 4798 1665 4867 incipiamus
1694 4799 1828 4852 velle
1859 4799 1944 4852 vel

357 4889 557 4953 facere,
591 4903 690 4944 nec
716 4888 923 4942 initium
966 4903 994 4942 a
1047 4888 1201 4941 nobis
1249 4888 1449 4943 habere
1497 4904 1799 4958 possumus,
1845 4905 1944 4944 nec

359 4979 684 5052 profectum.
751 4978 1212 5046 Quemadmodum
1287 4983 1427 5035 enim
1491 4981 1558 5036 de
1616 4981 1945 5036 continentia

358 5072 618 5141 scriptum
651 5079 756 5138 est,
794 5072 920 5142 quia
950 5087 1100 5125 nemo
1130 5069 1296 5142 556
1326 5080 1489 5140 potest
1517 5087 1628 5124 esse
1656 5072 1944 5139 continens,

361 5162 464 5214 nisi
497 5158 634 5215 Deus
657 5160 740 5214 det
763 5159 922 5231 (Sap.
950 5177 1058 5227 vm,
1090 5161 1200 5230 2|),
1246 5170 1302 5215 et
1342 5162 1629 5230 Apostolus
1658 5177 1776 5216 eam
1808 5162 1948 5217 inter

360 5255 564 5310 fructus
593 5255 828 5324 Spiritus
847 5264 1128 5310 enumerat
1159 5257 1357 5327 (Galat.
1395 5273 1444 5322 v,
1477 5257 1568 5325 25)
1597 5276 1609 5310 :
1642 5257 1718 5314 sic
1747 5259 1945 5315 caritas

360 5362 482 5416 qua:
509 5364 612 5402 non
646 5349 752 5420 agit
780 5363 1052 5418 perperam
1074 5347 1124 5420 (Ι
1152 5347 1273 5402 Cor.
1301 5365 1414 5415 xm,
1448 5348 1532 5418 4),
1556 5350 1698 5421 quod
1728 5350 1793 5405 ad
1815 5368 1944 5407 con-

2047 4798 2281 4853 corditer
2304 4799 2553 4867 loquatur
2580 4799 2634 4853 in
2663 4799 2868 4855 corde?

2119 4888 2248 4944 Car.
2282 4905 2437 4945 mn;
2464 4921 2534 4933 -
2571 4889 2661 4945 46v.
2694 4890 2817 4947 Haec
2845 4899 3022 4947 autem
3076 4895 3335 4950 revelatio
3383 4897 3626 4966 specialis

2050 4989 2134 5036 est
2173 4981 2403 5036 ﬁliorum
2434 4982 2549 5047 Dei,
2581 4998 2685 5055 qua
2727 5000 2834 5039 non
2861 4985 3032 5040 solum
3055 4987 3376 5054 cognitionis
3404 4987 3627 5058 donum,

2051 5072 2144 5126 sed
2194 5073 2364 5128 etiam
2407 5073 2602 5129 divinae
2650 5075 2954 5134 dilectionis
2998 5080 3283 5150 accipiunt.
3327 5079 3442 5134 Non
3485 5083 3626 5140 enim

2053 5165 2174 5219 talis
2214 5173 2296 5219 est
2345 5165 2443 5221 ista
2491 5159 2749 5223 revelatio
2779 5171 2890 5224 sive
2912 5171 3166 5239 cognitio,
3199 5171 3371 5238 qualis
3417 5172 3631 5231 illorum

2053 5253 2119 5308 de
2147 5254 2342 5322 quibus
2373 5255 2503 5310 dicit
2541 5257 2858 5327 Apostolus,
2885 5260 3010 5330 quia
3044 5260 3180 5332 quod
3204 5268 3380 5314 notum
3425 5270 3502 5316 est
3534 5262 3629 5316 Dei

2049 5347 2386 5417 manifestum
2411 5352 2562 5405 estin
2593 5352 2717 5405 illis.
2745 5351 2882 5406 Deus
2913 5352 3071 5424 45⁷
3114 5354 3250 5406 enim
3281 5354 3384 5409 illis
3405 5359 3612 5431 manife-

360 5441 646 5496 tineutiam
689 5440 945 5510 pertinet,
988 5447 1044 5493 et
1081 5455 1200 5509 quae
1228 5456 1324 5511 per
1353 5441 1492 5496 bona
1523 5457 1688 5513 opera
1720 5443 1949 5512 cooperit
2046 5440 2198 5492 starit
2231 5437 2406 5508 (Rom.
2433 5457 2467 5504 ι,
2510 5441 2616 5512 19),
2647 5443 2851 5498 scilicet
2871 5453 2926 5496 ut
2948 5446 3050 5497 sint
3073 5444 3446 5501 inca’cusabilcs
3467 5489 3481 5512 ,
3513 5450 3635 5519 quia

358 5531 742 5587 malti.‘udinem
790 5541 1115 5601 peccatorum
1149 5531 1202 5599 (Ι
1237 5530 1379 5586 Petr.
1416 5550 1486 5596 IV,
1521 5532 1610 5603 3),
1652 5549 1749 5604 per
1782 5549 1950 5602 quam
2048 5547 2163 5584 cum
2195 5535 2546 5603 cognovissent
2591 5533 2775 5597 Deum,
2829 5553 2928 5590 non
2959 5539 3090 5591 siem
3122 5537 3284 5593 Deum
3313 5541 3634 5612 gloriﬁcare-

303 5703 308 5708 ‘
362 5636 414 5677 in
445 5621 598 5676 nobis
637 5620 776 5675 Deus
807 5630 1147 5690 cooperator,
1183 5623 1489 5678 nonsolum
1527 5632 1584 5678 ut
1613 5623 1944 5680 declinemus
2047 5632 2189 5688 runt,
2223 5632 2313 5676 aut
2343 5626 2548 5694 gratias
2570 5636 2781 5695 egerunt
2816 5626 3007 5697 (Ibid,
3036 5629 3124 5696 20,
3153 5631 3266 5700 2|).
3318 5632 3407 5688 llla
3455 5635 3632 5705 itaque

431 5828 451 5850 "
479 5817 567 5873 Sic
595 5834 720 5872 mss.
755 5816 879 5871 duo.
914 5816 979 5870 At
1003 5815 1154 5883 editi,
1185 5816 1355 5886 pruris
1388 5815 1672 5870 desideriis.

431 5887 454 5922 ι’
489 5886 613 5958 ᾏες.
647 5887 776 5954 duo,
804 5888 1068 5958 infundat.

441 5970 459 5994 τ
498 5956 634 6011 [diti
689 5955 1141 6026 intelligentforis;
1177 5955 1268 6011 ξεν]
1297 5957 1484 6010 melius
1514 5973 1638 6011 mss.
1677 5965 1821 6023 tres,
1861 5959 1946 6011 in-

2055 5825 2274 5878 terioris.

2128 5895 2149 5931 δ
2183 5894 2269 5949 Sic.
2300 5912 2424 5949 mss.
2463 5895 2591 5951 duo.
2624 5893 2762 5951 Editi
2797 5907 2995 5964 autem,
3029 5903 3140 5974 ipso
3171 5904 3416 5961 donante.
