4046 6508
585 423 685 478 6‘27

1614 427 1667 481 S.
1698 426 2034 482 FL‘LGI'JNTI
2096 426 2398 483 EPiSCOPl
2437 429 2804 485 llUSI’E\SlS
3739 440 3819 498 628

584 543 944 598 mauil'estatio
959 560 1063 615 qua
1081 544 2039 613 cognoveruntDeutn,quicognitutn
2055 560 2159 596 non
2193 565 2236 618 Α
2268 543 2471 609 humili,
2503 561 2659 613 quam
2691 545 2865 613 gratia
2898 544 3149 613 spiritalis
3179 543 3372 610 donat,
3423 545 3525 602 lide
3555 555 3817 611 claritate

582 634 908 701 dilexerunt,
942 637 1169 705 gratiam
1199 653 1306 692 non
1337 637 1544 704 habuit,
1569 653 1672 706 qua
1705 636 1847 692 Deus
1867 636 1943 690 sic
1966 650 2164 703 cogno-

580 727 750 782 scitur
781 737 838 782 ut
865 740 1093 782 ametur.
1129 728 1262 794 Quia
1291 742 1419 796 ergo
1440 730 1666 797 gratiam
1690 744 1798 781 non
1816 737 2159 797 acceperunt,

582 826 871 888 propterea
908 827 1298 886 cognoscentes
1330 819 1494 873 Deum
1524 818 1724 886 gratias
1754 834 1860 870 non
1903 829 2160 884 egerunt;

580 918 636 964 et
663 911 787 979 quia
819 928 942 965 vasa
986 912 1077 965 ira:
1103 911 1315 964 luerunt
1341 919 1518 979 aptata
1551 911 1602 962 in
1633 909 1932 973 interitum,
1978 909 2080 962 hoc
2109 909 2160 962 in

579 999 661 1055 eis
695 1010 916 1070 operata
946 1008 1030 1055 est
1053 1001 1140 1054 illa
1174 999 1534 1053 manifestatio
1563 1015 1668 1066 qua
1700 999 1864 1052 Deum
1896 1012 2161 1065 cognove-

589 1102 747 1158 runt,
791 1101 850 1146 ut
876 1092 1250 1160 cognoscendo
1276 1091 1646 1162 superbircnt,
1684 1107 1786 1143 non
1815 1100 1872 1143 ut
1895 1105 1951 1144 se
1982 1090 2160 1144 humi-

583 1184 768 1239 liando
796 1185 1075 1251 diligerent
1093 1194 1141 1237 ⁸.
1165 1184 1277 1238 Tali
1301 1198 1428 1252 ergo
1449 1183 1754 1250 cognitione
1777 1182 1977 1244 ablata,
1996 1198 2163 1235 excu-

577 1278 720 1332 satio
745 1286 848 1342 est,
878 1294 984 1331 non
1013 1277 1206 1331 collata
1234 1277 1460 1330 salvatio
1523 1274 1580 1328 In
1613 1275 1712 1328 hac
1741 1283 1920 1327 autem
1953 1273 2157 1327 revela-

581 1369 922 1440 tione,quam
939 1369 1108 1438 gratia
1130 1369 1223 1422 Dei
1245 1370 1296 1423 in
1316 1369 1456 1422 vasis
1479 1365 1862 1420 misericordia:
1882 1374 2153 1434 operatur,

575 1462 736 1516 simul
766 1462 966 1515 homini
1014 1463 1266 1516 divinitus
1294 1444 1495 1530 agnitio
1543 1459 1634 1513 Dei
1665 1458 1991 1525 dilectioque
2019 1475 2153 1511 con-

574 1556 764 1609 fertur.
802 1553 881 1608 Illi
925 1556 1068 1608 enim
1116 1555 1210 1622 qui
1240 1570 1342 1609 noa
1388 1562 1511 1606 sunt
1553 1552 1708 1606 electi
1761 1551 2155 1607 inexcumbiles

573 1654 718 1711 sunt,
767 1646 927 1700 electi
977 1654 1154 1700 autem
1209 1645 1594 1699 i.-accusabilcs
1640 1644 1792 1697 llunt.
1834 1643 1978 1696 Dixit
2013 1642 2152 1695 enitn

573 1737 902 1807 Apostolus:
938 1737 1066 1800 Qu's
1104 1737 1362 1790 accusabit
1395 1737 1580 1789 electos
1614 1735 1755 1789 Dei?
1784 1734 1918 1787 Deus
1957 1733 2042 1805 qui
2065 1733 2154 1802 ju-

571 1831 807 1899 stiﬁcat;
848 1830 962 1897 quis
994 1839 1070 1882 est
1103 1829 1188 1899 qui
1218 1827 1560 1882 condemnet?
1599 1825 1830 1880 Christus
1860 1824 2034 1890 Jesus,
2067 1825 2152 1895 qui

570 1932 796 1976 mortuus
815 1931 916 1986 est,
942 1923 1044 1976 into
1067 1923 1149 1992 qui
1174 1929 1219 1974 et
1242 1922 1542 1984 resurrexit,
1573 1921 1657 1991 qui
1685 1930 1760 1974 est
1788 1922 1857 1971 ad
1883 1918 2149 1971 dexteram

573 2011 690 2077 Dei,
720 2014 806 2086 qui
829 2016 985 2067 etiam
1011 2013 1302 2082 interpellat
1323 2030 1415 2082 pro
1441 2011 1586 2066 nobis
1613 2011 1789 2082 (Rom.
1823 2027 1933 2076 \‘lll,

647 2105 732 2158 Π.
774 2105 832 2159 ln
880 2107 1020 2160 vasis
1069 2119 1196 2174 ergo
1242 2105 1620 2160 misericordia:
1667 2113 1848 2158 reatus
1891 2103 2151 2156 natualls

2266 633 2521 700 solvitur;
2550 635 2600 687 in
2620 635 2760 690 vasis
2777 643 2954 687 autem
2980 635 3071 688 ira:
3089 637 3319 705 superba
3349 638 3657 703 cognitione
3679 647 3815 698 uult-i-

2267 734 2374 780 tur.
2415 724 2517 780 Per
2545 727 2688 780 illam
2721 727 3080 796 cognitionem
3121 743 3321 783 ereum
3355 747 3456 784 eor
3495 749 3525 786 a
3569 739 3816 807 semetipso

2266 819 2482 873 inﬂatur
2505 820 2569 874 ad
2601 829 2827 874 mortem
2860 839 2873 886 ;
2917 838 3014 891 per
3045 823 3182 878 hanc
3212 834 3401 880 autem
3435 826 3682 883 divinitus
3716 831 3816 887 illu-

2264 912 2498 964 tninatur
2528 921 2582 964 ct
2625 912 2939 967 hutniliatur
2968 912 3034 966 ad
3065 899 3252 967 vitam.
3292 915 3392 969 illa
3425 920 3724 987 cognitione
3745 940 3816 980 cor

2263 1004 2586 1057 obscuratur
2624 1004 2902 1073 insipiens,
2949 1005 3074 1060 dum
3124 1008 3267 1077 quod
3301 1009 3401 1062 Dei
3433 1019 3519 1065 est
3550 1014 3700 1069 homo
3739 1018 3815 1071 sibi
3895 1002 3908 1016 ’

2261 1094 2521 1163 superbus
2551 1094 2787 1162 assignat
2813 1113 2825 1156 ;
2857 1096 2957 1149 hac
2987 1105 3163 1149 autem
3195 1099 3398 1167 accipit
3430 1100 3633 1168 lumen,
3665 1115 3716 1158 ut
3736 1108 3815 1164 hoc

2263 1185 2433 1254 ipsum
2463 1186 2608 1255 quod
2635 1187 2803 1241 Deum
2843 1190 3122 1257 cognoscit
3151 1206 3215 1245 ac
3244 1192 3448 1260 diligit,
3501 1212 3608 1249 non
3639 1214 3697 1250 ex
3723 1215 3816 1268 pos-

2259 1279 2515 1334 sibilitate
2545 1288 2766 1342 natura),
2822 1298 2997 1352 neque
3027 1298 3092 1336 ex
3122 1284 3307 1338 auditu
3351 1286 3510 1352 legis,
3563 1304 3722 1358 neque
3763 1309 3812 1345 ex

2259 1388 2354 1426 sua
2386 1373 2682 1437 voluntate,
2716 1373 2809 1427 sed
2841 1390 2905 1428 ex
2933 1375 3022 1428 Dei
3065 1377 3208 1430 dono
3238 1378 3340 1430 sibi
3394 1379 3573 1434 inesse
3600 1398 3696 1434 non
3723 1399 3811 1435 am-

2258 1464 2405 1533 bigat
2434 1482 2450 1529 ;
2480 1481 2796 1536 semperque
2827 1467 3039 1521 humilis
3064 1483 3182 1522 esse
3211 1470 3546 1538 meminerit,
3576 1489 3640 1526 ne
3659 1491 3812 1544 super-

2256 1558 2356 1612 bus
2385 1560 2597 1612 amittat
2623 1559 2765 1629 quod
2796 1560 3039 1627 indignus
3065 1563 3290 1632 accepit.
3328 1564 3586 1630 Cognitio
3608 1580 3723 1633 ergo
3743 1567 3809 1620 illa

2257 1661 2478 1720 peccato
2507 1651 2690 1720 adjicit
2721 1653 3172 1722 prawaricationis
3201 1663 3439 1718 reatum,
3478 1657 3577 1710 ista
3608 1669 3808 1724 removet

2256 1758 2285 1795 a
2316 1751 2598 1811 peccatore
2625 1743 2963 1813 supplicium.
2997 1743 3086 1797 llla
3113 1744 3256 1812 justo
3281 1745 3534 1810 damnat,
3565 1749 3658 1800 ista
3678 1751 3808 1816 gratis

2252 1833 2530 1901 jttstilicat.
2563 1833 2674 1888 lllic
2699 1835 2922 1889 scientia
2972 1835 3160 1890 inllans
3187 1837 3378 1898 nutrit,
3428 1847 3685 1908 augetque
3709 1855 3805 1908 pec-

2255 1933 2457 1990 catum,
2508 1924 2594 1978 hic
2621 1925 2818 1980 caritas
2845 1925 3115 1982 aedilicans
3154 1928 3407 1996 cooperit
3450 1927 3806 1983 multitudinem

2255 2023 2621 2086 peccatorum.

642 2247 665 2274 ³
698 2236 818 2291 Mss.
851 2236 976 2302 duo,
1008 2245 1062 2289 ut
1091 2237 1404 2307 diligendum
1435 2246 1822 2308 cognoscerent,
1848 2253 1947 2290 non
1978 2247 2031 2289 ut
2052 2237 2312 2306 cognitum
2339 2236 2661 2291 dilexissem.

1746 2493 2032 2570 LIBER
2089 2493 2646 2573 SECUNDUS.

617 2763 969 2836 5580mm
989 2779 1025 2818 ι.
1042 2795 1100 2803 -
1124 2763 1170 2817 l.
1185 2762 1475 2833 Superiora
1491 2762 1946 2832 libro,adjuvaule
1972 2765 2142 2832 gratia

569 2855 824 2926 Dei,qua:
852 2855 966 2911 sola
998 2864 1174 2926 potest
1203 2865 1258 2910 et
1278 2855 1512 2911 humano
1540 2856 1689 2910 cordi
1718 2856 1916 2910 donum
1939 2865 2140 2911 sancta:

565 2947 903 3016 cogitationis
934 2955 958 2984 ⁸
989 2943 1289 3013 infundere,
1322 2955 1377 3002 et
1397 2947 1478 3001 ori
1517 2955 1719 3002 rectam
1751 2947 2004 3016 loquendi
2045 2948 2142 3001 tri-

563 3037 728 3094 buere
771 3037 1100 3103 facultatem,
1150 3039 1277 3108 quia
1306 3039 1358 3092 in
1389 3055 1549 3094 manu
1578 3039 1673 3094 Dei
1709 3047 1836 3094 sunt
1874 3048 1929 3094 et
1958 3055 2056 3094 nos
2085 3047 2142 3094 et

561 3146 842 3186 sermones
873 3131 1072 3196 nostri,
1095 3131 1340 3202 primitus
1360 3131 1426 3186 de
1456 3129 1628 3186 Iacob
1649 3138 1704 3186 ct
1727 3130 1870 3186 Esau
1894 3131 2025 3185 satis
2043 3147 2138 3185 su-

567 3238 772 3294 perque
800 3223 1027 3278 disserui
1049 3221 1077 3261 ιι
1105 3241 1126 3276 ε·
1166 3222 1459 3277 ostendens
1486 3223 1799 3292 apostolica
1813 3221 2148 3276 documento

2256 2765 2338 2819 lus
2365 2773 2586 2820 secutus
2607 2764 2851 2835 adjnnsit
2872 2785 2885 2820 :
2912 2766 3034 2822 Non
3057 2785 3122 2822 ex
3142 2769 3406 2839 operibus,
3428 2770 3521 2824 sed
3541 2786 3603 2824 ea:
3623 2779 3792 2823 rocmte

2248 2856 2440 2908 dictant
2471 2868 2547 2910 est
2573 2859 2641 2925 ei,
2671 2859 2790 2927 quia
2814 2860 2985 2929 major
3005 2862 3184 2914 serviet
3215 2863 3408 2916 minori
3439 2860 3737 2933 (Ibid.,12).

2316 2946 2366 2999 9..
2396 2946 2505 3002 llac
2535 2948 2728 3016 igitur,
2769 2949 2821 3003 in
2852 2960 3112 3020 quantum
3141 2951 3411 3007 Dominus
3445 2952 3680 3011 donavit,
3719 2965 3789 3017 gc~

2246 3041 2514 3093 minorum
2545 3040 2767 3095 fratrum
2797 3043 3092 3110 quastione
3125 3052 3349 3097 tractata
3372 3087 3387 3111 ,
3433 3042 3716 3112 generalem
3739 3040 3790 3094 de

2247 3131 2483 3202 parvulis
2517 3133 2633 3186 sine
2667 3133 2989 3203 baptismate
3028 3135 3390 3192 morientibus
3434 3134 3790 3204 inquisitionem

2247 3224 2483 3294 suscepti
2513 3225 2694 3294 operis
2721 3225 2887 3280 series
2907 3227 3366 3295 subrogavit.Qua
3394 3226 3686 3296 diligentius
3705 3222 3786 3275 dis-

562 3313 875 3376 sententiae,
934 3313 1092 3368 nullis
1121 3313 1539 3384 praaeedentium
1569 3322 1662 3368 aut
1699 3313 2147 3382 subsequentium
2169 3297 2213 3359 (ἶ
2245 3331 2436 3381 cussa,
2479 3324 2562 3382 et,
2595 3326 2853 3385 quantum
2897 3319 3163 3385 arbitror,
3212 3320 3517 3374 evidentius
3562 3316 3786 3374 absoluta.

482 3427 487 3431 ι
564 3404 905 3473 exigentibus
948 3419 1172 3474 operum
1211 3405 1434 3471 meritis,
1486 3413 1730 3459 sanctum
1769 3405 1937 3461 Jacob
1967 3406 2143 3475 prius-

529 3503 536 3513 ‘
563 3512 728 3568 quam
773 3509 1089 3554 nasceretur
1134 3499 1385 3564 electum,
1415 3499 1510 3555 sed
1539 3499 1654 3554 sola
1684 3498 1851 3554 divini
1881 3499 2145 3569 propositi

562 3592 893 3662 benignitate
919 3593 1230 3649 discretum.
1261 3593 1415 3660 Quod
1437 3593 1717 3650 evidenter
1739 3595 1930 3649 beatus
1951 3595 2146 3650 Paulus

561 3683 655 3740 illo
682 3685 1026 3754 cognoscitur
1051 3685 1346 3742 asseruisse
1393 3701 1663 3750 sermone,
1708 3702 1816 3754 quo
1862 3686 1974 3739 ait:
2006 3683 2144 3739 Dum

561 3774 702 3829 enim
727 3776 953 3831 nondum
983 3778 1100 3830 nati
1125 3779 1343 3848 fuissent
1368 3786 1456 3830 aut
1481 3777 1691 3849 aliquod
1711 3780 1931 3848 egissent
1955 3777 2144 3832 bonum

567 3875 659 3918 aut
696 3867 918 3932 malum,
961 3875 1017 3921 ut
1039 3872 1316 3922 secundum
1344 3869 1642 3923 electionem
1687 3871 2004 3938 propositum
2046 3868 2143 3923 Dei

559 3967 788 4012 maneret
817 3957 996 4030 (Rom.
1042 3976 1113 4024 ix,
1137 3960 1281 4029 ιιι),
1313 3959 1468 4026 Quod
1514 3960 1804 4030 Apostolus
1833 3961 1955 4015 ideo
1985 3960 2140 4029 dixit,

557 4056 616 4102 ut
645 4065 752 4105 non
783 4051 1075 4106 secundum
1105 4051 1354 4118 hominis,
1386 4051 1480 4106 sed
1505 4052 1798 4107 secundum
1821 4053 2139 4108 electionem

557 4142 803 4200 vocantis
827 4143 1163 4212 propositum
1193 4145 1452 4200 mansisse
1476 4152 1841 4211 monstraret;
1866 4159 2044 4215 neque
2073 4159 2139 4200 ex

557 4233 812 4288 nascituri
855 4236 1100 4303 quolibet
1126 4238 1337 4302 merito,
1378 4238 1472 4292 sed
1514 4253 1581 4292 ex
1611 4238 1887 4293 voluntate
1918 4239 2010 4292 Dei
2040 4255 2135 4293 eos

555 4333 908 4392 gnosceretur
955 4327 1169 4381 electio.
1221 4328 1429 4383 Revera
1475 4329 1618 4382 enim
1666 4331 1882 4385 vocatio
1926 4330 2020 4384 Dei
2069 4346 2135 4384 ex

555 4414 792 4468 hominis
822 4415 1046 4480 meritor
1068 4426 1124 4470 et
1150 4433 1255 4471 non
1284 4433 1350 4472 ex
1378 4419 1551 4486 gratia
1577 4418 1671 4472 Dei
1701 4417 1889 4473 fuisset
1917 4419 2137 4483 electio,

552 4504 602 4559 si
633 4503 833 4573 aliquid
865 4506 1018 4560 bona:
1043 4507 1132 4561 vel
1158 4508 1309 4562 mala:
1336 4508 1572 4564 actionis
1589 4509 1919 4564 inveniretur
1940 4511 1990 4564 in
2014 4527 2134 4580 par-

554 4595 709 4650 vulis.
740 4596 846 4652 bed
868 4598 992 4667 quia
1025 4599 1407 4654 nullarl‘uerunt
1428 4601 1479 4654 in
1504 4601 1742 4656 nondum
1768 4603 2130 4671 nascentibus,

2249 3408 2417 3478 ipsius
2438 3407 2649 3463 demttm
2667 3411 2851 3479 gratia:
2872 3425 2975 3479 qua
3003 3413 3172 3480 gratis
3191 3413 3591 3482 praeveniuutur
3603 3409 3784 3481 quicun-

2245 3515 2351 3568 que
2379 3500 2684 3565 salvantur,
2718 3509 2979 3556 tractatus
3007 3511 3092 3557 est
3115 3517 3144 3554 a
3173 3503 3326 3557 nobis
3355 3504 3585 3560 sollicita
3606 3497 3783 3568 inquisi-

2248 3596 2392 3648 tione
2411 3602 2691 3664 susceptus
2724 3613 2736 3648 :
2765 3610 2873 3664 quo
2891 3597 3063 3664 patuit
3083 3598 3301 3667 gratiam
3324 3614 3431 3651 non
3455 3594 3674 3650 omnibus
3691 3590 3782 3644 uni-

2244 3685 2507 3738 uersaliter
2535 3685 2678 3748 dari,
2721 3694 2776 3740 et
2817 3687 3010 3754 quibus
3044 3686 3202 3740 datur
3228 3703 3334 3741 non
3380 3686 3647 3756 :equaliter
3675 3680 3782 3734 dari.

2243 3775 2388 3831 lllius
2418 3786 2501 3832 est
2530 3778 2696 3840 enim,
2737 3778 2822 3832 vel
2852 3778 3058 3848 quibus.
3075 3793 3192 3832 eam
3212 3820 3227 3844 ,
3260 3778 3345 3832 vel
3378 3785 3626 3846 quantam
3662 3771 3779 3831 dare,

2242 3871 2333 3938 qui
2367 3887 2471 3924 non
2496 3886 2614 3924 eam
2646 3870 2892 3925 humanis
2920 3869 3315 3934 voluntatibus,
3336 3878 3431 3922 aut
3453 3866 3689 3936 operhus
3711 3859 3781 3912 de-

2241 3962 2405 4016 bitam
2429 3962 2708 4029 retribuit,
2740 3961 2834 4016 sed
2863 3961 3148 4030 gratuitam
3178 3958 3544 4014 illuminamlis
3571 3950 3779 4008 cordibus

2241 4053 2548 4108 misericors
2569 4069 2632 4107 ac
2655 4052 2917 4121 benignus
2947 4051 3194 4107 infundit.
3220 4049 3288 4103 Et
3315 4049 3444 4104 ideo
3465 4045 3547 4102 cui
3569 4037 3780 4099 voluerit.

2239 4154 2294 4200 et
2317 4154 2572 4214 quantam
2589 4145 2819 4199 voluerit
2845 4145 3086 4214 profecto
3109 4144 3349 4212 largitur,
3375 4141 3498 4212 quia
3516 4149 3674 4204 neque
3695 4128 3778 4184 ullo

2239 4238 2393 4292 bonae
2427 4237 2720 4292 voluntatis
2757 4244 2992 4304 exortu,
3046 4250 3220 4306 neque
3265 4234 3463 4289 effectu
3509 4228 3777 4297 cujusquam

2239 4328 2364 4382 boni
2398 4328 2596 4398 operis,
2631 4328 2939 4396 priusquam
2969 4327 3195 4394 gratiam
3221 4326 3442 4388 tribuat,
3476 4321 3720 4377 invitatur.

2310 4418 2442 4473 Car.
2471 4434 2524 4471 ιι.
2543 4451 2614 4459 -
2631 4418 2683 4472 5.
2706 4417 3086 4472 Verumtamen
3110 4419 3232 4488 quia
3264 4418 3548 4487 plerosque
3571 4406 3776 4464 not'im"5

2187 4552 2195 4560 .
2237 4511 2292 4566 in
2323 4513 2619 4581 quatstione
2643 4511 2829 4578 gratim
2846 4510 2938 4564 Dei
2957 4519 3010 4564 ct
3031 4511 3252 4564 humani
3273 4509 3479 4564 arbitrii
3510 4520 3608 4560 non
3627 4507 3774 4553 tcnt’l‘e

2237 4605 2638 4671 discretionem,
2669 4605 2759 4658 sed
2793 4605 2865 4657 ita
2901 4621 3064 4658 unum
3094 4621 3360 4671 asserere,
3389 4613 3447 4659 ut
3475 4601 3680 4654 alterum
3712 4589 3774 4642 ni-

469 4699 472 4702 ‘
553 4703 623 4742 ex
654 4703 762 4743 uno
791 4689 1080 4745 concubitu
1111 4693 1644 4763 conceptis,operum
1663 4695 1854 4750 merita
1884 4697 2132 4766 proprio-
2163 4682 2206 4739 υ
2237 4705 2417 4750 tantur
2445 4695 2683 4762 auferre;
2720 4707 2738 4734 ε
2765 4697 2849 4750 vel
2879 4713 2999 4751 cum
3032 4713 3192 4751 unum
3217 4697 3438 4751 audiunt
3458 4688 3635 4755 asseri,
3661 4684 3770 4738 alte-

551 4792 689 4843 rum,
711 4793 836 4848 qua?
855 4779 1164 4836 diversitate
1187 4781 1269 4835 sui
1295 4798 1456 4836 unum
1479 4781 1715 4839 facerent
1737 4785 1881 4853 eligi,
1899 4785 2124 4840 alterum

550 4867 833 4938 reprobari-
863 4870 1006 4941 (quia
1037 4871 1080 4925 si
1112 4879 1316 4937 essent,
1358 4889 1464 4927 non
1496 4875 1679 4944 utique
1708 4876 2000 4929 secundum
2030 4875 2133 4930 Dei

551 4959 888 5026 electionem,
915 4961 1008 5016 sed
1033 4964 1331 5018 secundum
1353 4964 1586 5020 humana
1607 4981 1768 5037 opera
1791 4968 2125 5036 pr0positum

549 5051 642 5106 Dei
664 5050 973 5122 maneret);
1021 5054 1144 5122 quia
1173 5069 1302 5124 ergo
1328 5056 1471 5111 nulla
1519 5057 1617 5111 fuit
1657 5058 1709 5112 in
1739 5057 1844 5114 illis
1874 5060 2126 5116 l‘ratrihus

547 5142 831 5198 diversitas
861 5144 1065 5213 proprii
1094 5145 1274 5215 operis
1305 5145 1432 5202 boni
1459 5148 1544 5202 vel
1575 5149 1728 5217 ntali,
1749 5166 1867 5219 qum
1896 5152 1985 5205 uni
2017 5153 2128 5206 eie-

546 5234 741 5289 ctionis
770 5233 1046 5290 conferret
1071 5237 1344 5305 meritum,
1388 5239 1543 5294 alteri
1571 5239 1933 5296 damnationis
1963 5243 2126 5297 infer-

547 5335 631 5380 ret
649 5327 969 5396 supplicium
995 5346 1009 5394 ;
1043 5337 1329 5398 propterea
1360 5330 1657 5385 secundum
1680 5332 1999 5388 electionem
2031 5333 2130 5388 fuit

544 5417 881 5485 propositum
916 5419 1031 5483 Dei,
1062 5420 1183 5489 quia
1216 5436 1322 5474 non
1355 5437 1419 5475 ex
1453 5422 1646 5475 merito
1677 5421 1904 5490 eligendi
1937 5425 2128 5477 volun-

547 5515 631 5562 tas
661 5507 909 5574 eligentis
938 5511 1158 5577 mansit,
1208 5511 1305 5566 sed
1330 5527 1395 5565 ex
1422 5513 1668 5580 eligentis
1698 5516 1976 5584 proposito
2006 5529 2129 5583 gra-

544 5600 679 5655 tuita
702 5599 864 5672 459
881 5600 980 5654 fuit
1007 5602 1160 5658 electi
1191 5604 1462 5659 discretio.
1493 5605 1716 5676 Pt'Opter
1736 5607 1877 5676 quod
1901 5608 2130 5676 Aposto-

620 5794 643 5820 ⁸
676 5784 834 5847 Edd.,
860 5784 1190 5854 cognitionis.

617 5853 642 5925 if
672 5854 762 5908 Sic
790 5853 1074 5908 tnss.’dno.
1103 5853 1170 5906 At
1190 5855 1340 5919 editi,
1363 5856 1488 5907 satis
1511 5872 1694 5925 superq
1715 5875 1756 5908 re
1778 5858 2125 5920 osIendimus;

549 5924 641 5982 sed
671 5925 818 5997 prior
847 5925 1006 5980 lectio
1038 5925 1248 5995 plenior
1277 5932 1359 5979 est
1387 5934 1440 5978 et
1467 5924 1794 5982 concinnior.

2235 4801 2351 4840 rum
2377 4787 2705 4840 arbitrentur
2729 4786 2925 4840 auferri
2948 4805 2961 4853 ;
2993 4803 3113 4841 cum
3139 4789 3307 4856 gratia
3330 4785 3542 4857 pietatis
3563 4785 3769 4835 neutrum

2237 4877 2422 4944 negari
2443 4877 2602 4942 sinat,
2628 4877 2724 4931 sed
2751 4878 2995 4931 ordinent
3025 4878 3281 4933 custodiri
3312 4879 3362 4932 in
3389 4877 3649 4940 utriusque
3668 4878 3771 4919 cou-

2236 4970 2468 5024 l'essione
2491 4971 2764 5040 prtecipiat
2799 4987 2811 5022 :
2848 4987 2944 5024 nos
2967 4971 3149 5037 gratim
3179 4970 3371 5023 divina:
3404 4967 3514 5022 fulti
3543 4954 3769 5032 praesidio,

2235 5074 2344 5128 quo
2366 5060 2656 5114 humanum
2680 5068 2737 5114 et
2760 5060 3090 5114 illuminatur
3105 5069 3158 5113 et
3177 5060 3500 5126 gubernatur
3513 5046 3768 5140 arbitrium.

2238 5153 2290 5205 in
2307 5152 2408 5206 hoc
2425 5151 2664 5206 secundo
2679 5153 2860 5214 libello
2873 5152 3178 5207 curavimus
3201 5159 3254 5204 et
3269 5151 3488 5218 gratiam
3503 5143 3587 5199 Dei
3599 5134 3770 5194 etarbid

2237 5243 2395 5298 trium
2414 5243 2648 5299 hominis
2667 5245 2744 5299 sic
2767 5260 3034 5311 asserere,
3050 5251 3105 5298 ut
3126 5251 3374 5298 neutrum
3399 5240 3648 5296 tollamus.
3667 5225 3766 5279 dum

2236 5345 2523 5406 utrumque
2545 5338 2878 5393 defendimus
2903 5356 2916 5403 ;
2969 5337 3063 5393 sed
3093 5336 3436 5392 ostendamus
3463 5327 3582 5402 quid
3606 5323 3762 5377 horum

2235 5429 2306 5482 sit
2343 5429 2485 5496 quod
2525 5431 2696 5484 altero
2719 5439 2895 5497 egeat,
2931 5439 2985 5484 et
3015 5429 3140 5500 quid
3170 5444 3228 5484 se
3255 5428 3406 5482 alteri
3435 5416 3647 5494 gratuito
3668 5420 3738 5461 mu

2236 5535 2364 5574 nere
2391 5522 2644 5575 bonitatis
2673 5521 2965 5591 impendat;
2991 5521 3115 5590 Quid
3139 5521 3207 5574 sit
3229 5519 3372 5589 quod
3393 5511 3632 5572 medelam
3654 5508 3758 5594 ξοῐξι·

2237 5625 2330 5678 per
2361 5619 2663 5679 exspectet,
2701 5621 2754 5666 et
2793 5612 2930 5676 unde
2959 5611 3275 5667 beneﬁcium
3306 5608 3568 5665 medicina!
3597 5591 3758 5650 indesi-

2311 5801 2329 5825 τ
2379 5788 2500 5844 llaec
2530 5789 2813 5845 habuimus
2843 5808 2906 5845 ex
2937 5809 3064 5846 mss.
3098 5791 3340 5859 duobus,
3382 5799 3540 5857 usque
3576 5775 3632 5832 ad
3667 5770 3754 5824 hzcc

2237 5861 2416 5925 verba,
2451 5859 2762 5915 arbitrentur
2785 5863 2999 5933 auferri.
