4130 6468
224 444 241 455 .
314 395 439 454 ως)

1248 394 1332 450 DE
1370 391 1712 450 VElilTATE
1751 387 2423 445 PitlililiSTINATlL-INIS
2449 387 2573 443 LIB.
2613 387 2674 444 ll.

3490 347 3611 441 ωτι

318 519 528 566 neuter
569 516 848 564 exuberet.
900 507 1040 565 Dicit
1089 510 1232 566 enim
1283 508 1511 566 Creator
1558 508 1912 578 Salvatorque
1942 510 1986 565 Α
2018 505 2156 562 ciler
2182 507 2549 564 exclamaret:
2578 507 2695 581 Ego
2720 508 2861 574 dixi,
2896 507 3146 577 Domine,
3172 511 3409 564 ntiaerere
3450 511 3549 562 mei
3577 525 3593 571 ,-

315 602 642 658 mortalium
666 616 774 656 non
804 615 923 657 esse
949 602 1313 659 necessarium
1342 601 1487 656 sanis
1514 595 1917 663 medieumrsed

315 694 479 749 male
506 691 844 758 habentibus,
864 706 1039 761 neque
1061 707 1119 748 se
1145 691 1361 747 venisse
1389 700 1448 746 ut
1475 696 1697 746 vocaret
1717 688 1925 758 justos,

316 783 428 838 sed
459 788 774 852 peccatores
791 780 870 836 ‘ad
897 781 1266 851 paenitentiam
1301 780 1515 851 (Matth.
1545 796 1617 845 ix,
1645 778 1757 849 15).
1781 776 1917 833 Hine

319 874 521 943 itaque
557 871 900 944 cognoscitur
942 871 1072 942 quid
1118 872 1260 927 idem
1310 870 1553 926 medicus
1597 871 1652 924 in
1695 866 1927 924 inﬁrmis

236 998 239 1001 -
318 965 603 1031 inveniat,
651 972 707 1021 et
732 962 861 1034 quid
901 964 1018 1035 ipse
1064 963 1319 1020 sanandis
1364 963 1661 1034 impendat.
1711 959 1919 1015 invenit

321 1057 564 1113 liberum
592 1055 826 1113 hominis
847 1056 1145 1123 arbitrium,
1174 1057 1227 1112 in
1248 1070 1312 1112 ea
1338 1055 1599 1112 duntaxat
1617 1058 1776 1110 nitate
1799 1068 1917 1124 qua:

320 1149 456 1205 usui
479 1148 592 1218 jam
620 1158 799 1220 potest
826 1148 1031 1204 servire
1058 1147 1313 1214 rationis,
1344 1155 1436 1202 aut
1463 1161 1573 1202 sua:
1595 1144 1919 1201 inﬁrmitatis

313 1239 560 1295 omnino
589 1239 863 1304 nescium,
913 1244 1008 1292 aut
1045 1237 1235 1292 morbo
1261 1237 1438 1292 noxia:
1464 1234 1809 1304 cogitationis
1837 1234 1918 1289 in-

316 1328 522 1385 ﬂatum
545 1348 561 1384 :
584 1329 711 1386 dum
732 1329 936 1385 scilicet
954 1337 1049 1384 aut
1067 1329 1193 1399 quid
1213 1327 1512 1384 faciendum
1529 1328 1601 1383 sit
1619 1327 1810 1396 nescit,
1827 1336 1919 1382 aut

261 1482 273 1507 δ
312 1420 484 1491 quod
507 1420 809 1477 faciendum
836 1421 1047 1486 scierit,
1078 1420 1190 1476 suis
1215 1436 1274 1477 se
1302 1421 1504 1479 viribus
1532 1421 1756 1492 implere
1783 1436 1917 1477 eon-

320 1511 453 1567 ﬁdit
478 1529 493 1565 :
518 1527 583 1567 ac
605 1512 703 1577 sic,
735 1520 827 1566 aut
846 1511 1009 1567 homo
1035 1511 1250 1567 nescius
1278 1511 1526 1566 morbum
1553 1510 1914 1582 amplectitur,
1954 1564 1963 1567 Α

316 1614 423 1661 aut
453 1606 577 1677 plus
598 1612 856 1676 aegrotat,
886 1605 1013 1660 dum
1035 1621 1144 1661 non
1174 1605 1430 1663 amedico
1458 1604 1653 1675 poscit,
1681 1605 1775 1660 sed
1805 1605 1920 1675 ipse

314 1696 434 1751 sibi
471 1696 661 1752 nititur
695 1694 952 1751 adhibere
999 1694 1319 1767 remedium.
1378 1691 1534 1750 Unde
1580 1709 1919 1765 consequens

319 1795 414 1843 est
436 1794 516 1854 ut,
543 1786 725 1842 lethali
754 1786 941 1842 morbo
955 1785 1044 1842 vel
1065 1784 1381 1856 ignorantia:
1403 1784 1488 1841 vel
1508 1785 1772 1856 superbia:
1786 1802 1920 1856 pra:-

316 1883 606 1945 gravatus,
636 1890 739 1930 nec
767 1874 1034 1930 medicum
1063 1874 1335 1943 requirat,
1366 1887 1468 1930 nec
1495 1874 1548 1928 in
1578 1888 1639 1928 se
1668 1872 1917 1929 ell‘ectum

320 1980 477 2021 vera:
497 1963 743 2021 sanitatis
767 1964 1027 2020 inveniat.
1056 1962 1242 2034 Neque
1268 1971 1449 2018 tamen
1480 1962 1646 2017 libera
1668 1963 1919 2019 voluntas

318 2054 456 2111 ideo
487 2069 596 2110 non
627 2061 710 2111 est
743 2054 798 2109 in
829 2054 1049 2110 homine
1071 2091 1088 2118 ,
1146 2054 1458 2125 priusquam
1503 2061 1722 2108 sanetur
1754 2068 1920 2124 opere

320 2144 531 2201 divina:
559 2145 949 2212 conversionis,
999 2144 1126 2216 quia
1150 2143 1340 2219 morbo
1367 2143 1537 2213 magis
1572 2143 1687 2199 vult
1706 2144 1918 2200 obtem-

318 2250 527 2305 perare
554 2251 714 2306 quam
745 2235 958 2292 medico
986 2253 1003 2290 :
1038 2250 1159 2291 cum
1180 2249 1247 2291 eo
1267 2237 1385 2305 ipso
1413 2233 1559 2306 quod
1582 2236 1920 2306 obtemperat

320 2322 526 2392 homo,
565 2326 649 2381 vel
678 2342 784 2382 non
814 2327 1185 2398 obtemperat,
1230 2326 1461 2383 liberum
1489 2326 1592 2383 sibi
1621 2327 1798 2384 inesse
1827 2344 1917 2383 ar-

321 2412 558 2485 bitrium
584 2416 865 2472 evidenter
893 2416 1165 2473 ostendat.

400 2507 535 2565 Car.
571 2525 649 2565 Ill.
679 2541 752 2555 —-—
797 2509 851 2566 4.
882 2509 978 2566 Est
1004 2526 1134 2581 ergo
1163 2526 1273 2567 non
1300 2511 1475 2567 solum
1517 2512 1570 2568 in
1613 2512 1920 2569 hominibus

321 2597 505 2669 iustis,
521 2614 707 2654 verum
722 2601 885 2654 etiam
910 2600 964 2655 in
980 2600 1157 2670 impiis
1170 2601 1335 2672 460
1353 2600 1581 2656 liberum
1601 2600 1880 2656 arbitrium
1901 2619 1915 2655 :

322 2685 428 2741 sed
458 2686 513 2741 in
557 2686 671 2742 istis
697 2685 941 2742 bonitate
983 2686 1083 2743 Dei
1120 2687 1478 2759 redemptoris
1505 2688 1726 2757 erigitur
1754 2696 1917 2757 atque

323 2774 619 2843 dirigitur;
671 2775 724 2829 in
754 2775 858 2830 illis
883 2784 1064 2832 autem
1089 2775 1185 2832 Dei
1214 2777 1522 2834 ulciscentis
1541 2778 1794 2847 aequitate
1819 2779 1906 2834 de-

324 2862 534 2918 seritur
557 2870 614 2918 et
642 2864 881 2934 punitur.
930 2863 1008 2920 Ac
1045 2864 1203 2921 sicin
1250 2865 1334 2920 his
1359 2880 1469 2921 non
1505 2866 1680 2921 solum
1717 2881 1913 2936 cogno-

326 2952 568 3020 scendo,
600 2953 696 3010 sed
718 2954 881 3010 etiam
908 2954 1178 3026 diligendo
1208 2955 1434 3010 inhaeret
1462 2955 1706 3023 veritati;
1737 2956 1790 3011 in
1820 2956 1924 3012 illis

326 3055 464 3097 vero
494 3050 584 3096 aut
612 3043 822 3112 ignorat
842 3042 1169 3109 mandatum,
1193 3044 1321 3098 etin
1340 3052 1565 3114 peccato
1583 3059 1681 3100 suo
1708 3059 1814 3100 non
1838 3054 1922 3100 est

328 3133 375 3189 ei
399 3133 611 3205 peccati
631 3133 897 3202 cognitio;
931 3143 1024 3189 aut
1047 3134 1114 3189 ad
1148 3135 1253 3191 hoc
1279 3144 1459 3206 potest
1490 3145 1771 3207 peccatum
1800 3137 1919 3193 abs-

2016 613 2148 651 uma
2168 598 2398 652 animam
2419 613 2604 664 meam,
2627 598 2748 670 quia
2768 600 2972 668 peccavi
2988 597 3079 653 tibi
3101 597 3273 672 (Psal.
3293 614 3378 663 λι,
3396 596 3472 669 5).
3489 598 3595 653 Nec

2019 695 2203 742 tamen
2249 687 2489 744 medicus
2533 688 2623 743 ille
2670 686 2905 745 cmlestis
2948 696 3185 744 nostram
3236 688 3598 743 inﬁrmitatem
3656 752 3661 755 _

2018 786 2237 834 sanaret
2260 780 2572 848 cognitione
2599 779 2956 836 dilectioneve
2978 779 3239 846 mandati,
3264 778 3366 833 nisi
3395 776 3596 833 homim

2018 871 2245 928 liberum
2272 872 2510 929 dedisset
2537 873 2818 929 arbitrium
2842 891 2856 939 ;
2901 873 2996 929 sed
3025 873 3379 943 multiplicata
3407 865 3491 925 est
3519 869 3600 924 in-

2021 959 2246 1016 ﬁrmitas
2274 962 2389 1018 sola
2417 962 2725 1031 cognitione
2752 962 3020 1028 mandati,
3053 970 3113 1017 ut
3140 977 3238 1031 per
3261 960 3489 1030 gratiam
3518 958 3599 1013 in-

2018 1051 2225 1123 ciperet
2250 1053 2453 1109 sanitas
2483 1052 2603 1110 ﬁdei
2628 1070 2693 1112 ac
2736 1054 3041 1112 dilectionis
3084 1054 3362 1111 constitui.
3402 1046 3602 1121 Cogni—

2022 1140 2169 1197 tione
2197 1141 2376 1213 itaque
2417 1144 2655 1200 mandati
2702 1145 2771 1201 ad
2814 1146 2953 1202 bene
2987 1144 3319 1216 operaudum
3366 1143 3598 1200 hominis

2020 1232 2246 1288 liberum
2287 1235 2567 1291 arbitrium
2594 1237 2962 1294 convenitur:
3006 1254 3110 1293 uou
3156 1238 3281 1308 quia
3322 1226 3603 1293 voluntate

2022 1331 2249 1390 tantum,
2277 1325 2360 1380 vel
2389 1326 2587 1382 virtute
2615 1335 2821 1382 tantum
2850 1343 2947 1384 sua
2973 1337 3151 1399 potest
3191 1328 3354 1383 homo
3379 1326 3604 1398 implere

2019 1414 2162 1486 quod
2184 1415 2232 1469 ei
2255 1415 2340 1469 lex
2368 1414 2547 1486 jubet,
2576 1415 2674 1472 sed
2703 1425 2761 1472 ut
2789 1432 2887 1488 per
2911 1419 3144 1472 mandati
3176 1416 3422 1471 notitiam
3444 1402 3602 1470 inﬁr-

2020 1498 2224 1554 mitatis
2253 1515 2364 1555 sua:
2392 1500 2493 1556 sibi
2535 1502 2785 1558 conscius
2827 1501 2939 1570 ﬁat,
2969 1510 3027 1558 et
3064 1502 3387 1575 adjutorium
3417 1502 3603 1570 gratia:

2022 1589 2359 1673 medicinalis
2375 1601 2655 1662 exposcat.
2670 1594 2783 1660 Qua
2807 1602 3079 1665 percepta,
3102 1601 3281 1664 potest
3302 1600 3357 1649 et
3382 1593 3603 1662 diligere

2021 1680 2163 1751 quod
2189 1680 2435 1750 jubctur,
2456 1682 2745 1750 etfacere,
2779 1692 2835 1740 et
2862 1698 3175 1753 agnoscere,
3209 1683 3293 1739 vel
3320 1683 3445 1752 quid
3475 1700 3600 1753 pos-

2021 1773 2110 1838 sit,
2135 1773 2220 1827 vel
2242 1773 2372 1843 quid
2396 1790 2503 1829 non
2531 1776 2790 1845 possit,et
2814 1784 2872 1831 ut
2896 1775 3063 1846 possit
3086 1764 3403 1845 exposcere,
3427 1783 3482 1829 et
3501 1774 3600 1828 sibi

1954 1899 1995 1958 Β
2025 1881 2134 1922 sua:
2162 1867 2490 1925 inﬁrmitatis
2516 1868 2782 1940 imputare
2808 1869 3105 1933 miseriam,
3135 1876 3189 1923 et
3218 1867 3463 1923 sanitatis
3482 1880 3600 1936 gra-

2023 1959 2151 2015 tiam
2178 1960 2454 2017 beneﬁciis
2480 1961 2884 2016 medicinalibus
2911 1960 3204 2029 assignare.

2091 2052 2220 2107 Car.
2251 2068 2321 2108 tv.
2344 2084 2417 2094 ——
2444 2055 2497 2107 ti.
2530 2050 2655 2107 ilzcc
2683 2052 2863 2107 omnia
2893 2066 3011 2121 qua:
3038 2049 3285 2119 superius
3305 2046 3600 2118 posuimus,

2021 2143 2237 2213 dignum
2290 2154 2375 2198 est
2422 2152 2481 2197 ut
2527 2142 2832 2198 cmlestibus
2862 2140 3090 2210 eloquiis
3130 2152 3452 2193 asseramns.
3503 2134 3599 2190 Pet

2020 2231 2212 2289 lsaiam
2242 2233 2318 2289 sic
2348 2233 2585 2302 loquitur
2609 2232 2753 2287 Deus
2785 2250 2799 2286 :
2830 2232 2892 2286 Si
2934 2230 3218 2295 volueritis,
3249 2237 3297 2283 et
3331 2227 3600 2281 audieritis

2020 2340 2129 2392 me,
2160 2322 2294 2379 bona
2326 2334 2478 2378 terra:
2508 2322 2783 2378 comedetis
2801 2340 2819 2388 ;
2866 2322 2912 2377 si
2958 2329 3128 2375 autem
3157 2320 3459 2383 nolueritis,
3514 2335 3602 2371 nec

2023 2414 2360 2471 obaudieritis
2380 2432 2479 2481 me,
2506 2414 2711 2487 gladius
2732 2412 2999 2470 devorabit
3017 2430 3103 2469 eo:
3133 2412 3288 2479 (Iani.
3315 2427 3354 2479 ι,
3374 2411 3484 2479 i9).
3511 2407 3602 2464 llis

2021 2509 2200 2565 verbis
2226 2506 2668 2579 quibus'dicitur,
2699 2507 2756 2563 Si
2782 2506 3078 2571 volueritis,
3110 2515 3167 2561 et
3206 2505 3262 2559 Si
3302 2501 3601 2564 nolueritis:

2023 2600 2209 2671 procul
2265 2600 2428 2656 dubio
2479 2599 2704 2655 libertas
2749 2597 2970 2654 humani
3023 2595 3329 2652 declaratur
3375 2592 3601 2648 arbitrii.
3690 2611 3701 2620 -

2027 2691 2179 2747 Velle
2220 2693 2363 2747 enim
2401 2701 2458 2747 et
2485 2692 2630 2747 nolle
2671 2690 2963 2746 voluntatis
2989 2704 3110 2745 esse
3156 2689 3337 2744 nullus
3376 2687 3604 2756 ignorat.

2024 2781 2178 2848 Quod
2219 2798 2349 2853 ergo
2389 2797 2486 2853 per
2523 2782 2843 2854 prophetam
2871 2781 3099 2849 dicitur,
3146 2780 3208 2836 Si
3249 2780 3510 2836 volueritis
3556 2787 3602 2833 rt

2024 2878 2295 2933 audieritis
2324 2894 2423 2943 me,
2451 2887 2634 2934 nostra
2664 2877 2984 2933 convenitur
3010 2877 3170 2951 5,61
3199 2877 3471 2942 voluntas,
3498 2890 3602 2945 qua

2025 2969 2281 3025 debemus
2307 2978 2362 3025 et
2387 2985 2603 3040 semper
2629 2970 2829 3024 bonum
2859 2967 2996 3024 velle
3014 3006 3028 3034 ,
3083 2984 3146 3023 ac
3172 2968 3326 3023 bonis
3353 2966 3602 3037 operibus

2025 3060 2390 3115 indesinenter
2416 3075 2480 3115 ac
2508 3060 2740 3115 libenter
2759 3059 3026 3116 insistere.
3058 3056 3191 3113 Cum
3216 3073 3345 3113 vero
3374 3056 3602 3128 Aposto-

2024 3149 2107 3204 lus
2130 3148 2259 3204 dicit
2285 3150 2409 3220 quia
2441 3148 2581 3205 Deus
2610 3156 2686 3204 est
2711 3150 2796 3220 qui
2819 3158 3063 3220 operatur
3084 3149 3139 3202 in
3168 3146 3312 3203 nobis
3333 3157 3383 3202 et
3408 3146 3531 3201 velle
3554 3155 3602 3202 et

326 3239 437 3294 que
483 3222 752 3293 adjutorio
773 3224 959 3292 gratitc
989 3224 1083 3279 Dei
1104 3238 1452 3294 cognoscere,
1481 3236 1538 3281 ut
1559 3227 1683 3282 dum
1702 3243 1761 3283 se
1780 3243 1918 3299 pra:-

326 3315 492 3340 -.-M:o
509 3331 604 3340 ηιμ..
623 3314 966 3340 ,ΛΜΛΙεηη---αα
996 3316 1182 3340 J2-.:-.M
1206 3317 1493 3340 -.-1----ι,ιε,
1520 3317 1739 3340 2.....I.-_.-
1760 3336 1785 3340 μ
1802 3335 1911 3340 ---Α

2023 3241 2293 3311 perﬁcere,
2319 3257 2414 3311 pro
2436 3238 2571 3295 bona
2591 3239 2851 3294 uoluntate
2890 3238 3112 3307 (Philip.
3132 3255 3187 3304 It,
3217 3237 3327 3308 l3),
3370 3236 3601 3293 ostendit

324 3315 496 3369 sumit
509 3331 604 3386 per
622 3314 969 3386 semetipsum
992 3316 1184 3371 divina:
1206 3317 1496 3373 voluntatis
1520 3317 1744 3390 implere
1759 3335 1917 3391 posse

324 3410 621 3474 mandata,
674 3425 783 3464 non
828 3409 1167 3480 obtemperet
1203 3410 1477 3467 humiliter
1503 3412 1770 3467 voluntati
1797 3412 1914 3479 Dei,

324 3500 422 3555 sed
447 3501 650 3555 bonum
671 3500 813 3555 male
834 3499 1035 3555 faciens
1060 3516 1161 3556 suo
1187 3501 1368 3571 potius
1393 3501 1682 3557 famuletur
1706 3503 1912 3559 errori:

326 3591 458 3647 dum
488 3591 695 3648 scilicet
723 3592 976 3661 ignorans
1022 3591 1115 3646 Dei
1139 3591 1421 3661 justitiam,
1453 3602 1508 3649 et
1539 3610 1690 3649 suam
1731 3595 1918 3651 volens

327 3686 682 3750 constituere,
707 3685 927 3755 justitire
950 3684 1044 3740 Dei
1073 3701 1180 3740 nou
1209 3694 1293 3740 est
1319 3685 1618 3753 subjectum
1643 3686 1822 3758 (Rom.
1861 3705 1913 3755 ι,

327 3776 416 3849 5);
447 3777 662 3847 quando
687 3777 951 3843 linislegis
974 3792 1082 3831 non
1099 3776 1200 3832 nisi
1222 3776 1464 3832 Christus
1488 3776 1638 3832 sitad
1655 3776 1914 3847 justitiam

327 3870 481 3925 oruni
505 3869 748 3926 credenti
779 3868 964 3943 (Ibid.,
989 3867 1067 3940 4).

399 3960 456 4015 '5.
490 3961 726 4018 Medicus
767 3960 949 4031 itaque
978 3969 1161 4015 noster
1190 3959 1394 4030 peritus
1427 3944 1480 4015 et
1509 3960 1709 4027 bonus,
1753 3963 1919 4030 gratis

326 4052 393 4108 ad
424 4053 597 4107 vitam
623 4052 940 4107 reducturus
967 4059 1247 4115 mortuos”
1282 4066 1346 4105 ac
1372 4052 1585 4106 sanitati
1613 4052 1918 4108 redditurus

329 4151 588 4210 :egrotos,
614 4143 728 4213 ipse
748 4142 1113 4210 languentium
1145 4142 1310 4207 salus,
1339 4149 1393 4196 et
1421 4143 1746 4198 resurrectio
1769 4159 1915 4198 mor-

330 4241 573 4298 tuorum,
605 4231 658 4286 in
687 4248 754 4288 eo
784 4231 1117 4288 viviﬁcandis
1144 4247 1207 4287 ac
1235 4232 1488 4287 sanandis
1509 4233 1814 4290 hominibus
1843 4234 1920 4290 in-

330 4324 626 4395 superabili
668 4322 911 4378 bonitate
950 4323 1248 4388 consuluit,
1282 4324 1334 4378 in
1365 4339 1473 4394 quo
1501 4323 1825 4379 medicinam
1856 4341 1916 4382 se

332 4414 492 4471 nobis
521 4413 657 4468 idem
690 4414 927 4468 medicus
955 4412 1101 4469 fecit.
1134 4412 1240 4468 Sed
1268 4422 1326 4468 ut
1353 4414 1598 4469 ordinem
1624 4429 1735 4469 sua:
1755 4430 1914 4470 cura-

334 4505 500 4561 tionis
539 4502 814 4574 Sapicntia
856 4505 948 4560 Dei
977 4505 1250 4575 sapienter
1272 4506 1551 4574 expleret,
1601 4507 1749 4576 prius
1777 4522 1915 4577 pne-

332 4608 551 4671 ceptum
574 4600 725 4656 dedit
753 4617 847 4671 per
869 4601 1040 4669 legem
1066 4600 1305 4669 justitim,
1329 4615 1437 4669 quo
1461 4616 1613 4655 suam
1634 4599 1915 4655 inﬁrmita-

334 4700 444 4747 tem
472 4701 706 4763 aegrotus
735 4700 1068 4763 agnosceret,
1094 4691 1315 4748 daturus
1335 4691 1585 4747 allectum
1616 4702 1640 4730 ι
1672 4708 1769 4763 per
1795 4709 1916 4764 gra-

334 4783 499 4847 tiam,
540 4800 649 4854 quo
690 4782 932 4839 inﬁrmus
961 4799 1072 4838 sum
1114 4781 1440 4847 inﬁrmitatis
1468 4783 1753 4838 salubriter
1786 4799 1917 4839 cou-

333 4878 499 4942 seius,
544 4894 650 4933 non
676 4879 786 4947 jam
818 4876 1095 4933 conﬁdens
1138 4877 1190 4930 in
1219 4876 1421 4948 virtute
1448 4892 1543 4931 sua
1572 4883 1915 4943 tumesceret,

333 4968 425 5024 sed
445 4968 618 5039 ipsum
642 4966 843 5023 fontem
867 4968 988 5022 vita:
1008 4966 1305 5039 salutisque
1328 4981 1682 5035 cognoscens,
1711 4966 1778 5020 ab
1802 4966 1916 5036 ipso

333 5060 433 5116 sibi
450 5061 696 5115 sanitatis
714 5059 1030 5115 beneﬁcium
1053 5058 1351 5130 postularet
1378 5076 1390 5111 :
1416 5072 1517 5113 nec
1536 5073 1686 5113 suam
1707 5056 1918 5126 jactans

336 5151 566 5221 superbo
598 5151 760 5206 corde
784 5150 1083 5220 justitiam,
1133 5151 1212 5205 sic
1248 5165 1306 5204 se
1352 5158 1570 5219 putaret
1606 5149 1838 5205 alienum
1882 5167 1911 5205 a

337 5240 546 5308 tnorbo,
571 5249 823 5312 tanquam
854 5255 961 5295 non
991 5249 1174 5309 egeret
1202 5240 1495 5295 curationis
1521 5240 1719 5294 auxilio
1751 5240 1917 5313 [trude

338 5330 424 5385 ifla
454 5347 556 5386 vox
592 5331 843 5386 Pharisasi
873 5339 957 5387 est
998 5349 1010 5385 :
1050 5331 1189 5384 Dens
1209 5371 1224 5395 ,
1267 5332 1465 5402 gratias
1498 5329 1588 5384 tibi
1618 5347 1714 5402 ago
1734 5372 1749 5398 ,
1797 5333 1917 5403 quia

336 5437 437 5475 non
459 5440 570 5476 sum
593 5424 725 5488 sicut
746 5423 918 5477 (αἰαὶ
947 5422 1200 5489 homines,
1235 5431 1466 5492 raptores
1485 5460 1499 5485 ,
1531 5422 1733 5492 injusti,
1767 5422 1919 5475 adul-

338 5512 447 5577 teri,
474 5522 602 5568 s'cut
630 5523 678 5566 et
707 5513 1008 5583 publicanus
1038 5514 1133 5566 iste
1156 5510 1644 5583 (Luc.xvut,li)];
1675 5512 1773 5567 sed
1797 5514 1913 5567 vul-

338 5614 460 5656 nera
492 5619 586 5658 sua
618 5603 832 5657 contriti
864 5601 1045 5657 cordis
1074 5603 1373 5658 humilitate
1403 5603 1695 5674 respiciens
1715 5647 1728 5670 ,
1761 5620 1914 5659 vera-

409 5811 430 5836 “
460 5805 547 5858 Sic
577 5821 702 5858 mss.
736 5820 859 5858 ouo.
894 5802 932 5855 Ε
953 5803 1047 5863 Μ..
1082 5804 1344 5872 e/I‘ccmm.

2024 3335 2207 3405 utique
2237 3334 2404 3402 ipsam
2433 3332 2666 3388 hominis
2695 3331 3048 3397 voluntatem,
3079 3338 3134 3387 et
3161 3330 3227 3385 ad
3249 3330 3388 3385 bene
3416 3328 3603 3384 volen-

2019 3427 2148 3482 dum
2176 3440 2285 3480 non
2317 3424 2416 3480 nisi
2444 3423 2630 3479 divino
2655 3437 2879 3478 munere
2903 3421 3078 3491 dirigi,
3115 3429 3170 3476 et
3207 3419 3275 3476 ad
3305 3419 3442 3475 bene
3467 3432 3602 3488 ope-

2019 3516 2246 3573 raudum
2274 3515 2532 3571 divinitus
2560 3513 2820 3585 adjuvari.
2852 3512 2988 3569 Dum
3018 3526 3148 3582 ergo
3171 3512 3479 3584 praecipitur
3502 3526 3602 3566 no-

2020 3609 2102 3665 bis
2141 3616 2202 3663 ut
2231 3608 2491 3673 velimus,
2539 3606 2843 3662 ostenditur
2870 3606 2998 3676 quid
3030 3606 3230 3661 habere
3267 3603 3600 3668 debeamus;

2018 3700 2116 3757 sed
2143 3700 2268 3770 quia
2293 3700 2343 3754 id
2373 3714 2440 3755 ex
2468 3699 2625 3754 nobis
2647 3699 2847 3753 habere
2872 3715 2980 3754 non
3008 3713 3311 3769 possumus,
3334 3696 3600 3751 admone-

2021 3805 2140 3844 mur
2161 3798 2219 3844 ut
2244 3806 2276 3843 a
2303 3804 2411 3858 quo
2440 3789 2594 3844 nobis
2620 3789 2780 3843 datur
2807 3796 3164 3859 praeceptum,
3208 3786 3276 3842 ab
3306 3787 3423 3857 ipso
3452 3793 3599 3856 peta-

2020 3896 2138 3936 mus
2176 3880 2453 3934 auxilium.
2503 3876 2658 3944 Quod
2697 3884 2877 3932 tamen
2907 3893 3014 3932 non
3045 3891 3327 3947 possumus
3356 3889 3599 3945 poscere,

2020 3971 2121 4026 nisi
2152 3971 2292 4026 Deus
2322 3971 2374 4025 in
2404 3969 2560 4025 nobis
2586 3977 2841 4039 operetur
2868 3978 2924 4022 et
2955 3968 3115 4023 velle.
3165 3966 3429 4022 Voluntas
3455 3965 3600 4020 enim

2018 4078 2137 4132 qua:
2165 4062 2218 4116 in
2250 4061 2405 4116 nobis
2431 4061 2574 4116 bona
2603 4058 2631 4099 δ
2675 4059 2822 4115 dono
2863 4059 2958 4116 Dei
3006 4056 3313 4113 miserantis
3347 4054 3595 4117 eﬁicitur,

2019 4155 2132 4224 ipsa
2157 4154 2210 4209 in
2236 4153 2411 4217 nobis,
2433 4160 2490 4207 ut
2518 4152 2658 4207 bene
2679 4151 2893 4222 operari
2917 4149 3113 4214 valeat,
3145 4146 3446 4219 adjuvatur.
3471 4146 3599 4213 Qum

2018 4244 2087 4301 de
2116 4244 2272 4301 malis
2300 4244 2353 4298 in
2379 4242 2573 4314 quibus
2598 4248 2725 4297 ante
2749 4239 3188 4311 justiﬁcationem
3231 4238 3398 4310 jacet,
3449 4248 3505 4293 ct
3548 4237 3599 4292 in

2019 4336 2101 4393 eis
2123 4352 2246 4391 cum
2274 4336 2636 4393 delectatione
2658 4332 2865 4403 deﬁcit,
2895 4351 3002 4390 non
3032 4349 3127 4390 sua
3148 4334 3369 4398 virtute,
3389 4330 3483 4387 sed
3507 4330 3599 4388 Dei

2020 4428 2395 4500 praevenientis
2416 4428 2734 4499 operatione
2760 4426 3038 4494 consurgit
3065 4443 3079 4479 :
3104 4434 3158 4480 et
3179 4434 3463 4496 postquam
3484 4436 3599 4476 sur-

2020 4522 2241 4590 rexerit,
2272 4528 2328 4576 ut
2358 4537 2467 4575 non
2498 4520 2676 4588 cadat,
2707 4520 2820 4575 sola
2847 4520 2944 4574 sibi
2974 4535 3081 4573 non
3106 4525 3283 4588 potest
3315 4513 3599 4582 sufﬁcere;

2021 4609 2115 4664 sed
2140 4610 2280 4666 sicut
2308 4609 2376 4665 ad
2405 4607 2730 4678 surgendum
2755 4608 3017 4663 beneﬁcio
3058 4605 3439 4661 misericordim
3462 4619 3599 4674 pra)»

2023 4701 2283 4757 venientis
2303 4700 2545 4769 erigitur,
2571 4701 2647 4755 sic
2661 4700 2727 4754 ad
2749 4698 3200 4770 perseverandum
3223 4697 3599 4754 misericordia:

2019 4790 2397 4860 subsequentis
2422 4789 2697 4859 juvamine
2730 4791 3051 4845 custoditur.

2088 4878 2218 4935 Cn.
2248 4897 2300 4934 v.
2329 4913 2401 4923 —
2431 4880 2480 4933 7.
2512 4879 2711 4937 Beatus
2737 4881 2916 4952 itaque
2946 4879 3133 4945 David,
3165 4887 3223 4935 et
3250 4878 3468 4935 humani
3511 4892 3598 4932 ar-

2021 4971 2164 5026 bitrii
2194 4971 2559 5037 voluntatem,
2609 4982 2663 5028 et
2691 4973 2942 5030 virtutem
2987 4972 3181 5027 divina:
3208 4971 3393 5041 gratia:
3437 4983 3599 5025 reco-

2019 5077 2300 5131 gnoscens,
2326 5065 2578 5119 convenit
2604 5064 2820 5135 quidem
2851 5079 2977 5129 nos,
2993 5074 3049 5119 ut
3075 5063 3332 5118 faciamus
3360 5060 3558 5115 bonum
3583 5076 3598 5123 ;

2019 5154 2117 5209 sed
2145 5154 2289 5225 quod
2331 5170 2361 5210 a
2402 5156 2556 5212 nobis
2587 5157 2817 5227 imperat
2857 5156 3002 5219 ﬁeri,
3051 5155 3174 5209 inde
3221 5152 3375 5207 nobis
3403 5151 3595 5221 poscit,

2024 5245 2163 5301 unde
2191 5262 2291 5301 nos
2320 5247 2518 5303 habere
2544 5263 2703 5318 posse
2730 5263 2838 5303 non
2881 5246 3121 5313 ambigit.
3169 5242 3470 5297 llumauum
3501 5241 3597 5308 igi-

2022 5347 2108 5393 tur
2135 5339 2415 5395 arbitrium
2461 5339 2529 5395 ad
2569 5341 2976 5396 conversionem
3009 5351 3307 5407 provocans
3329 5374 3343 5398 ,
3396 5333 3596 5389 salubri

2020 5432 2398 5501 prmdicatioue
2428 5441 2613 5494 terret,
2645 5433 2830 5487 dicens
2859 5448 2871 5483 :
2904 5428 3030 5483 Nisi
3057 5427 3419 5481 roncertamini
3438 5468 3453 5493 ,
3485 5425 3596 5497 gla-

2018 5520 2160 5574 dium
2187 5538 2334 5576 sttttnt
2358 5521 2569 5577 uibrauit
2594 5564 2607 5589 ,
2654 5537 2843 5574 arcum.
2860 5535 3004 5573 suum
3034 5517 3284 5585 tetendit,
3313 5527 3360 5571 et
3386 5516 3594 5587 pararit

2016 5609 2159 5663 illum
2191 5608 2358 5679 (Psal.
2396 5627 2483 5674 vlt,
2513 5608 2617 5679 l3).
2660 5608 2764 5665 Sed
2796 5607 3179 5663 utostctnlrret
3205 5605 3347 5677 quod
3375 5604 3589 5675 operari

409 5872 432 5910 ι’
460 5872 580 5932 ιιίινι·
614 5893 732 5933 vos.
763 5874 913 5935 bona,
943 5868 1135 5942 legitur
1163 5876 1211 5928 iu
1246 5891 1373 5930 mss.
1400 5872 1631 5938 duobus,
1659 5888 1762 5928 non
1784 5887 1912 5928 vero
1946 5873 1997 5929 iu
2030 5868 2219 5924 editisr
