4046 6552
475 385 603 481 is.

1556 426 1611 482 s.
1655 380 2014 480 remearn
2043 421 2342 480 EPIS..0PI
2385 419 2755 480 ltD-Sl'ENSlS

3699 419 3809 476 σενι

513 541 1292 614 praecipimur,conversionem
1312 557 1472 612 quam
1489 542 1640 595 nobis
1653 540 1926 611 pnedicat,
1945 539 2087 594 dono
2116 550 2167 610 Α
2193 539 2448 608 assignet,
2481 539 2721 592 ostendit
2760 539 2895 593 liber
2923 537 3150 593 Actuum
3180 539 3573 610 apostolorum,
3610 537 3695 592 ad
3720 555 3812 592 re-

511 650 756 705 iupcrntc
784 636 1115 705 operationis
1143 636 1394 710 assignat,
1424 632 1604 688 dicens
1637 650 1650 684 :
1687 631 1844 695 Deus,
1879 641 1927 684 tu
1960 648 2084 685 con-

514 738 706 784 uertens
719 728 1000 798 uiviﬁcabis
1021 746 1136 796 nos,
1157 737 1206 781 et
1227 725 1368 797 plebs
1387 735 1478 779 tua
1503 725 1761 779 ltt’lubllttr
1775 727 1828 778 in
1849 723 2084 793 te(f'sal.

513 835 728 880 Lsxxtv,
766 819 842 890 7).
877 817 945 873 Ut
972 821 1132 873 etiam
1163 833 1270 873 sua:
1307 820 1496 872 anima:
1522 817 1885 887 unusquisque
1925 818 2087 872 misc-

514 923 715 975 reatur,
749 921 803 966 et
834 911 944 967 Deo
964 913 1498 982 placeatJmmanum
1529 911 1709 965 divino
1733 926 1984 966 sermone
2011 911 2090 967 sic

499 1005 834 1058 admonetur
867 1005 1143 1059 arbitrium
1178 1023 1189 1056 :
1229 1003 1470 1058 Miserere
1499 1005 1690 1058 animae
1719 1013 1850 1068 tuae,
1882 1004 2089 1074 placens

518 1093 630 1149 Deo
660 1093 846 1166 (Eccli.
881 1112 1003 1157 xxx,
1037 1095 1148 1160 2i).
1177 1095 1311 1162 Quia
1341 1111 1469 1150 vero
1499 1112 1657 1150 nemo
1686 1104 1862 1166 potest
1900 1097 2091 1150 animm

516 1201 624 1238 sua:
665 1186 947 1252 misereri,
987 1186 1084 1239 nisi
1116 1187 1205 1256 qui
1241 1186 1334 1241 Dei
1376 1185 1738 1241 misericordia
1784 1197 2091 1256 praeventus

517 1276 782 1345 acceperit
805 1285 862 1328 ut
886 1276 1192 1330 misericors
1217 1276 1303 1339 sit,
1331 1277 1442 1346 ipse
1464 1276 1843 1330 misericordia:
1873 1277 2092 1345 largitor

516 1368 748 1422 edocens
760 1367 890 1420 dicit
913 1384 925 1419 :
952 1366 1002 1419 Μ
1012 1367 1235 1421 isereber
1251 1369 1330 1421 cui
1348 1369 1608 1431 misereor,
1625 1377 1670 1420 et
1687 1367 2090 1421 misericordfam

518 1459 772 1529 pra‘stabo
801 1459 952 1530 cujus
977 1458 1253 1514 misertbor
1284 1459 1478 1532 (Exod.
1513 1477 1699 1523 xxxtu,
1727 1459 1833 1528 l9).
1884 1459 2010 1513 Ideo
2037 1467 2093 1514 ct

516 1553 702 1607 beatus
726 1551 889 1608 David
911 1549 1043 1606 dicit
1067 1569 1079 1603 :
1105 1549 1244 1604 Deus
1270 1567 1427 1614 meus,
1454 1549 1804 1604 misericordia
1834 1551 1945 1620 ejus
1966 1565 2095 1619 pra:-

516 1629 678 1698 ueniet
708 1660 786 1696 me
817 1641 991 1704 (Psal.
1024 1658 1164 1707 Lvm,
1195 1641 1303 1712 ll).
1341 1641 1406 1695 Et
1433 1642 1556 1712 quia
1593 1643 1702 1696 Deo
1732 1655 1889 1694 nemo
1917 1649 2094 1710 potest

516 1734 751 1805 placere,
783 1733 881 1786 nisi
907 1733 958 1786 in
983 1748 1048 1786 co
1071 1732 1210 1787 Deus
1231 1741 1484 1802 operetur
1505 1731 1646 1801 quod
1679 1730 1887 1800 placeat
1911 1746 2091 1785 coram

515 1841 594 1890 se,
616 1825 668 1879 in
693 1823 932 1894 Epistola
948 1838 1065 1892 qua:
1085 1822 1149 1876 ad
1179 1821 1431 1877 Hebraeos
1452 1832 1534 1876 est
1561 1822 1682 1890 seri,
1705 1829 1777 1884 ta,
1811 1819 2094 1876 manifeste

2189 631 2493 700 eipiendum
2523 630 2842 684 Christianae
2872 629 3270 698 pradicationis
3299 631 3524 686 verbum
3575 646 3652 684 os
3696 628 3806 682 bu-

2175 722 2332 776 -mani
2355 721 2531 776 cordis
2557 721 2802 788 largitate
2822 721 2989 776 divini
3015 722 3255 776 muneris
3282 723 3499 792 aperiri.
3537 723 3626 777 lbi
3651 720 3810 776 estita

2189 815 2446 884 scriptum
2472 813 2644 868 estde
2670 814 2904 882 quadam
2947 813 3172 870 muliere
3209 814 3425 870 nomine
3456 813 3641 884 Lydia
3669 829 3810 883 pur-

2190 908 2403 979 puraria
2452 925 2463 959 :
2515 908 2672 978 (Tujus
2705 906 2955 961 Dominus
3007 908 3210 976 aperuit
3258 925 3347 962 cur
3392 907 3690 963 intendere
3743 906 3810 959 iis

2190 1017 2300 1072 quia:
2332 1000 2634 1054 dicebantur
2661 1017 2693 1052 ιι
2734 997 2902 1053 Paulo
2933 1001 3070 1072 (Act.
3105 1016 3219 1062 svi.
3256 999 3362 1070 ll).
3410 998 3622 1054 lterum
3659 999 3810 1054 serie

2191 1098 2340 1160 ptum
2370 1098 2470 1153 est,
2499 1090 2623 1158 quia
2654 1090 2910 1159 sapientia
2941 1089 3144 1160 aperuit
3169 1107 3225 1144 os
3256 1100 3467 1154 mutum,
3498 1101 3549 1144 et
3571 1089 3811 1160 linguas

2191 1181 2470 1252 infantium
2495 1182 2612 1252 fecit
2642 1181 2867 1234 disertus
2913 1180 3077 1251 (Sap.
3112 1198 3164 1246 ι,
3202 1181 3264 1235 ει
3286 1183 3324 1250 ).
3360 1181 3589 1251 Aperuit
3644 1180 3807 1234 enim

2193 1289 2253 1328 os
2283 1281 2508 1339 mutum,
2540 1278 2594 1326 ut
2619 1271 2878 1326 increduli
2905 1271 3228 1334 crederent;
3279 1271 3632 1342 disertasque
3668 1269 3810 1326 fecit

2194 1364 2472 1420 infantium
2501 1363 2708 1431 linguas
2727 1403 2741 1427 ,
2774 1370 2830 1418 ut
2851 1362 2996 1432 quod
3017 1362 3359 1418 crediderant
3388 1362 3804 1432 prmdicarent.

2195 1453 2346 1510 Unde
2358 1471 2467 1509 non
2492 1454 2760 1509 immerito
2778 1453 3152 1509 credulitatem
3167 1453 3611 1523 locutionemque
3635 1467 3807 1507 suam

2193 1551 2363 1606 sancti
2392 1548 2622 1619 Spiritus
2661 1546 2804 1602 dono
2847 1546 3046 1603 Paulus
3090 1546 3350 1612 ascribit,
3390 1546 3584 1601 dicens
3619 1563 3635 1599 :
3673 1543 3806 1598 Ila-

2195 1638 2368 1693 bentes
2393 1645 2564 1692 autem
2589 1636 2820 1691 eumdem
2867 1636 3122 1707 Spiritum
3151 1636 3307 1706 ﬁdei,
3356 1637 3488 1690 sicut
3527 1637 3803 1706 scriptum

2193 1739 2290 1794 est,
2321 1727 2559 1791 Credidi,
2591 1735 2799 1797 propter
2825 1725 2961 1795 quod
2990 1726 3188 1780 locutus
3217 1743 3327 1780 sum
3351 1745 3368 1789 ;
3399 1735 3448 1779 et
3490 1743 3589 1781 nos
3618 1725 3801 1778 cradi-

2196 1839 2329 1885 mus,
2360 1829 2568 1890 propter
2598 1820 2734 1889 quod
2763 1831 2812 1873 et
2840 1819 3095 1889 loquimur
3121 1817 3220 1887 (Il
3252 1818 3368 1872 Cor.
3400 1835 3470 1881 tv,
3501 1816 3626 1886 1⁸5).
3685 1815 3801 1870 Vo-

515 1917 748 1987 positnm
779 1922 878 1968 est.
927 1913 1001 1966 lbi
1032 1913 1230 1982 quippe
1255 1912 1449 1968 dicitur
1494 1930 1506 1964 :
1556 1911 1696 1966 Deus
1724 1921 1894 1965 autent
1922 1913 2089 1982 pacis,
2127 1929 2165 1986 ιι
2195 1912 2424 1968 lunlarie
2447 1913 2609 1967 homo
2630 1910 2822 1976 credit,
2851 1918 2906 1966 et
2933 1910 3232 1965 voluntarie
3259 1910 3524 1979 loquitur;
3555 1909 3658 1964 sed
3686 1909 3799 1966 hoc

515 2007 601 2076 qui
629 2004 806 2058 eduxit
831 2003 895 2056 de
915 2004 1130 2056 mortuis
1151 2011 1408 2070 pastorem
1428 2017 1674 2073 magnum
1695 2001 1861 2055 ouium
1886 2002 1938 2055 in
1968 2018 2092 2055 sau-

516 2098 670 2166 guine
701 2095 1013 2148 Testameuti
1059 2095 1268 2156 wterni,
1327 2092 1598 2146 Dominum
1641 2101 1873 2147 nostrum
1913 2091 2090 2147 Jcsum

518 2185 796 2249 Chris'um,
829 2193 966 2254 aptet
991 2200 1074 2238 vos
1102 2185 1154 2236 in
1181 2185 1318 2237 omni
1349 2182 1510 2249 bona,
1539 2191 1592 2235 ιιι
1623 2183 1831 2252 faciatis
1856 2182 2091 2237 volunta-

520 2290 617 2332 tem
639 2279 771 2349 ejus,
802 2279 872 2347 {at
889 2276 996 2328 iens
1019 2275 1073 2327 in
1094 2273 1230 2328 robis
1257 2274 1390 2345 quod
1411 2276 1610 2344 placeat
1625 2289 1798 2327 coram
1826 2291 1878 2328 se
1902 2273 2085 2344 (Ilcbr.

519 2386 630 2436 sm,
663 2366 876 2436 20,2l).

586 2461 640 2516 8.
686 2459 796 2516 Deo
826 2461 984 2530 igitur
1017 2477 1122 2514 non
1151 2460 1422 2529 placemus
1454 2457 1551 2512 nisi
1582 2458 1838 2522 velimus;
1893 2458 1985 2512 sed
2024 2458 2090 2512 ab

528 2551 644 2620 ipso
666 2550 822 2606 nobis
852 2549 1103 2604 tribuitur
1129 2557 1183 2602 ut
1209 2549 1462 2612 velimus,
1509 2563 1538 2601 a
1568 2563 1675 2618 quo
1717 2547 1817 2602 nisi
1848 2547 2091 2602 voluntas

518 2642 748 2698 hominis
775 2651 1011 2697 mutetur
1034 2649 1091 2696 ut
1119 2642 1261 2695 bona
1283 2639 1372 2706 sit,
1397 2647 1489 2694 aut
1517 2651 1732 2708 semper
1750 2640 1954 2709 appetit
1981 2653 2092 2691 ma-

529 2752 656 2789 ιιιιιι.
675 2742 764 2788 aut
794 2749 1063 2802 nunquam
1096 2733 1232 2786 bene
1261 2730 1462 2800 appetit
1490 2730 1690 2784 bonum
1714 2747 1728 2795 ;
1771 2745 1834 2784 ac
1861 2730 1938 2784 sic
1965 2728 2091 2783 dum

523 2825 578 2875 in
598 2822 756 2878 rebus
783 2824 938 2878 bonis
969 2831 1174 2879 rectmn
1205 2821 1446 2876 ordinem
1479 2835 1584 2874 non
1612 2828 1790 2885 tenet,
1822 2817 1935 2874 Deo
1964 2834 2092 2875 vero

526 2925 575 2980 et
603 2917 745 2974 bono
773 2917 1076 2972 nullatenus
1116 2917 1312 2988 placet.
1346 2915 1455 2971 Deo
1493 2930 1625 2984 ergo
1653 2931 1758 2971 non
1797 2915 2091 2986 placemus,

527 3007 619 3062 uisi
649 3007 702 3061 in
733 3006 1006 3062 voluntate
1035 3007 1174 3064 bona
1201 3024 1215 3072 ;
1258 3003 1352 3060 sed
1387 3013 1443 3058 ut
1471 3005 1520 3059 ei
1552 3005 1858 3075 placeamus
1888 3016 1910 3040 ³·
1931 3045 1946 3069 ,
1978 3005 2093 3074 ipse

525 3113 618 3152 nos
646 3106 794 3167 aptat
834 3098 884 3151 in
913 3098 1060 3152 omni
1086 3098 1250 3153 bono.
1284 3096 1628 3151 Voluntatem
1672 3110 1887 3165 quoque
1933 3095 2093 3168 462

521 3190 635 3259 ejus
663 3207 782 3247 cum
815 3191 1060 3258 facimus,
1090 3193 1336 3248 volentes
1366 3190 1622 3255 facimus;
1665 3193 1757 3246 sed
1782 3199 1835 3245 ut
1863 3206 1982 3245 eam
2012 3188 2091 3243 fa—

2193 2021 2257 2061 ex
2282 2021 2340 2060 se
2369 2005 2618 2059 voluntas
2642 2002 2876 2058 hominis
2903 2001 3102 2056 habere
3133 2017 3240 2056 non
3270 2010 3470 2071 potest,
3504 2001 3610 2055 nisi
3643 2000 3799 2056 Deus

2191 2097 2282 2152 det
2325 2115 2336 2149 :
2368 2096 2494 2166 quia
2521 2103 2578 2150 ut
2603 2092 2834 2149 inﬁdelis
2861 2091 2886 2131 ἀ
2917 2092 3127 2154 credat,
3175 2091 3452 2162 Sapientia
3482 2107 3544 2145 os
3571 2099 3795 2144 mutum

2191 2187 2404 2259 aperit;
2455 2195 2509 2242 et
2540 2195 2598 2241 ut
2638 2184 2866 2242 credens
2914 2184 3199 2254 loquatur,
3245 2182 3454 2252 linguas
3491 2181 3793 2237 infantium

2191 2280 2422 2337 disertus
2451 2279 2596 2336 facit.
3187 2268 3194 2276 ’

2263 2370 2351 2426 l0.
2407 2369 2679 2440 Praecepta
2711 2369 2872 2438 igitur
2899 2368 3092 2438 quibus
3133 2384 3228 2438 per
3275 2368 3570 2438 pr0phetas
3617 2375 3792 2435 atque

2191 2464 2468 2536 apostolos
2490 2461 2845 2517 admonemur
2869 2459 2999 2534 quid
3021 2460 3315 2516 debeamus
3343 2467 3626 2529 appetere,
3653 2457 3788 2529 quid

2192 2555 2390 2619 vitare,
2422 2552 2751 2608 conveniunt
2780 2559 3022 2606 nostrum
3045 2550 3361 2615 arbitrium,
3395 2559 3453 2604 ut
3481 2549 3789 2604 Dominicis

2187 2644 2350 2714 jussis
2379 2643 2682 2698 voluntarie
2719 2642 3038 2698 serviamus.
3069 2639 3174 2696 Sed
3204 2657 3326 2697 cum
3367 2641 3465 2712 ipsi
3496 2640 3786 2712 propheta:

2191 2746 2249 2792 et
2291 2735 2542 2806 apostoli,
2591 2735 2682 2805 qui
2712 2733 2914 2804 Spiritu
2944 2742 3133 2789 sancto
3162 2731 3355 2803 repleti
3386 2742 3574 2787 sancte
3621 2733 3784 2788 vixe-

2194 2833 2351 2893 runt,
2382 2833 2676 2896 sanctaque
2705 2824 3041 2888 docuerunt,
3084 2838 3356 2894 nunquam
3397 2822 3709 2878 destiterint
3752 2839 3784 2877 a

2193 2918 2559 2990 postulatione
2582 2918 2746 2972 divini
2771 2915 3061 2988 juvaminis
3110 2915 3347 2986 (quippe
3388 2915 3452 2968 ad
3505 2914 3781 2985 implenda

2193 3026 2312 3081 qum
2354 3010 2493 3065 Deus
2535 3008 2770 3078 iubebat,
2804 3008 2870 3061 ab
2909 3007 3026 3077 ipso
3056 3005 3313 3060 auxilium
3354 3004 3779 3076 requirebant);

2194 3103 2381 3176 procul
2411 3101 2572 3157 dubio
2603 3101 2740 3156 sicut
2773 3115 2877 3154 non
2908 3099 3174 3168 negabant
3204 3098 3380 3153 inesse
3409 3097 3612 3151 homini
3644 3097 3778 3152 libe-

2195 3211 2312 3250 rum
2357 3191 2648 3247 voluntatis
2689 3190 3011 3257 arbitrium,
3060 3190 3138 3244 sic
3183 3188 3311 3242 illud
3361 3189 3476 3244 sine
3502 3187 3782 3257 juvamino

522 3282 742 3344 ciamus,
776 3282 889 3351 ipse
936 3281 1060 3337 facit
1110 3283 1162 3336 in
1213 3283 1366 3336 nobis
1394 3281 1536 3351 ιιιιιιιι
1567 3283 1773 3351 placeat
1799 3297 1981 3336 coram
2011 3295 2089 3335 se.
2122 3308 2168 3370 Β
2198 3285 2380 3357 gratia:
2403 3283 2518 3347 Dei,
2556 3281 2625 3337 ad
2648 3297 2711 3338 ea
2743 3298 2860 3353 qua:
2899 3290 3087 3336 sancta
3117 3290 3243 3334 sunt
3277 3297 3380 3334 non
3413 3280 3589 3336 solum
3619 3295 3778 3348 agen-

525 3371 685 3426 David
717 3373 858 3425 enim
888 3372 1054 3426 dicit:
1086 3371 1153 3426 Ut
1185 3374 1374 3438 facium
1399 3370 1707 3425 voluntatem
1749 3382 1886 3425 tuam
1909 3411 1923 3435 ,
1957 3369 2096 3422 Deus

525 3480 686 3525 meus,
720 3464 855 3517 rolui
894 3463 1064 3534 (Psal.
1101 3479 1286 3531 χχχιιι,
1317 3463 1395 3535 9).
1427 3465 1529 3518 Sed
1558 3463 1623 3518 ad
1651 3464 1819 3534 ipsam
1847 3462 2094 3518 volunta-

526 3562 629 3604 tem
661 3551 954 3606 faciendam
983 3552 1167 3618 gratia:
1203 3551 1459 3620 spiritalis
1485 3552 1653 3621 poscit
1679 3551 1954 3616 auxilium,
1988 3566 2091 3621 qua

525 3645 786 3697 doceatur
825 3652 882 3697 ut
908 3643 1060 3708 sciat,
1107 3650 1164 3698 et
1191 3643 1452 3710 dirigatur
1480 3652 1538 3698 ιιι
1567 3643 1744 3699 faciat.
1780 3641 1931 3698 Unde
1959 3652 2015 3698 et
2043 3643 2095 3698 in

526 3733 631 3787 alio
660 3733 782 3788 loco
811 3735 887 3788 sic
915 3743 1034 3788 orat
1063 3735 1087 3772 ι’
1131 3753 1151 3788 :
1193 3733 1331 3788 Doce
1366 3751 1446 3789 me
1473 3744 1529 3788 ut
1559 3736 1748 3807 faciam
1788 3734 2099 3790 uoluntatem

527 3833 688 3888 tuam,
711 3825 832 3895 quia
863 3834 915 3877 tu
935 3841 990 3878 cs
1019 3823 1158 3878 Deus
1187 3841 1327 3878 meus
1353 3823 1525 3896 (Psal.
1557 3840 1717 3891 ωιιιι,
1745 3823 1866 3895 10);
1899 3824 2103 3879 statim-

524 3927 630 3980 que
654 3914 882 3982 subjecit
917 3933 928 3968 :
964 3915 1194 3985 Spiritus
1220 3924 1334 3970 tuus
1365 3915 1526 3970 bonus
1557 3916 1768 3970 deducet
1791 3933 1872 3970 me
1891 3918 1943 3970 in
1967 3916 2101 3969 viam

527 4002 717 4059 rectam
736 4005 946 4077 (Ibid).
994 4007 1125 4062 ltent
1151 4007 1315 4062 Isaias
1336 4009 1594 4078 praecipit,
1619 4009 1804 4064 dicens
1829 4027 1841 4061 :
1873 4007 2103 4062 Derelin-

525 4109 646 4169 quat
667 4100 848 4170 impius
867 4102 1000 4154 viam
1016 4118 1183 4167 suam,
1212 4109 1261 4156 et
1285 4102 1360 4155 vir
1381 4102 1588 4173 iniquus
1603 4101 1938 4173 cogitationes
1957 4117 2100 4165 suas,

526 4197 574 4242 et
594 4200 914 4246 convertatur
936 4191 1006 4244 ad
1035 4191 1313 4248 Dominum
1348 4192 1502 4260 (lsai.
1533 4208 1622 4260 LV,
1655 4193 1732 4263 7).
1755 4191 1951 4247 Paulus
1975 4206 2105 4260 quo-

528 4298 630 4350 que
658 4283 931 4352 apostolus
976 4285 1221 4338 hortatur
1250 4293 1308 4338 ut
1336 4299 1660 4339 renovemur
1687 4283 1877 4353 spiritu
1906 4283 2102 4338 mentis

529 4379 748 4434 thSll‘m,
770 4380 826 4424 et
846 4372 1127 4427 induamus
1154 4390 1347 4428 novum
1375 4375 1668 4435 hominem,
1694 4374 1783 4441 qui
1808 4373 2100 4429 secundum

535 4459 699 4512 Deum
727 4469 938 4514 creatus
967 4470 1049 4515 est
1099 4462 1149 4515 in
1193 4461 1397 4530 jnstilia
1441 4473 1496 4517 et
1537 4461 1819 4517 sanctitate
1863 4463 2102 4518 veritatis

533 4547 746 4621 (Ephes.
781 4568 850 4617 IV,
877 4551 965 4618 23,
998 4551 1105 4624 λιι

2199 3377 2294 3443 da,
2325 3376 2419 3431 sed
2447 3376 2607 3430 etiam
2637 3372 2922 3442 cogitanda
2952 3372 3279 3427 insufliciens
3305 3381 3464 3442 atque
3488 3372 3779 3427 invalidum

2199 3465 2552 3521 testabantur.
2605 3462 2756 3519 Unde
2809 3471 3026 3518 sanctus
3066 3462 3355 3532 Apostolus
3393 3463 3684 3516 ostendens
3726 3467 3776 3517 in

2198 3557 2356 3630 483
2385 3556 2602 3611 homine
2649 3554 2871 3609 liberum
2900 3553 3189 3609 voluntatis
3228 3554 3525 3616 arbitrium,
3577 3554 3775 3624 Philip-

2202 3663 2394 3719 penses
2421 3646 2487 3700 ad
2516 3662 2577 3701 ea
2608 3661 2727 3715 qua:
2755 3653 2938 3700 sancta
2981 3653 3034 3698 et
3060 3644 3198 3714 jnsta
3231 3653 3352 3699 sunt
3383 3645 3663 3714 cogitanda
3694 3654 3777 3698 at-

2201 3755 2306 3810 que
2331 3739 2539 3810 agenda
2573 3737 2855 3808 praeceptis
2884 3737 3205 3793 salutaribus
3233 3737 3498 3801 hortatur,
3548 3738 3733 3792 dicens
3762 3755 3774 3790 :

2205 3829 2531 3903 Quaecunque
2556 3839 2675 3884 sunt
2703 3847 2843 3898 uera,
2886 3847 3196 3903 quwcunque
3228 3832 3432 3902 pudica,
3470 3847 3777 3902 quwcuuqne

2205 3931 2407 3988 sancta,
2439 3937 2750 3993 quacunque
2790 3922 2957 3992 justa,
2987 3937 3297 3991 quascunque
3344 3919 3490 3975 bona:
3530 3924 3704 3993 funale,
3735 3939 3777 3977 st

2203 4031 2302 4086 qua
2323 4015 2500 4076 uirtus,
2531 4015 2575 4068 si
2603 4031 2703 4085 qua
2730 4014 2866 4080 laus,
2908 4015 3015 4067 Ita'c
3043 4015 3265 4084 cogitate
3294 4031 3408 4085 qua:
3432 4015 3704 4081 didicistis,
3731 4024 3778 4069 et

2203 4104 2488 4174 accepistis,
2518 4114 2566 4156 et
2592 4103 2833 4168 audistis,
2865 4114 2913 4156 et
2938 4105 3137 4157 uidistis
3163 4105 3214 4156 in
3244 4121 3340 4157 nte.
3374 4103 3503 4159 Ilwc
3543 4107 3700 4176 agite,
3731 4112 3777 4158 et

2209 4195 2341 4250 Deus
2375 4197 2517 4268 pacis
2555 4198 2652 4250 erit
2683 4195 2935 4250 vobiscum
2964 4195 3182 4264 (Philip.
3213 4212 3282 4260 Iv,
3315 4195 3369 4263 8,
3401 4194 3476 4265 9).
3511 4195 3700 4252 Nonne
3727 4205 3779 4250 ct

2205 4301 2261 4345 ut
2288 4291 2541 4359 cogitent,
2573 4299 2628 4344 et
2660 4297 2717 4342 ut
2764 4297 2925 4356 agant
2954 4304 3071 4358 qua:
3101 4298 3283 4341 sancta
3313 4296 3454 4350 sunt,
3499 4297 3553 4342 et
3584 4303 3778 4357 pnecc-

2204 4380 2302 4450 pit,
2333 4388 2387 4434 et
2438 4389 2612 4432 tamen
2661 4387 2767 4431 tam
2808 4378 3077 4447 cogitandi
3125 4393 3284 4446 quam
3317 4378 3507 4446 agendi
3557 4377 3779 4432 facultas

2207 4470 2346 4524 unde
2371 4469 2524 4524 nobis
2552 4469 2785 4525 donetur
2811 4470 3090 4526 evidenter
3138 4473 3423 4525 ostendit?
3459 4471 3531 4525 De
3579 4473 3779 4538 cogita-

2205 4560 2352 4614 tisne
2379 4559 2591 4628 quidem
2623 4561 2750 4615 dicit
2782 4579 2794 4614 :
2820 4559 2940 4615 Non
2968 4563 3104 4633 quod
3125 4562 3430 4631 sufﬁcientes
3462 4563 3623 4614 simus
3645 4561 3780 4627 cogi-

599 4642 729 4738 (ξιιμ.
761 4660 830 4698 vr.
855 4643 1002 4738 -—_9-.
1029 4645 1408 4738 Verumtamen
1440 4663 1508 4702 ne
1526 4650 1806 4738 conversio
1830 4650 1911 4705 vel
1939 4666 2100 4707 reno-
2131 4678 2182 4738 Β
2207 4660 2318 4704 tare
2345 4650 2542 4719 eliquid
2567 4668 2597 4703 a
2627 4651 2772 4705 nobis
2814 4653 2966 4721 quasi
3002 4670 3067 4706 ea:
3094 4652 3239 4706 nobis
3273 4652 3289 4718 (
3315 4650 3376 4704 11
3419 4650 3540 4705 Cor.
3583 4667 3658 4715 ιιι,
3687 4648 3777 4719 5).

522 4734 673 4788 vatio
700 4742 883 4788 nostra
924 4735 1160 4789 humano
1188 4735 1486 4803 assignetur
1514 4737 1772 4805 arbitrio,
1817 4747 2100 4810 utramque

529 4823 684 4877 nobis
714 4839 744 4876 a
764 4823 990 4878 Domino
1009 4832 1226 4880 sanctus
1251 4824 1507 4882 Jeremias
1527 4827 1769 4897 deposcit
1789 4829 1871 4884 his
1885 4831 2062 4887 verbis
2085 4848 2098 4885 :

527 4908 776 4967 Converte
812 4929 910 4968 nos
935 4913 1004 4967 ad
1034 4922 1108 4978 te,
1140 4924 1190 4968 et
1226 4925 1574 4970 convertentur
1599 4957 1614 4971 .
1652 4935 1837 4973 reuova
1867 4919 1976 4973 dies
2005 4936 2101 4976 uo-

528 5007 681 5069 str'os,
713 5007 848 5059 sicut
872 5015 1025 5060 antea
1058 5005 1273 5078 (ΤΙιι-ειι.
1307 5024 1370 5074 v,
1396 5007 1510 5077 2|).
1535 5009 1739 5066 Rursus
1767 5010 2047 5067 Psalmista
2079 5024 2102 5053 α

528 5097 659 5151 dicit
687 5113 700 5149 :
723 5095 882 5164 Aperi
907 5113 965 5150 os
994 5105 1169 5161 tuum,
1204 5106 1253 5150 et
1275 5097 1562 5168 adimplebo
1589 5100 1724 5154 illud
1744 5101 1917 5171 (Psal.
1940 5118 2100 5168 Lxxx,

533 5185 643 5255 ll).
687 5184 785 5241 Ubi
817 5186 1160 5254 intelligimus
1188 5202 1250 5242 os
1277 5188 1454 5243 cordis
1479 5189 1798 5258 significari,
1848 5208 1955 5252 non
1985 5208 2107 5249 eor-

531 5279 697 5346 poris.
725 5276 800 5331 De
820 5292 926 5346 quo
953 5292 1048 5332 ore
1070 5277 1176 5331 alio
1206 5277 1327 5332 loco
1347 5279 1478 5333 dicit
1503 5297 1514 5332 :
1550 5278 1616 5334 In
1638 5284 1978 5337 conuertenda
1994 5283 2104 5340 Do-

530 5368 700 5421 minus
729 5369 1075 5435 captiritatem
1103 5367 1252 5432 Sion,
1305 5371 1430 5440 facti
1469 5386 1644 5426 sumus
1669 5373 1799 5426 sicut
1828 5376 2102 5430 consolati.

535 5459 676 5510 'I’unc
707 5461 950 5526 repletum
970 5468 1047 5514 est
1075 5459 1263 5530 gaudio
1293 5475 1351 5513 os
1381 5470 1616 5514 nostrum
1656 5461 1836 5531 (Psal.
1859 5479 2020 5532 cxxv,
2052 5465 2102 5526 l.

527 5553 604 5607 ει.
639 5549 704 5604 Et
744 5557 920 5634 tamen
951 5565 1018 5604 ne
1046 5552 1166 5619 quis
1203 5550 1304 5607 sibi
1336 5560 1445 5608 oris
1483 5553 1815 5623 apertionem
1844 5556 2106 5626 superbus

543 5823 547 5828 .
603 5789 625 5814 ι
656 5777 891 5832 Aberant
919 5777 985 5831 ab
1006 5775 1164 5832 editis
1193 5779 1327 5843 hate,
1356 5778 1447 5832 sed
1467 5787 1520 5830 ut
1551 5780 1598 5831 ei
1625 5777 1918 5848 placeamus
1943 5817 1956 5833 .
1982 5816 1994 5830 .
2015 5818 2028 5832 .
2047 5816 2059 5830 .
2081 5815 2093 5828 .

530 5853 637 5918 ipse
657 5849 814 5967 (util;
847 5848 1113 5903 habentur
1134 5863 1198 5901 ex
1229 5863 1352 5902 mss.
1384 5849 1609 5902 duobus.

601 5921 625 5960 b
656 5918 777 5967 _Iss.
820 5919 925 5967 duo
957 5918 1040 5967 hic
1071 5916 1266 5967 addunt
1292 5958 1305 5967 .
1357 5919 1429 5967 sic
1458 5927 1571 5967 orat
1600 5919 1762 5967 ipsum
1797 5918 1975 5967 scienti

601 5921 625 5960 δ
654 5916 777 5975 Mss.
820 5919 925 5973 duo
957 5918 1040 5972 hic
1071 5916 1266 5970 addunt
1292 5958 1305 5980 ,
1357 5919 1429 5972 sic
1458 5927 1571 5971 orat
1600 5919 1762 5986 ipsum
1797 5918 2022 5972 “ientia'
2054 5925 2100 5972 et

2205 4741 2342 4810 Quid
2366 4751 2448 4797 est
2474 4743 2618 4811 quod
2642 4744 2794 4811 dicit,
2821 4743 2896 4797 Ex
2930 4745 3100 4808 nobis,
3134 4743 3253 4806 nisi,
3288 4758 3355 4796 ex
3393 4742 3565 4797 libero
3592 4742 3779 4797 volun-

2207 4833 2332 4888 tatis
2371 4832 2632 4887 arbitrio?
2677 4832 2826 4888 Unde
2849 4848 2977 4901 ergo
3005 4843 3108 4900 est,
3150 4834 3194 4888 si
3225 4850 3288 4887 ex
3330 4833 3485 4888 nobis
3517 4848 3623 4886 non
3667 4831 3780 4886 est?

2209 4924 2315 4980 Sed
2343 4924 2666 4995 suﬁicientia,
2697 4925 2885 4993 inquit,
2920 4934 3094 4979 nostra
3124 4941 3188 4978 ea:
3220 4923 3326 4976 Deo
3345 4932 3421 4976 es!
3453 4921 3665 4993 (Ibid.).
3704 4919 3780 4975 Ad

2209 5015 2471 5084 agendum
2501 5029 2736 5085 quoque,
2759 5015 2959 5084 Spiritu
2991 5014 3082 5068 Dei
3123 5029 3221 5068 nos
3250 5013 3331 5079 agi
3362 5012 3439 5066 sic
3484 5012 3734 5080 prtcdicat
3766 5029 3778 5062 :

2214 5101 2470 5175 Quotquot
2497 5104 2633 5158 enim
2681 5103 2882 5174 Spiritu
2915 5101 3010 5156 Dei
3038 5109 3280 5173 aguntur,
3313 5101 3366 5152 Ιιὶ
3393 5100 3491 5169 ﬁlii
3534 5111 3651 5153 sunt
3693 5098 3778 5152 Dei

2210 5193 2409 5270 (Noun
2431 5211 2539 5261 vm,
2575 5194 2596 5247 l
2609 5193 2683 5258 4).

2280 5284 2407 5340 Car.
2444 5302 2534 5341 vn.
2568 5297 2643 5324 -—‘
2667 5285 2749 5340 ll.
2797 5283 2919 5339 Htcc
2946 5283 3108 5351 igitur
3132 5283 3272 5338 inter
3318 5283 3552 5337 litteram
3590 5281 3776 5351 juben-

2211 5386 2320 5431 tem
2348 5384 2403 5430 et
2430 5376 2673 5447 spiritum
2701 5374 3081 5440 viviﬁcantem,
3109 5373 3159 5428 id
3198 5382 3280 5427 est
3303 5374 3442 5427 inter
3470 5373 3640 5440 legem
3667 5385 3779 5438 gra-

2210 5467 2456 5538 tiamque
2475 5466 2723 5522 distantia
2753 5474 2861 5530 est,
2892 5465 3015 5534 quia
3039 5463 3122 5518 lex
3151 5463 3430 5523 convenit,
3463 5463 3631 5527 gratia
3654 5475 3775 5514 eon-

2212 5558 2372 5612 vertit
2415 5556 2650 5612 hominis
2678 5558 3008 5612 voluntatem
3048 5572 3066 5608 ει
3106 5564 3165 5609 ιιι
3191 5556 3386 5608 bonmn
3419 5553 3663 5617 velimus,
3695 5549 3775 5603 illa

2207 5775 2470 5839 facultatis
2497 5782 2775 5830 auctorem.

2283 5859 2302 5885 ε
2338 5844 2436 5914 dis.
2470 5861 2629 5910 unus,
2657 5843 2854 5900 Rursus
2878 5845 3148 5914 propheta.

2283 5915 2305 5952 ἀ
2339 5913 2498 5979 Ειιίιὶ,
2523 5927 2576 5968 ιιι
2596 5915 2786 5986 ﬁdelis.
