4046 6498
229 401 346 459 633

1136 402 1222 458 DE
1257 402 1603 460 V'ERJATE
1645 403 2322 467 Plid-IDESTINATAONIS
2361 407 2485 467 ΗΒ.
2531 414 2594 470 ll.

3394 427 3496 484 631

178 535 196 608 ι
232 520 466 586 clamat,
503 533 616 575 ntec
654 520 852 586 donat;
896 521 1004 577 illic
1039 521 1304 576 voluntati
1344 523 1577 600 hominis
1623 525 1814 580 incutit
1840 529 1892 588 Α
1917 541 2046 582 cens
2077 547 2090 582 :
2124 529 2313 586 Manus
2358 543 2458 587 tute
2500 535 2725 604 fecerunt
2761 553 2842 590 me
2881 547 2930 592 et
2957 540 3340 608 ptasmauerant
3367 561 3449 599 me
3476 560 3496 598 :

233 610 443 684 Iustitia
491 611 669 668 divina
717 620 997 678 terrorem,
1042 611 1130 668 hic
1175 611 1402 668 infundit
1453 614 1815 671 misericordia

234 703 520 761 Caritatem
552 720 566 756 :
597 717 692 774 per
727 702 871 760 illam
901 703 1094 774 accipit
1123 712 1149 742 ⁸
1168 704 1418 760 voluntas
1445 706 1690 776 spiritum
1713 721 1821 760 ser-

234 797 430 853 vitutis
474 797 528 852 in
573 796 786 864 timore,
827 812 924 867 per
951 797 1105 852 istam
1154 798 1350 868 accipit
1393 799 1637 869 spiritum
1689 799 1820 854 ado-

233 888 443 960 ptionis
472 887 786 952 liliorum,in
813 902 922 958 quo
946 888 1085 944 clam
1105 903 1242 944 unus
1259 906 1273 942 :
1290 889 1462 954 Abba,
1493 888 1669 944 Pater.
1694 888 1819 946 Haec

235 991 374 1046 ergo
404 978 456 1032 in
481 977 634 1032 nobis
663 977 829 1032 libera
855 979 1106 1034 voluntas
1130 994 1252 1035 eam
1283 980 1337 1034 in
1366 995 1426 1036 se
1471 980 1633 1035 habet
1663 988 1817 1034 natu-

239 1067 432 1124 raliter
473 1066 813 1136 qualitatem,
845 1075 902 1122 ut
941 1076 1196 1138 appetere
1234 1077 1426 1140 sponte
1472 1069 1640 1140 possit
1680 1068 1819 1124 bona

239 1156 332 1211 vel
375 1156 540 1223 mala;
585 1159 682 1213 sed
719 1158 861 1213 bona
904 1155 1231 1228 proﬁciendo
1258 1160 1480 1230 appetit,
1512 1160 1650 1213 mala
1691 1175 1820 1214 vero

239 1243 563 1303 deiicienda.
619 1245 688 1304 Ut
731 1254 908 1304 autem
937 1248 1170 1313 delitiat,
1219 1258 1396 1320 potest
1425 1252 1539 1322 ipsa
1567 1252 1680 1307 sola
1717 1252 1817 1308 sibi

240 1337 524 1406 sullicere;
574 1347 633 1395 ut
660 1341 904 1412 proliciat
931 1355 1080 1407 vero,
1129 1339 1329 1411 indiget
1374 1358 1588 1414 semper
1629 1343 1820 1400 divinae

242 1430 608 1487 miserationis
636 1432 858 1488 auxilio.
880 1431 992 1488 Nisi
1019 1433 1162 1488 enim
1183 1428 1352 1502 gratia
1373 1436 1732 1505 prmveniente
1752 1437 1821 1490 le-

241 1529 422 1588 vetur,
466 1521 768 1578 nullatenus
798 1524 997 1592 surgit,
1039 1525 1164 1593 quia
1207 1523 1460 1580 Dominus
1487 1527 1640 1598 erigit
1666 1529 1819 1582 elisos

241 1609 420 1683 (Psal.
452 1629 609 1678 cxcv,
637 1613 727 1680 8);
759 1614 860 1668 nisi
890 1630 953 1670 ea
984 1614 1284 1670 dcducente
1322 1615 1559 1685 juvetur,
1591 1617 1819 1672 nullate-

240 1718 347 1758 nus
373 1704 570 1770 currit,
605 1705 728 1773 quia
764 1703 831 1759 de
870 1703 982 1760 Deo
1013 1707 1270 1776 scriptum
1307 1715 1389 1762 est
1428 1725 1442 1761 :
1480 1707 1703 1762 Deduxit
1742 1726 1821 1763 me

241 1810 400 1864 super
421 1796 628 1850 semitas
639 1796 863 1866 justitia:
889 1808 1098 1867 propter
1121 1815 1304 1853 nomen
1332 1817 1478 1854 suum
1504 1799 1673 1866 (Psal.
1691 1817 1816 1866 ml,

241 1880 331 1956 ὃ),
359 1895 414 1940 et
443 1885 541 1954 ipsi
570 1886 764 1940 dicitur
793 1887 1070 1955 :Domine,
1107 1890 1270 1944 deduc
1299 1907 1378 1944 me
1415 1891 1467 1944 in
1489 1892 1696 1962 justitia
1733 1901 1820 1946 tua

241 1985 452 2046 propter
478 1977 712 2032 inimicos
740 1995 878 2033 meos
907 1977 1076 2050 (Psal.
1111 1995 1164 2048 v,
1195 1978 1272 2048 9).
1303 1978 1412 2034 Nisi
1440 1981 1610 2049 gratia
1641 1990 1826 2036 custo-

244 2067 426 2124 diente
470 2070 810 2139 perducatur,
853 2071 1156 2128 nullatenus
1183 2073 1458 2144 pervenit;
1508 2073 1636 2129 dicit
1681 2075 1824 2130 enim

245 2169 462 2216 sanctus
497 2159 663 2216 David
690 2181 702 2215 :
730 2161 918 2217 Emitte
937 2163 1099 2217 lucem
1123 2174 1261 2218 tuam
1290 2173 1339 2218 et
1370 2167 1630 2220 veritatem
1661 2175 1820 2231 tuam,

247 2255 358 2322 om
387 2269 466 2307 me
485 2253 870 2309 deduxeruntet
899 2255 1249 2324 perduxerunt
1267 2255 1319 2308 in
1339 2266 1562 2310 montem
1589 2266 1824 2311 sanctum

247 2353 410 2412 tuum,
448 2354 495 2398 et
531 2347 584 2399 in
627 2345 959 2399 tabernacula
1007 2356 1095 2400 tua
1140 2346 1327 2417 (Psal.
1359 2364 1483 2414 xui,
1515 2348 1612 2420 5).
1643 2349 1824 2420 Neque

249 2438 444 2505 spretis
470 2439 625 2492 malis
646 2439 896 2494 voluntas
926 2440 1159 2494 humana
1187 2441 1269 2495 vel
1311 2441 1509 2510 eligere
1537 2441 1677 2496 bona
1705 2457 1824 2510 quae

249 2529 448 2585 ducunt
475 2532 540 2585 ad
569 2532 756 2593 vitam,
789 2532 874 2586 vel
922 2533 1144 2602 diligere
1191 2534 1410 2603 poterit,
1458 2535 1558 2589 nisi
1598 2537 1824 2605 gratiam

249 2622 586 2678 discretionis
614 2640 644 2676 a
674 2622 786 2677 Deo
815 2632 869 2678 et
900 2624 1139 2678 caritatis
1167 2626 1453 2694 acceperit.
1486 2625 1826 2696 Spiritalibus

251 2713 392 2767 enim
417 2713 572 2768 donis
599 2712 979 2770 discretionem
1026 2717 1212 2772 beatus
1244 2715 1439 2773 Paulus
1467 2719 1710 2786 inseruit,
1738 2721 1822 2773 di-

251 2823 378 2861 cens
396 2824 407 2858 :
427 2806 529 2860 Alii
557 2807 760 2878 quidem
780 2808 933 2862 datur
950 2825 1042 2879 per
1066 2808 1317 2879 Spiritum
1340 2827 1507 2866 sermo
1533 2813 1822 2882 sapientite,

252 2899 344 2953 alii
363 2915 426 2952 au
438 2910 530 2952 “em
553 2915 719 2954 sermo
745 2901 972 2955 scicntia:
991 2901 1265 2954 secundum
1287 2902 1519 2956 eumdem
1549 2902 1822 2974 Spiritum,

254 2991 400 3044 alteri
423 2991 550 3059 ﬁdes
574 2992 624 3044 in
666 2992 843 3046 eodem
891 2991 1112 3062 Spiritu,
1139 2993 1229 3046 alii
1252 2994 1422 3064 gratia
1462 2996 1743 3049 sanitatum
1769 2997 1822 3050 in

252 3098 353 3137 uno
393 3082 614 3150 Spiritu,
653 3085 744 3137 alii
782 3085 1012 3154 Operatio
1049 3086 1310 3146 uirtutum,
1353 3086 1446 3140 alii
1478 3086 1820 3157 prophetatio,

255 3172 344 3225 alii
371 3172 610 3228 discretio
629 3174 898 3243 spirituum
927 3173 978 3245 (1
1007 3173 1128 3228 Cor.
1161 3190 1252 3237 xu,
1284 3173 1337 3240 8,
1367 3174 1416 3239 9,
1447 3175 1552 3244 l0).
1589 3177 1823 3243 Quorum

1925 617 1993 670 da
2021 618 2146 673 mihi
2190 621 2524 690 intellectum,
2565 633 2622 677 ut
2663 624 2858 680 discam
2887 629 3135 684 mandata
3177 640 3262 685 tua
3303 631 3496 704 (Psal.

1921 723 2102 770 εει-ιιι,
2135 708 2246 779 73).
2281 709 2571 768 Proverbia
2619 730 2838 786 quoque
2866 728 3134 776 testantur
3169 723 3294 794 quia
3322 721 3498 780 Domi-

1920 815 2017 854 nus
2044 800 2134 855 dat
2173 806 2506 874 sapientiam,
2536 816 2585 862 et
2613 825 2646 862 a
2675 811 2811 880 facie
2839 811 2953 882 ejus
2989 816 3206 870 scientia
3229 824 3281 871 et
3307 818 3498 874 intelle-

1921 899 2031 980 ctus
2058 895 2290 962 procedit
2315 895 2495 965 (Prov.
2527 915 2588 966 ιι,
2619 900 2696 972 6).
2729 900 2796 957 Et
2817 906 3092 974 apostolus
3118 905 3351 964 Iacobus
3372 925 3498 980 prte-

1919 979 2048 1050 cipit
2077 989 2137 1035 ut
2169 983 2215 1036 si
2246 985 2358 1056 quis
2391 986 2588 1058 indiget
2619 991 2894 1060 sapientia,
2927 996 3146 1064 postulet
3167 1014 3199 1050 a
3233 979 3385 1064 Deo,
3412 1003 3500 1071 qui

1920 1071 2012 1124 dat
2045 1072 2280 1129 omnibus
2303 1076 2589 1146 afﬂuenter,
2611 1090 2659 1133 et
2685 1097 2788 1135 non
2819 1084 3133 1154 improperat
3155 1087 3174 1157 (
3193 1087 3310 1142 Jac.
3339 1103 3372 1152 ι,
3407 1087 3498 1157 5).

1922 1160 1991 1217 Ut
2014 1173 2192 1218 autem
2221 1165 2388 1236 ipsam
2415 1185 2629 1239 quoque
2657 1171 2988 1229 voluntatem
3032 1177 3334 1245 postulandi
3363 1179 3498 1234 divi-

1921 1253 2066 1308 nitus
2095 1256 2404 1311 ostenderet
2425 1258 2561 1324 dari,
2584 1259 2780 1329 adjecit
2804 1280 2816 1314 :
2837 1261 3071 1319 Postulet
3098 1277 3264 1322 autem
3287 1270 3340 1322 in
3369 1269 3496 1340 ﬁde.

1920 1343 2051 1397 nihil
2078 1343 2322 1399 [imitans
2356 1345 2540 1417 (lbid.,
2575 1347 2652 1418 6).
2676 1348 2805 1405 Sine
2827 1349 2928 1408 ﬁde
2953 1365 3132 1409 autern
3159 1357 3326 1412 Deum
3357 1359 3498 1414 invo-

1920 1431 2031 1487 cari
2061 1449 2167 1486 non
2199 1448 2376 1503 posse,
2409 1434 2607 1492 Paulus
2635 1441 2924 1498 ostendens
2947 1445 3056 1498 ait:
3085 1443 3351 1509 Quomodo
3379 1467 3498 1522 ergo

1917 1525 2226 1613 invocabant
2272 1529 2325 1582 in
2371 1547 2516 1600 quem
2546 1548 2648 1586 non
2694 1535 3020 1590 crediderunt
3062 1537 3250 1609 (Rom.
3284 1557 3338 1606 ι,
3363 1540 3498 1613 14')?

1920 1612 2055 1680 Quia
2085 1615 2246 1685 igitur
2267 1617 2443 1672 nullus
2473 1618 2690 1674 invocat
2711 1622 3020 1692 priusquam
3042 1627 3248 1696 credat,
3279 1645 3378 1684 nec
3404 1612 3500 1684 ali-

1920 1707 2042 1776 quis
2071 1707 2126 1762 in
2149 1708 2314 1763 Deum
2339 1711 2530 1777 credit,
2562 1712 2662 1767 nisi
2685 1713 2840 1769 tidem
2864 1718 3166 1787 acceperit;
3199 1728 3405 1776 certum
3421 1729 3502 1778 est

1923 1799 2174 1866 quoniam
2206 1800 2294 1856 ille
2341 1817 2438 1857 nos
2477 1803 2676 1858 excitat
2704 1813 2761 1858 ut
2805 1808 3120 1878 sapientiam
3152 1812 3509 1880 postulemus,‘

1857 1889 2017 1963 “qui
2043 1905 2140 1943 nos
2167 1891 2430 1946 illuminat
2458 1901 2514 1946 ut
2535 1893 2832 1951 credamus.

1994 1977 2123 2033 Car.
2167 1995 2240 2034 Ix.
2292 2011 2364 2022 —
2436 1981 2521 2035 l3.
2572 1981 2747 2039 llomo
2804 1987 2962 2053 igitur
3008 1987 3208 2044 bontmt
3259 1992 3384 2046 vult.
3419 2009 3502 2047 voc

1925 2069 2150 2138 luntate,
2181 2070 2380 2126 bonum
2409 2073 2534 2128 facit
2564 2075 2860 2141 voluntate,
2893 2079 2987 2132 sed
3014 2080 3131 2136 sine
3160 2080 3302 2137 dono
3339 2090 3515 2155 atque

1924 2160 2192 2229 adjutorio
2229 2161 2322 2219 Dei
2366 2181 2636 2234 nunquam
2665 2176 2836 2237 potest
2871 2169 3071 2224 bonum
3101 2173 3238 2230 velle
3293 2175 3380 2239 vel
3421 2177 3502 2230 la-

1923 2269 2068 2310 cere.
2120 2254 2380 2324 Equidem
2427 2260 2746 2314 convenitur
2792 2271 2848 2315 ut
2893 2263 3046 2329 sciat,
3097 2263 3419 2323 admonetur
3449 2278 3504 2325 ut

1923 2343 2105 2412 faciat,
2133 2347 2258 2416 quia
2307 2349 2531 2404 liberum
2562 2351 2724 2406 habet
2768 2368 2982 2424 semper
3007 2357 3285 2413 arbitrium
3315 2361 3503 2415 volun-

1925 2435 2052 2490 tatis
2085 2453 2097 2488 :
2129 2437 2223 2492 sed
2251 2454 2426 2508 neque
2467 2439 2744 2495 scientiam
2775 2453 3016 2500 sanctam
3046 2456 3224 2516 potest
3263 2449 3462 2506 habere
3486 2489 3504 2515 .

1924 2528 2027 2584 nisi
2057 2529 2199 2594 dono
2222 2532 2408 2600 gratia:
2435 2533 2668 2604 desuper
2695 2537 2962 2606 acceperit
2989 2554 3019 2592 a
3044 2537 3201 2594 Patre
3224 2541 3502 2606 luminum,

1924 2633 1954 2672 a
1979 2635 2088 2689 quo
2116 2630 2198 2675 est
2220 2637 2379 2678 omne
2401 2623 2586 2679 datum
2611 2629 2872 2697 optimum
2911 2637 2964 2684 et
2985 2646 3146 2686 omne
3168 2633 3368 2688 donum
3393 2633 3514 2704 per?

1925 2707 2122 2764 fectum
2149 2709 2286 2782 (Jac.
2318 2727 2356 2779 ι,
2391 2713 2478 2781 l7)
2513 2731 2525 2766 :
2559 2723 2614 2769 et
2640 2717 2818 2772 sciens
2845 2725 2938 2772 aut
2967 2736 3074 2774 non
3109 2720 3236 2776 facit
3261 2724 3405 2791 quod
3437 2723 3505 2778 fa-

1924 2797 2172 2853 ciendum
2201 2816 2320 2858 esse
2343 2801 2454 2870 jam
2486 2803 2653 2869 novit,
2678 2814 2771 2860 aut
2793 2805 2920 2861 dum
2945 2823 3008 2862 ea
3029 2809 3138 2878 sibi.
3161 2810 3348 2864 nititur
3367 2813 3503 2866 assio

1925 2904 2092 2959 gnare
2119 2906 2238 2960 qua:
2264 2891 2410 2956 facit,
2440 2894 2642 2964 proprii
2667 2897 2894 2951 tumoris
2940 2897 3179 2968 pondere
3210 2915 3506 2970 przcgrava-

1929 2989 2033 3036 tur.
2075 2980 2201 3038 Ideo
2230 2999 2357 3039 vero
2385 2994 2624 3042 sanctam
2645 2988 2924 3044 scientiam
2949 2991 3191 3060 superius
3220 2991 3353 3060 disi,
3382 2994 3506 3063 quia

1927 3080 2009 3127 est
2035 3073 2258 3129 scientia
2289 3091 2394 3131 non
2424 3086 2638 3143 sancta,
2664 3079 2751 3134 illa
2774 3081 2979 3137 scilicet
3003 3098 3123 3152 qua:
3156 3081 3304 3138 inﬂat
3329 3083 3506 3140 homi-

1929 3181 2070 3232 nem,
2085 3183 2202 3238 quae
2222 3167 2576 3226 aediﬁcantem
2601 3189 2707 3228 non
2724 3173 2885 3230 habet
2907 3176 3205 3232 caritatem.
3225 3177 3314 3232 Illa
3336 3178 3508 3234 scien-

255 3272 430 3318 autem
454 3263 707 3320 discretio
735 3265 1013 3333 spirituum
1043 3265 1266 3335 spiritali
1298 3266 1541 3337 largitate
1569 3269 1821 3337 donatur,

1930 3256 2002 3310 tia
2031 3257 2246 3328 quidam
2273 3269 2661 3328 cognoscentes
2686 3261 2872 3330 Deum,
2904 3282 3009 3320 non
3031 3267 3168 3322 sicut
3196 3267 3364 3323 Deum
3391 3271 3508 3338 glo-

257 3355 354 3408 nisi
376 3354 636 3409 bonorum
668 3371 731 3411 ac
760 3357 1061 3411 malorum?
1087 3368 1144 3411 ut
1171 3358 1396 3425 scilicet,
1429 3358 1708 3413 illuminati
1741 3368 1824 3413 at-

255 3460 358 3515 que
387 3443 554 3514 adjuti
592 3446 762 3513 gratia
809 3447 1042 3516 Spiritus
1087 3449 1279 3512 sancti,
1329 3450 1637 3505 noverimus
1666 3459 1826 3520 atque

256 3538 518 3610 possimus
547 3547 601 3593 et
626 3539 766 3594 dona
793 3541 962 3595 sancti
995 3540 1226 3610 Spiritus
1249 3558 1372 3597 cum
1415 3543 1608 3598 timore
1635 3551 1689 3598 et
1719 3552 1820 3599 tre:

255 3643 406 3682 more
437 3643 674 3693 servare,
707 3637 762 3684 et
783 3630 1154 3698 suggestiones
1180 3631 1456 3686 diaboliczn
1484 3633 1828 3700 malignitatis

255 3719 450 3777 salubri
479 3720 804 3775 discretione
829 3721 1108 3792 repellere.
1140 3722 1293 3788 Quod
1325 3739 1422 3778 nos
1451 3725 1638 3778 beatus
1665 3723 1828 3779 Joan-

254 3827 348 3867 nes
369 3793 645 3882 apostolus
667 3812 951 3866 observare
976 3813 1234 3882 praecipit,
1265 3811 1449 3868 dicens
1485 3831 1497 3868 :
1531 3813 1823 3879 Carissimi,

253 3904 410 3958 nolite
433 3903 572 3956 omni
603 3902 808 3972 spiritui
829 3901 1053 3964 credere,
1087 3901 1178 3956 sed
1197 3902 1409 3972 probate
1437 3905 1669 3974 spiritus,
1697 3907 1740 3958 si
1762 3921 1826 3958 ea:

253 3989 362 4046 Deo
383 4001 499 4046 sunt
535 3990 582 4062 ll
609 3990 766 4060 Joun.
798 4006 868 4057 IV,
905 3992 973 4060 l).

320 4083 448 4139 CAP.
473 4100 582 4139 vtu.
609 4116 677 4126 —-
704 4083 789 4138 12.
835 4082 902 4138 Ut
942 4094 1122 4138 autem
1173 4085 1402 4139 sciamus
1449 4102 1568 4155 qua:
1615 4085 1768 4141 nobis
1794 4102 1828 4142 a

255 4173 363 4230 Deo
391 4173 678 4238 donantur,
722 4189 827 4228 non
859 4173 910 4227 in
941 4175 1094 4230 nobis
1122 4175 1284 4246 θεά
1329 4185 1585 4246 operatur
1611 4177 1828 4247 spiritus

254 4264 454 4331 mundi,
483 4263 576 4320 sed
609 4264 722 4330 Dei,
756 4265 806 4319 id
835 4273 938 4328 est,
968 4281 1073 4319 non
1098 4267 1318 4336 spiritus
1346 4282 1507 4338 quem
1538 4267 1701 4322 homo
1741 4267 1831 4321 ha-

253 4354 342 4410 bet
369 4366 426 4410 ut
455 4365 706 4411 nascatur
746 4356 800 4410 in
840 4355 1062 4421 mundo,
1091 4356 1194 4411 sed‘
1212 4372 1372 4426 quem
1404 4357 1613 4428 accepit
1642 4367 1698 4412 ut
1742 4374 1818 4415 re~

252 4454 501 4500 nascatur
530 4445 642 4500 Deo
671 4464 684 4498 :
710 4444 852 4515 quod
881 4446 1170 4516 Apostolus
1194 4448 1471 4503 evidenter
1497 4449 1707 4513 edocet,
1745 4450 1832 4504 dio'

251 4551 376 4591 cens
409 4552 420 4586 :
456 4533 568 4589 Nos
597 4544 766 4588 autem
791 4552 893 4590 non
922 4537 1159 4605 spiritum
1187 4537 1363 4590 mundi
1401 4540 1712 4609 accepinms,
1735 4540 1826 4594 sed

1928 3344 2292 3415 riﬁcaverunt,
2324 3352 2630 3420 autgratias
2657 3363 2898 3422 egerunt.
2923 3354 3037 3412 llac
3063 3358 3289 3414 scientia
3324 3360 3368 3413 si
3396 3361 3513 3430 quis

1929 3458 1985 3495 se
2003 3451 2149 3512 putat
2173 3443 2306 3497 scire
2327 3443 2543 3515 aliquid,
2573 3445 2801 3500 nondum
2823 3449 3060 3518 cognorit
3089 3450 3511 3521 quemadmodum

1928 3544 2161 3602 oporteat
2202 3551 2316 3589 eum
2347 3537 2479 3589 scire
2509 3535 2568 3606 (I
2596 3535 2718 3592 Cor.
2751 3554 2860 3603 vrn,
2890 3536 2974 3609 2).
3309 3595 3312 3600 ,

2001 3624 2089 3678 Η.
2130 3625 2294 3694 igitur
2323 3629 2391 3680 ad
2424 3626 2548 3681 bene
2576 3629 2844 3684 vivendum
2882 3647 3152 3700 nunquam
3182 3632 3379 3690 suﬂicit
3399 3635 3510 3690 cni—

1928 3731 2088 3786 quam
2135 3717 2361 3770 scientia
2410 3718 2684 3788 praecepti,
2729 3720 2830 3773 nisi
2859 3719 3077 3776 dilectio
3126 3719 3286 3777 fuerit
3331 3731 3511 3779 custos

1928 3803 2186 3868 mandati,
2210 3812 2266 3858 et
2293 3811 2348 3857 ut
2377 3805 2582 3873 diligat,
2613 3821 2721 3862 non
2755 3807 2854 3860 nisi
2879 3822 2976 3861 sua
3007 3808 3284 3864 voluntate
3316 3810 3528 3878 diligite

1928 3893 1994 3946 Et
2015 3894 2135 3948 ideo
2159 3894 2250 3948 Dei
2279 3903 2332 3948 et
2357 3895 2587 3964 proximi
2609 3895 2825 3950 dilectio
2854 3898 3140 3966 unicuique
3169 3906 3410 3954 nostrum
3437 3899 3510 3955 ita

1929 3986 2084 4053 legali
2115 4002 2362 4042 sermone
2403 3986 2728 4042 mandatur:
2762 3987 2961 4060 Diliges
3003 3989 3283 4045 Dominum
3340 3990 3505 4046 Deum

1929 4087 2066 4130 tuum
2096 4095 2161 4131 ex
2189 4086 2293 4131 toto
2315 4077 2468 4132 corde
2497 4087 2602 4141 tuo,
2629 4088 2678 4132 et
2700 4095 2764 4133 ea:
2789 4089 2896 4133 tota
2925 4083 3100 4134 animo
3123 4091 3230 4147 tua,
3252 4091 3302 4136 et
3321 4099 3386 4139 ea:
3404 4091 3512 4138 tota

1930 4180 2100 4226 mente
2127 4179 2244 4232 tua;
2277 4179 2326 4222 et
2368 4170 2662 4239 proximum
2695 4180 2831 4224 tuum
2861 4173 2993 4225 sicut
3019 4173 3233 4243 teipsum
3277 4172 3508 4243 (Matth.

1929 4276 2059 4323 ms,
2091 4259 2179 4324 57,
2208 4259 2320 4329 58).
2369 4258 2426 4314 ln
2468 4260 2664 4328 quibus
2707 4259 2914 4316 duobus
2961 4262 3238 4332 pncceptis
3265 4262 3512 4320 Salvator

1931 4360 2114 4407 noster
2141 4360 2306 4406 totam
2338 4352 2509 4420 legem
2547 4350 2674 4406 dicit
2718 4352 3116 4423 prophetasque
3154 4353 3409 4424 pendere.
3444 4352 3511 4410 Ut

1927 4452 2108 4497 autem
2133 4442 2418 4510 diligamus
2460 4442 2626 4496 Deum
2658 4458 2722 4496 ex
2758 4450 2873 4498 toto
2913 4443 3075 4498 corde
3103 4446 3510 4514 nostro,vipsam

1923 4535 2265 4590 dilectionem
2291 4549 2396 4588 non
2419 4534 2678 4589 habemus
2692 4533 2850 4605 565
2871 4551 2938 4588 ex
2963 4534 3126 4589 corde
3146 4545 3350 4600 nostro,
3372 4535 3468 4590 sed
3485 4535 3510 4574 ι’

251 4627 482 4697 spiritum
505 4627 590 4694 qui
617 4643 680 4679 ea:
711 4625 820 4679 Deo
850 4637 944 4691 est,
963 4637 1018 4679 ut
1045 4630 1268 4682 sciamus
1294 4647 1407 4700 qua:
1437 4648 1468 4683 a
1500 4630 1606 4685 Deo
1629 4631 1822 4686 donata
1851 4660 1903 4722 Β
1928 4631 2185 4684 habemus
2226 4645 2290 4684 ex
2337 4629 2466 4683 Deo.
2519 4628 2729 4683 Caritas
2775 4630 2917 4683 enim
2961 4629 3054 4683 Dei
3093 4629 3282 4683 diil'usa
3329 4637 3413 4686 est
3454 4629 3508 4684 in

251 4727 366 4772 sunt
390 4716 537 4770 nobis
567 4715 621 4786 (I
650 4715 772 4771 Cor.
815 4733 871 4783 ιι,
905 4716 1026 4786 li);
1059 4733 1234 4787 neque
1276 4721 1450 4773 solum
1481 4730 1539 4773 ut
1566 4721 1816 4788 sciamus,

250 4804 339 4861 sed
361 4807 523 4860 etiam
554 4813 611 4860 ut
640 4806 996 4874 intelligamus
1040 4806 1204 4862 divini
1233 4809 1468 4863 muneris
1503 4825 1642 4878 esse,
1676 4810 1819 4882 Apo-

249 4897 413 4954 stolus
437 4905 678 4962 testatur,
708 4897 786 4954 sic
813 4896 1098 4952 Timotheo
1135 4899 1374 4954 scribens
1404 4917 1416 4953 :
1447 4899 1683 4974 Intellige
1708 4921 1821 4975 quia

253 4988 364 5041 dico
391 4986 480 5058 (II
515 4987 646 5042 Tim.
679 5005 737 5056 ιι,
763 4988 837 5052 7).
867 4987 987 5055 Quo
1012 5005 1263 5043 sermone
1298 4990 1587 5046 humanum
1636 4996 1819 5064 utique

249 5085 314 5140 ad
344 5085 743 5154 intelligendum
767 5085 1338 5151 convenitarbitrium;
1362 5087 1504 5156 quod
1527 5089 1625 5142 nisi
1656 5089 1817 5144 homo

250 5181 489 5247 haberet,
517 5181 814 5250 intelligere
835 5196 955 5251 qua:
986 5180 1239 5236 dicuntur
1265 5181 1568 5236 nullatenus
1613 5192 1816 5252 posset.

250 5275 349 5346 Sed
376 5283 434 5329 ut
463 5273 776 5329 ostenderet
801 5275 937 5328 unde
965 5275 1268 5329 intellectus
1289 5273 1525 5328 humano
1546 5275 1704 5330 detur
1731 5293 1820 5330 ar-

251 5364 422 5431 bitrio,
447 5381 567 5421 cum
595 5365 818 5420 dixisset
843 5384 853 5418 :
882 5364 1119 5434 Intellige
1139 5381 1255 5437 qua!
1283 5366 1821 5437 dico,sub.;equentcr

251 5455 439 5524 adjecit
468 5475 480 5509 :
519 5455 671 5510 Dabit
690 5458 825 5510 enim
855 5457 944 5510 tibi
981 5455 1232 5511 Dominus
1272 5459 1325 5511 in
1357 5458 1590 5512 omnibus
1617 5460 1818 5512 intelle-

251 5559 379 5604 ctum
422 5549 630 5619 (Ibid.).
692 5549 854 5604 David
904 5564 1119 5621 quoque
1160 5551 1546 5614 sanctissimus,
1582 5559 1638 5604 ut
1666 5567 1818 5604 mar.-

251 5643 366 5694 drtltt
402 5640 493 5696 Dei
524 5641 715 5707 discat,
750 5657 780 5698 a
807 5640 918 5696 Deo
962 5641 1060 5696 sibi
1091 5643 1328 5713 postulat
1368 5642 1715 5707 intellectum,
1742 5642 1822 5696 di-

321 5827 342 5852 "
505 5835 603 5875 ms.
638 5835 790 5886 unus,
825 5819 908 5876 hic
937 5829 986 5875 et
1020 5825 1180 5893 paulo
1228 5837 1368 5907 post.
1413 5821 1604 5878 Cmtcri
1638 5821 1818 5880 codd..

321 5903 413 5942 rem
441 5930 458 5942 .

243 5903 458 5967 accepit.

1929 4721 2178 4776 cordibus
2201 4720 2398 4776 nostris
2427 4735 2521 4789 per
2549 4719 2807 4789 Spiritum
2838 4730 3100 4786 sanctum,
3132 4720 3224 4789 qui
3245 4720 3400 4775 datus
3427 4729 3512 4776 est

1929 4813 2104 4867 nobis.
2139 4810 2204 4864 Et
2231 4819 2287 4864 ut
2333 4810 2612 4878 diligamus
2661 4811 2914 4881 invicem,
2955 4811 3098 4868 Deus
3140 4813 3296 4868 nobis
3324 4811 3508 4872 tribuit

1926 4904 2228 4958 caritatem.
2263 4903 2349 4956 Ait
2377 4903 2519 4958 enim
2558 4903 2747 4959 beatus
2772 4905 3009 4961 Joannes
3035 4923 3048 4960 :
3073 4904 3361 4972 Carissimi,
3385 4905 3506 4958 dili-

1927 5011 2108 5065 gamus
2137 4993 2388 5056 invicem;
2425 4994 2669 5064 quoniam
2698 4997 2894 5050 caritas
2921 5012 2988 5051 ea:
3007 4995 3119 5052 Deo
3153 5006 3248 5060 est,
3273 4995 3508 5054 etomnis

1927 5088 2012 5156 qui
2056 5086 2226 5155 diligit
2270 5087 2484 5156 fratrem
2516 5103 2578 5140 es
2605 5085 2715 5142 Deo
2757 5097 2908 5144 natus
2929 5098 3028 5158 est,
3049 5099 3100 5143 et
3137 5090 3277 5144 novit
3319 5086 3504 5144 Deum.

1929 5176 2028 5240 Qui
2068 5185 2238 5230 autem
2265 5193 2367 5230 non
2397 5177 2586 5249 diligit,
2618 5180 2824 5250 ignorat
2868 5179 3058 5246 Deum,
3103 5183 3224 5251 quia
3256 5179 3393 5235 Dats
3418 5196 3506 5236 ca-

1927 5270 2054 5323 ritas
2074 5278 2151 5323 cst
2181 5268 2233 5340 (1
2263 5269 2420 5324 Joan.
2455 5287 2528 5337 tv,
2558 5269 2607 5335 7,
2640 5270 2716 5341 8).
3219 5327 3230 5340 ,

1999 5361 2084 5415 l5.
2125 5359 2388 5428 Quoniam
2422 5361 2582 5430 igitur
2608 5363 2774 5418 Deum
2806 5363 3109 5434 caritatem.
3141 5379 3259 5419 esse
3307 5361 3504 5422 divinis

1923 5453 2092 5508 claret
2119 5453 2367 5524 eloquiis,
2400 5451 2644 5524 proiecto
2667 5452 3006 5507 manifestum
3052 5462 3136 5510 est
3177 5455 3323 5524 quod
3345 5471 3505 5512 nemo

1926 5543 2093 5599 Deum
2114 5545 2316 5599 habere
2338 5543 2528 5614 possit,
2562 5543 2608 5599 si
2634 5560 2692 5598 se
2722 5543 2925 5598 homini
2954 5543 3094 5600 Deus
3118 5545 3230 5616 ipse
3272 5563 3380 5601 non
3409 5547 3504 5601 de-

1927 5635 2082 5691 derit.
2115 5634 2170 5690 lu
2201 5650 2268 5689 eo
2299 5649 2427 5702 ergo
2459 5633 2682 5689 liberum
2713 5635 2989 5690 arbitrium
3014 5646 3252 5693 nostrum
3284 5637 3351 5692 ad
3379 5637 3502 5695 dili-

1999 5816 2024 5855 ³³
2067 5815 2191 5871 llaec
2222 5817 2414 5881 verba,
2447 5833 2546 5870 non
2577 5817 2818 5870 habemus
2867 5837 2931 5874 ex
2977 5821 3132 5876 corde
3174 5833 3349 5879 nostro
3388 5824 3481 5883 sed

1931 5906 2035 5944 non
2069 5889 2316 5957 leguntur
2348 5887 2398 5942 in
2427 5886 2602 5944 editis.
2634 5888 2882 5959 leguntur
2912 5891 2961 5947 in
2992 5907 3117 5948 mss.
3149 5893 3374 5951 duobus.
