4046 6588
256 420 374 475 637

1171 413 1256 468 DE
1301 411 1634 469 ΥΕΙΚΙΪᾹἸἙ
1677 411 2353 468 I’RJ'ZDESTINATIONIS
2396 412 2514 468 LIB.
2564 413 2622 470 ll.

3435 428 3538 482 658

254 533 564 588 manseritis
599 532 651 584 in
677 531 826 586 verbo
858 548 986 594 meo,
1031 549 1142 582 vere
1184 531 1422 597 discipuli
1457 531 1552 582 mei
1593 533 1758 592 eritis,
1805 539 1852 583 et
1887 537 1924 589 Α
1956 530 2040 599 qui
2068 529 2117 581 in
2140 531 2288 582 terris
2311 537 2450 594 sunt,
2481 539 2528 582 et
2553 546 2665 600 qua:
2702 531 2790 582 tibi
2813 531 3018 600 placent
3055 535 3345 592 didit-erum
3373 541 3538 596 hami-

255 626 588 696 cognoscetis
614 625 895 685 veritatem,
943 632 991 674 et
1039 623 1220 674 veritas
1257 621 1492 674 liberabit
1536 639 1617 676 ros
1649 621 1846 692 (Jouu.

257 730 382 777 vm,
417 713 632 782 51,32).
668 712 1238 783 Rospondentibusque
1264 712 1460 767 .luda-is
1500 713 1642 782 quod
1665 729 1848 767 semen

258 805 499 858 Abrahae
535 814 735 869 essent,
762 819 860 858 nec
888 805 1135 872 cuiquam
1165 821 1398 872 unquam
1420 805 1742 869 servissent,
1775 822 1854 857 rr-

258 895 562 964 sponsione
587 911 699 960 sua,
731 894 887 948 simul
916 903 970 949 et
998 895 1274 949 servitutis
1305 910 1489 949 eorum
1522 896 1848 949 mortiferam

259 986 653 1049 conditionem,
687 994 741 1039 et
771 985 1030 1040 libertatis
1058 1002 1217 1055 quam
1261 987 1373 1056 ipse
1398 986 1507 1040 suis
1537 986 1710 1040 fuerat
1739 988 1850 1042 col-

261 1075 478 1130 laturus
507 1075 742 1130 ostendit
769 1077 1014 1146 protinus
1042 1077 1344 1139 veritatem,
1379 1076 1562 1130 dicens
1610 1095 1622 1128 :
1665 1077 1852 1144 Amen,

261 1181 422 1218 amen
452 1165 565 1218 diro
595 1164 754 1229 vobis,
781 1166 868 1236 qui
897 1167 1022 1236 facit
1042 1175 1508 1235 peccatum,servus
1530 1177 1603 1218 est
1633 1167 1849 1235 peccati.

263 1256 464 1310 Servus
494 1273 593 1310 non
623 1267 795 1310 manet
833 1258 887 1310 in
917 1257 1066 1310 domo
1095 1259 1146 1308 in
1177 1267 1454 1318 wtcrnum;
1505 1257 1643 1325 filius
1683 1264 1853 1308 autem

263 1357 442 1400 manet
461 1348 512 1400 in
541 1356 809 1401 a'teruum.
845 1346 908 1400 Si
933 1364 1052 1416 ergo
1084 1345 1129 1398 F
1134 1347 1252 1400 ilius
1282 1363 1366 1400 vos
1397 1345 1716 1408 liberaverit,
1742 1363 1855 1400 rere

262 1438 419 1493 liberi
447 1441 591 1493 eritis
625 1441 640 1509 (
675 1439 838 1504 lbid.,
873 1439 960 1503 δι,
1008 1438 1096 1500 55,
1148 1439 1215 1492 56
1237 1438 1278 1507 ).
1327 1438 1696 1506 Cogitationes
1724 1454 1853 1506 ergo

262 1530 578 1584 mortalium
607 1529 805 1583 timida:
835 1529 938 1582 ill-.12
963 1529 1145 1597 utique
1174 1529 1545 1594 designantur,
1597 1544 1693 1597 per
1720 1544 1854 1596 quas

262 1627 495 1688 peccato
524 1620 789 1684 serviunt,
820 1619 909 1688 qui
940 1634 1037 1688 per
1066 1627 1231 1672 totam
1264 1620 1425 1671 vitam
1471 1618 1688 1672 obnoxii
1731 1628 1853 1672 sunt

259 1709 536 1763 servituti.
593 1709 666 1764 De
693 1725 797 1778 qua
826 1710 1085 1764 servitute
1136 1727 1234 1764 nos
1281 1709 1371 1763 Dei
1400 1710 1568 1777 gratia
1599 1710 1854 1764 liberatos

262 1797 468 1853 Paulus
497 1801 690 1854 edocet
717 1801 901 1855 dicens
929 1819 942 1854 :
975 1799 1100 1853 Cum
1123 1804 1256 1854 enim
1278 1803 1408 1853 servi
1433 1801 1612 1854 essetis
1631 1802 1846 1870 peccati,

1956 636 2064 681 nes,
2095 627 2144 670 et
2189 637 2280 688 per
2325 621 2634 688 sapientiam
2681 623 2854 674 sanati
2896 633 3013 676 sunt
3044 625 3060 694 (
3087 624 3250 696 Ibid.,
3284 629 3368 693 17,
3406 631 3470 685 18
3495 633 3534 699 ).

1954 709 2088 775 Quid
2117 721 2214 773 est,
2251 712 2559 778 didicerunt,
2578 722 2623 765 et
2650 715 2822 766 sanati
2843 719 2997 769 sunt?
3019 717 3154 783 Quid
3179 736 3275 789 per
3295 733 3538 778 sanctum

1955 798 2236 868 Spiritum,
2267 809 2324 854 et
2375 818 2470 869 per
2497 802 2826 872 Sapientiam
2859 804 2974 872 Dei,
3005 823 3122 875 qmc
3155 811 3338 879 utique
3381 813 3538 876 (ΣΙιιίὶτ-

1954 900 2068 942 stus
2102 897 2207 955 est,
2251 889 2558 944 hominibus
2605 893 2736 947 dicit
2781 910 2898 948 esse
2928 897 3212 966 collatum,
3266 903 3367 956 nisi
3415 905 3540 971 quia

1956 987 2080 1032 tunc
2101 978 2388 1032 salubriter
2409 980 2661 1036 discimus
2676 985 2842 1054 468
2869 986 2994 1054 quid
3017 986 3192 1043 lacere
3222 990 3534 1055 debeamus,

1954 1069 2168 1136 quando
2226 1086 2324 1123 nos
2379 1071 2744 1126 misericordia
2798 1077 3130 1142 przevcniens
3171 1079 3453 1144 illuminat,
3487 1089 3542 1136 et

1953 1173 2227 1226 sanamur,
2261 1168 2316 1212 ut
2343 1161 2484 1228 quod
2511 1161 2596 1214 illa
2628 1161 2988 1232 praeveniente
3029 1168 3302 1236 discimus,
3352 1171 3540 1226 eadem

1953 1250 2316 1319 subsequente
2349 1251 2641 1308 faciamus?
2670 1253 2934 1310 Prsevenit
2963 1259 3104 1313 enim
3129 1277 3245 1326 nos,
3271 1263 3392 1316 dum
3425 1281 3542 1332 pro-

1953 1345 2114 1415 pitiua
2139 1344 2194 1396 lit
2213 1347 2470 1400 Dominus
2491 1350 2738 1404 omnibus
2761 1351 3128 1420 iniquitatibus
3145 1357 3342 1412 nostris
3367 1357 3536 1427 (Psal.

1954 1453 2045 1503 en,
2077 1437 2160 1507 5);
2193 1438 2536 1507 subsequitur
2567 1456 2681 1504 nos,
2715 1441 2838 1495 dum
2862 1452 3017 1496 sanat
3047 1461 3234 1499 omnes
3258 1447 3541 1514 languores

1955 1535 2196 1592 nostros;
2241 1529 2497 1596 przevenit
2527 1530 2894 1586 misericordia
2926 1534 3148 1588 liberum
3197 1537 3428 1591 hominis
3457 1556 3541 1591 ar-

1953 1616 2188 1681 bitrium,
2221 1616 2346 1673 dmn
2382 1619 2432 1672 in
2465 1621 2698 1674 nondum
2730 1623 2866 1678 bene
2891 1625 3104 1680 volente
3143 1627 3256 1681 sola
3286 1638 3542 1698 operatur

1953 1710 2232 1763 exordium
2279 1712 2434 1765 bona:
2463 1713 2783 1781 voluntatis;
2835 1717 3224 1786 subscquitur,.
3249 1719 3373 1773 dum
3403 1722 3544 1775 bene

1953 1800 2153 1854 volenti
2185 1802 2553 1857 subministrat
2575 1806 2855 1870 auxilium,
2883 1816 2939 1860 ut
2966 1809 3102 1863 bene
3133 1810 3410 1878 operando
3429 1827 3539 1880 per-

263 1890 417 1943 dberi
463 1891 634 1961 fuistis
672 1892 912 1961 justitiw.
964 1888 1122 1954 Quem
1162 1908 1284 1960 ergo
1333 1893 1552 1960 fructum
1600 1889 1852 1943 habuistis
1886 1901 1928 1958 ιι
1957 1893 2139 1945 veniat
2167 1892 2232 1946 ad
2275 1894 2430 1948 bona:
2459 1896 2748 1952 voluntatis
2777 1898 3046 1957 allectum.

264 1990 411 2044 tunc,
463 1981 513 2034 in
562 1982 742 2052 quibus
787 1997 922 2034 nunc
959 1981 1292 2034 erubescitis?
1327 1979 1463 2032 Nunt
1495 1981 1616 2049 ﬁnis
1647 1981 1855 2034 illorum

264 2090 406 2128 utors
436 2082 532 2127 est.
573 2071 729 2126 Nunc
768 2090 883 2126 vero
922 2073 1124 2126 liberati
1166 2090 1197 2124 a
1245 2082 1472 2143 peccato,
1511 2073 1642 2126 servi
1685 2081 1854 2124 autem

265 2167 396 2238 facti
430 2163 534 2219 Deo
560 2164 758 2218 habetis
779 2167 1002 2234 fructum
1029 2173 1245 2218 vestrum
1288 2164 1338 2216 in
1367 2164 1850 2232 sanctiﬁcationem,

265 2256 423 2326 ﬁnem
451 2271 566 2308 vero
590 2255 744 2308 vitam
767 2263 1015 2309 wternam
1047 2252 1223 2327 (Rom.
1257 2268 1325 2315 vl,
1355 2251 1422 2304 20
1450 2262 1499 2305 et
1519 2253 1672 2322 seq.).

341 2348 428 2404 l9.
471 2347 612 2403 Ecce
642 2347 770 2417 quid
817 2346 974 2400 nobis
1000 2346 1171 2414 gratia
1217 2345 1309 2398 Dei
1343 2343 1589 2398 contulit.
1617 2342 1857 2396 Timidus

265 2441 532 2506 liberavit,
559 2439 625 2494 de
653 2439 848 2508 quibus
867 2437 1141 2506 Scriptura
1160 2437 1313 2490 dicit:
1341 2435 1693 2504 Cogitationes
1717 2451 1854 2486 mor-

265 2533 446 2586 talium
479 2532 670 2584 timidw
701 2529 856 2599 (Sap.
881 2545 956 2595 1.x,
989 2527 1077 2596 14)
1111 2547 1123 2580 :
1156 2527 1228 2580 illi
1263 2525 1450 2595 procul
1478 2524 1642 2578 dubio
1674 2524 1853 2577 timori

263 2623 543 2691 subjeetze,
593 2622 678 2676 cui
708 2620 950 2674 subditos
991 2617 1251 2687 quosdam
1305 2631 1480 2670 sermo
1527 2615 1738 2668 divinus
1777 2616 1854 2669 sic

264 2715 462 2784 arguit,
504 2713 689 2769 dicens
722 2731 734 2766 :
781 2711 897 2766 Illic
935 2714 1214 2764 timuerant
1246 2711 1446 2773 timore,
1477 2707 1563 2760 ubi
1599 2723 1702 2759 non
1743 2715 1853 2758 erat

266 2811 420 2862 timor
442 2806 615 2880 (Psal.
650 2823 759 2870 χιιι,
806 2803 879 2876 5).
923 2803 1021 2859 llic
1050 2813 1132 2857 est
1176 2804 1338 2856 timor
1364 2816 1521 2871 quem
1550 2799 1730 2854 s:eeuli
1758 2815 1855 2853 cu-

267 2900 462 2970 piditas
493 2897 558 2952 ad
600 2906 807 2952 reatum
839 2897 1025 2965 injicit,
1076 2895 1140 2948 ad
1171 2894 1489 2965 supplicium
1536 2892 1720 2945 nutrit.
1752 2890 1854 2946 Iste

267 2993 429 3045 timor
461 2991 580 3046 illos
621 2991 864 3061 captivos
911 2989 1172 3060 possidet,
1223 3003 1450 3056 quorum
1501 2985 1855 3053 cogitationes

268 3086 428 3140 rebus
477 3084 762 3154 implicitas
811 3083 1030 3136 incertis
1079 3090 1241 3148 atque
1290 3076 1626 3132 instabilibus
1680 3083 1850 3130 tenet.

269 3173 495 3242 Propter
521 3173 664 3244 quod
691 3182 745 3228 et
769 3173 856 3227 ille
883 3172 972 3241 qui
1000 3171 1134 3225 dixit
1152 3189 1164 3223 :
1183 3169 1534 3241 Cogitationes
1558 3168 1852 3220 mortalium

269 3264 480 3320 timida.
517 3263 697 3318 statim
735 3261 965 3330 subjecit
998 3279 1010 3313 :
1041 3259 1108 3313 Et
1137 3262 1351 3313 incerta:
1383 3257 1852 3329 providentiwno-

268 3362 391 3406 strw
421 3352 574 3421 (Sap.
601 3366 674 3414 Ix,
705 3349 815 3421 14).
847 3350 1061 3407 Jncerta
1085 3357 1168 3402 est
1193 3347 1334 3402 enim
1367 3345 1703 3416 providentia
1733 3360 1852 3413 quae.

272 3445 490 3498 incertis
534 3445 693 3498 rebus
743 3443 1085 3512 impenditur,
1137 3449 1194 3495 et
1235 3442 1453 3495 inccrtzc
1490 3456 1576 3494 res
1624 3455 1850 3509 quarum

270 3542 414 3588 certa
445 3534 712 3602 possessio
743 3549 849 3586 non
893 3541 1124 3586 tenetur.
1159 3531 1408 3598 Quotidie
1455 3547 1739 3600 possumus
1769 3532 1852 3584 in—

270 3625 361 3678 viti
391 3625 638 3678 amittere
667 3623 808 3692 quod
856 3625 907 3676 in
936 3632 1195 3676 :etcrnum
1229 3638 1334 3675 non
1366 3638 1650 3690 possumus
1678 3622 1853 3690 possi-

270 3717 413 3771 dere.
440 3715 589 3770 Tunc
613 3730 743 3784 ergo
771 3723 898 3768 sunt
920 3715 1133 3768 incertze
1151 3714 1499 3783 providentia:
1523 3714 1849 3774 mortalium,

270 3808 482 3878 quando
502 3824 687 3862 earum
717 3823 892 3862 rerum
923 3823 1107 3861 amore
1128 3808 1338 3861 animus
1361 3815 1574 3861 tenetur
1605 3808 1852 3872 innexus,

272 3917 490 3972 quarum
515 3911 607 3955 aut
637 3901 906 3972 possessio
936 3901 1233 3971 possessori
1266 3900 1432 3954 invito
1461 3909 1637 3970 potest
1667 3901 1852 3966 adimi,

272 4001 361 4046 aut
388 3993 716 4062 possessioni
744 3993 930 4045 nolens
953 4007 1229 4060 possessor
1251 3989 1469 4044 auferri.
1501 3989 1649 4044 Unde
1673 3999 1851 4044 autem

273 4080 482 4139 incertzn
541 4084 890 4154 providentia:
950 4084 1111 4137 insint
1162 4084 1405 4146 homini,
1464 4084 1855 4151 subscquenter

273 4184 538 4228 ostensum
579 4184 680 4242 est,
710 4175 921 4228 dicente
960 4174 1237 4243 Scriptura
1265 4191 1278 4225 :
1312 4172 1509 4244 Corpus
1539 4175 1675 4227 enim
1719 4174 1855 4244 quod

275 4264 609 4332 corrumpitur
637 4275 886 4333 aggrarat
913 4263 1163 4328 (mimum,
1189 4269 1239 4315 et
1274 4262 1514 4331 deprimit
1543 4271 1745 4314 terrena
1773 4263 1855 4315 in-

275 4352 515 4406 lmbitatio
537 4371 738 4407 sensum
773 4355 932 4407 ntulta
963 4355 1291 4424 cogitantem,
1324 4361 1372 4406 et
1397 4353 1600 4422 difficile
1623 4353 1853 4406 a’ssima-

275 4461 378 4497 mus
400 4461 513 4516 qua:
542 4446 592 4497 in
626 4454 760 4498 terra
804 4454 942 4510 sunt,
969 4455 1016 4497 et
1045 4461 1157 4514 qua:
1187 4446 1239 4497 in
1270 4455 1538 4514 prospectu
1570 4455 1688 4498 sunt
1713 4448 1856 4498 inreo

275 4538 434 4588 nimus
459 4553 572 4588 cum
615 4535 791 4589 labore
823 4534 963 4606 (lbiil
993 4575 1006 4597 ,
1052 4535 1131 4599 l5,
1170 4534 1281 4604 16).

340 4625 467 4680 Crte.
499 4643 609 4680 xm.
642 4659 709 4667 —
740 4625 828 4679 20.
873 4625 1160 4694 Postquam
1212 4641 1340 4692 ergo
1384 4635 1576 4679 nostra:
1609 4627 1852 4680 mortali-

273 4719 392 4773 tatis
423 4718 695 4788 Scriptura
729 4719 880 4772 nobis
906 4717 1291 4771 demonstravit
1318 4732 1633 4783 :crunmam,
1663 4718 1851 4770 subsc-

275 4819 495 4879 quentcr
525 4811 679 4864 nobis
722 4810 912 4862 divina:
941 4808 1166 4876 gratiam
1214 4808 1470 4861 bonitatis
1516 4809 1765 4873 insinuat,
1798 4817 1855 4861 ut
1901 4798 1906 4802 ’

274 4914 622 4968 agnoscamus
647 4899 784 4954 unde
815 4900 969 4953 nobis
992 4907 1045 4952 et
1075 4898 1312 4952 scientiae
1344 4897 1541 4950 donum
1575 4907 1626 4949 et
1668 4914 1846 4950 corre-

273 4992 467 5063 ptionis
488 5000 646 5060 atque
673 4992 918 5045 sanitatis
943 4989 1261 5045 beneﬁcium
1293 4989 1616 5042 conlevatur.
1663 4989 1849 5057 Sequi-

275 5090 356 5136 tur
389 5082 529 5135 enim
573 5083 666 5152 (al.
701 5080 902 5151 autem)
937 5081 1024 5135 ille
1053 5081 1141 5148 qui
1173 5096 1235 5134 ea
1268 5095 1385 5148 qua:
1436 5079 1486 5132 in
1541 5087 1679 5132 terra
1729 5087 1852 5132 sunt

273 5170 484 5228 difﬁcile
512 5173 784 5236 mstimari,
835 5184 889 5226 et
916 5188 1034 5241 quae
1065 5172 1114 5224 in
1161 5177 1446 5240 prospectu
1477 5178 1600 5223 sunt
1629 5185 1744 5222 eum
1777 5170 1853 5222 la-

275 5261 399 5316 bore
429 5262 620 5316 asserit
666 5263 913 5326 inveniri,
960 5271 1014 5316 ct
1054 5263 1182 5316 dicit
1227 5261 1334 5314 Deo
1378 5279 1388 5313 :
1435 5259 1563 5324 Qua:
1593 5271 1758 5313 autent
1802 5263 1852 5314 in

275 5351 393 5405 cazlo
423 5364 540 5406 sunt
569 5355 679 5424 quis
712 5353 1074 5424 inuestigabili?
1121 5353 1339 5406 Sensum
1389 5355 1523 5405 enim
1557 5362 1695 5403 tuum
1742 5352 1854 5422 quis

275 5443 411 5504 sciet,
444 5445 546 5496 nisi
591 5453 640 5496 tu
673 5444 873 5496 dederis
915 5443 1242 5511 sapientiam,
1275 5455 1323 5498 et
1371 5444 1570 5496 miseris
1615 5443 1853 5510 spiritum

277 5545 406 5588 tuum
442 5537 506 5589 de
527 5537 824 5591 altissimis?
851 5536 918 5589 lit
945 5537 1017 5589 sie
1041 5550 1283 5596 correcta;
1316 5547 1434 5594 sunt
1458 5536 1650 5586 semita?
1678 5551 1851 5586 eorum

395 5758 484 5844 Sic
517 5775 642 5813 mss.
677 5758 801 5811 duo.
834 5757 1041 5816 Czt'lt‘t'i,
1075 5775 1136 5810 ar
1169 5764 1426 5844 )1“../¢'l'0.’0
1458 5755 1746 5844 benignum.

408 5829 460 5883 In
504 5831 817 5899 quibusdam
847 5871 860 5895 ,
902 5845 1046 5896 asper
1074 5825 1408 5915 ιιι-η,⁷,’⁴¹;¹ξειῂ
1450 5844 1476 5881 s
1519 5842 1620 5878 non
1655 5825 1843 5892 legitur

273 5910 394 5954 erat.
1205 5908 1214 5930 ’

2012 1983 2073 2036 2i
2089 2025 2102 2037 .
2119 1983 2477 2039 Misericordia
2497 1985 2655 2054 igitur
2668 1991 3000 2057 praeveniens
3015 2001 3423 2060 cooperaturam
3443 1993 3542 2047 sibi

1956 2072 2188 2127 hominis
2203 2075 2532 2130 voluntatem
2561 2078 2672 2131 sola
2699 2088 2992 2147 pmcparat;
3012 2081 3342 2149 subsequens
3361 2090 3542 2135 autem

1955 2176 2341 2236 cooperantem
2359 2169 2457 2222 sibi
2475 2170 2809 2223 voluntatem
2825 2170 2992 2245 juvat.
3009 2171 3192 2241 Itaque
3213 2175 3545 2242 praeveniens

1957 2254 2008 2308 in
2045 2257 2284 2311 tenebris
2314 2257 2584 2312 hominem
2608 2261 2958 2314 constitutum
2982 2262 3148 2329 gratis
3171 2262 3348 2316 educit
3373 2262 3438 2318 ad
3463 2262 3545 2317 lu-

1956 2363 2092 2410 cem,
2123 2364 2232 2402 non
2263 2349 2436 2402 solum
2469 2349 2810 2404 admonendo
2853 2351 3206 2415 extrinsecus,
3241 2353 3332 2406 sed
3377 2362 3430 2406 et
3460 2354 3536 2407 in-

1957 2439 2220 2494 trinsecus
2251 2440 2657 2495 illuminationis
2704 2443 2929 2508 gratiam
2963 2442 3256 2512 largiendo.
3291 2443 3546 2498 Dominus

1955 2531 2096 2584 enim
2131 2531 2392 2584 illuminat
2437 2548 2631 2599 caecos,
2684 2532 2882 2590 faciens
2924 2529 3219 2608 scilicetex
3252 2535 3451 2589 inlideli
3493 2534 3546 2587 li-

1955 2622 2154 2688 delem,
2192 2640 2258 2677 ex
2301 2625 2534 2692 superbo
2581 2625 2856 2692 humilem,
2884 2641 2950 2680 ex
2981 2643 3176 2696 aspero
3224 2628 3430 2696 mitem,
3477 2644 3546 2683 ex

1956 2711 2283 2766 fornicatore
2306 2723 2532 2779 castum,
2563 2731 2627 2768 ex
2652 2716 2886 2783 maligno
2923 2717 3242 2771 benevolum
3272 2729 3319 2783 η,
3345 2734 3411 2773 ex
3434 2728 3546 2774 tru-

1955 2809 2173 2863 culento
2204 2809 2490 2878 placidum,
2518 2825 2585 2864 ex
2628 2819 2872 2865 amatore
2902 2812 3084 2864 mundi
3125 2823 3420 2866 amatorem
3449 2813 3543 2868 Dei

1956 2907 2011 2954 et
2056 2900 2306 2969 proximi,
2356 2916 2422 2954 ex
2472 2911 2687 2970 raptore
2731 2917 2910 2955 rerum
2965 2901 3278 2966 alienarum,
3325 2919 3546 2956 suarmn

1959 2991 2244 3061 postmodo
2287 2991 2618 3059 largitorem.
2653 2989 2740 3044 Sic
2789 2990 3162 3044 misericordia
3205 2991 3299 3045 Dei
3342 3007 3546 3061 praeve-

1959 3083 2162 3146 niente,
2190 3093 2244 3137 et
2274 3084 2326 3137 in
2358 3084 2520 3138 corde
2553 3084 2784 3137 hominis
2814 3084 3129 3138 mirabiliter
3149 3091 3427 3154 operante,
3453 3083 3545 3152 qui

1958 3176 2161 3231 divitiis
2192 3177 2578 3246 temporalibus
2621 3178 2914 3232 carnaliter
2943 3176 3205 3246 superbus
3246 3175 3545 3230 extolleba-

1880 3267 1922 3329 C
1959 3275 2065 3334 tur,
2097 3268 2312 3325 humilis
2344 3268 2397 3321 in
2424 3268 2617 3322 timore
2647 3267 2981 3337 Dei,pauper
3002 3266 3190 3336 spiritu
3213 3266 3443 3320 libenter
3469 3263 3546 3319 ef-

1959 3359 2158 3424 licitur;
2185 3368 2242 3415 et
2271 3361 2360 3429 qui
2386 3376 2546 3430 asper
2569 3361 2592 3397 ι’
2623 3368 2677 3414 ct
2703 3360 3018 3422 inobedicns
3039 3359 3234 3414 divinis
3261 3367 3418 3413 antea
3440 3374 3546 3414 ser—

1958 3450 2206 3504 monibus
2254 3450 2601 3519 repugnavit,
2655 3450 2721 3504 ad
2771 3449 3098 3504 audiendum
3123 3449 3345 3505 verbum
3385 3457 3547 3518 atque

1957 3540 2313 3596 ohediendum
2346 3552 2366 3579 ε
2401 3541 2547 3596 mitis
2576 3549 2628 3595 et
2651 3541 2864 3612 quietus
2893 3541 3128 3604 accedit;
3154 3549 3206 3596 et
3229 3541 3317 3609 qui
3347 3539 3546 3594 dudun

1958 3631 2230 3698 injustitia:
2277 3631 2648 3686 crudelitatem
2701 3632 2961 3699 indigesta
2992 3633 3302 3701 erapulatus
3331 3647 3548 3700 perver-

1957 3723 2116 3776 sitate
2143 3722 2391 3786 ructavit,
2427 3723 2670 3776 esuriens
2701 3732 2756 3775 et
2779 3723 2970 3777 sitiens
2999 3722 3302 3776 satietatem
3328 3719 3548 3788 justitia:

1957 3811 2308 3880 concupiscit.
2357 3809 2431 3863 lta
2479 3810 2536 3862 lit
2568 3818 2623 3864 ut
2670 3826 2768 3880 pro
2797 3809 3035 3879 peccatis
3075 3809 3236 3862 etiam
3268 3809 3468 3876 lugeat,
3494 3809 3548 3863 in

1955 3901 2150 3969 quibus
2179 3909 2334 3954 antea
2365 3899 2637 3953 mortifera
2671 3899 3031 3954 delectatione
3079 3898 3383 3966 gaudebat:
3418 3914 3548 3968 ope-

1960 3992 2104 4044 ribus
2125 3990 2318 4044 deinde
2341 3989 2720 4043 misericordiae
2746 3988 3107 4042 indesinenter
3138 3987 3409 4050 insistens,
3436 3987 3548 4057 ipse

1958 4098 2173 4151 quoque
2195 4091 2560 4151 consequatur
2589 4080 3034 4146 misericordiam,
3071 4096 3165 4150 per
3189 4095 3350 4148 quam
3369 4095 3548 4149 perve-

1961 4175 2072 4228 niat
2113 4173 2180 4227 ad
2227 4188 2518 4236 coronam;
2565 4172 2666 4225 lide
2716 4186 2933 4240 quoque
2981 4186 3077 4239 per
3103 4169 3381 4224 caritatem
3427 4183 3548 4237 qum

1958 4273 2141 4319 saneta
2170 4271 2294 4318 sunt.
2322 4262 2664 4316 laudabiliter
2691 4260 3056 4328 operante,ad
3070 4260 3356 4314 videndum
3381 4260 3548 4314 Dem

1959 4355 2273 4410 munditiam
2305 4354 2548 4422 acquirat
2570 4353 2767 4420 cordis,
2788 4353 2877 4422 qui
2903 4353 3320 4422 cogitationibus
3341 4352 3547 4423 pridem

1957 4448 2204 4505 sordebat
2239 4447 2506 4502 obscenis.

2029 4538 2117 4593 29..
2161 4538 2282 4593 llaec
2312 4550 2392 4592 est
2421 4538 2647 4591 mutatio
2667 4536 2905 4591 dexter-1n
2933 4533 3141 4590 Excelsi
3166 4534 3336 4603 (Psal.
3365 4551 3548 4600 Lxxvt,

1963 4628 2071 4696 Η),
2108 4644 2204 4698 per
2230 4645 2391 4697 quam
2420 4628 2714 4680 humanzrm
2741 4626 3074 4680 illuminatur
3101 4627 3410 4688 arbitrium;
3437 4626 3549 4680 hsce

1958 4734 2148 4787 magna
2176 4734 2340 4788 opera
2375 4718 2610 4782 Domini,
2639 4717 2902 4786 exquisita
2947 4717 2998 4770 in
3029 4731 3216 4770 omnes
3246 4715 3548 4770 voluntates

1958 4810 2074 4879 ejus
2105 4809 2278 4880 (Psal.
2309 4825 2396 4870 cx,
2429 4808 2508 4877 9.).
2539 4807 2628 4863 Sic
2658 4808 2708 4862 in
2746 4808 2902 4862 nobis
2930 4808 3072 4862 Deus
3101 4814 3361 4876 prmparat
3391 4805 3547 4860 adin-

1957 4903 2237 4955 ventiones
2265 4915 2419 4964 suas,
2453 4901 2575 4970 quia
2606 4901 2719 4971 ipse
2750 4903 2802 4954 in
2834 4901 2988 4955 nobis
3027 4907 3292 4970 praeparat
3319 4899 3460 4970 quod
3491 4899 3544 4952 in

1957 4991 2111 5044 nobis
2141 4991 2406 5056 inveniat;
2455 4991 2579 5044 dum
2611 5007 2793 5045 areum
2845 4993 3142 5062 potentium
3175 4990 3438 5044 iulirmum
3469 4988 3533 5042 la-

1957 5081 2050 5146 cit,
2089 5090 2142 5134 et
2192 5079 2434 5135 inﬁrmos
2482 5083 2974 5152 przrcingitvirtute
3005 5084 3022 5153 (
3049 5082 3076 5135 Ι
3111 5081 3240 5152 Reg.
3289 5097 3342 5141 η,
3375 5079 3461 5149 4),
3495 5079 3544 5133 id

1958 5180 2059 5236 est,
2090 5173 2214 5225 dum
2248 5173 2299 5226 in
2338 5173 2646 5230 hominibus
2688 5189 2823 5245 quos
2851 5174 3017 5241 gratis
3059 5173 3249 5234 salvat,
3276 5185 3542 5240 pimsum-

1957 5264 2196 5333 ptionem
2238 5264 2484 5318 humanm
2510 5267 2722 5319 virtutis
2772 5265 3005 5318 inlirmat
3034 5260 3082 5327 ά,
3116 5271 3173 5316 ut
3214 5277 3271 5316 se
3302 5259 3544 5317 inﬁrmos

1957 5364 2271 5422 agnoscant,
2305 5365 2357 5410 et
2401 5355 2723 5425 adjutorium
2771 5355 2966 5408 divina:
2996 5353 3207 5408 virtutis
3251 5353 3542 5423 accipiant.

1957 5445 2059 5498 Ista
2087 5445 2224 5499 Deus
2252 5447 2302 5499 in
2328 5447 2482 5500 nobis
2511 5444 2928 5501 misericorditer
2951 5443 3236 5506 lacit,dum
3261 5460 3360 5515 pro
3385 5444 3543 5502 malis

1957 5536 2095 5590 bona
2126 5539 2390 5603 retribuit,
2424 5539 2549 5592 dum
2578 5536 2945 5591 misericordia
2997 5537 3356 5607 prteveniente
3385 5535 3550 5592 malis

2033 5769 2052 5794 τ
2088 5757 2246 5812 Abest
2273 5759 2340 5811 ab
2371 5757 2490 5812 edd.
2524 5766 2577 5808 at
2595 5773 2676 5823 ,-uc
2706 5756 3058 5810 obeticndmn.

2020 5829 2042 5860 "
2085 5828 2208 5882 Mss.
2243 5828 2373 5895 duo,
2408 5830 2653 5899 infreuat.
