4046 6532
593 488 697 548 639

1627 485 1685 542 S.
1729 481 2086 540 (“ULCENTII
2129 480 2198 537 EF

2296 476 2430 536 ZOPl
2474 478 2844 536 RUSPENSIS
3803 481 3872 539 N‘

558 587 568 592 ’⁷
596 607 736 661 bona
767 605 954 671 donat,
985 616 1042 659 ut
1063 620 1125 658 ea
1157 605 1209 658 iu
1241 603 1393 656 nobis
1420 599 1784 654 misericordia
1814 599 2175 667 subsequente
2210 606 2251 657 Α
2281 596 2415 666 quod
2462 594 2724 648 tribulatio
2763 595 3064 663 patientiam
3112 602 3404 663 operatur,
3455 595 3712 658 patientia
3747 610 3876 650 απιιεπ.

595 698 883 754 custodiat.
916 697 1050 754 Cum
1085 697 1226 752 enim
1251 692 1554 764 justiticatis
1597 708 1660 748 ac
1706 692 1844 746 bene
1874 689 2176 744 volentibus

596 789 800 860 prabet
829 789 1106 850 auxilium,
1140 787 1250 840 suis
1279 787 1462 854 utique
1485 783 1637 838 donis
1674 783 2046 838 subministrat
2083 797 2178 835 au-

595 885 902 947 gmentum;
929 885 982 930 et
1007 877 1077 929 ita
1099 873 1376 930 conllrmat
1402 873 1546 943 quod
1567 883 1820 942 operatus
1843 882 1924 927 est
1947 873 1998 927 in
2027 872 2180 928 nobis

601 967 774 1039 (Psal.
807 985 966 1032 uvn,
998 968 1119 1037 26),
1163 969 1287 1021 dum
1318 969 1512 1022 bonam
1543 1011 1558 1034 ,
1599 982 1760 1036 quam
1812 967 1925 1036 ipse
1974 965 2178 1033 tribuit,

600 1059 931 1116 voluntatem
955 1067 1170 1128 torpere
1190 1073 1253 1112 ac
1267 1056 1499 1113 deiicere
1522 1074 1629 1112 uon
1649 1059 1909 1128 permittit
1933 1057 1985 1112 in
2005 1058 2178 1112 nobis.

671 1187 797 1243 Car.
831 1205 935 1243 xrv.
967 1222 1036 1231 —
1064 1188 1150 1242 23.
1186 1187 1436 1252 Proinde,
1458 1189 1748 1245 secundum
1778 1190 2021 1260 Apostoli
2049 1205 2181 1260 prm-

602 1288 836 1350 ceptum,
869 1294 988 1333 cum
1021 1279 1212 1333 timore
1241 1289 1294 1334 et
1323 1289 1558 1335 tremore
1586 1280 1750 1353 569
1778 1288 2013 1337 nostram
2039 1283 2184 1338 salu-

601 1381 708 1428 tcm
738 1387 1058 1441 operemur,
1090 1373 1166 1428 sci
1206 1383 1323 1429 ntes
1369 1374 1490 1442 quin
1538 1374 1679 1430 Deus
1705 1383 1788 1431 est
1811 1375 1902 1444 qui
1931 1385 2186 1446 operatur

601 1461 654 1518 in
694 1463 849 1517 nobis
894 1471 950 1518 ct
996 1463 1136 1520 velle
1177 1473 1233 1520 et
1262 1465 1539 1534 perlicere,
1579 1482 1677 1537 pro
1725 1467 1864 1522 bona
1911 1468 2186 1521 voluntate

601 1551 819 1622 (Philip.
851 1570 905 1618 ιι,
941 1553 1025 1618 l2,
1061 1555 1168 1626 l5).
1218 1555 1400 1627 Neque
1439 1557 1517 1612 sic
1563 1565 1812 1627 putemus
1860 1557 2182 1611 abutendum

600 1641 873 1697 beneﬁciis
901 1647 1113 1711 grati-.e,
1148 1654 1206 1700 ut
1243 1647 1444 1715 absque
1483 1647 1634 1702 bonis
1679 1647 1930 1716 operibus
1973 1656 2186 1717 torpea-

600 1746 737 1787 tnus.
789 1733 870 1789 Ab
918 1735 982 1788 iis
1029 1738 1170 1790 enim
1219 1738 1389 1805 gentia
1429 1737 1672 1808 profecto
1709 1737 1932 1793 discedit
1959 1755 2184 1808 quorutn

601 1824 795 1880 caritas
826 1823 1142 1891 refrigescit.
1187 1827 1476 1882 Audiamus
1515 1829 1694 1897 itaque
1722 1827 2038 1898 Apostolum
2067 1841 2188 1895 gra-

601 1915 687 1969 tia!
717 1917 1060 1986 participem,
1091 1918 1272 1986 gratiae
1315 1919 1468 1973 nobis
1497 1935 1660 1989 opera
1701 1923 2180 1974 demonstrantem.

2285 685 2655 755 probationem,
2683 684 2914 754 probatio
2947 701 3062 738 vero
3090 701 3256 754 spem,
3285 701 3420 753 spes
3453 690 3633 737 autem
3664 705 3758 741 non
3783 707 3874 743 τος.-

2286 777 2472 846 fundit,
2505 777 2624 847 quia
2654 778 2847 828 caritas
2882 773 2976 828 Dei
3003 775 3193 844 di/fusa
3226 782 3315 828 est
3350 775 3410 826 in
3444 774 3693 828 cordibus
3731 783 3878 835 nostri:

2285 885 2374 938 per
2401 868 2651 938 Spiritum
2682 876 2915 922 sanctum
2941 908 2955 931 ,
2988 868 3074 939 qui
3098 870 3250 920 datus
3294 874 3384 920 est
3413 863 3573 920 nobis
3615 865 3776 934 (Rom.
3800 873 3876 933 v,3

2283 971 2330 1015 et
2359 965 2514 1033 seq.).
2559 960 2675 1030 Ipsa
2708 960 2833 1013 facit
2859 968 2918 1013 ut
2959 974 3058 1014 nec
3093 957 3515 1028 cupiditatibus
3545 959 3804 1027 capiamur
3835 965 3876 1016 il.

2287 1055 2448 1119 lecti,
2492 1069 2590 1108 nec
2650 1053 3066 1109 adversitatibus
3120 1051 3570 1107 succumbamus
3622 1051 3776 1108 inviti.
3821 1053 3872 1111 lt:

2284 1143 2666 1199 misericordia!
2696 1142 3074 1210 subsequentis
3103 1157 3272 1212 opere
3311 1143 3370 1194 in
3406 1151 3680 1210 quantum
3719 1146 3873 1196 mundo

2287 1236 2481 1290 mortui
2511 1233 2814 1298 el‘licimur,
2863 1233 2915 1287 in
2967 1242 3171 1286 tantum
3216 1232 3433 1302 spiritu
3480 1233 3680 1286 mentis
3721 1246 3872 1290 nostra

2287 1329 2455 1394 magis
2485 1326 2758 1393 magisque
2787 1341 3115 1380 renovamur

2357 1435 2445 1516 25.
2479 1460 2800 1516 leestibus
2827 1460 3006 1528 itaque
3031 1457 3302 1513 mandatis
3331 1458 3634 1525 obedieus,
3655 1469 3868 1528 quantum

2289 1553 2571 1623 adjuvatur
2598 1553 2762 1606 homo
2789 1551 3046 1605 divinitus
3070 1591 3084 1615 ,
3121 1550 3467 1606 voluntariis
3500 1551 3704 1604 nisibus
3725 1552 3869 1605 elabo-

2290 1654 2391 1701 ret.
2438 1645 2591 1712 Quod
2644 1661 2770 1699 vero
2814 1645 2866 1698 in
2918 1645 3101 1698 labore
3148 1661 3254 1698 non
3308 1642 3549 1707 deﬁcit,
3583 1644 3720 1712 quod
3744 1647 3866 1700 rectis

2291 1738 2566 1806 g~essibus
2587 1737 2772 1799 currit,
2802 1735 2947 1805 quod
2976 1736 3113 1789 bene
3139 1744 3340 1800 certat,
3376 1734 3536 1803 quod
3567 1733 3718 1789 tidem
3744 1735 3867 1807 ‘70

2295 1837 2493 1892 servat,
2523 1845 2628 1882 non
2650 1844 2758 1882 sua:
2782 1828 2962 1882 virtuti
2983 1827 3221 1897 deputet,
3252 1826 3359 1881 sed
3393 1825 3552 1880 dono
3579 1826 3749 1894 gratim
3764 1827 3862 1882 inse

2297 1937 2359 1976 ac
2386 1935 2568 1976 secum
2599 1919 2874 1989 operantis
2900 1919 3153 1986 assignet.
3196 1916 3409 1972 Labori
3442 1925 3639 1972 sancto
3676 1917 3862 1972 studium

603 2007 690 2061 Ait
715 2008 858 2062 enim
888 2008 1119 2077 quodam
1149 2010 1270 2066 loco
1303 2029 1315 2064 :
1354 2011 1489 2077 Quid
1513 2029 1636 2082 ergo
1667 2012 1928 2066 dicemus?
1965 2010 2178 2066 Perma-
2223 2003 2263 2060 Β
2292 2013 2448 2066 bonte
2476 2010 2770 2064 voluntatis
2811 2007 3085 2078 impendat
3113 2026 3126 2060 :
3159 2023 3279 2076 qua:
3311 2007 3585 2062 voluntas
3615 2015 3732 2062 tunc
3755 2009 3858 2063 bona

603 2095 834 2151 nebinus
869 2097 921 2151 in
951 2109 1192 2169 peccato,
1225 2110 1279 2154 ut
1308 2103 1478 2172 gratia
1513 2100 1739 2155 abundet
1779 2101 1956 2166 (Rom.
1990 2119 2062 2169 vi,
2094 2101 2188 2169 l)?

605 2185 901 2256 Statimque
929 2191 1216 2258 resp~ndct
1249 2209 1260 2244 :
1293 2191 1437 2245 Absit
1470 2194 1596 2263 :qui
1636 2193 1769 2246 enim
1800 2194 1987 2246 mortui
2018 2210 2190 2247 sumus

606 2287 846 2336 neccato,
889 2278 1141 2350 quomodo
1182 2280 1350 2334 adhuc
1387 2283 1606 2335 t-iremus
1644 2283 1697 2335 in
1735 2283 1824 2337 illo
1875 2280 2062 2353 (lbid.,
2092 2280 2192 2350 2)?

608 2365 721 2424 lloc
752 2369 911 2438 igitur
939 2371 991 2425 in
1022 2371 1175 2427 nobis
1205 2382 1460 2442 operatur
1486 2373 1681 2442 gratia,
1713 2382 1770 2428 ut
1795 2383 2020 2444 peccato
2050 2389 2191 2429 rnor-

608 2459 702 2526 tui,
721 2456 942 2527 justitia:
968 2461 1230 2518 vivamus.
1255 2461 1383 2519 Ideo
1413 2480 1596 2520 rursus
1627 2465 1766 2520 idem
1794 2465 2069 2536 apostolus
2098 2467 2192 2532 ait,

609 2560 666 2607 ut
704 2554 1032 2610 aestimemus
1088 2572 1186 2610 nos
1232 2566 1473 2612 mortuos
1517 2557 1730 2628 quidem
1780 2573 1900 2612 esse
1947 2566 2190 2628 peccato,

611 2645 850 2700 viventes
879 2656 1056 2701 autem
1084 2647 1193 2704 Deo
1243 2649 1296 2704 in
1339 2648 1554 2704 Christo
1591 2649 1720 2706 Jesu
1753 2650 1977 2706 Domino
2009 2659 2195 2704 nostro

611 2733 794 2806 (Ibid.,
835 2735 940 2808 ll).
983 2737 1166 2794 Gratia
1197 2741 1377 2809 itaque
1403 2741 1580 2796 divina
1612 2743 1663 2796 in
1694 2742 1927 2798 humano
1951 2741 2194 2807 arbitrio,

610 2839 665 2884 et
695 2839 922 2885 mortem
950 2831 1237 2887 salubriter
1259 2841 1516 2902 operatur
1535 2842 1589 2887 et
1612 2834 1773 2887 vitam
1801 2852 1812 2887 :
1839 2843 2067 2889 mortem
2092 2834 2196 2888 sci-

610 2923 736 2980 licet
762 2923 1067 2992 criminum,
1101 2925 1368 2994 vitamque
1399 2925 1674 2980 virtutum.
1705 2925 1831 2981 Ideo
1864 2927 2002 2981 Deus
2031 2926 2191 2982 dicit:

613 3013 721 3087 Ego
743 3016 999 3084 occidam,
1020 3027 1069 3070 et
1098 3019 1260 3072 virere
1289 3019 1481 3089 faciam
1511 3017 1688 3088 (Deut.
1715 3035 1878 3083 xxxii,
1903 3017 2016 3087 59).
2048 3019 2196 3074 Sicut

611 3120 739 3174 ergo
769 3122 892 3161 cum
939 3106 1243 3162 viveremus
1289 3117 1551 3179 peccato,
1601 3124 1819 3178 pravam
1868 3107 2196 3163 voluntatem

611 3205 850 3252 nostram
882 3215 1043 3269 prava
1074 3215 1234 3270 opera
1262 3200 1657 3268 sequebantur;
1705 3200 1777 3253 ita
1808 3216 1949 3255 nunc
1975 3210 2199 3270 accepto

612 3285 874 3343 beneﬁcio
901 3290 1105 3356 gratim,
1137 3299 1192 3344 et
1220 3305 1317 3360 per
1344 3291 1447 3345 hoc
1471 3298 1674 3344 mutata
1705 3291 1755 3344 in
1788 3291 1976 3345 melius
2006 3292 2198 3347 volun-

2293 2109 2412 2168 e.~t,
2440 2101 2486 2157 si
2511 2100 2745 2156 studium
2775 2115 2928 2154 suum
2975 2099 3168 2153 divinae
3219 2099 3504 2167 largitatis
3550 2114 3734 2154 munus
3771 2115 3859 2155 esse

2293 2208 2402 2247 nou
2428 2191 2682 2259 ambigat.
2715 2190 3003 2260 Apostolus
3032 2191 3232 2260 quippe
3254 2189 3622 2245 Timotheum
3650 2190 3710 2243 ad
3735 2191 3858 2246 vinn-

2297 2295 2402 2340 tem
2427 2284 2584 2353 hujus
2613 2284 2810 2338 laboris
2838 2283 3114 2349 hortatur,
3144 2283 3335 2338 dicens
3371 2300 3384 2336 :
3431 2281 3641 2337 Labore
3667 2293 3716 2336 ut
3737 2285 3860 2338 bona

2296 2378 2443 2431 miles
2475 2375 2669 2431 Christi
2689 2374 2812 2430 Iesu
2842 2373 2931 2448 (11
2957 2374 3089 2429 Tim.
3123 2390 3179 2439 tt,
3214 2375 3295 2438 3).
3325 2374 3406 2430 Se
3431 2391 3653 2444 quoque
3677 2375 3856 2445 amplius

2295 2466 2770 2521 ceteristomnibuS
2800 2465 3071 2520 laborasse
3101 2474 3333 2520 testatur
3354 2465 3554 2521 dicens
3581 2485 3594 2518 :
3623 2466 3854 2519 Abundan-

2297 2559 2396 2611 tius
2444 2557 2547 2610 illis
2593 2555 2830 2611 omuibus
2877 2556 3106 2612 laborari
3155 2556 3206 2628 (I
3236 2557 3368 2613 Cor.
3409 2573 3505 2626 xv,
3549 2557 3656 2629 10).
3701 2557 3788 2614 Sed
3815 2569 3854 2615 ut

2297 2648 2611 2705 ostenderet
2639 2665 2697 2705 se
2729 2658 2787 2705 et
2816 2648 2937 2705 lldei
2966 2651 3164 2705 donum
3189 2693 3203 2716 ,
3239 2660 3298 2706 et
3335 2651 3630 2706 laborandi
3654 2652 3850 2706 virtutem

2297 2743 2490 2797 divinae
2515 2743 2700 2810 gratia:
2728 2757 2952 2798 munere
2981 2759 3044 2797 ac
3062 2741 3342 2811 juvamine
3376 2751 3739 2805 consecutura,
3757 2741 3852 2797 item

2298 2831 2426 2887 dicit
2451 2849 2464 2884 :
2493 2831 2592 2896 Qui
2625 2833 2765 2901 prius
2797 2833 2871 2902 fui
2897 2831 3242 2902 blasphemus,
3273 2849 3356 2898 ac,
3367 2841 3685 2903 persecutor,
3705 2839 3849 2885 etcen-

2299 2925 2634 2986 tumelt‘osus;
2664 2923 2756 2977 sed
2783 2923 3191 2978 misericordiam
3212 2933 3534 2978 consecutus
3556 2940 3661 2977 sum
3688 2919 3733 2992 (l
3755 2919 3849 2973 Tini.

2302 3034 2336 3074 i.
2376 3015 2486 3083 15).
2535 3015 2681 3085 Opus
2704 3025 2883 3070 autem
2914 3015 3152 3084 ejusdem
3195 3014 3592 3070 misericordiae
3617 3014 3689 3069 sic
3712 3021 3846 3066 oslen-

2299 3107 2398 3172 dit,
2427 3107 2611 3161 dicens
2642 3124 2654 3158 :
2683 3105 2970 3161 Consilium
3002 3115 3172 3160 autent
3203 3107 3287 3169 do,
3329 3115 3586 3175 tauquam
3619 3103 3835 3157 miserim

2299 3199 2442 3251 dicm
2473 3207 2774 3252 consecutus
2799 3215 2831 3250 a
2860 3195 3082 3252 Domino
3113 3205 3168 3249 ut
3196 3197 3376 3268 ﬁdelis
3407 3213 3571 3251 essent
3593 3191 3832 3266 (160nm

2301 3287 2424 3358 25).
2473 3288 2599 3344 Ideo
2625 3304 2748 3343 cum
2783 3287 3010 3343 dixisset
3044 3288 3263 3356 dignum
3303 3305 3373 3345 se
3413 3303 3526 3342 non
3571 3301 3682 3341 esse
3715 3298 3838 3338 vocer

615 3385 747 3444 tate,
778 3393 885 3432 non
912 3380 1154 3434 vivamus
1180 3388 1402 3450 peccato
1426 3421 1440 3444 ,
1472 3379 1566 3435 sed
1600 3380 1731 3434 Deo.
1783 3381 1861 3434 Ad
1908 3382 2011 3436 hoc
2056 3384 2198 3438 enim
2229 3399 2273 3458 ρ
2305 3379 2651 3448 apostolum,
2700 3379 2826 3449 quia
2878 3388 3192 3450 persecutus
3240 3388 3394 3433 esset
3437 3375 3714 3433 Ecclesium
3753 3373 3840 3427 Dei.

621 3468 793 3534 uobis,
824 3485 945 3524 cum
974 3471 1162 3526 mortis
1191 3470 1496 3542 prtejudicio
1529 3470 1701 3540 frigidi
1732 3488 1970 3528 essemus
1993 3515 2007 3540 ,
2047 3473 2202 3530 datus

619 3559 883 3615 estvitalis
897 3559 1078 3616 fervor
1087 3563 1255 3617 sancti
1267 3561 1514 3632 Spiritus,
1530 3579 1687 3633 quem
1703 3566 1866 3636 gratis
1877 3566 2198 3636 accepimus,

618 3661 676 3705 ut
706 3667 802 3722 per
821 3652 1046 3719 gratiam
1077 3651 1193 3719 Dei,
1225 3663 1280 3710 et
1303 3656 1502 3710 bonum
1533 3657 1688 3721 velle,
1721 3667 1776 3713 et
1803 3657 2002 3714 bonum
2026 3658 2202 3714 facere

620 3743 910 3799 valeamus.
954 3743 1081 3800 ldeo
1123 3761 1222 3801 nos
1260 3745 1549 3818 Apostolus
1585 3763 1706 3805 esse
1735 3750 1975 3821 praecipit
2013 3750 2202 3820 spiritu

618 3836 888 3905 ferventes,
913 3834 1136 3893 Domino
1157 3839 1432 3894 servientes
1464 3839 1639 3912 (Rom.
1667 3852 1758 3905 XII,
1786 3840 1896 3911 11).
1931 3840 2044 3896 Non
2074 3858 2204 3912 ergo

614 3927 775 3981 nobis
800 3937 882 3984 est
911 3944 940 3984 a
969 3939 1159 3986 sancto
1188 3930 1369 3987 labore
1394 3933 1709 3988 cessandum
1736 3973 1750 3998 ,
1791 3935 1986 4004 quibus
2013 3936 2204 3991 divinat

617 4019 801 4086 gratiae
820 4035 928 4075 non
948 4021 1124 4077 stilum
1153 4037 1360 4078 merces
1381 4024 1726 4092 promittitur,
1749 4025 1844 4080 sed
1866 4033 1922 4080 et
1947 4027 2203 4080 auxilium

619 4107 955 4177 sullragatur.
1001 4109 1068 4165 Et
1092 4111 1215 4182 quia
1257 4114 1602 4186 unusquisque
1629 4117 1894 4186 propriam
1923 4118 2204 4172 mercedem

620 4201 834 4269 accipiet
869 4203 1148 4257 secundum
1184 4220 1332 4257 suum
1373 4204 1603 4260 laborem
1653 4205 1708 4276 (Ι
1736 4207 1856 4262 Cor.
1889 4224 1974 4274 Ill,
2007 4208 2094 4279 8),
2125 4211 2205 4266 di-

623 4306 785 4360 gnum
815 4304 898 4350 est
935 4304 992 4350 ut
1019 4296 1157 4353 bene
1203 4298 1460 4354 facientes
1507 4317 1611 4354 non
1660 4299 1973 4358 deliciamus
2003 4312 2110 4359 tam
2139 4305 2206 4360 ab

623 4397 788 4452 opere
816 4398 976 4453 quam
1001 4387 1069 4441 ab
1098 4389 1341 4444 oratione
1368 4388 1508 4460 (Cal.
1534 4407 1603 4456 vi,
1629 4389 1717 4460 9);
1745 4407 1848 4449 nec
1874 4395 2074 4466 aliquid
2104 4395 2200 4450 ho-

625 4487 742 4529 rum
773 4489 893 4545 quae
920 4477 1058 4531 bene
1083 4477 1326 4545 facimus,
1359 4490 1452 4534 aut
1480 4482 1788 4549 voluntatis,
1817 4493 1910 4540 aut
1936 4486 2204 4556 possibili-

626 4567 750 4622 tatis
775 4575 972 4623 nostrte
1000 4568 1201 4624 viribus
1227 4571 1558 4640 assignemus
1590 4591 1604 4628 :
1628 4589 1697 4630 ne
1727 4574 1866 4630 inter
1894 4592 1989 4631 eos
2015 4579 2207 4634 merito

624 4659 888 4730 superbiae
909 4659 1245 4731 deputemur,
1271 4665 1361 4732 qui
1391 4665 1698 4734 ignorantes
1723 4667 1815 4724 Dei
1841 4668 2124 4739 justitiam,
2155 4679 2208 4726 et

626 4767 776 4806 suam
822 4752 1066 4808 volentes
1109 4756 1476 4824 constituere,
1518 4759 1738 4828 justitiae
1791 4761 1886 4816 Dei
1935 4778 2041 4818 non
2086 4757 2142 4819 su

625 4844 852 4913 subjecti
881 4846 1056 4916 (Rom.
1087 4865 1144 4915 ι,
1170 4848 1227 4919 5)
1263 4869 1276 4905 :
1307 4851 1450 4922 quod
1479 4852 1722 4922 profecto
1748 4855 2007 4925 sapientia
2037 4859 2214 4914 carnis

625 4945 708 4992 est
727 4979 744 5002 ,
772 4953 892 5007 quae
920 4940 1134 4997 inimica
1164 4951 1247 4998 est
1275 4943 1416 5008 Deo,
1447 4944 1548 5016 legi
1579 4955 1758 5002 autem
1791 4947 1882 5002 Dei
1914 4965 2025 5004 non
2049 4950 2214 5020 subji~

626 5031 798 5096 citur,
829 5047 928 5088 uec
953 5033 1095 5088 enim
1125 5043 1306 5104 potest
1338 5035 1514 5111 (Rom.
1547 5055 1661 5107 vm,
1690 5040 1763 5110 7).

700 5160 824 5217 Car.
855 5181 945 5218 xv.
981 5192 1053 5203 -
1078 5165 1167 5221 24.
1200 5167 1570 5239 Subsequatur
1597 5173 1758 5241 igitur
1786 5174 2002 5230 humilis
2031 5175 2217 5230 volun-

629 5261 712 5308 tas
730 5253 961 5311 hominis
987 5259 1397 5330 prteeedentem,
1421 5271 1476 5317 et
1498 5267 1784 5320 comitetur
1801 5267 2215 5337 subsequentem

632 5346 1050 5403 misericordiam
1083 5348 1455 5423 Redemptoris
1481 5372 1493 5406 :
1518 5372 1636 5426 qua:
1659 5356 1784 5410 dum
1817 5374 1913 5412 nos
1941 5357 2216 5428 prteccdit.

631 5446 694 5484 ea
724 5446 840 5500 quze
868 5444 1015 5491 retro
1043 5448 1166 5494 sunt
1195 5441 1590 5509 obliviscimur;
1623 5444 1748 5499 dmn
1779 5447 2142 5516 subsequitur,
2167 5447 2219 5502 iu

631 5535 692 5575 ea
724 5537 842 5592 quze
870 5533 995 5580 ante
1023 5539 1146 5583 sunt
1173 5531 1543 5599 extendimur;
1586 5551 1649 5590 ac
1677 5536 1755 5591 sic
1785 5537 1896 5606 ipsa
1923 5539 2090 5609 gratia
2124 5555 2221 5593 nos

629 5619 681 5664 et
706 5614 1038 5670 anteriorum
1068 5623 1358 5690 appetitum
1389 5625 1630 5682 tribuens
1651 5627 1848 5696 dirigit,
1881 5636 1934 5683 et
1958 5631 2222 5699 posterio-

627 5717 745 5757 rum
778 5703 1208 5764 recordationem
1238 5715 1583 5782 subtrahens,
1614 5717 1681 5772 ab
1709 5727 1926 5790 arrepto
1951 5735 2107 5773 cursu
2136 5736 2221 5774 τοο

627 5792 844 5881 tardare
876 5811 982 5851 non
1012 5798 1155 5853 sinit.
1204 5801 1353 5859 Facit
1376 5809 1687 5881 prteccdens
1707 5851 1722 5875 ,
1752 5817 1813 5863 ut
1837 5825 2125 5880 sequamur
2152 5812 2220 5864 ad

628 5878 860 5939 brarium
887 5903 1124 5959 superna:
1149 5878 1425 5948 vocationis
1453 5895 1548 5952 Dei
1580 5897 1797 5968 (Philip.
1829 5878 2056 5969 tua”);
2093 5902 2214 5957 facit

628 5976 978 6051 svbsequens,
1007 5990 1062 6036 ut
1091 5981 1382 6055 gloriemur
1412 5987 1461 6041 in
1492 5987 1956 6058 tribulationibus,
2001 5992 2216 6047 scientes

2307 3487 2444 3542 opus
2469 3472 2524 3527 in
2546 3488 2605 3527 se
2636 3471 3018 3527 misericordia:
3046 3471 3430 3541 praevenientis
3460 3467 3748 3529 ostendens,
3764 3465 3818 3517 sit

2309 3562 2704 3616 Cratiaautent
2729 3560 2827 3616 Dei
2869 3579 2985 3617 sum
3013 3562 3067 3615 id
3105 3561 3239 3633 quod
3265 3577 3386 3616 sum
3433 3557 3488 3631 (Ι
3517 3557 3631 3612 Car.
3661 3569 3732 3618 xv,
3765 3552 3838 3612 l0).

2307 3655 2371 3710 Et
2401 3665 2459 3710 ut
2486 3654 2798 3710 ostenderet
2830 3655 3109 3710 laborandi
3147 3670 3367 3725 quoque
3412 3654 3508 3724 (al.
3539 3647 3752 3721 quidem)
3774 3645 3832 3699 do-

2309 3763 2432 3801 num
2455 3747 2641 3817 gratia:
2663 3746 2764 3800 sibi
2797 3745 3044 3816 largitate
3071 3746 3348 3811 collatum,
3375 3744 3635 3814 sequitur,
3655 3748 3702 3794 et
3720 3737 3816 3792 dicit

2309 3840 2375 3892 [ξι
2411 3841 2586 3910 gratia
2618 3841 2729 3911 ejus
2757 3839 2811 3893 in
2841 3855 2922 3894 me
2953 3855 3114 3893 vacua
3141 3855 3244 3892 non
3282 3840 3404 3910 fuit.
3455 3834 3592 3904 Quid
3614 3840 3689 3888 est
3711 3837 3838 3885 autem

2308 3945 2505 3991 vacua,
2539 3930 2645 3984 nisi
2679 3930 2889 3986 otiosa?
2936 3929 3062 3985 Ideo
3103 3929 3343 3997 adjungit
3378 3947 3391 3982 :
3426 3927 3534 3983 Sed
3559 3921 3834 3979 abundantia

2307 4023 2413 4076 illis
2439 4021 2677 4076 omnibus
2709 4021 2959 4077 laborari.
2992 4019 3115 4075 Non
3144 4029 3314 4074 autem
3353 4039 3470 4092 ego,
3501 4018 3592 4073 sed
3611 4014 3752 4070 aratis
3775 4007 3836 4061 De

2307 4133 2500 4169 merum
2535 4116 2552 4184 (
2560 4114 2676 4169 Ibid
2683 4117 2742 4183 .).

2379 4249 2509 4305 Car.
2544 4267 2650 4305 xw.
2682 4280 2763 4320 -τ
2790 4249 2879 4303 26.
2917 4247 2985 4305 Ut
3013 4260 3155 4305 esset
3185 4249 3346 4320 igitur
3381 4249 3575 4305 Paulus
3600 4261 3661 4300 ex
3692 4237 3833 4296 inﬁdeli

2311 4343 2500 4408 lidelis,
2528 4343 2642 4398 sola
2674 4346 2844 4414 gratia
2874 4353 3096 4417 operata
3125 4354 3226 4410 est,
3255 4361 3375 4415 qua:
3409 4357 3643 4400 aversum
3663 4350 3830 4394 conver-

2311 4438 2410 4502 tit,
2455 4445 2512 4490 et
2553 4437 2750 4492 iulideli
2794 4438 2952 4492 Iidem
2978 4479 2992 4502 ,
3036 4453 3159 4492 cum
3199 4437 3532 4493 infidelitatis
3570 4446 3666 4490 sua:
3692 4425 3833 4485 merito

2313 4525 2468 4581 tidem
2503 4528 2752 4596 accipere
2788 4544 2895 4582 non
2931 4537 3264 4596 mereretur,
3308 4527 3572 4583 attribuit.
3617 4515 3829 4590 Atque“!

2311 4618 2615 4672 voluntarie
2647 4619 2865 4688 quidem
2898 4618 3093 4674 Paulus
3122 4618 3368 4685 czedidit,
3403 4613 3682 4675 voluntarie
3707 4609 3829 4663 abun-

2315 4707 2528 4763 dantius
2568 4709 2670 4764 illis
2699 4712 2949 4766 erunibus
2992 4711 3284 4776 laboravit;
3335 4712 3429 4767 sed
3467 4718 3520 4765 et
3555 4701 3828 4762 credere.el

2086 4776 2209 4877 in]?
2242 4780 2290 4838 Ῑ)
2317 4805 2562 4859 laborare
2593 4822 2698 4860 non
2731 4813 2932 4877 posset,
2961 4806 3062 4860 nisi
3091 4805 3322 4875 desuper
3343 4806 3539 4861 donum
3562 4798 3719 4870 grati-13
3737 4793 3828 4846 ίηεε

2317 4913 2379 4951 ac
2407 4912 2588 4950 secum
2621 4897 2897 4966 operantis
2921 4897 3211 4968 acciperet.
3241 4896 3307 4954 Ut
3333 4913 3462 4966 ergo
3489 4891 3642 4963 gratia
3662 4882 3826 4941 Paulum

2320 4989 2590 5042 nolentem
2623 4987 3066 5060 incredulumque
3091 4990 3348 5060 praevenit
3369 5032 3383 5055 ,
3412 4998 3468 5043 ut
3491 4987 3667 5040 bonam
3690 4973 3825 5029 γοιυη·

2320 5088 2484 5134 tatem
2530 5079 2800 5146 haberet;
2855 5080 2927 5134 ita
2975 5089 3300 5149 cooperante
3342 5081 3458 5149 ipso
3502 5070 3650 5130 Paulo
3680 5065 3825 5120 boum

2320 5171 2579 5235 contulit,
2620 5169 2979 5238 collatumque
3007 5185 3036 5223 a
3068 5185 3127 5224 se
3152 5169 3292 5238 juvit
3325 5185 3420 5240 per
3453 5162 3616 5222 omnia
3640 5155 3821 5247 volunta-

2324 5269 2452 5315 tem.
2483 5259 2662 5316 Labor
2681 5275 2810 5329 ergo
2834 5259 2982 5315 Pauli
3005 5268 3289 5331 propterea
3320 5260 3606 5316 fructuosus
3622 5247 3719 5341 fuit,
3736 5249 3822 5341 ll?"

2325 5353 2564 5408 laborem
2595 5370 2748 5408 suum
2777 5369 2883 5409 non
2912 5353 3022 5408 suis
3040 5353 3260 5418 viribus,
3284 5352 3378 5408 sed
3407 5348 3578 5422 gratia:
3600 5339 3693 5400 Dei,
3712 5339 3820 5422 ollim

2325 5445 2728 5500 cont‘ortabatur
2751 5443 3044 5512 juvamine,
3075 5443 3371 5509 tribuebat;
3401 5421 3566 5498 sciens
3588 5430 3690 5503 quia
3715 5421 3819 5477 labo-

2326 5538 2398 5592 ris
2429 5538 2569 5593 illius
2598 5553 2698 5592 nec
2738 5545 2986 5591 conatum
3036 5537 3260 5592 haberet
3284 5575 3298 5598 ,
3349 5551 3445 5590 nec
3483 5518 3816 5616 consequi”?

2327 5630 2612 5692 ell'eclum,
2655 5628 2698 5682 si
2745 5627 3004 5681 defuisset
3051 5627 3099 5681 ei
3129 5624 3499 5682 misericordia:
3526 5606 3816 5690 ρκετεοίθηυδ

2323 5734 2384 5773 ac
2429 5717 2806 5789 subsequentis
2846 5715 3124 5772 auxilium.
3169 5714 3450 5772 Laboranli
3494 5721 3605 5778 ergo
3627 5695 3811 5789 voluntas

2322 5827 2428 5865 nou
2461 5788 2663 5874 deerat,
2696 5825 2855 5879 quam
2881 5809 3051 5878 gratia
3084 5825 3190 5863 ton
3219 5807 3458 5863 cessabat
3489 5788 3812 5882 adjuvantq‘"?

2327 5899 2581 5964 dederat;
2613 5908 2666 5954 et
2698 5875 2753 5952 ut
2785 5875 2978 5954 Paulus
3005 5911 3120 5953 nor‘;
3143 5897 3397 5954 deﬁceret
3422 5896 3470 5950 in
3497 5889 3665 5945 labore,

2325 6001 2432 6048 tem
2464 5993 2660 6048 volenti
2693 5991 2862 6062 gratia
2891 5991 3232 6064 subrogabat.
3286 5989 3426 6046 Talis
3454 5987 3607 6052 itaque
3629 5965 3810 6023 volunlts
