4130 6458
223 365 335 422 γσιι

1107 314 1209 414 bl
1235 353 1574 412 VERITATE
1617 351 2292 410 I’RIEDESTINATIONIS
2337 352 2476 408 LIB.’
2503 349 2566 409 ll.

3401 347 3508 403 (ιη

181 514 186 520 .
236 476 400 545 digne
430 469 734 527 merebatur
755 476 808 524 et
832 482 931 539 pro
965 481 1023 524 se
1057 477 1079 506 ⁸
1133 477 1188 523 et
1218 484 1314 539 pro
1343 483 1440 522 suo
1472 467 1656 522 labore
1683 481 1826 520 mer—
1855 469 1898 526 Α
1931 464 2059 518 illud
2088 480 2352 519 summum
2385 472 2545 533 atque
2601 463 3033 519 incommutabile
3067 465 3228 519 homo
3258 473 3404 534 petat
3454 473 3511 520 et

237 571 472 628 cedem:
499 567 624 637 quia
653 574 708 620 et
734 565 787 619 in
821 579 880 619 se
909 572 964 620 et
1001 563 1054 620 in
1091 579 1190 620 suo
1221 564 1403 619 labore
1433 581 1539 618 non
1571 564 1822 618 virtutem

239 675 416 723 suam,
441 656 536 714 sed
558 657 749 712 divinae
769 655 1126 725 cognoscebat
1144 655 1328 724 gratia:
1349 655 1670 726 largitatem.
1698 651 1825 708 ideo

243 749 478 820 denique
503 747 683 804 omnia
709 761 827 816 quae
865 747 918 802 in
961 746 1105 803 bono
1134 754 1346 816 poterat
1372 747 1612 815 cogitare
1639 745 1724 800 vel
1751 744 1826 800 fa-

242 857 370 899 cere
403 857 416 894 :
447 839 592 910 quod
620 838 826 893 scilicet
854 845 1216 907 temperanter
1257 837 1508 892 utebatur
1535 837 1826 907 prosperis,

239 933 390 1005 quod
417 933 580 988 etiam
615 931 825 986 fortiter
859 930 1222 985 reluctabatur
1250 929 1520 993 adversis,
1565 943 1670 983 non
1705 928 1828 991 sibi,

246 1027 340 1083 sed
366 1026 496 1090 Deo,
529 1039 558 1080 a
589 1040 698 1093 quo
726 1021 1151 1085 confortabatur,
1183 1021 1455 1076 humiliter
1493 1029 1652 1089 atque
1676 1035 1832 1074 vera-

244 1117 384 1174 citer
411 1115 738 1184 assignabat.
783 1113 923 1169 Dicit
950 1113 1092 1168 enim
1133 1109 1365 1182 quodam
1409 1111 1528 1164 loco
1573 1126 1585 1161 :
1631 1109 1754 1164 Scio
1782 1117 1832 1162 et

246 1207 544 1271 humiliari,
575 1207 682 1260 scio
707 1213 756 1258 et
783 1203 1066 1258 abundare.
1103 1203 1296 1276 Ubique
1327 1213 1376 1257 et
1401 1207 1453 1258 in
1483 1203 1716 1258 omnibus
1745 1205 1829 1255 in-

243 1299 456 1354 stitutus
481 1314 614 1361 sum,
639 1307 688 1350 et
721 1297 934 1358 esurire,
962 1304 1012 1349 et
1040 1297 1242 1360 satiari,
1270 1303 1319 1348 et
1346 1295 1638 1358 abundare,
1667 1302 1716 1345 et
1745 1309 1833 1363 pe-

245 1391 456 1445 nuriam
490 1389 624 1459 pati.
673 1387 863 1440 Omnia
903 1403 1108 1455 possunt
1147 1386 1197 1438 in
1239 1403 1296 1440 eo
1334 1387 1418 1456 qui
1457 1403 1536 1440 me
1574 1388 1835 1453 confortat

249 1481 472 1555 (Philip.
498 1497 570 1548 tv,
598 1478 686 1547 12,
710 1478 820 1548 15).
847 1477 1033 1533 Omnia
1056 1492 1184 1548 ergo
1207 1476 1402 1534 Paulus
1422 1478 1591 1533 libero
1613 1477 1836 1532 arbitrio

250 1581 496 1641 poterat,
530 1571 624 1626 sed
655 1571 706 1624 in
738 1587 804 1626 eo
831 1570 922 1639 qui
951 1586 1073 1624 eum
1099 1585 1164 1625 ex
1202 1570 1312 1625 alto
1342 1571 1539 1625 virtute
1567 1570 1832 1624 induerat.

249 1662 329 1721 De
349 1665 454 1721 hoc
481 1664 611 1720 dicit
629 1664 689 1723 in
719 1663 950 1732 quodam
979 1663 1098 1720 loco
1131 1683 1142 1716 :
1175 1662 1239 1718 In
1265 1681 1364 1737 quo
1391 1664 1637 1718 certando
1657 1663 1837 1718 laboro

252 1757 531 1811 scandunt
570 1757 917 1826 operationem
946 1756 1090 1826 ejus,
1131 1773 1284 1828 quam
1319 1767 1563 1828 operatur
1590 1757 1642 1810 in
1678 1772 1758 1811 nte
1783 1757 1838 1810 in

252 1849 441 1902 virtute
487 1844 707 1918 (Coloss.
738 1862 773 1912 ι,
802 1845 914 1918 99).
965 1845 1161 1902 Beatus
1203 1848 1381 1916 itaque
1421 1846 1617 1903 Paulus
1653 1863 1754 1904 nec
1780 1863 1840 1904 se
1875 1845 1917 1904 Β

254 1934 625 1991 misericordia
644 1944 972 2006 prarventum
995 1938 1180 2000 tacuit,
1201 1945 1260 1990 ut
1283 1935 1451 1992 lidelis
1466 1948 1640 2004 esset;
1668 1953 1841 2008 neque

226 2043 357 2091 suo
385 2029 577 2084 merito
607 2030 658 2083 in
692 2045 752 2085 se
791 2026 988 2084 Christi
1022 2030 1246 2099 gratiam
1281 2030 1466 2085 habuit
1503 2040 1840 2101 operantem,

259 2129 316 2173 ut
340 2135 446 2176 non
471 2120 584 2192 ipse
606 2137 636 2176 a
665 2129 854 2177 sancto
882 2122 1040 2194 571
1072 2121 1254 2178 labore
1274 2132 1526 2178 cessaret.
1562 2123 1677 2180 Hoc
1698 2125 1841 2180 enim

256 2209 429 2275 gratia
459 2209 512 2264 in
542 2225 608 2266 eo
638 2211 965 2281 operabatur
987 2253 1002 2276 ,
1045 2221 1102 2266 ut
1139 2227 1313 2281 neque
1351 2211 1652 2269 deiicienda
1691 2214 1845 2270 ﬁeret

259 2301 538 2372 torpidus,
589 2317 690 2358 nec
743 2304 1100 2375 superbiendn
1160 2307 1258 2375 ipsi
1325 2309 1508 2374 gratia:
1563 2304 1707 2363 esset
1757 2308 1844 2363 il-

256 2401 464 2458 gratus.

223 2520 230 2526 ’
330 2525 418 2582 27.
452 2527 683 2584 Proinde
702 2529 838 2584 sicut
861 2531 912 2584 in
937 2532 1140 2601 psalmo
1166 2531 1451 2586 salubriter
1472 2532 1842 2599 admonemur,

259 2621 561 2674 serviamus
603 2620 831 2676 Domino
862 2621 913 2675 in
945 2622 1170 2686 timore,
1204 2631 1257 2675 et
1287 2622 1615 2675 exsultetnus
1644 2623 1693 2677 ei
1722 2638 1845 2677 cum

257 2719 502 2766 tremore
544 2709 728 2781 (Psal.
763 2727 818 2774 tt,
858 2710 988 2782 ll),
1025 2713 1255 2766 scientes
1302 2713 1426 2780 quia
1466 2711 1602 2767 Deus
1641 2722 1720 2767 est
1757 2713 1848 2782 qui

259 2811 524 2873 operatur
553 2803 605 2858 in
637 2803 790 2860 nobis
819 2811 873 2860 et
905 2805 1040 2859 velle
1069 2815 1122 2859 et
1149 2805 1429 2874 perlicere,
1460 2821 1556 2876 pro
1585 2805 1724 2860 bona
1755 2821 1852 2861 vo-

261 2897 474 2953 lmtate
519 2897 735 2969 (Philip.
763 2915 820 2966 ll,
851 2899 936 2966 ιε,
973 2899 1079 2971 15).
1128 2899 1412 2954 Maximum
1439 2908 1520 2954 est
1549 2899 1748 2969 quippe
1770 2899 1853 2954 di-

262 2991 401 3043 vina:
428 2990 610 3058 gratize
647 2989 970 3058 adiutorium
1000 2999 1160 3060 atque
1194 2990 1538 3056 beneiicium,
1570 2998 1625 3042 ut
1655 2989 1851 3044 ilhuni-

263 3092 392 3138 nata
423 3098 574 3138 mens
603 3082 836 3139 hominis
860 3099 1074 3153 semper
1099 3085 1326 3154 cogitet,
1359 3091 1414 3137 et
1441 3091 1763 3154 prmvenlam
1793 3097 1852 3138 se

263 3175 499 3242 gratuita
528 3175 696 3243 gratia
722 3213 737 3240 ,
770 3182 826 3229 et
863 3174 1228 3229 indesinenter
1270 3173 1625 3242 adjuvandam
1657 3175 1852 3229 virtute
1879 3211 1924 3273 ρ

265 3267 470 3321 divina.
501 3264 676 3335 Atque
707 3267 779 3320 ita
809 3263 900 3320 iiet
929 3275 982 3319 ut
1024 3265 1133 3320 Deo
1165 3265 1403 3334 largitori
1435 3265 1698 3320 bonorum
1736 3281 1853 3321 om-

267 3359 418 3415 nium
456 3366 618 3428 atque
661 3357 869 3414 custodi
900 3358 1133 3428 Seipsum
1164 3358 1325 3413 homo
1355 3367 1730 3428 competenter
1755 3359 1854 3412 lm-

265 3449 519 3516 trilians,
564 3457 616 3504 et
653 3451 852 3518 gratias
893 3450 1222 3506 incessanter
1261 3458 1424 3518 agat,
1457 3457 1512 3503 et
1552 3465 1708 3504 orare
1747 3467 1852 3505 non

266 3538 496 3595 desinat.
528 3537 740 3593 Gratias
768 3547 917 3608 agat,
950 3539 1072 3607 quia
1098 3546 1400 3608 prteventus
1426 3545 1508 3592 est
1537 3547 1594 3591 ut
1622 3553 1851 3592 conver-

267 3636 474 3683 teretur
497 3643 733 3692 aversus,
766 3638 823 3684 ut
857 3629 1248 3682 illutninaretur
1278 3643 1468 3691 aecus,
1501 3638 1556 3682 ut
1587 3629 1858 3698 acciperet

269 3716 432 3774 fidem
460 3716 796 3783 incredulus;
829 3727 946 3773 oret
974 3728 1150 3772 autem
1172 3761 1186 3784 ,
1219 3727 1280 3771 ut
1305 3728 1523 3772 sanetur
1551 3719 1850 3788 languidus,

266 3816 328 3862 et
353 3805 613 3876 adjutorio
641 3808 825 3877 gratia:
850 3806 1182 3864 confortetur
1215 3805 1475 3861 infirmus.
1511 3807 1585 3861 Ex
1620 3818 1730 3863 tnta
1762 3810 1855 3878 igi.

268 3906 360 3952 tur
387 3899 661 3953 voluntate
688 3907 855 3970 petat,
886 3907 942 3954 ut
969 3899 1227 3968 accipiat;
1260 3907 1482 3968 qmerat.
1511 3907 1568 3952 ttt
1588 3900 1854 3965 inveniat;

271 3988 482 4058 pulset,
524 3997 580 4043 ut
615 3991 889 4059 aperiatur
929 3989 978 4044 ei
1009 4007 1022 4042 :
1051 3989 1192 4060 quod
1233 3989 1538 4045 nullatenus
1584 3988 1782 4056 faciet,
1814 3991 1856 4044 si

272 4073 602 4134 voluntatem
631 4079 942 4148 accipiendi,
974 4089 1027 4134 et
1055 4079 1379 4146 inveniendi,
1405 4087 1459 4133 et
1489 4080 1720 4134 intrandi
1752 4098 1856 4135 nun

272 4166 455 4222 habet.
489 4167 594 4225 Nec
619 4177 794 4223 tamen
825 4170 876 4224 in
904 4185 971 4224 eo
991 4170 1134 4239 quod
1163 4179 1350 4240 petens
1374 4169 1586 4240 accipit,
1614 4185 1860 4240 quaerets

273 4259 504 4324 invenit,
533 4260 752 4330 pulsans
783 4259 1104 4329 ingreditur,
1137 4261 1247 4316 suis
1279 4259 1477 4314 viribus
1503 4259 1738 4326 assignat
1764 4274 1860 4329 pe-

274 4349 445 4414 tendi,
469 4350 738 4421 quaerendi
763 4361 815 4406 et
837 4351 1078 4421 pulsandi
1101 4350 1333 4406 alliciunt
1367 4369 1378 4404 :
1401 4351 1524 4420 quia
1551 4351 1667 4404 licet
1696 4349 1859 4405 homo

276 4437 578 4496 voluntarie
606 4451 772 4512 petat,
806 4443 980 4512 pulset
1006 4451 1062 4496 et
1089 4451 1320 4514 quaerat;
1371 4457 1640 4511 nunquam
1671 4451 1861 4512 petens

275 4531 552 4602 accipere,
583 4549 826 4602 qutereus
857 4533 1115 4597 invenire,
1148 4535 1368 4604 pulsans
1403 4534 1605 4587 intrare
1638 4533 1856 4602 poterit,

276 4625 379 4678 nisi
409 4634 642 4680 sanctam
688 4627 834 4696 prius
875 4625 1203 4680 voluntatem
1247 4627 1534 4695 acceperit.
1580 4625 1710 4679 Nam
1739 4626 1856 4696 qui-

274 4715 421 4779 dam,
451 4717 588 4770 sicut
621 4726 838 4772 sanctus
863 4714 1093 4772 Jacnbus
1127 4715 1274 4775 dicit,
1307 4725 1515 4786 petunt.
1549 4728 1601 4770 et
1632 4733 1736 4771 non
1769 4731 1859 4772 ac-

274 4805 522 4876 cipiunt,
547 4823 616 4862 eo
642 4808 785 4877 quod
814 4807 954 4861 male
982 4816 1200 4875 petant,
1233 4816 1290 4860 ut
1333 4808 1384 4860 in
1410 4809 1862 4876 concupiscentiis

274 4897 388 4951 suis
418 4898 684 4953 insumant
713 4899 850 4970 (Jac.
880 4915 951 4965 tv,
979 4898 1066 4962 3);
1100 4908 1152 4951 et
1173 4897 1238 4951 de
1269 4898 1583 4967 quibusdam
1615 4914 1859 4967 qnzeren-

274 4990 422 5044 tibus
447 5005 505 5045 sc
532 4991 658 5045 dicit
685 4989 957 5061 Sapientia
994 5008 1006 5042 :
1041 4989 1282 5054 Quarrent
1327 5006 1407 5042 nu
1443 4989 1566 5042 mali
1598 4988 1653 5054 θ’,
1683 4999 1732 5042 et
1759 5007 1860 5045 non

273 5083 553 5135 invenient.
599 5080 725 5139 ideo
751 5084 936 5151 igitur,
973 5097 1143 5151 neque
1182 5081 1255 5135 illi
1296 5089 1540 5151 petentes
1570 5082 1855 5152 accipiunt,

276 5189 454 5244 neque
501 5175 588 5230 isti
632 5184 935 5244 quzerentes
992 5176 1308 5241 inveniunt,
1355 5175 1478 5245 quia
1530 5174 1858 5229 voluntatem

274 5266 508 5321 terrenis
536 5266 770 5322 deditam
810 5267 1259 5322 delectationibus
1303 5275 1528 5334 gerunt,
1561 5281 1658 5320 nec
1695 5279 1776 5320 est
1806 5267 1858 5320 in

277 5357 383 5412 illis
428 5359 690 5428 sapientia
729 5358 1008 5414 desursum
1059 5358 1428 5421 descendens,
1479 5357 1570 5410 sed
1625 5368 1856 5426 terrena,

275 5453 552 5517 animalis,
580 5451 843 5506 diabolica
891 5451 1028 5522 (lar.
1066 5469 1142 5517 tu,
1175 5452 1282 5516 l5).
1339 5450 1402 5505 Ut
1443 5462 1621 5511 autem
1663 5452 1858 5504 bonum

353 5641 377 5668 ο
408 5628 566 5692 Editi,
589 5639 640 5683 et
668 5646 758 5698 per
774 5645 849 5684 se.
881 5625 1008 5698 Mss.
1037 5625 1162 5687 duo.
1187 5642 1278 5693 pro
1302 5641 1378 5698 se.

355 5701 380 5740 δ
411 5698 464 5754 lu
491 5694 700 5754 excusis
730 5701 882 5753 abest
910 5696 1020 5750 hzec
1049 5710 1172 5756 vox,
1203 5697 1346 5750 ntali.
1382 5694 1619 5749 [labetur
1647 5697 1696 5748 in
1725 5695 1857 5746 duo-

254 5772 379 5828 «bus
407 5787 533 5825 mss.

357 5856 374 5881 ε
411 5840 498 5896 Sic
524 5856 648 5895 tn's.
675 5840 796 5896 duo.
834 5840 897 5894 At
925 5837 1070 5895 editi.
1098 5838 1216 5896 quia
1246 5837 1443 5888 inimnn
1475 5837 1697 5898 petendi,
1723 5852 1859 5892 aua-

1929 564 2155 624 quzerat,
2181 563 2510 626 prteparatur
2533 569 2561 608 a
2584 554 2813 609 Domino
2834 555 3083 610 voluntas
3103 571 3166 610 ac
3185 554 3342 609 datur
3367 574 3378 607 :
3402 569 3510 623 qua

1929 646 2129 702 donata
2157 689 2170 707 ,
2205 647 2411 700 initium
2454 645 2707 716 petendi,
2736 646 3007 715 quterendi
3035 687 3050 712 ,
3092 645 3336 717 pulsandi
3364 689 3378 713 ,
3411 647 3514 700 hoc

1931 740 2103 809 ipsum
2135 754 2201 792 ex
2239 737 2399 792 corde
2429 737 2660 791 hominis
2695 737 2804 791 Deo
2851 745 3110 806 operante
3153 737 3430 802 consurgit
3463 748 3509 788 ο.

1929 829 2195 898 Set-iptutn
2227 840 2311 882 est
2339 829 2478 882 enim
2513 847 2524 880 :
2563 828 2716 882 Omni
2751 829 2984 882 custodia
3023 846 3172 883 serva
3208 847 3296 882 τωο
3332 837 3474 881 tuum
3493 847 3512 892 ,-

1929 939 1995 975 εις
2023 921 2118 974 hoc
2143 921 2277 973 enim
2299 921 2466 973 exitus
2496 921 2613 974 rita:
2639 919 2816 991 (Prov.
2853 937 2924 987 tv,
2951 919 3060 989 9.5).

2004 1055 2131 1110 Car.
2163 1071 2287 1108 ιιι-ιι.
2318 1053 2502 1108 -—28.
2557 1053 2845 1110 Servamus
2893 1065 3069 1110 autem
3116 1072 3208 1109 eor
3255 1065 3517 1121 nostrum,

1934 1148 1976 1201 si
2008 1162 2106 1200 nos
2137 1147 2224 1200 ille
2260 1147 2553 1200 servaverit
2584 1147 2667 1200 cui
2695 1146 2890 1202 dicitur
2920 1165 2932 1199 :
2974 1145 3229 1200 Conserva
3272 1165 3376 1212 me,
3414 1146 3519 1200 Do-

1935 1238 2103 1302 mine,
2148 1237 2472 1312 quouiamjn
2515 1246 2563 1288 te
2603 1238 2804 1302 speravi
2849 1237 3019 1306 (Psal.
3053 1253 3140 1301 xv,
3170 1238 3242 1305 l).
3278 1237 3410 1292 Hinc
3439 1247 3522 1293 est

1935 1329 2077 1396 quod
2100 1327 2212 1398 ipse
2233 1326 2543 1394 Unigenitus
2558 1326 2717 1391 Deus,
2741 1329 2916 1384 carnis
2937 1329 3235 1382 humilitate
3251 1338 3522 1398 suscepta.

1937 1420 2272 1491 compatiens
2303 1420 2698 1473 inﬁrmitatibus
2738 1421 2933 1475 nostris
2953 1463 2966 1487 ,
2998 1418 3208 1474 Patrem
3240 1436 3338 1490 pro
3368 1421 3521 1476 nobis

1937 1525 2166 1564 exorare
2195 1510 2446 1579 dignatus
2473 1519 2574 1573 est,
2599 1511 2784 1566 dicens
2817 1529 2827 1564 :
2865 1509 3040 1575 Pater,
3067 1529 3211 1566 serra
3236 1531 3320 1567 ros
3347 1515 3400 1567 in
3430 1530 3522 1570 ιιι)⁴

1934 1603 2077 1656 mine
2098 1612 2200 1665 tuo,
2218 1619 2342 1674 quos
2361 1603 2546 1656 dediin
2569 1604 2693 1656 mihi
2718 1602 2895 1672 (Joan.
2922 1619 3046 1666 xvtt,
3076 1603 3190 1673 il);
3217 1613 3269 1658 et
3294 1605 3484 1659 iterum
3507 1624 3518 1659 :

1943 1690 2064 1746 Non
2091 1710 2214 1764 rogo
2244 1703 2299 1746 ut
2329 1693 2480 1747 tollas
2507 1709 2595 1747 eos
2623 1693 2684 1746 de
2713 1694 2922 1758 mundo,
2946 1695 3037 1747 sed
3061 1704 3115 1746 ut
3151 1711 3318 1774 serves
3345 1711 3432 1749 eos
3461 1711 3521 1750 es

1942 1783 2080 1836 malo
2138 1781 2332 1853 (lbid.,
2369 1781 2477 1854 l5).
2545 1782 2826 1852 Nunquam
2876 1785 3035 1853 igitur
3083 1784 3244 1839 homo
3292 1799 3521 1853 congrua

1946 1877 2189 1931 custodia
2220 1886 2393 1931 servat
2429 1893 2524 1931 cor
2551 1893 2726 1941 suum,
2761 1878 2858 1932 nisi
2888 1879 3045 1933 fuerit
3077 1879 3246 1948 ipsum
3277 1895 3372 1934 cor
3416 1879 3527 1936 Deo

1945 1971 2282 2026 custodiente
2307 1981 2597 2026 servatum.
2631 1970 2749 2026 Nisi
2779 1972 2922 2026 enim
2958 1971 3205 2027 Dominus
3235 1974 3530 2029 custodierit

1945 2063 2221 2128 civitatem,
2254 2063 2306 2114 in
2329 2078 2513 2115 vanum
2545 2063 2759 2132 vigilant
2778 2064 2866 2132 qui
2898 2063 3188 2116 custodiunt
3209 2081 3319 2118 eam
3357 2063 3524 2136 (Psal.

1946 2167 2134 2214 cxxw,
2169 2150 2253 2221 Ι).
2310 2150 2537 2221 Propter
2589 2153 2690 2206 hoc
2741 2154 3016 2222 apostolus
3061 2151 3254 2208 Paulus
3298 2155 3523 2211 divinam

1945 2241 2243 2296 custodiam
2281 2239 2306 2278 ἀ
2338 2242 2590 2297 cordibus
2627 2243 2826 2298 nostris
2853 2251 3004 2313 optat
3043 2245 3262 2312 adesse,
3302 2247 3485 2302 dicens
3515 2265 3527 2277 ε

1949 2331 2067 2387 Pax
2111 2331 2247 2401 Dei,
2277 2349 2392 2405 qua:
2437 2346 2713 2402 exsuperat
2758 2350 2960 2388 omnem
3007 2351 3208 2389 sensum
3235 2378 3250 2404 ,
3281 2340 3532 2392 custodia"

1947 2425 2104 2479 corda
2134 2435 2300 2479 vestra
2349 2436 2398 2482 et
2439 2425 2801 2497 intelligentias
2837 2437 3030 2482 uestras
3076 2429 3127 2482 in
3170 2428 3373 2486 Christo
3408 2429 3526 2486 less

1950 2515 2173 2571 Domino
2197 2528 2374 2571 nostra
2404 2517 2622 2588 (Philip.
2651 2533 2722 2586 tv,
2756 2517 2830 2587 7).
2865 2516 2928 2572 Et
2953 2533 3072 2574 cum
3097 2521 3250 2576 nobis
3280 2520 3416 2576 Deus
3440 2538 3525 2593 pet

1948 2605 2234 2676 Jerentiam
2264 2607 2407 2662 dicat
2438 2626 2450 2660 :
2482 2607 2746 2662 Custodite
2780 2611 2982 2662 animos
3012 2619 3204 2664 vestras
3242 2609 3372 2681 (Jer.
3407 2627 3515 2668 xvtt

1950 2696 2040 2770 21)
2057 2737 2070 2761 ,
2105 2698 2208 2752 hoc
2229 2714 2287 2754 se
2313 2699 2500 2753 beatus
2527 2699 2689 2752 David
2714 2699 3006 2770 adimplere
3030 2717 3135 2756 non
3161 2717 3316 2771 posse
3335 2719 3512 2773 cogno

1952 2804 2129 2849 scens,
2162 2788 2394 2844 divinam
2424 2789 2598 2858 poscit
2631 2790 2822 2843 animat
2851 2805 2958 2844 sua:
2988 2791 3285 2845 custodiam
3312 2793 3497 2849 dicens
3529 2810 3536 2823 ·

1952 2876 2163 2932 Custodi
2202 2879 2432 2931 animam
2474 2879 2633 2950 472
2681 2895 2883 2944 meam,
2934 2891 3009 2948 et,
3033 2880 3194 2934 libera
3225 2897 3305 2935 me
3354 2884 3518 2952 (Psal

1955 2985 2098 3035 xxiv,
2128 2969 2238 3039 ΞΟ).
2271 2969 2371 3036 Qui
2401 2986 2584 3025 rursus
2611 2972 2684 3024 ait
2717 2987 2730 3023 :
2766 2969 2862 3032 Tu,
2894 2970 3130 3034 Domine,
3164 2973 3390 3025 servabis
3419 2990 3516 3027 nos

1949 3062 2002 3116 'et
2023 3062 2280 3116 custodiet:
2301 3079 2393 3116 nos
2421 3080 2451 3115 ιι
2484 3065 2814 3134 generatione
2849 3065 2948 3118 ista
2987 3065 3039 3118 in
3077 3074 3324 3118 a'teruum
3359 3065 3518 3137 (Psal

1958 3167 2032 3216 st,
2059 3151 2136 3215 8).
2174 3151 2237 3206 Et
2261 3153 2544 3222 unicuique
2567 3153 2798 3209 fidelium
2826 3155 3059 3209 divinam
3088 3165 3280 3225 aptans
3304 3157 3533 3228 impendi

1958 3243 2278 3309 custodiam,
2307 3245 2436 3300 dicit
2466 3262 2478 3297 :
2510 3243 2762 3300 Dominus
2791 3247 3012 3300 custodit
3044 3259 3090 3300 te
3119 3246 3184 3300 ab
3212 3238 3354 3302 omni
3383 3250 3519 3304 malo

1953 3333 2208 3388 custodiat
2239 3335 2468 3387 animam
2499 3345 2638 3388 tuam
2672 3333 2922 3389 Dominus
2953 3335 2968 3404 (
2987 3336 3130 3390 Psal.
3164 3352 3264 3392 cxx
3288 3381 3302 3404 ,
3344 3337 3432 3407 5).
3477 3338 3536 3393 ΕΙ

1958 3431 2016 3477 ιιι
2040 3424 2242 3492 jugiter
2273 3424 2457 3492 gratize
2487 3425 2680 3478 divina:
2709 3426 3066 3480 necessariam
3105 3429 3258 3482 nobis
3285 3430 3540 3487 sciremus

1956 3531 2076 3571 esse
2103 3516 2419 3580 custodiant,
2439 3518 2707 3586 sequitur,
2741 3529 2795 3572 et
2822 3518 2983 3575 dicit:
3012 3518 3264 3577 Dominus
3290 3527 3540 3579 custodiat

1956 3607 2224 3661 introitum
2267 3616 2406 3660 luunt
2433 3618 2482 3660 et
2511 3610 2707 3661 exitum
2738 3619 2898 3676 tuum,
2925 3627 2991 3664 ea:
3015 3610 3111 3664 hoc
3139 3614 3273 3666 nunt
3303 3624 3352 3667 et
3381 3631 3542 3686 usque

1958 3702 2011 3754 in
2060 3702 2302 3754 saeculum
2351 3700 2550 3769 (lbid.,
2601 3701 2677 3770 8).
2727 3702 2804 3756 Ad
2851 3703 2988 3758 hanc
3036 3703 3400 3760 indesinenter
3446 3725 3542 3763 nos

1958 3797 2351 3851 custodientem
2384 3796 2476 3849 Dei
2517 3799 2742 3864 gratiam
2791 3795 3023 3852 refertur
3059 3798 3205 3867 quod
3258 3800 3306 3854 in
3355 3802 3542 3856 eodem

1959 3889 2166 3960 psalmo
2193 3890 2260 3958 (υ.
2288 3881 2344 3958 ι)
2370 3888 2564 3942 dicitur
2593 3906 2606 3942 :
2641 3887 2776 3943 Ecce
2807 3905 2906 3944 non
2937 3889 3238 3943 dormitabit
3268 3909 3427 3962 neque
3453 3893 3542 3948 ob-

1960 3979 2176 4032 dormiet
2206 3979 2291 4050 qui
2321 3979 2543 4032 custodit
2577 3977 2762 4032 Israel.
2810 3978 2960 4034 Sicut
2989 3981 3149 4048 igitur
3176 3983 3354 4036 omnia
3383 3983 3544 4049 bona,

1963 4072 2102 4125 inter
2128 4086 2246 4137 qua:
2272 4073 2432 4124 etiam
2475 4069 2806 4124 voluntatem
2849 4071 3140 4137 habemus,
3173 4090 3279 4128 non
3306 4075 3406 4130 nisi
3436 4075 3544 4130 Deo

1964 4161 2221 4230 largiente
2250 4161 2576 4230 accipimus,
2619 4161 2696 4216 sic
2724 4161 2902 4215 omnia
2933 4178 3052 4232 qute
3094 4163 3406 4235 accipimus,
3438 4182 3546 4224 non

1964 4255 2064 4309 nisi
2089 4253 2197 4308 Deo
2217 4253 2554 4310 custodiente
2581 4269 2873 4309 servamus.
2906 4253 3246 4328 Qua'cunque
3271 4259 3379 4313 sint
3403 4260 3545 4315 enim

1962 4347 2116 4404 home
2139 4348 2260 4402 vita:
2287 4363 2506 4402 munera
2532 4347 2582 4402 in
2615 4347 2855 4416 homine,
2880 4357 3005 4404 tunc
3031 4349 3098 4404 ab
3121 4351 3210 4406 illo
3233 4354 3546 4408 custodiun-

1965 4449 2072 4507 tur,
2101 4441 2144 4495 si
2174 4441 2313 4495 bona
2341 4440 2394 4495 in
2425 4456 2491 4495 eo
2519 4450 2827 4510 perseveret
2855 4440 3121 4497 voluntas.
3168 4443 3273 4498 Sed
3306 4445 3548 4500 voluntas

1966 4534 2100 4602 ipsa,
2125 4530 2276 4601 cujus
2301 4531 2544 4586 bonitate
2563 4539 2751 4586 czctera
2783 4531 2920 4585 bona
2951 4533 3090 4588 bene
3117 4533 3396 4600 habentur,
3420 4537 3547 4590 rite~

1963 4639 2068 4694 que
2093 4632 2394 4690 servantur,
2425 4631 2550 4678 tunc
2580 4624 2631 4676 in
2663 4623 2879 4676 homine
2908 4623 3047 4677 bona
3070 4624 3326 4694 justaque
3363 4641 3546 4695 perse-

1966 4724 2151 4780 verat,
2196 4716 2240 4770 si
2271 4731 2389 4770 eam
2420 4713 2728 4770 custodiens
2755 4717 2925 4782 gratia
2956 4715 3134 4770 divina
3175 4732 3282 4770 non
3311 4716 3544 4771 deserat.

1964 4807 2113 4863 Sicut
2143 4807 2284 4861 enim
2317 4807 2445 4861 nihil
2477 4815 2654 4876 potest
2684 4806 2732 4860 in
2763 4821 2821 4861 se
2862 4807 3058 4862 habere
3089 4807 3240 4862 bonze
3269 4809 3548 4876 cogitatio-

1966 4884 2078 4963 nis,
2108 4899 2206 4952 nisi
2235 4898 2588 4952 subveniente
2617 4898 2785 4964 gratia
2817 4898 2905 4950 iiat
2943 4897 3082 4952 bona
3101 4939 3117 4963 ,
3165 4900 3244 4954 sic
3271 4898 3338 4954 ad
3366 4908 3548 4954 custo-

1965 4991 2159 5046 dienda
2188 5005 2308 5058 qum
2352 4989 2588 5059 accipit,
2634 4991 2936 5044 nullatenus
2987 4999 3165 5060 potest
3213 5006 3308 5044 sua
3353 4993 3549 5045 vit-tuto

1965 5079 2232 5143 suflicere,
2265 5080 2362 5133 nisi
2393 5080 2480 5133 ille
2504 5080 2594 5148 qui
2625 5095 2742 5133 eam
2771 5081 2935 5150 gratis
2965 5082 3160 5134 bonam
3188 5079 3332 5144 facit,
3365 5081 3549 5147 gratim

1966 5190 2074 5228 sua:
2101 5173 2455 5242 opitulatione
2477 5174 2790 5227 servaverit.
2822 5172 2912 5227 Iile
2937 5189 3066 5226 vero
3095 5180 3272 5226 certus
3290 5181 3372 5226 est
3395 5173 3549 5227 bona

1965 5265 2257 5319 voluntatis
2286 5263 2581 5334 profectus,
2627 5264 2670 5320 si
2703 5279 2765 5318 ea
2797 5279 2914 5333 qum
2944 5263 3136 5333 accipit
3163 5277 3193 5316 a
3226 5262 3334 5317 Deo
3366 5264 3438 5317 ita
3471 5265 3550 5318 vi-

1965 5359 2194 5426 gilanter
2243 5357 2578 5427 solliciteque
2617 5355 2918 5417 custodiat,
2970 5363 3026 5408 ut
3071 5351 3325 5408 custodite
3353 5353 3548 5408 divin-.e

1968 5449 2290 5518 a.ljntnriutn
2322 5448 2617 5517 frequentia
2648 5445 2908 5500 orationis
2950 5453 3006 5498 et
3029 5443 3206 5500 studio
3234 5444 3386 5499 home
3413 5460 3549 5514 ope-

1959 5625 2122 5686 reudi,
2149 5623 2411 5692 pulsandi,
2437 5640 2536 5676 non
2565 5637 2628 5674 ex
2657 5620 2810 5672 rortle
2838 5619 3089 5686 hominis,’
3107 5617 3198 5670 sed
3224 5635 3255 5671 a
3286 5616 3392 5673 Deo
3421 5633 3550 5674 con-

1965 5703 2237 5818 ωηαφέἀίιί
2255 5805 2268 5826 ,
2299 5765 2523 5816 divinant
2550 5778 2742 5830 parent.
