4130 6482
693 329 798 415 ωδ

1720 354 1775 411 s.
1816 318 2177 412 resonam
2220 316 2518 407 nrtscort
2554 349 2771 407 [ωερε
2818 351 2919 407 SIS
3445 332 3450 336 ’
3806 362 3885 419 an

691 470 917 526 rationis
956 476 1233 540 exposcat.
1272 466 1361 522 'lta
1402 464 1493 521 liet
1532 474 1591 521 ut
1629 466 1755 521 dum
1802 464 1977 518 oranti
2017 466 2275 518 auxilium
2311 470 2347 520 Α
2379 477 2512 515 ausu
2557 460 2830 515 infandum
2875 468 3038 530 caput
3092 461 3300 530 erigere
3345 450 3634 530 niteretur,
3681 472 3883 533 ostendit,

693 562 981 626 tribuitur,‘
1003 559 1256 615 laborans
1285 559 1638 613 retributione
1667 558 1790 612 boni
1821 558 2000 626 operis
2030 572 2137 610 non
2166 554 2274 625 pri-

694 664 866 709 \‘CIUl‘.

758 769 846 826 9.9.
890 768 1273 824 Verumtamen
1312 775 1364 823 et
1394 767 1579 822 orandi
1619 778 1673 819 ct
1698 765 1957 835 operandi
1986 766 2130 836 quod
2171 766 2270 820 bo-

688 877 813 916 num
842 871 926 919 est
949 862 1053 916 illis
1076 862 1214 914 Deus
1240 862 1437 915 tribuet
1469 860 1941 929 perseverantiam,
1967 848 2102 928 quos
2133 873 2270 927 pne-

688 953 975 1029 tlestinavit
1005 952 1070 1005 ad
1099 952 1280 1004 vitam.
1314 948 1479 1003 Omne
1508 950 1702 1020 quippe
1728 948 1904 1003 datum
1934 952 2178 1013 optimum
2222 942 2273 1003 et

684 1059 837 1098 omne
883 1044 1073 1098 donum
1114 1044 1392 1113 perfectum
1422 1041 1697 1095 “desursum
1738 1051 1814 1095 est
1838 1083 1851 1104 ,
1883 1041 2199 1095 descendens
2237 1059 2271 1095 a

688 1129 850 1188 Patre
901 1134 1150 1187 luminum
1205 1132 1353 1203 (Jac.
1382 1148 1418 1197 t,
1450 1132 1551 1200 l7)
1591 1149 1603 1184 :
1646 1133 1734 1202 qui
1780 1148 2002 1201 operum
2050 1147 2270 1186 suorum

685 1237 939 1283 aeternam
979 1227 1183 1281 habens
1214 1225 1640 1296 praeseientiam,
1686 1240 1791 1278 non
1829 1222 2001 1278 solum
2030 1238 2149 1292 qum
2176 1223 2271 1277 da-

684 1329 789 1386 ret,
817 1320 909 1375 sed
939 1320 1098 1374 etiam
1129 1333 1247 1389 qum
1276 1319 1600 1372 retribuerct
1631 1300 2049 1371 inconimutabili
2088 1317 2270 1387 dispo-

684 1414 895 1468 sitionis
920 1427 1030 1466 sua:
1057 1412 1281 1467 consilio
1313 1412 1652 1481 prmparavit.
1697 1410 1819 1465 Ideo
1846 1427 1955 1465 non
1986 1411 2141 1467 aliter
2170 1412 2270 1465 im-

684 1503 795 1571 plet
821 1502 1080 1571 disposita
1111 1517 1270 1571 quam
1302 1501 1565 1571 disposuit
1609 1499 1895 1571 implenda.
1953 1503 2086 1568 Quia
2129 1502 2270 1557 sicut

680 1594 1048 1664 dispositionis
1070 1592 1262 1647 divinm
1282 1593 1547 1647 ordinatio
1570 1606 1781 1661 semper
1808 1593 2011 1655 habuit,
2036 1593 2113 1647 sic
2135 1593 2268 1647 ordo

681 1698 858 1738 rerum
890 1682 942 1736 in
968 1682 1162 1737 divinis
1190 1684 1441 1752 cperibus
1466 1685 1631 1736 currit
1655 1698 1667 1735 :
1696 1684 1745 1737 in
1768 1684 1962 1753 quibus
1991 1692 2115 1737 sunt
2144 1684 2267 1737 uni-

682 1787 850 1827 versa:
892 1773 991 1826 vite
1030 1771 1145 1840 ejus
1173 1772 1540 1827 misericordia
1585 1780 1639 1827 et
1667 1775 1866 1828 veritas
1916 1773 2086 1840 (Psal.
2117 1788 2150 1827 χ
2191 1789 2262 1839 ιν,

2376 552 2603 608 Sensum
2632 554 2834 623 quippe
2861 552 3056 608 Chriin
3082 554 3307 621 habens,
3332 564 3438 610 tam
3459 557 3632 624 gratia:
3658 557 3741 613 Dei
3761 575 3886 630 quam

2375 641 2595 695 humani
2622 642 2849 708 arbitrii,
2872 650 2927 697 et
2954 640 3131 698 officia
3160 643 3409 698 discrevit
3433 653 3488 699 et
3510 646 3704 712 merita,
3723 663 3886 719 semper

2373 731 2567 786 divinis
2594 731 2825 785 humana
2853 730 3140 799 subjiciens
3156 772 3171 797 ,
3204 740 3259 786 et
3283 734 3543 789 veraciter
3566 734 3764 805 docens,
3784 738 3886 795 divi.

2375 824 2518 880 nitus
2546 824 2750 879 homini
2779 834 2835 880 et
2860 826 3095 893 gratuito
3119 824 3515 895 justiftcationis
3535 828 3735 899 donum,
3754 832 3884 891 etho-

2375 930 2455 968 na:
2499 916 2791 975 voluntatis
2816 918 3127 982 exordium,
3159 927 3214 973 et
3251 918 3464 989 plenum
3503 921 3653 976 tribui
3677 924 3886 991 gloriﬁca—

2373 1006 2536 1061 tiouis
2560 1006 2831 1062 effectum.
2876 1008 3028 1065 llunc
3055 1009 3199 1078 legat
3221 1012 3395 1066 omnis
3422 1012 3513 1083 qui
3539 1014 3743 1069 salutem
3764 1026 3884 1072 teter-

2372 1112 2496 1150 nam
2518 1096 2741 1167 adipisci
2764 1098 3054 1164 desiderat,
3080 1100 3350 1156 humiliter
3370 1118 3530 1157 orans
3554 1104 3884 1161 misericordem

2371 1184 2540 1241 Deum
2583 1202 2629 1253 ε,
2671 1197 2730 1241 ιιι
2764 1189 3009 1243 eumdem
3055 1189 3316 1260 Spiritum
3364 1192 3712 1261 intelligentia:
3751 1195 3885 1263 legent

2370 1280 2627 1349 accipiat,
2660 1296 2820 1350 quem
2851 1281 2942 1335 ille
2973 1283 3180 1352 accepit
3207 1291 3267 1337 ut
3294 1284 3587 1346 scriberet;
3624 1293 3674 1341 et
3696 1286 3884 1340 eamdem

2370 1373 2775 1430 illuminationis
2801 1376 3030 1443 gratiam
3077 1377 3404 1447 adipiscatur
3450 1383 3509 1432 ut
3547 1376 3882 1448 discat,quam

2369 1468 2460 1523 ille
2487 1470 2714 1539 adeptus
2739 1478 2824 1525 est
2848 1478 2909 1524 ut
2935 1470 3172 1525 doceret.

2447 1580 2537 1633 51.
2578 1579 2833 1635 Miramur
2880 1590 3058 1635 autem
3104 1582 3219 1637 non‘
3251 1581 3456 1650 absque
3500 1594 3679 1649 magna
3720 1580 3881 1636 tristitia

2369 1668 2503 1723 istos
2532 1669 2727 1724 fratres
2751 1679 2978 1735 nostros,
3006 1671 3094 1741 qui
3117 1671 3343 1739 gratiam
3371 1670 3485 1734 Dei,
3508 1678 3742 1740 quantum
3763 1671 3881 1724 intel-

2368 1760 2463 1827 ligi
2506 1760 2692 1829 datur,
2746 1761 3058 1828 ignorantes
3104 1775 3369 1815 evacuare
3414 1759 3741 1819 contendunt,
3780 1760 3881 1813 hanc

682 1862 799 1933 10);
841 1879 1067 1932 quarum
1115 1879 1217 1919 una
1262 1863 1415 1933 malis
1460 1863 1600 1918 bona
1634 1861 1852 1931 tribuit,
1892 1864 2060 1919 altera
2109 1864 2260 1920 bonis

2364 1850 2467 1904 sibi
2496 1848 2858 1905 similitudinis
2879 1850 3136 1919 ineptiam
3171 1848 3190 1887 τ
3220 1849 3504 1920 reperisse,
3544 1864 3641 1918 qua
3665 1848 3815 1903 dicunt
3830 1849 3878 1902 ita

683 1955 944 2024 malisque
969 1955 1125 2023 digna
1157 1956 1439 2021 retribuit;
1471 1970 1574 2008 una
1600 1955 1742 2023 juste
1768 1964 1993 2010 coronat
2016 1955 2267 2025 justeque

679 2044 1030 2108 condemnat,
1063 2044 1229 2098 altera
1275 2044 1505 2111 gratuita
1538 2044 1778 2098 bonitate
1815 2042 2089 2113 justificat.
2133 2043 2266 2111 Quia

680 2135 920 2204 quisquis
940 2135 1110 2202 gratia
1134 2134 1493 2203 prtcveniente
1519 2134 1708 2202 accipit
1725 2134 2007 2203 justitiam,
2032 2149 2138 2188 non
2166 2135 2267 2190 nisi

681 2225 867 2279 eadem
895 2225 1255 2293 subsequente
1282 2225 1528 2294 pervenit
1554 2224 1619 2278 ad
1646 2240 1923 2280 coronam.
1957 2224 2060 2280 Ista
2088 2227 2132 2281 si
2163 2226 2267 2279 fra-

680 2322 790 2369 tres
833 2314 1003 2369 nostri
1046 2314 1338 2368 secundum
1377 2313 1677 2368 doctrinam
1705 2329 1890 2368 sanam
1917 2354 1932 2379 ,
1973 2315 2083 2370 Deo
2111 2314 2261 2384 adju-

679 2413 866 2471 vante,
897 2405 1226 2477 percipiant,
1267 2419 1537 2473 nunquam
1578 2406 1918 2460 conabuntur
1948 2405 2266 2473 disputatio-

679 2496 833 2551 nibus
858 2496 969 2551 suis
997 2495 1074 2550 sic
1102 2495 1319 2549 humani
1346 2495 1553 2548 arbitrii
1582 2496 1831 2548 virtutem
1870 2495 2134 2550 infirmam
2165 2496 2263 2551 de-

674 2584 932 2649 Tendere,
981 2593 1041 2639 ut
1092 2584 1279 2651 gratia:
1332 2584 1425 2639 Dei
1475 2584 1863 2639 convincautur
1920 2585 2261 2641 adversantia

674 2675 875 2730 sentire
908 2687 929 2709 ἰ
969 2693 981 2727 z
1020 2665 1138 2730 cum
1188 2675 1368 2744 potius
1418 2691 1605 2731 omnes
1647 2677 1737 2744 qui
1787 2678 1907 2730 vita:
1957 2667 2265 2734 desiderant

677 2763 792 2819 ﬁeri
824 2770 1038 2819 mt’ernm
1064 2765 1353 2834 participes
1377 2805 1391 2832 ,
1423 2773 1675 2835 oporteat
1699 2762 2011 2821 sanctorum
2047 2767 2261 2823 Patrum

674 2855 923 2910 divinitus
951 2855 1221 2926 inspiratis
1251 2854 1527 2910 informari
1556 2864 1612 2910 et
1640 2852 1916 2912 adh'azrere
1956 2860 2258 2925 sententiis,

674 2948 759 3017 qui
781 2949 964 3016 gratia:
992 2948 1183 3002 divinm
1211 2947 1289 3001 sic
1317 2948 1597 3002 illuuiiuati
1624 2959 1749 3003 sunt
1773 2949 1935 3014 dono,
1964 2960 2020 3002 ut
2050 2950 2261 3006 indubi-

677 3046 855 3092 tanter
901 3046 1204 3092 assererent
1252 3037 1300 3090 iu
1350 3037 1581 3093 liniuinis
1612 3038 1890 3093 voluntate
1933 3040 2062 3093 nihil
2107 3041 2266 3096 boum

675 3129 1016 3198 cogitationis
1044 3128 1275 3192 oboriri,
1308 3129 1405 3182 nisi
1441 3129 1584 3197 quod
1616 3129 1876 3185 beneficio
1910 3132 2095 3200 gratim
2126 3149 2260 3202 prae.-

2368 1955 2489 1996 cssc
2517 1942 2702 2008 gratia:
2731 1940 2824 1994 Dei
2848 1940 3070 2003 donum,
3099 1949 3353 2009 tanquam
3389 1940 3434 1995 si
3463 1940 3580 2008 quis
3601 1938 3684 1994 det
3721 1949 3879 1994 mutuas

2367 2033 2641 2103 pecunias,
2673 2039 2896 2101 accepto
2934 2031 3131 2085 idoneo
3163 2032 3411 2100 pignore,
3450 2030 3586 2100 quod
3616 2031 3706 2085 nisi
3743 2038 3880 2085 cutim

2366 2123 2542 2188 dierit,
2576 2122 2816 2176 debitum
2850 2122 3095 2192 accipere
3124 2137 3232 2177 non
3254 2123 3445 2192 possit.
3470 2120 3574 2176 Sed
3596 2122 3718 2176 hanc
3740 2120 3879 2174 simili.

2367 2217 2603 2270 tudinem
2633 2215 2874 2285 quisquis
2919 2214 2985 2269 ad
3015 2214 3177 2268 Deum
3216 2214 3401 2278 refert,
3453 2214 3633 2284 procul
3657 2213 3794 2268 dubio
3815 2220 3878 2266 aut

2367 2309 2550 2363 fallere
2577 2317 2823 2373 conatur,
2856 2316 2948 2360 aut
2986 2306 3207 2360 fallitur.
3241 2306 3401 2367 Deus.
3425 2306 3566 2361 enim
3610 2312 3783 2364 noster.
3814 2317 3879 2372 pa-

2367 2402 2549 2455 rabola
2600 2401 2872 2470 proposita
2917 2397 3067 2471 (Luc.
3108 2414 3219 2480 xix,
3269 2397 3384 2468 i3),
3431 2398 3601 2453 simile
3642 2397 3757 2452 dixit
3792 2408 3879 2450 esse

2367 2508 2587 2562 regnum
2633 2493 2893 2547 cmlorum
2942 2490 3144 2547 homini
3197 2491 3565 2563 patrifamilias
3596 2491 3678 2559 qui
3716 2487 3878 2560 prolici-

2365 2599 2520 2639 scens
2562 2581 2773 2638 famulis
2816 2583 2928 2637 suis
2958 2580 3214 2652 pecunias
3240 2595 3483 2649 congrua
3523 2577 3878 2650 multiplicanda

2364 2676 2733 2742 negotiatione
2758 2674 3046 2728 commisit.
3076 2672 3178 2729 Ubi
3210 2683 3389 2727 tamen
3417 2673 3495 2739 sic
3518 2688 3575 2727 se
3595 2671 3795 2727 ostendit
3812 2667 3874 2721 de-

2363 2767 2507 2820 disse
2534 2765 2807 2836 pecunias,
2833 2771 2888 2818 ut
2914 2764 3115 2818 nullum
3138 2780 3198 2820 se
3222 2764 3417 2834 pignus
3439 2762 3631 2817 diceret
3648 2758 3875 2829 accepisse.

2365 2857 2618 2923 Quiuimo
2667 2856 2857 2909 beatus
2894 2852 3089 2910 Paulus
3117 2855 3392 2930 Christum
3441 2854 3492 2931 in
3541 2869 3598 2908 se
3637 2851 3876 2921 loquentem

2363 2960 2623 3013 gerens,a
2652 2962 2760 3016 quo
2791 2948 2944 3002 nobis
2970 2949 3174 3004 sciebat
3201 2949 3484 3018 pecuniam
3514 2948 3698 3010 datam,
3719 2944 3773 2998 ab
3792 2942 3874 3012 ipso

2361 3040 2600 3110 pignoris
2625 3057 2839 3112 quoque
2868 3043 3093 3110 gratiam
3117 3050 3346 3097 testatur
3369 3043 3641 3098 indultam.
3663 3038 3875 3094 Aitenim:

2363 3125 2463 3193 Qui
2494 3146 2671 3183 sumus
2704 3123 2883 3185 in'ltoc
2924 3132 3276 3197 tabernaculo,
3325 3133 3692 3205 ingemiscimus
3711 3126 3877 3203 gravati,

675 3218 936 3273 venientis
957 3216 1280 3282 infunditur;
1317 3217 1449 3272 nihil
1476 3220 1525 3272 in
1555 3221 1745 3275 melius
1765 3222 1970 3288 augeri,
1995 3222 2097 3277 nisi
2117 3224 2261 3292 quod
2290 3216 2334 3277 C
2365 3238 2423 3275 eo
2453 3222 2588 3293 quod
2634 3222 2871 3277 uoluntas
2901 3224 3205 3294 exspoliari,
3249 3226 3342 3278 sed
3378 3224 3704 3297 supervestiri,
3745 3229 3789 3273 ut
3809 3217 3876 3271 alt-

673 3308 1044 3376 subsequentis
1072 3309 1256 3375 gratia:
1280 3306 1557 3375 juvaniine
1588 3310 1913 3375 roboratur;
1965 3313 2094 3367 nihil
2134 3314 2259 3369 boni

618 3436 623 3441 τ
673 3398 738 3452 ab
766 3397 986 3453 homine
1014 3400 1373 3454 consummari
1406 3398 1450 3463 ι’,
1479 3400 1578 3454 nisi
1608 3401 1751 3471 quod
1782 3401 1972 3457 eadem
2004 3414 2262 3475 operante

675 3497 834 3556 atque
867 3487 1167 3556 epitulante
1194 3487 1484 3555 perlicitur.

739 3600 871 3655 Car.
904 3616 1051 3656 xvm.
1074 3631 1148 3642 —
1166 3600 1253 3656 '50.
1279 3600 1404 3658 Haec
1432 3603 1613 3672 itaque
1631 3605 2018 3662 catholicorum
2041 3608 2257 3664 Patrum

673 3692 985 3761 apostolicis
1015 3692 1443 3749 institutionibus
1485 3694 1646 3766 473
1675 3697 1868 3753 tradita
1900 3710 2177 3769 permanet
2206 3702 2258 3756 iu

670 3780 921 3838 Ecclesiis
965 3783 1083 3840 sine
1131 3784 1308 3855 aliqua
1363 3784 1696 3844 dubitatione
1746 3788 1990 3845 doctrina
2023 3830 2039 3855 ,
2094 3809 2255 3863 quam

668 3872 834 3931 Graeci
867 3874 1152 3945 Latinique
1181 3877 1495 3946 pontiliees,
1528 3881 1700 3935 sancti
1739 3879 1967 3952 Spiritus
1994 3882 2258 3940 infusione

664 3968 894 4035 firmati,
944 3984 1052 4024 uno
1101 3977 1263 4038 atque
1305 3970 1686 4027 indissociahili
1720 3985 1740 4011 ε
1773 3989 1989 4043 semper
2034 3984 2258 4032 tenuere

663 4074 946 4115 consensu.
994 4058 1053 4114 ln
1100 4074 1205 4129 qua
1240 4059 1431 4116 beatus
1460 4060 1783 4130 Augustinus
1816 4065 2029 4123 indutus
2055 4066 2256 4122 virtute

659 4165 729 4209 es
750 4150 878 4214 alto,
904 4150 1261 4208 abundantius
1290 4153 1392 4208 illis
1417 4155 1665 4210 omnibus
1695 4156 1987 4223 laboravit;
2020 4174 2125 4213 non
2154 4175 2249 4215 au-

659 4247 773 4295 tem
802 4240 955 4309 ipse,
1000 4241 1093 4295 sed
1132 4243 1302 4309 gratia
1347 4243 1442 4299 Dei
1484 4261 1605 4299 cum
1637 4247 1729 4302 illo
1778 4246 1829 4319 (1
1866 4246 1986 4305 Cor.
2017 4267 2102 4308 xv.
2139 4251 2247 4322 10).

661 4326 833 4397 ipsius
861 4330 1002 4386 enim
1033 4332 1335 4389 ministerio
1366 4334 1623 4390 Dominus
1654 4338 1957 4395 uberiorem
1988 4341 2147 4410 hujus
2176 4344 2252 4399 rei

661 4418 906 4474 fidelibus
935 4421 1046 4476 suis
1086 4423 1492 4479 instructionem
1532 4426 1779 4495 prmbuit.
1830 4428 2039 4500 Quippe
2075 4432 2252 4488 adhuc

658 4508 779 4579 ipso
808 4508 860 4563 in
891 4525 1120 4580 corpore
1150 4513 1464 4577 constituto,
1499 4512 1784 4585 Pelagiana
1811 4516 2031 4575 hmresis
2061 4522 2251 4575 adver-

656 4616 750 4656 sus
788 4603 1015 4670 gratiam
1063 4603 1155 4657 Dei
1192 4604 1482 4662 nrortiferis
1523 4607 1742 4663 ausibus
1789 4609 2087 4665 rebellavit.
2138 4611 2249 4667 Nec

653 4692 826 4746 defuit
857 4694 1054 4747 invicta
1082 4694 1382 4762 benignitas
1404 4685 1708 4753 miserantis
1734 4697 1847 4762 Dei,
1872 4714 1992 4768 qua:
2021 4700 2243 4755 militem

653 4798 810 4838 suum
840 4784 1097 4854 spiritalis
1122 4786 1308 4853 gratia:
1345 4788 1508 4859 armis
1548 4796 1696 4842 tanto
1728 4788 1918 4844 fortius
1953 4791 2245 4861 prmcingc-

653 4884 766 4941 ret,
798 4885 1002 4944 quanto
1039 4878 1217 4932 acrius
1254 4879 1513 4935 adversus
1556 4882 1800 4937 eamdem
1839 4899 1964 4938 vasa
2008 4884 2098 4938 ira:
2128 4884 2244 4938 dia-

652 4967 809 5022 holus
836 4968 1130 5036 instigaret.
1158 4967 1390 5026 Proinde
1413 4982 1742 5029 memoratus
1773 4973 1863 5028 Dei
1894 4975 2132 5043 pontifex
2163 4975 2241 5029 in—

652 5055 829 5129 clytus
850 5057 1176 5124 Augustinus
1207 5061 1391 5114 turrim
1437 5060 1768 5116 fortitudinis
1814 5063 1983 5131 ipsam
2013 5063 2238 5131 gratiam

354 5174 361 5181 ~
410 5122 431 5137 ﬁ
480 5180 517 5189 --
556 5145 581 5189 ε’
651 5154 880 5213 tenens,
922 5156 977 5202 et
1017 5149 1210 5204 exinde
1247 5159 1440 5206 cuncta
1488 5152 1762 5207 hostilium
1810 5154 2238 5209 machinamenta

2285 4606 2297 4623 “
2353 4610 2423 4658 ﬂ,
2455 4593 2612 4665 55H;

2364 3314 2632 3367 sorbeatur
2681 3315 2816 3382 quod
2861 3316 3077 3370 mortale
3115 3322 3193 3369 est
3233 3319 3412 3372 avita.
3466 3315 3564 3380 Qui
3599 3324 3747 3369 mitem
3769 3311 3876 3384 ψεῖ]

2364 3421 2456 3458 nos
2486 3406 2537 3458 in
2568 3406 2663 3459 hoc
2690 3407 2856 3477 ipsum
2882 3406 3046 3475 Deus,
3077 3410 3165 3480 qui
3203 3410 3348 3464 dedit
3379 3411 3525 3465 nobis
3563 3411 3730 3481 pignus
3751 3403 3872 3475 Spiri-

2363 3504 2443 3548 tus
2468 3494 2556 3566 (II
2579 3497 2699 3550 Cor.
2734 3515 2786 3566 ν,
2818 3497 2868 3561 4,
2904 3497 2977 3568 5).
3013 3499 3255 3569 Ephesiis
3282 3517 3500 3573 quoque
3527 3495 3755 3564 scriberis,
3774 3497 3876 3553 iJeIn

2363 3585 2556 3655 pignus
2585 3587 2667 3642 his
2691 3589 2870 3642 verbis
2900 3589 3133 3645 insinuat
3161 3609 3174 3644 :
3201 3591 3412 3663 Signati
3440 3594 3558 3646 estis
3594 3591 3766 3662 Spiritu
3788 3601 3858 3656 pro

2362 3678 2623 3731 missionis
2668 3689 2870 3747 sancto,
2919 3683 3004 3755 qui
3042 3692 3119 3735 est
3162 3684 3351 3753 pignus
3395 3683 3696 3738 [Hereditatis
3734 3686 3872 3732 nostri

2362 3766 2579 3837 (Ephes.
2608 3785 2643 3834 ι,
2674 3769 2759 3837 15,
2791 3770 2901 3841 14).
2953 3773 3017 3829 Ut
3046 3787 3174 3841 ergo
3219 3775 3271 3829 in
3310 3774 3652 3831 custodienda
3678 3767 3873 3838 multipli-

2360 3857 2641 3929 caudaque
2681 3860 2887 3916 Domini
2921 3865 3089 3917 nostri
3129 3865 3358 3933 pecunia
3389 3882 3494 3920 non
3523 3876 3738 3919 essemus
3759 3856 3872 3930 pigri.
3939 3854 3943 3861 ’

2358 3947 2522 4020 474
2568 3951 2660 4005 sed
2702 3953 2941 4023 providi,
2974 3955 3201 4024 spiritali
3247 3972 3433 4011 sumus
3462 3958 3670 4027 pignore
3694 3962 3871 4023 pratmu-

2358 4042 2473 4096 niti.
2496 4041 2609 4099 Hoc
2632 4045 2822 4115 pignus
2843 4046 2958 4101 sine
2979 4046 3141 4102 dubio
3168 4063 3357 4103 servus
3378 4049 3467 4103 ille
3492 4064 3594 4103 non
3619 4044 3790 4104 habuit,
3806 4036 3871 4107 qui

2353 4146 2627 4208 acceptam
2684 4138 2893 4193 Domini
2937 4142 3217 4209 pecuniam
3287 4142 3639 4212 multiplicare
3695 4131 3872 4202 neglexit

2358 4228 2518 4300 (an.
2572 4246 2681 4296 xxx,
2723 4230 2846 4302 20).
2876 4231 3018 4287 Deus
3037 4247 3165 4301 ergo
3195 4233 3434 4301 gratuito
3477 4243 3686 4286 munere
3707 4226 3778 4282 cui
3801 4236 3871 4274 vo-

2354 4324 2511 4377 luerit
2540 4325 2820 4393 pecouiam
2851 4341 3002 4379 suam
3045 4325 3345 4394 pignusque
3384 4325 3618 4392 largitur.
3662 4318 3890 4373 Czeterunt'

2355 4432 2452 4468 nos
2477 4431 2577 4469 nec
2600 4416 2646 4470 ei
2675 4416 2872 4485 aliquid
2902 4415 3165 4477 dedimus,
3195 4431 3291 4485 pr.)
3312 4431 3422 4485 quo
3452 4416 3633 4486 pignus
3656 4408 3871 4476 πείραθ’

2353 4520 2471 4558 mus
2488 4501 2637 4576 [Quis
2659 4507 2798 4560 enim
2820 4507 2963 4576 prior
2986 4507 3126 4560 dedit
3152 4507 3247 4572 illi,
3264 4516 3313 4560 et
3337 4506 3632 4561 retribuetur
3650 4496 3869 4570 ei.’(Bomc

2662 4612 2835 4666 neque
2888 4598 3079 4666 pignus
3118 4598 3190 4652 illi
3239 4615 3337 4668 pro
3385 4598 3603 4668 pecunia
3642 4592 3865 4647 dedimus:

2350 4682 2446 4737 sed
2471 4692 2528 4737 et
2556 4685 2745 4753 pignus
2769 4694 2824 4739 et
2853 4704 2864 4754 |
2887 4687 3131 4742 ecuniam
3157 4688 3272 4758 ipso
3301 4688 3457 4743 nobis
3478 4686 3726 4742 tribuente
3746 4677 3851 4732 habe

2351 4793 2502 4844 Ιηυεὶ
2549 4795 2656 4849 quo
2705 4781 2926 4850 pignore
2972 4799 3073 4839 nos
3102 4784 3462 4852 custodiente,
3506 4798 3607 4838 non
3652 4775 3869 4849 perdimus

2347 4868 2489 4937 quod
2534 4870 2819 4938 habemus;
2852 4888 2882 4927 a
2913 4888 3019 4942 quo
3045 4876 3213 4929 etiam
3250 4876 3450 4944 jugiter
3493 4874 3788 4942 adjuvamur.
3826 4867 3869 4914 υι

2347 4962 2601 5029 pecunias
2644 4978 2779 5031 quas
2838 4967 3142 5035 accepimus
3206 4970 3486 5025 commoda
3555 4958 3863 5035 negotiationo

2347 5050 2703 5120 multiplicare
2726 5052 3011 5122 possimus.

2416 5159 2543 5215 CAP.
2575 5178 2686 5217 nx.
2717 5195 2786 5204 —
2810 5161 2899 5217 52.
2931 5163 3083 5219 illum
3126 5181 3253 5220 vero
3283 5168 3421 5223 heati
3454 5163 3681 5235 Apostoli
3707 5162 3860 5214 locum.

392 5228 395 5271 ἶ
478 5306 481 5309 Α
554 5248 617 5295 ,ς
640 5245 944 5293 turmarum
977 5237 1001 5276 δ
1037 5241 1273 5305 cmlestis
1315 5241 1605 5310 juvaminis
1643 5245 1841 5299 virtute
1876 5246 2238 5314 confringens,

396 5468 401 5479 ,
480 5414 519 5493 ί
650 5430 774 5471 rens
820 5420 1189 5488 triumphavit,
1219 5422 1348 5491 quin
1400 5424 1564 5477 etiam
1620 5426 1852 5495 posteris
1897 5427 2137 5483 certandi
2184 5438 2236 5484 et

2343 5250 2431 5304 ubi
2456 5249 2663 5305 debeo
2694 5251 2825 5306 dicit
2854 5270 2866 5306 :
2897 5253 3036 5326 Ergo
3077 5256 3223 5327 cujus
3251 5258 3357 5312 uult
3384 5259 3663 5318 miseretur,
3690 5260 3732 5303 ει
3751 5258 3861 5319 (1³⁸³³³

2340 5341 2444 5396 vult
2465 5343 2675 5397 indurat
2704 5344 2880 5412 (Rom.
2914 5363 2990 5410 ix,
3026 5347 3135 5417 18),
3192 5351 3382 5405 inelius
3409 5349 3701 5420 accipimus,
3727 5341 3764 5395 si
3786 5339 3863 5391 hoc

2341 5451 2447 5491 non
2488 5435 2554 5490 ad
2582 5438 3016 5509 interrogationis
3044 5457 3284 5508 sensum,
3308 5443 3400 5499 sed
3428 5444 3495 5499 ad
3520 5435 3860 5498 conclusionem

602 5340 757 5392 inou
786 5331 959 5385 solum
991 5332 1105 5402 ipse
1144 5332 1439 5402 perfectam
1483 5334 1551 5389 de
1598 5335 1755 5391 hoste
1784 5337 2063 5392 victoriam
2095 5339 2238 5394 refe-

458 5560 467 5567 _
556 5508 559 5511 ’
588 5494 621 5529 Ῡ
647 5507 892 5563 vincendi
916 5509 1159 5565 ordinem
1184 5552 1199 5577 ,
1235 5512 1280 5566 si
1317 5514 1533 5583 quando
1566 5517 1703 5571 victa
1736 5517 1970 5584 pravitas
1998 5518 2234 5577 recidiva

719 5696 743 5758 ξ·
777 5686 937 5758 Editi,
968 5706 1167 5758 sapere.

717 5756 742 5795 ι»
776 5756 932 5822 Editi,
965 5756 1092 5813 nihil
1118 5760 1243 5815 bene
1271 5768 1635 5820 consummari.

721 5839 738 5864 ε
771 5825 856 5883 Sic
880 5845 976 5883 ius.
1006 5846 1162 5886 unus.
1189 5831 1346 5900 Edd.,
1370 5836 1747 5901 indissonabili,
1773 5846 1826 5891 et
1856 5837 2055 5892 indisso
2077 5838 2143 5892 ab
2188 5843 2218 5892 Ξ.

2337 5528 2616 5581 sententire
2640 5529 2952 5585 referaums.
2980 5531 3186 5601 Agebat
3202 5536 3344 5590 enim
3367 5535 3554 5590 beatus
3574 5528 3746 5587 Paulus
3764 5530 3861 5590 390'

2415 5702 2440 5737 ιι
2477 5702 2638 5769 mni,
2667 5704 2903 5758 telorum.
2982 5733 2996 5747 -

2408 5785 2431 5809 ι’
2465 5772 2623 5832 Ιιὶιιίιὶ.
2653 5778 3020 5831 misericordia:
3046 5777 3337 5833 Domfnmn.

2415 5842 2433 5879 ί
2474 5841 2629 5907 EJiti,
2660 5845 3048 5901 similitmlincm
3078 5849 3327 5920 ineptam.
