4130 6450
313 355 419 412 6ιό

1174 356 1258 413 DE
1298 356 1639 412 \'Eltl'f.\1'll
1675 353 2352 413 l‘ll.l£llEs‘Tl.\’.\Tl0.\°lS
2397 355 2520 414 LIB.
2567 359 2627 416 11.

3492 367 3594 426 (116

311 470 486 526 stolus
514 469 580 526 de
609 471 839 538 gratuita
871 471 1254 537 misericordia,
1305 487 1407 540 qua
1442 472 1582 527 Deus
1620 487 1756 540 quos
1787 473 1899 526 vult
1933 481 1970 532 Α
2003 482 2204 531 autem.
2244 473 2389 539 siiab
2427 490 2494 531 eo
2523 474 2761 529 medicus
2788 477 2981 531 mortis
3011 480 3303 548 perniciem
3333 481 3594 539 beneﬂcio

309 563 426 617 sine
452 563 657 617 meritis
685 563 874 629 salvat,
907 572 962 617 et
989 563 1053 616 de
1080 563 1227 631 justo
1251 563 1472 632 judicio,
1523 579 1630 631 quo
1676 573 1901 616 czeteros

310 655 769 727 irreprehcnsibili
793 657 1045 725 aequitate
1074 655 1415 710 condemnat.
1454 651 1549 709 Ubi
1584 656 1813 726 primum
1835 656 1902 709 de

309 745 548 814 parvulis
579 745 804 814 loquens
842 744 980 799 Esau
1022 755 1076 799 et
1104 744 1290 813 Jacob,
1336 747 1450 814 ipse
1493 745 1593 802 sibi
1622 747 1902 815 proposuit

309 839 683 908 quaestionem,
716 853 780 892 ex
811 838 1002 906 quibus
1033 838 1150 892 sine
1183 838 1362 906 aliquo
1395 838 1735 906 propriorum
1764 837 1902 889 dun-

309 937 463 983 taxat
491 945 714 998 operum
747 929 958 990 merito,
993 928 1134 996 quia.
1177 929 1300 981 dum
1351 927 1586 981 nondum
1617 927 1722 980 nati
1767 925 1898 982 fuis-

310 1031 452 1088 sent,
485 1021 616 1075 nihil
645 1032 865 1089 egerant
895 1021 1019 1074 boni
1047 1021 1131 1073 vel
1177 1021 1320 1083 mali,
1355 1035 1476 1073 cum
1505 1019 1692 1074 ambos
1720 1029 1900 1073 reatus

311 1112 589 1179 originalis
630 1112 835 1182 peccati
868 1119 1078 1166 teneret
1105 1111 1416 1175 obstrictos,
1449 1111 1538 1164 uni
1567 1126 1663 1178 per
1689 1110 1897 1164 indebi-

312 1207 424 1256 tam
456 1201 881 1256 misericordiam
911 1201 1074 1269 gratis
1098 1210 1177 1254 est
1205 1201 1442 1269 impensa
1466 1200 1702 1264 dilectio,
1745 1200 1896 1253 alteri

312 1309 411 1363 per
438 1293 676 1348 debitum
721 1293 979 1362 judicium
1019 1295 1164 1363 ju~te
1213 1294 1468 1347 retributa
1502 1294 1792 1348 damnatio.
1840 1293 1895 1348 In

312 1385 416 1461 hac
447 1384 607 1452 igitur
627 1385 922 1452 quaestione
951 1387 1065 1454 ipse
1085 1386 1184 1439 sibi
1207 1384 1352 1454 quod
1375 1385 1668 1439 adversarii
1701 1385 1896 1440 inferre

310 1484 534 1544 possent
561 1476 819 1544 objiciens
845 1475 1022 1551 :Quid
1051 1495 1193 1548 ergo,
1238 1478 1429 1545 inquit,
1456 1479 1718 1531 dicemus?
1737 1476 1893 1532 Nun-

243 1561 250 1568 ’
309 1567 435 1637 quid
457 1570 701 1639 iniquitas
719 1569 856 1640 apud
873 1568 1035 1622 Deum
1057 1569 1468 1642 (Rom.tx,14)?
1489 1570 1788 1638 Statimque
1804 1586 1892 1624 rc-

309 1658 542 1728 SpOtidct
564 1677 576 1711 :
595 1659 758 1713 Absit.
795 1659 1325 1730 Responsioneiuquc
1354 1676 1504 1714 suam
1529 1661 1712 1728 legalis
1742 1661 1894 1714 testi-

303 1750 479 1802 monii
511 1750 828 1820 probatione
855 1751 1178 1807 conﬁrmans
1206 1755 1279 1806 ait
1310 1753 1377 1823 (υ.
1412 1750 1497 1823 15)
1526 1770 1538 1806 :
1566 1753 1736 1824 Moysi
1759 1755 1892 1807 enim

2005 565 2248 630 gratuito
2279 566 2573 618 curationis
2606 566 2630 603 ιι
2661 566 2928 620 excludat.

2074 653 2163 707 54.
2194 654 2364 710 Tanto
2394 670 2522 723 ergo
2553 657 2787 725 iniquius
2819 657 3008 713 medici
3040 659 3342 729 benignitas
3368 665 3591 720 inl'ama«

2004 754 2107 806 tur,
2133 757 2334 815 quanto
2383 749 2559 802 minus
2587 759 2882 818 Spontanea
2915 753 3183 820 pernicies
3225 753 3458 810 hominis
3497 774 3588 811 se-

2003 839 2171 907 ipsum
2193 839 2524 894 vulnerantis
2553 842 2848 895 attenditur
2874 855 2885 894 :
2912 859 3072 913 quam
3104 846 3148 899 si
3179 847 3230 898 in
3255 863 3311 900 se
3333 851 3590 916 querulus

2000 938 2255 1000 peccator
2280 931 2492 986 intuens
2513 931 2763 995 disceret,
2792 934 3145 989 non'divinam
3169 938 3501 993 voluntatem
3520 943 3588 994 ad

1999 1023 2402 1077 excusationem
2433 1040 2542 1077 sua:
2590 1025 2887 1094 iniquitatis
2917 1039 3236 1095 opponeret,
3287 1031 3378 1084 se.l
3411 1031 3589 1085 humi-

2000 1111 2120 1165 liter
2143 1112 2560 1166 misericordiam
2585 1115 2899 1182 postularet.
2928 1115 3277 1183 llespnndens
3303 1123 3334 1170 .\
3349 1122 3589 1188 postolus

1999 1205 2111 1256 ait:
2139 1201 2181 1255 0
2217 1204 2386 1265 homo,
2439 1214 2489 1256 tu
2528 1207 2638 1275 quis
2679 1223 2730 1258 es
2773 1208 2857 1277 qui
2896 1208 3206 1276 respondeas
3248 1209 3356 1264 Deo
3397 1211 3586 1280 (lbid..

1999 1295 2126 1362 ευρ
2179 1294 2274 1350 Ubi
2308 1312 2437 1360 non,
2472 1298 2610 1350 sicut
2639 1299 2800 1365 aliqui
2832 1308 3036 1368 putant,
3087 1301 3278 1355 beatus
3309 1301 3503 1356 Paulus
3533 1287 3600 1358 ια’

1999 1389 2350 1456 responsione
2381 1390 2604 1453 deiecit;
2655 1390 2747 1443 sed
2794 1391 2972 1445 cordis
3001 1391 3250 1446 obdurati
3281 1396 3584 1462 superbiam

2000 1481 2114 1533 utili
2145 1481 2276 1547 satis
2320 1482 2689 1550 increpatione
2717 1487 3065 1552 compescuit.
3093 1484 3286 1540 Dicens
3320 1487 3461 1540 enim
3491 1505 3502 1539 :
3538 1487 3584 1540 0

1999 1569 2174 1634 homo,
2205 1580 2254 1622 tu
2286 1572 2398 1638 quis
2429 1570 2522 1622 es?
2544 1571 2820 1623 admonuit
2853 1579 2908 1623 ut
2943 1572 3176 1640 seipsum
3209 1583 3460 1642 peccator
3493 1590 3582 1627 su-

1995 1663 2190 1730 perbus
2219 1662 2519 1724 attendens,
2553 1677 2652 1716 nec
2681 1663 2880 1731 aliquid
2928 1663 2978 1716 in
3010 1664 3120 1718 suis
3148 1665 3400 1733 operibus
3437 1667 3581 1734 quod

1999 1754 2109 1808 Deo
2139 1755 2376 1822 placeret
2404 1754 2698 1818 inveniens,
2734 1771 2762 1808 a
2789 1770 2898 1823 quo
2939 1756 3041 1808 sibi
3086 1756 3297 1809 videbat
3328 1759 3463 1812 bene
3501 1760 3580 1812 vi-

298 1843 437 1897 dicit
466 1860 484 1897 :
517 1844 796 1899 Miserebor
823 1848 904 1899 cui
942 1849 1204 1912 misereor,
1233 1858 1280 1901 et
1322 1848 1727 1901 misericordiam
1755 1862 1892 1916 prmo
1926 1848 1972 1906 B
1999 1848 2153 1901 vendi
2183 1862 2401 1901 manare
2429 1857 2775 1917 praeceptum,
2805 1849 2873 1903 ab
2899 1849 3014 1918 ipso
3043 1849 3094 1902 in
3128 1849 3425 1905 humilitate
3453 1865 3581 1906 conc

301 1933 458 1986 stabo
491 1935 634 2004 cujus
665 1935 960 1990 miserebor.
996 1937 1071 1989 Ad
1116 1936 1488 2006 explicandam
1519 1952 1735 2005 quoque
1763 1952 1892 2003 pro-

309 2028 576 2103 missionis
602 2045 708 2082 sum
735 2031 1057 2084 sententiam
1087 2031 1164 2083 sic
1186 2030 1451 2084 conclusit
1481 2032 1548 2098 (υ.
1589 2029 1673 2097 16)
1695 2047 1706 2080 :
1728 2025 1894 2099 Igitur

300 2135 414 2171 .non
448 2120 681 2182 volentis.
723 2137 883 2191 neque
911 2122 1183 2180 currentis.
1232 2120 1322 2173 sed
1349 2121 1638 2173 miserentis
1674 2128 1749 2172 est
1776 2118 1888 2172 Det.

301 2206 496 2262 Saluta
527 2225 655 2264 vero
680 2224 838 2277 quam
865 2211 930 2264 de
953 2212 1184 2280 parvulis
1207 2212 1888 2281 proposueratqua‘stione,

310 2301 582 2357 hominum
613 2318 828 2372 quoque
871 2303 981 2370 jam
1029 2304 1240 2358 ratione
1290 2305 1552 2358 utentium
1591 2304 1894 2357 voluntates

305 2393 423 2448 sola
452 2391 546 2446 Dei
590 2394 933 2448 miseratione
975 2395 1239 2459 converti,
1281 2394 1568 2462 subjuncto
1602 2393 1892 2448 Pharaonis

309 2485 548 2542 ostendit
591 2485 858 2555 exemplo.
913 2486 999 2539 Ait
1049 2503 1278 2555 namque
1310 2489 1379 2557 (υ.
1417 2487 1546 2556 17);
1594 2486 1730 2540 Dicit
1755 2490 1892 2540 enim

308 2575 586 2644 Scriptura
615 2575 878 2629 Pharaoni
900 2593 921 2630 :
948 2578 1080 2640 Quia
1111 2579 1162 2629 in
1188 2579 1282 2632 hoc
1303 2580 1468 2647 ipsum
1490 2579 1706 2632 excitari
1733 2588 1808 2642 te,
1838 2586 1892 2630 ut

310 2666 581 2723 ostendam
615 2667 666 2719 in
699 2677 745 2719 te
775 2669 1009 2720 virtutem
1051 2685 1235 2733 meum,
1283 2677 1331 2720 et
1359 2671 1691 2722 annuntietur
1711 2687 1893 2723 nomen

309 2774 478 2810 meum
525 2759 580 2810 in
632 2759 868 2811 universa
901 2767 1055 2812 terra.
1107 2758 1499 2829 Geminamque
1547 2762 1889 2825 sententiam,

312 2865 473 2919 quam
502 2849 568 2902 de
598 2850 940 2917 parvulorum
971 2859 1130 2918 atque
1157 2851 1418 2918 majortnn
1455 2851 1684 2917 gratuita
1715 2853 1892 2906 salva-

313 2941 460 2994 tione
489 2941 804 3009 protulerat,
843 2956 945 2993 una
975 2942 1321 2996 conclusione
1367 2942 1617 3006 tirmavit,
1667 2943 1889 2996 dicens:

313 3029 453 3100 Ergo
483 3029 626 3100 cujus
657 3031 758 3084 uult
787 3033 1079 3096 miseretur,
1131 3044 1178 3084 et
1207 3049 1354 3101 quem
1394 3034 1496 3086 vult
1543 3032 1780 3086 obdurat.
1830 3032 1896 3087 Ut

313 3132 490 3176 autem
517 3123 617 3176 hoc
645 3123 868 3185 diceret,
902 3123 1159 3189 legalibus
1182 3139 1236 3178 .=c
1268 3115 1454 3177 fultum
1485 3141 1590 3178 non
1625 3127 1896 3180 nesciebat

1998 1938 2105 1990 triti
2135 1935 2318 1992 cordis
2340 1945 2589 1991 esoraret
2609 1938 2866 1990 auxilium
2895 1953 2906 1990 :
2933 1937 3204 2006 sciretque
3224 1939 3323 1992 sibi
3350 1949 3581 1993 tantum-

1995 2029 2160 2083 modo
2190 2029 2634 2090 succensendum,
2668 2029 2921 2099 quidquid
2945 2031 3270 2098 cogitatione
3294 2032 3376 2084 vel
3398 2047 3581 2100 opera-

1996 2122 2141 2174 tione
2171 2127 2450 2189 peccaret;
2485 2120 2926 2187 voluntatemque
2967 2135 3030 2173 ac
3060 2118 3365 2173 facultatem
3397 2121 3447 2173 in
3483 2121 3581 2175 lida

1994 2220 2048 2265 et
2073 2213 2297 2266 caritate
2345 2210 2488 2279 juste
2517 2219 2808 2278 sancteque
2836 2210 3048 2263 vivendi
3079 2225 3348 2278 nunquam
3379 2211 3580 2264 homini

1996 2305 2142 2359 nasci
2172 2319 2238 2358 ex
2271 2305 2509 2369 homine,
2541 2303 2633 2357 scd
2673 2301 2928 2356 divinitus
2959 2303 3116 2355 tribui
3159 2304 3387 2370 gratuita
3420 2303 3580 2371 largi-

1997 2405 2276 2468 tate;qu:c
2311 2397 2615 2450 voluntates
2663 2395 2936 2449 hominum
2989 2395 3155 2448 malas
3202 2395 3581 2464 przcveniendu

1995 2497 2165 2542 mutat
2192 2489 2242 2541 in
2274 2488 2461 2551 bonas,
2518 2497 2573 2540 ut
2617 2487 2796 2554 impiis
2834 2495 2888 2540 ct
2920 2486 3113 2554 iniquis
3143 2493 3361 2555 peccata
3403 2485 3582 2538 dimit-

1997 2589 2102 2642 tat;
2134 2579 2457 2646 easdemque
2488 2580 2655 2631 bonas
2711 2577 3012 2630 voluntates
3056 2575 3356 2644 adjuvando
3398 2576 3580 2629 subse-

1996 2673 2196 2740 quitur,
2221 2680 2277 2723 ut
2297 2671 2515 2739 justitize
2544 2685 2799 2722 coronam
2834 2670 2970 2722 bene
3027 2669 3325 2721 viventibus
3374 2669 3580 2734 reddat,

1997 2771 2286 2830 quamnon
2317 2760 2368 2813 in
2411 2760 2514 2813 hoc
2541 2758 2760 2823 smeuln,
2791 2758 2882 2810 sed
2916 2759 2966 2810 in
3002 2759 3178 2811 futuro
3207 2755 3446 2812 lldelilms
3474 2760 3581 2813 suis

1999 2851 2284 2918 largiturus
2313 2858 2392 2903 est
2422 2848 2696 2911 Dominus,
2736 2848 2859 2900 dum
2892 2849 3030 2901 rasis
3059 2849 3436 2903 misericordia:
3465 2849 3577 2917 glo-

1999 2943 2130 2996 riam
2161 2943 2416 3009 Iarg'etur
2451 2953 2504 3006 τ,
2542 2949 2595 2994 et
2625 2955 2749 2995 vasa
2785 2940 3122 2994 contumelia:
3143 2950 3344 2995 aeterno
3369 2956 3580 3010 semper

1999 3051 2180 3088 arsura
2208 3033 2482 3102 deputabit
2512 3033 2781 3086 incemlio.

2067 3123 2156 3177 55.
2189 3123 2242 3176 In
2267 3123 2458 3191 quibus
2479 3123 2618 3174 vasis
2642 3123 2773 3174 misc
2794 3121 3018 3174 'icor.|i:e
3039 3129 3198 3188 atque
3215 3120 3579 3183 contumelia',

315 3213 558 3281 eloquiis,
583 3213 776 3282 quibus
799 3213 961 3266 Deum
984 3222 1040 3267 et
1065 3213 1231 3283 Moysi
1253 3213 1448 3270 dixisse
1471 3233 1486 3267 :
1509 3214 1793 3270 Misercbor
1815 3219 1894 3270 cui
1927 3231 1969 3292 (ζ
2004 3215 2223 3268 multum
2255 3229 2443 3268 sensus
2473 3214 2694 3266 istorum
2730 3213 2949 3265 fratrum
2979 3227 3007 3265 a
3039 3212 3266 3265 veritate
3288 3211 3579 3276 discordat,

315 3306 558 3359 misereor
583 3304 776 3375 (Exod.
811 3321 995 3367 sum,
1038 3305 1156 3374 l9),
1202 3315 1257 3360 ct
1284 3305 1351 3360 de
1381 3304 1659 3360 Pharaone
1699 3307 1896 3361 dixisse

243 3425 247 3428 -
317 3395 458 3466 quod
483 3396 598 3465 ejus
631 3413 727 3450 cor
764 3395 1120 3449 obduraturus
1147 3403 1312 3456 esset,
1356 3408 1582 3449 noverat
1607 3399 1894 3452 contineri.

350 3537 353 3539 _
384 3485 520 3541 Car.
548 3503 636 3540 sx.
666 3518 738 3528 —
761 3485 848 3539 53.
881 3485 1119 3554 Denique
1149 3495 1206 3539 ut
1251 3496 1572 3553 agnoscatur
1619 3488 1731 3541 lnec
1776 3503 1900 3541 sen-

317 3578 480 3632 tentia
512 3594 618 3631 non
666 3593 733 3631 ex
764 3576 1068 3644 objectione
1100 3579 1391 3646 proposita,
1443 3577 1536 3631 sel
1582 3577 1646 3629 ad
1676 3580 1896 3632 conclu-

315 3671 521 3724 sionem
544 3668 836 3737 superioris
879 3668 1261 3736 propositionis
1291 3668 1458 3729 illata,
1503 3675 1623 3736 post
1650 3667 1896 3720 eamdem

315 3761 714 3815 conclusionem
743 3759 855 3828 ipse
883 3759 983 3812 sibi
1013 3759 1198 3810 beatus
1221 3756 1508 3826 Apostolus
1536 3757 1674 3811 hunc
1695 3772 1900 3810 sermo-

316 3866 439 3904 nem
469 3849 886 3904 contradicentis
915 3847 1112 3915 objccit
1147 3864 1158 3898 :
1189 3845 1333 3898 Dicis
1364 3847 1535 3916 itaque
1566 3847 1689 3898 mihi
1722 3862 1737 3897 :
1763 3844 1900 3908 Quid

317 3944 486 3996 adhuc
512 3941 795 4017 quwritur?
831 3939 1094 3993 Voluntati
1123 3939 1232 4009 ejus
1254 3938 1366 4008 quis
1388 3937 1576 3990 resistit
1607 3935 1656 4006 (1
1681 3936 1800 3990 Cor.
1827 3953 1898 4001 Ix,

321 4034 657 4106 1,9)?Solent
677 4034 818 4087 enim
851 4033 1095 4085 homines
1131 4031 1182 4084 in
1215 4029 1450 4085 tenebris
1482 4031 1710 4098 propria:
1736 4030 1899 4096 cgeci-

317 4126 446 4180 tatis
492 4136 732 4179 errantes
765 4134 812 4184 ο,
847 4138 966 4177 cum
1013 4121 1236 4174 audiunt
1268 4120 1436 4187 gratia
1482 4119 1574 4178 Dei
1625 4121 1899 4188 prmveniri

319 4225 481 4286 atque
511 4215 777 4271 immutari
817 4214 1092 4270 hominum
1146 4213 1466 4275 voluntates,
1514 4209 1802 4279 vi-lentque
1843 4227 1901 4265 se

317 4287 420 4374 pro
453 4304 719 4358 tenebrosi
765 4303 942 4357 cordis
989 4302 1340 4371 perversitate
1387 4301 1617 4370 culpari,
1667 4317 1899 4356 excusa-

318 4397 454 4471 tioni
486 4412 594 4451 sure
635 4395 700 4450 de
741 4394 884 4463 justa
922 4395 1010 4447 Dei
1059 4394 1334 4447 voluntate
1384 4391 1636 4460 injnsrutn
1684 4399 1902 4461 captare

320 4489 651 4558 sull'ragium,
683 4497 741 4541 ut
770 4488 928 4560 475
951 4485 1146 4541 exinde
1186 4484 1355 4552 majus
1383 4483 1640 4558 recipiant
1670 4483 1903 4552 punitio-

1999 3307 2191 3376 quibus
2236 3305 2446 3358 videtur
2495 3304 2640 3372 ipsos
2665 3319 2804 3377 _esse
2849 3318 2976 3358 vasa
3015 3303 3429 3367 misericordiae,
3491 3306 3582 3375 qui

1998 3399 2373 3452 ecclesiastica:
2419 3397 2533 3450 sive
2579 3397 2850 3451 surcularis
2888 3397 3090 3450 militia:
3139 3396 3335 3450 habent
3386 3397 3439 3450 in
3483 3397 3582 3453 hoc

1997 3490 2193 3544 szecnlo
2221 3489 2566 3555 dignitatem;
2617 3489 2843 3542 clericos
2883 3503 3012 3540 vero
3056 3495 3110 3540 et
3140 3489 3454 3550 monachos,
3501 3487 3583 3542 vel

1998 3581 2263 3650 quoslibet
2293 3580 2474 3640 laicos,
2529 3595 2655 3634 vasa
2686 3595 2806 3633 esse
2837 3579 3194 3632 contumelize.
3246 3578 3416 3633 Minus
3443 3580 3583 3632 enint

1999 3673 2279 3726 attendunt
2327 3673 2419 3725 Dei
2471 3673 2788 3733 bonitatem,
2842 3687 2960 3740 qum
3007 3686 3130 3723 vasa
3185 3671 3582 3736 misericordize,

1999 3780 2114 3831 qum
2145 3763 2460 3832 praaparavit
2489 3762 2540 3815 in
2571 3761 2818 3829 gloriam,
2855 3776 2882 3812 a
2916 3761 3056 3812 vasis
3087 3761 3177 3812 inc
3205 3769 3365 3828 atque
3394 3773 3582 3814 contu-

2001 3854 2172 3907 melia:
2199 3853 2428 3919 gratuita
2455 3851 2741 3905 dilectione
2788 3850 3063 3914 discernit,
3115 3849 3166 3902 in
3200 3849 3583 3905 illuminationa

2001 3945 2196 4009 cordis,
2231 3945 2332 3998 boc
2360 3951 2441 3996 est
2473 3943 2524 3996 in
2555 3941 2678 4004 lide,
2703 3957 2818 4010 spe,
2845 3949 2900 3994 et
2919 3942 3143 3994 caritate
3170 3942 3467 3995 consistere
3493 3960 3504 3994 :
3534 3943 3583 3995 in

2001 4035 2192 4104 quilms
2217 4034 2307 4102 qui
2339 4033 2763 4103 perseveraverit
2791 4045 2957 4099 usque
2987 4031 3036 4084 in
3071 4031 3250 4094 linem,
3285 4031 3371 4086 hic
3409 4031 3582 4086 salvus

2002 4127 2106 4178 erit
2135 4124 2348 4193 (Matth.
2385 4141 2434 4187 Χ,
2467 4123 2580 4176 9.2!.
3413 4180 3415 4182 η

2072 4215 2199 4269 (ΞΑΡ.
2234 4231 2344 4268 χχι.
2370 4246 2441 4257 ——
2469 4214 2556 4268 56.
2599 4211 2678 4265 01)
2708 4212 2810 4266 hoc
2853 4213 3040 4267 beatus
3080 4213 3273 4267 Paulus
3325 4231 3428 4268 non
3469 4216 3582 4269 cui-

2002 4324 2162 4377 quam
2193 4307 2430 4361 s:eculari
2474 4305 2587 4360 sive
2625 4303 2988 4360 ecclesiastica
3036 4305 3260 4375 przcdito
3307 4306 3583 4375 dignitate,

2003 4400 2095 4452 sel
2127 4399 2272 4451 omni
2315 4397 2559 4466 operanti
2601 4396 2820 4459 bonum,
2869 4395 3095 4463 gloriam
3144 4405 3200 4450 et
3245 4397 3503 4451 honorem
3534 4409 3584 4451 et

2007 4507 2190 4561 pacem
2215 4497 2440 4544 testatur
2463 4487 2636 4560 (Rom.
2657 4503 2711 4551 ll,
2735 4486 2820 4555 10)
2847 4486 3032 4540 donari
3060 4503 3249 4557 posse;
3281 4497 3334 4541 et
3359 4490 3425 4542 de
3447 4491 3582 4546 vasis

323 4582 406 4642 nis
435 4587 794 4647 augmentum.
829 4579 1086 4631 Accusant
1115 4577 1256 4631 enim
1288 4576 1471 4637 Deum,
1497 4591 1525 4628 a
1549 4592 1653 4645 quo
1675 4577 1898 4643 gratiam
1931 4593 1977 4650 ι)
2003 4597 2120 4650 qua:
2149 4581 2198 4634 in
2230 4580 2392 4633 domo
2421 4594 2610 4646 magna
2659 4584 2782 4629 sunt
2811 4577 3059 4644 loquens,
3112 4594 3217 4631 non
3249 4579 3322 4630 ait
3343 4580 3466 4646 quia
3491 4595 3582 4648 po-

320 4690 428 4734 non
459 4672 755 4741 accipiunt;
787 4681 839 4724 et
868 4671 1074 4738 seipsos
1096 4677 1370 4732 excusant,
1400 4669 1489 4735 qni
1518 4668 1901 4735 Deumjustum

320 4766 452 4822 vitio
482 4780 589 4817 sua:
614 4761 906 4830 iniquitatis
928 4759 1224 4813 oll'endnnt.
1259 4757 1361 4826 lpsi
1389 4758 1487 4811 sibi
1518 4758 1626 4810 suis
1657 4758 1903 4811 manibus

322 4855 556 4917 inferunt
584 4855 784 4922 plagas,
813 4868 874 4905 ac.
902 4851 1108 4904 medico
1138 4866 1242 4902 non
1274 4849 1516 4902 dubitant
1545 4850 1782 4916 irrogare
1811 4865 1903 4902 ca-

323 4947 598 5020 lumniam,
631 4955 881 5013 tanquam
924 4959 1082 4996 causa
1111 4942 1396 4995 occisionis
1437 4940 1664 5011 propria:
1711 4957 1816 4993 non
1848 4941 1899 4994 in

321 5043 414 5095 illo
445 5042 514 5094 sit
541 5042 631 5109 qui
654 5042 888 5108 seipsum
922 5037 1192 5102 interlicit,
1222 5037 1314 5091 sed
1346 5038 1395 5089 in
1443 5053 1508 5090 eo
1529 5038 1619 5105 qui
1650 5038 1822 5090 minus
1851 5039 1900 5092 ei

318 5129 519 5188 salubri
557 5129 834 5183 curatione
863 5127 1193 5182 subvenerit.
1245 5125 1500 5181 Medicina
1548 5126 1745 5195 quippe
1791 5142 1898 5180 non

319 5221 529 5282 mortis,
584 5220 676 5275 sed
721 5220 1014 5274 curationis
1061 5227 1143 5271 est
1189 5233 1396 5271 causa:
1445 5216 1529 5270 cui
1563 5216 1744 5284 utique
1793 5232 1897 5270 non

318 5322 468 5368 recte
497 5331 643 5368 mors
666 5313 974 5373 ascribitur.
1021 5312 1064 5366 si
1113 5311 1348 5380 pessimo
1376 5309 1584 5363 vulneri
1614 5308 1755 5376 quod
1797 5308 1897 5362 sibi

319 5409 486 5460 homo
513 5407 691 5460 intulit
721 5405 936 5462 minimc
965 5404 1284 5474 praebeatur.
1316 5401 1542 5456 Iustitia:
1568 5401 1765 5468 quippe
1795 5408 1894 5461 est,

315 5497 360 5550 si
394 5495 703 5550 vulneratus
733 5495 820 5548 ille
851 5493 1200 5560 relinquatur,
1254 5500 1310 5544 ut
1354 5499 1580 5544 mortem
1610 5503 1769 5557 quam
1797 5487 1896 5541 sibi

314 5588 631 5656 Spontaneis
658 5586 909 5654 operibus
945 5583 1150 5645 ascivit,
1206 5583 1472 5645 inveniat;
1524 5581 1592 5634 mi
1624 5579 1897 5634 ericorYia:

391 5734 412 5754 "
451 5720 605 5781 Edd.,
636 5729 748 5773 ea‘st
787 5729 915 5769 ntes.

390 5796 412 5828 ³·
445 5792 497 5843 In
528 5793 670 5852 edd.,
703 5790 941 5859 gratuita'
971 5787 1237 5859 orationis,
1271 5783 1362 5837 sed
1389 5783 1543 5838 male.

382 5878 401 5932 ᾖ
448 5861 502 5917 1η
533 5857 764 5923 excusis,
795 5860 1014 5931 gratiam
1045 5857 1310 5922 largietur.
1341 5888 1348 5895 -

2005 4675 2112 4726 tior
2153 4686 2477 4740 quemquam
2523 4668 2754 4735 dignitas
2785 4684 2876 4721 vas
2914 4669 3134 4723 honoris
3171 4669 3386 4734 el‘liciet,
3425 4671 3584 4741 476
3627 4665 3636 4672 ’

2005 4763 2098 4816 sed
2142 4763 2401 4816 honorem
2449 4775 2635 4813 verum
2680 4759 2948 4812 nmndatis
2991 4748 3201 4813 asserit.
3231 4760 3580 4827 largiendum.

2005 4854 2094 4906 Sic
2123 4853 2262 4906 enim
2311 4851 2483 4904 dicit:
2524 4848 2582 4903 In
2625 4867 2813 4920 magna
2859 4859 3032 4903 autem
3081 4851 3232 4904 domo
3271 4868 3372 4905 non
3418 4853 3582 4906 solum

2002 4953 2122 4998 sunt
2150 4961 2271 4996 rasa
2301 4958 2455 4993 aurea
2497 4950 2545 4994 et
2574 4951 2836 5011 argentea,
2881 4941 2973 4994 sed
3001 4949 3054 4994 et
3079 4941 3250 5014 lignea
3284 4950 3331 4994 et
3359 4941 3542 5009 ﬁctilia
3562 4980 3574 4994 .

2004 5046 2050 5089 et
2073 5033 2306 5105 quardam
2337 5031 2537 5101 quidem
2579 5042 2696 5084 sunt
2742 5033 2794 5084 in
2821 5031 3086 5096 honorem,
3118 5032 3352 5102 q'ia'dam
3382 5047 3497 5083 vero
3528 5033 3580 5083 in

2002 5124 2383 5178 contumeliam.
2437 5121 2497 5175 Si
2536 5123 2648 5193 quis
2679 5132 2845 5175 autent
2875 5123 3225 5175 (mandaverit
3271 5137 3326 5173 se
3355 5119 3418 5171 ab
3447 5120 3580 5178 istis.

2003 5215 2101 5268 erit
2129 5230 2216 5267 ras
2243 5214 2296 5266 in
2321 5213 2565 5266 honorent
2587 5212 2989 5280 sanctiﬁcatum,
3014 5221 3062 5262 et
3091 5211 3214 5263 utile
3247 5209 3482 5271 Domino,
3512 5217 3580 5263 ad

2004 5321 2151 5358 omne
2179 5320 2305 5372 opus
2334 5301 2517 5356 bonum
2538 5313 2776 5373 paratam
2799 5299 2886 5369 (ll
2922 5299 3052 5352 Tim.
3080 5316 3135 5364 tt,
3165 5299 3252 5361 20,
3277 5299 3388 5367 9.1).
3424 5300 3448 5336 ἀ
3480 5300 3581 5354 lte-

2005 5413 2120 5451 rum
2153 5397 2227 5449 ait
2251 5394 2316 5448 de
2334 5395 2444 5449 Deo
2469 5413 2480 5447 :
2507 5394 2606 5458 Qui
2629 5395 2802 5448 reddet
2830 5393 3100 5462 unicuique
3125 5393 3402 5446 secundum
3423 5411 3580 5464 opera

2002 5503 2128 5548 sua;
2161 5486 2240 5538 his
2263 5485 2465 5556 quidem
2491 5486 2575 5554 qui
2610 5482 2889 5538 semiudum
2917 5484 3216 5552 patientiam
3248 5481 3364 5537 boui
3385 5485 3576 5554 operis,

2002 5577 2242 5645 gloriam,
2263 5584 2311 5627 et
2332 5575 2596 5636 honorent,
2620 5584 2668 5625 et
2691 5571 3122 5640 incorruptionem
3143 5582 3396 5644 quierunt,
3421 5574 3574 5627 vitam

2077 5708 2100 5744 ἀ
2138 5707 2306 5830 chnls
2335 5707 2418 5760 hic
2450 5705 2687 5774 Apostnli
2720 5720 2824 5758 non
2864 5704 3054 5773 legitur
3080 5704 3131 5759 in
3162 5705 3333 5770 editis,
3385 5705 3477 5759 sed
3522 5703 3574 5758 in

2077 5796 2127 5830 »5.
2159 5797 2172 5830 t
2200 5796 2267 5830 llt)
2289 5794 2384 5830 HIS.

2003 5795 2127 5832 IIISS.
2159 5794 2384 5831 (llltllllls.
