4130 6480
544 379 645 440 M7

1553 367 1610 424 S.
1642 360 2004 422 FULGENTII
2046 355 2347 415 EI’ISCOPI
2391 353 2755 412 ltUSl’ENSlS

3731 353 3824 410 6&8

547 511 823 556 eternam:
857 494 933 548 his
963 502 1132 546 autem
1153 508 1234 558 qui
1264 505 1328 543 ex
1356 485 1701 546 contentione,
1732 490 1780 534 et
1799 479 1883 550 qui
1915 492 2017 530 non
2045 491 2131 527 ac-
2161 477 2207 537 Α
2235 471 2359 540 quia
2405 466 2700 539 pontiﬁcali
2731 465 2918 520 militia
2961 463 3236 534 fungitur;
3287 464 3394 520 sed
3435 464 3485 519 si
3535 480 3636 534 pro
3677 479 3825 533 grege

548 592 808 664 quiescunt
839 585 1063 645 veritati,
1101 581 1317 635 credunt
1357 585 1524 630 autem
1550 571 1830 644 iniquitati,
1863 571 1944 622 ira
1971 575 2019 620 et
2049 567 2130 664 iu-

549 659 800 752 dignatio.
836 673 1124 728 Tribulatia
1147 679 1195 724 et
1221 670 1461 739 angustia
1479 667 1533 719 in
1561 678 1762 718 omnem
1793 663 2018 752 animant
2040 659 2130 752 ho-

550 747 706 826 minis
751 767 1013 837 aperantis
1059 761 1286 826 malum,
1341 757 1513 811 Judwi
1561 757 1786 825 primum
1831 759 1879 804 et
1926 747 2131 811 Grtrci;

552 859 720 931 gloria
761 865 950 917 autem,
982 861 1031 906 et
1057 852 1242 913 honor,
1282 859 1332 902 et
1361 863 1464 917 pax
1491 846 1630 900 omni
1659 843 1894 915 aperanti
1922 840 2132 904 bonum,

556 929 742 1001 dudteo
784 945 1004 1014 primum
1032 950 1081 994 et
1105 937 1286 991 Grtera
1316 934 1492 1006 (Rom.
1532 950 1586 993 ιι,
1619 932 1652 986 6
1679 941 1728 985 et
1755 931 1908 1002 seq.).
1939 929 2137 983 Beatus

556 1052 772 1110 quoque
803 1034 992 1089 Petrus
1018 1029 1253 1086 ostendit
1295 1043 1390 1097 per
1431 1023 1851 1079 misericordiam
1882 1019 1999 1086 Dei,
2047 1033 2137 1074 se-

557 1131 794 1186 cundum
823 1143 980 1196 quam
1007 1139 1130 1178 vasa
1157 1119 1533 1176 misericordim
1554 1116 1889 1186 appellantur
1915 1112 2142 1182 quicun-

559 1237 665 1290 que
691 1219 983 1279 salvantur,
1031 1231 1138 1268 non
1169 1212 1481 1282 dignitatem
1512 1207 1769 1276 temporis
1799 1205 1850 1258 in
1880 1204 1980 1257 hac
2009 1202 2137 1264 vita,

561 1313 655 1366 sed
682 1313 880 1365 donum
925 1305 1348 1376 regenerationis
1396 1304 1448 1357 in
1499 1300 1632 1363 tide,
1684 1313 1780 1367 spe
1826 1305 1881 1351 et
1920 1295 2144 1349 caritate

562 1401 813 1458 conferri.
846 1399 933 1452 Ait
960 1399 1100 1452 cnim
1126 1415 1138 1448 :
1167 1395 1470 1448 Benedictus
1509 1391 1645 1443 Deus
1673 1401 1720 1442 et
1753 1387 1911 1440 I’atcr
1933 1384 2143 1439 Domini

563 1493 726 1546 nostri
766 1489 890 1543 Jesu
931 1487 1144 1550 Christi,
1195 1485 1280 1555 qui
1322 1500 1410 1554 per
1451 1497 1690 1552 magnam
1735 1476 2146 1536 misericordiam

563 1597 710 1634 suout
749 1577 1072 1648 regenerarit
1101 1591 1193 1628 nos
1219 1575 1273 1626 in
1311 1589 1450 1642 spem
1490 1571 1668 1630 vivant,
1699 1585 1792 1638 per
1816 1564 2148 1619 resurrectio-

567 1688 680 1726 nem
700 1669 733 1723 1
739 1687 825 1724 esu
847 1667 1038 1722 Christi
1065 1686 1095 1719 a
1126 1666 1358 1728 mortuis,
1386 1667 1436 1717 in
1468 1663 1818 1716 [nereditatem
1843 1656 2151 1724 incorrupti-

564 1764 736 1826 bilem,
762 1770 812 1814 et
835 1759 1314 1820 iucantaminatam,
1347 1765 1394 1807 et
1424 1749 1914 1810 irnmarcescibilem,
1940 1763 2148 1801 conser-

2233 561 2333 614 sibi
2362 559 2565 615 credita
2589 557 2849 613 sollicitus
2876 570 3092 624 semper
3118 555 3390 624 invigilet,
3420 554 3693 625 praedicet
3723 573 3809 609 ver

2235 649 2384 713 bum,
2412 649 2577 702 instet
2597 653 2921 716 opportune,
2952 645 3274 714 importune,
3305 652 3536 713 arguat,
3569 645 3826 714 obsecret,

2237 739 2498 806 increpet,
2523 738 2575 790 in
2605 737 2752 790 omni
2783 736 3041 806 patientia
3070 743 3124 790 et
3171 734 3428 790 doctrina
3459 733 3554 805 (11
3600 733 3730 789 Tim.
3759 752 3824 805 tv,

2235 829 2332 899 2);
2367 844 2468 885 nec
2495 829 2595 883 sibi
2619 828 2952 883 dominatum
2996 827 3262 898 superbus
3301 842 3583 897 usurpare
3614 836 3822 882 conten-

2237 921 2350 985 dat,
2398 920 2492 975 sed
2521 919 2834 989 apostolicis
2877 917 3196 973 informatus
3224 919 3491 988 eloquiis,
3535 919 3827 989 exemplum

2243 1029 2302 1068 se
2330 1013 2540 1068 cunctis
2567 1011 2850 1076 exhibeat;
2877 1027 2979 1066 nec
3003 1012 3048 1065 si
3073 1011 3229 1065 ullius
3249 1010 3568 1064 altitudinis
3588 1011 3826 1066 collatum

2243 1107 2341 1162 sibi
2371 1105 2602 1175 gaudeat
2632 1105 2932 1173 temporale
2976 1103 3264 1172 fastigium,
3317 1103 3422 1158 sed
3473 1103 3522 1157 si
3570 1117 3629 1157 se
3658 1103 3826 1159 humili

2243 1199 2406 1254 corde
2437 1197 2683 1252 tidelibus
2724 1197 2962 1266 praebeat
2988 1197 3145 1252 bona:
3174 1196 3623 1252 conversationis
3663 1212 3828 1250 exem-

2245 1292 2391 1362 plum
2425 1289 2550 1360 (Tit.
2586 1305 2642 1352 ιι,
2676 1288 2753 1356 7).
2785 1289 3249 1345 Clementissimus
3289 1304 3522 1358 quoque
3554 1289 3827 1359 imperator

2247 1396 2353 1435 non
2379 1379 2499 1433 ideo
2518 1387 2601 1432 est
2618 1394 2711 1431 vas
2733 1379 3111 1434 misericordia:
3133 1389 3506 1449 praeparatum
3531 1380 3587 1433 in
3601 1380 3822 1447 gloriam,

2247 1472 2370 1543 quia
2418 1471 2623 1541 apicem
2666 1472 2866 1526 terreni
2905 1473 3235 1542 principatus
3283 1473 3530 1542 accepit,
3581 1473 3674 1527 sed
3711 1473 3824 1529 siin

2249 1563 2512 1632 imperiali
2558 1562 2792 1617 culmine
2839 1572 2984 1618 recta
3034 1561 3138 1618 ﬁde
3185 1564 3358 1628 vivat,
3410 1573 3469 1618 et
3497 1580 3626 1619 vera
3669 1566 3826 1620 cordis

2251 1654 2552 1709 humilitate
2584 1653 2868 1723 prteditus,
2901 1655 3113 1710 culmen
3143 1657 3304 1724 regia:
3335 1655 3624 1724 dignitatis
3651 1665 3824 1710 sancta:

2252 1746 2494 1814 religioni
2523 1747 2807 1816 subjiciat;
2859 1751 2901 1802 si
2947 1749 3118 1816 magis
3149 1750 3202 1803 in
3249 1749 3452 1803 timore
3483 1749 3683 1803 serviat
3709 1749 3820 1812 Deo,

566 1863 734 1909 latam
755 1853 809 1904 in
840 1851 1000 1915 ctelis,
1029 1850 1082 1900 in
1113 1845 1249 1900 vobis
1278 1846 1363 1918 qui
1399 1846 1451 1898 in
1481 1845 1665 1897 rirtute
1693 1839 1791 1894 Dei
1819 1837 2150 1893 custodimini
2187 1854 2224 1908 ις
2254 1851 2418 1905 quam
2450 1837 2501 1892 in
2535 1845 2746 1893 tumore
2768 1837 3029 1893 dominari
3061 1839 3263 1908 populo
3303 1839 3656 1903 delectetur;
3697 1840 3738 1894 si
3779 1839 3821 1899 in

565 1959 656 2013 per
674 1941 829 2012 [idem
857 1940 912 1992 in
942 1939 1158 1991 salutem
1199 1945 1435 2005 paratam
1465 1933 1678 1986 revelari
1718 1931 1773 1984 in
1806 1921 2030 1999 tempore
2057 1945 2154 1982 na-

567 2031 793 2093 vissima,
824 2029 878 2081 in
909 2043 1007 2098 quo
1027 2024 1354 2078 exsultabitis
1384 2022 1638 2076 modicum
1668 2035 1825 2085 nunc,
1854 2018 1897 2070 si
1921 2017 2038 2086 ﬁeri
2061 2033 2154 2085 po-

569 2131 687 2186 test,
713 2136 803 2188 per
834 2118 1094 2171 tristitiam
1117 2116 1169 2167 in
1202 2115 1360 2166 variis
1391 2109 1756 2165 tentationibus
1783 2125 1800 2162 :
1837 2117 1893 2161 ut
1920 2106 2154 2178 probatio

569 2222 746 2268 και-ω
775 2210 897 2280 ﬁdei
927 2207 1084 2261 multa
1126 2205 1396 2274 pretiosior
1424 2204 1490 2256 sit
1529 2220 1656 2258 auro
1693 2200 1828 2273 quod
1855 2217 1945 2271 per
1978 2201 2150 2270 igneus

573 2299 840 2374 probatur,
869 2308 919 2353 et
955 2297 1248 2352 inveniatur
1271 2296 1322 2348 in
1354 2294 1560 2347 laudent
1591 2302 1640 2345 et
1670 2291 1885 2364 gloriam
1915 2301 1962 2344 et
1991 2292 2158 2345 hono-

573 2408 700 2455 rem,
724 2391 776 2444 iu
811 2389 1117 2442 reuelatione
1146 2385 1357 2439 Domini
1396 2384 1559 2438 nostri
1591 2381 1715 2436 Jesu
1755 2380 1985 2435 Christi:
2011 2397 2156 2451 quem

575 2499 690 2535 eum
715 2497 816 2536 non
849 2479 1096 2542 uideritis,
1126 2477 1379 2547 diligitis;
1414 2476 1466 2528 in
1506 2491 1652 2546 quem
1680 2490 1816 2526 nunc
1837 2489 2034 2544 quoque
2055 2489 2159 2527 non

577 2571 820 2633 ridentes,
862 2568 1105 2632 creditis;
1155 2566 1417 2620 credentes
1455 2575 1623 2618 autem
1660 2564 1929 2617 exsultatis
1978 2562 2161 2615 (milia

579 2659 913 2716 inenarrabili
931 2669 978 2713 et
1009 2657 1372 2726 honorificam,
1402 2656 1702 2725 recipientes
1729 2655 1884 2724 ﬁnem
1922 2653 2045 2724 ﬁdei
2075 2671 2160 2707 oc-

579 2763 700 2808 strte
719 2753 932 2806 salutem
962 2751 1254 2803 animarum
1287 2746 1338 2818 (1
1366 2746 1506 2800 Petr.
1540 2761 1574 2807 ι,
1605 2745 1659 2809 3,
1689 2743 1721 2796 4
1748 2755 1798 2797 et
1825 2746 1982 2815 seq.).

651 2843 741 2896 37.
761 2841 966 2896 Videtis
994 2847 1266 2909 pastorem
1296 2845 1536 2891 sanctum
1565 2835 1779 2898 ovibus,
1803 2848 1936 2902 quas
1959 2834 2026 2886 ab
2049 2833 2164 2902 ipso

581 2935 825 3003 Principe
854 2930 1186 2996 Dominoque
1213 2935 1486 2997 pastorum
1516 2925 1734 2978 alendus
1762 2924 1991 2993 accepit,
2015 2923 2162 2976 salu-

581 3024 696 3078 bria
741 3019 994 3092 spiritalis
1021 3017 1278 3072 doctrina:
1309 3014 1500 3084 pabula
1540 3012 1927 3084 providentem.
1963 3010 2166 3080 Nempe

581 3113 818 3170 ostendit
849 3109 974 3181 quid
1017 3108 1155 3162 Deus
1201 3106 1287 3160 hic
1317 3122 1413 3175 per
1451 3120 1698 3174 magnam
1741 3102 2162 3158 miscricordiam

2254 1945 2320 1984 eo
2350 1929 2543 1984 lenitas
2589 1930 2920 1984 iracundiam
2967 1931 3194 1998 mitiget,
3227 1940 3391 1985 ornet
3415 1931 3717 1998 benignitas
3742 1945 3800 1999 po

2254 2029 2542 2086 testatem;
2584 2023 2630 2076 si
2661 2039 2720 2078 se
2750 2024 2919 2092 magis
2948 2022 3276 2092 diligendum
3305 2040 3475 2093 quam
3506 2024 3820 2079 metuendum

2255 2111 2462 2165 cunctis
2485 2111 2739 2165 exhibeat
2766 2129 2779 2176 ;
2807 2113 2852 2167 si
2882 2111 3138 2180 subjectis
3162 2113 3460 2168 salubriter
3489 2113 3760 2179 consulat;
3783 2115 3818 2170 si

2252 2200 2515 2270 justitiam
2538 2203 2615 2257 sic
2645 2211 2848 2270 teneat,
2875 2212 2931 2257 ut
2954 2203 3382 2258 miscricordiam
3411 2221 3520 2259 non
3545 2206 3819 2274 relinquat;

2258 2291 2303 2345 si
2333 2307 2443 2363 pra:
2475 2292 2724 2346 omnibus
2751 2308 2810 2346 se
2839 2302 3037 2348 sancttc
3065 2294 3252 2350 matris
3282 2294 3544 2350 Ecclesia:
3572 2295 3817 2350 catholicr

2259 2384 2566 2438 meminerit
2611 2383 2798 2446 illium,
2854 2392 2912 2438 ut
2939 2383 3056 2453 ejus
3102 2386 3220 2454 paci
3265 2395 3441 2456 atque
3486 2386 3819 2455 tranquillitau.

2260 2488 2358 2544 per
2385 2473 2693 2528 universmn
2723 2472 2978 2527 mundmn
3007 2473 3263 2542 prodesse
3295 2473 3464 2530 faciat
3515 2491 3663 2528 suum
3699 2474 3813 2545 prin

2262 2564 2514 2633 cipatum.
2555 2562 2724 2632 Magis
2753 2563 2894 2617 enim
2924 2563 3288 2618 Christianum
3315 2566 3530 2634 regitur
3568 2580 3630 2618 ac
3654 2579 3813 2634 prepa-

2262 2663 2419 2724 gatur
2442 2653 2748 2724 imperium,
2778 2654 2904 2708 dum
2934 2655 3303 2710 ecclesiastico
3332 2655 3502 2712 statui
3528 2670 3623 2724 per
3641 2654 3810 2708 univer-

2265 2760 2378 2799 sam
2395 2753 2591 2798 terram
2621 2744 2940 2807 consulitur,
2959 2760 3118 2814 quam
3142 2761 3264 2800 cum
3287 2745 3340 2799 in
3361 2755 3518 2815 parte
3537 2755 3813 2813 quacunque

2251 2846 2529 2911 terrarum
2561 2851 2660 2907 pro
2689 2846 2722 2890 ιι
2746 2837 2974 2906 mporali
3004 2838 3296 2892 securitate
3329 2844 3600 2908 pugnatur

2339 2927 2426 2982 39.
2470 2927 2586 2981 Non
2617 2941 2747 2995 ergo
2777 2944 2873 2998 per
2898 2928 3193 2998 quamlibet
3231 2929 3416 2982 seculi
3464 2936 3558 2982 aut
3599 2924 3811 2981 Ecclesia

2267 3020 2609 3088 dignitatem,
2648 3019 2743 3074 sed
2771 3035 2868 3089 per
2894 3021 3048 3074 tidem
3077 3035 3194 3090 qua:
3221 3035 3320 3089 per
3345 3020 3684 3075 dilectionem
3707 3030 3819 3084 ope-

2269 3117 2435 3173 ratur,
2470 3109 2834 3178 unusquisque
2860 3124 2954 3163 vas
2985 3108 3037 3162 in
3090 3109 3354 3164 honorem
3397 3109 3540 3164 dono
3568 3107 3655 3161 Dei
3693 3105 3803 3159 mise

582 3222 730 3262 suam
763 3205 814 3258 in
845 3204 954 3258 suis
986 3201 1229 3256 tidelibus
1257 3207 1530 3268 operetur,
1571 3198 1775 3252 scilicet
1805 3196 2166 3263 regeneratio-
2195 3213 2239 3274 ρ
2271 3201 2440 3254 rantis
2461 3199 2712 3255 efﬁcitur.
2747 3199 2861 3254 Non
2892 3200 3036 3254 enim
3061 3199 3312 3257 Salvator
3336 3209 3524 3256 ηοειει·
3549 3199 3722 3254 beatos
3742 3209 3810 3247 το.

583 3316 704 3356 nem
728 3314 833 3352 non
855 3297 906 3350 in
923 3310 1072 3364 spem
1089 3292 1357 3348 stccularis
1373 3299 1465 3343 aut
1477 3289 1854 3344 ecclesiastica:
1870 3286 2164 3356 cujuspiam

585 3387 906 3446 transitoria:
934 3384 1226 3453 dignitatis,
1258 3381 1352 3437 sed
1384 3382 1435 3434 in
1467 3396 1616 3450 spem
1644 3380 1765 3434 vitm
1793 3388 2036 3443 ceterum;
2068 3393 2169 3433 nec

587 3481 640 3535 in
673 3477 1036 3533 htereditatem
1070 3473 1356 3543 imperialis
1387 3470 1776 3541 pontificalisve
1821 3470 2041 3530 militiae,
2073 3469 2169 3525 sed

586 3574 641 3630 in
671 3568 1040 3627 luereditatcm
1072 3563 1529 3633 ineorruptibilem
1570 3571 1625 3616 et
1674 3562 2167 3625 incontaminatam,

560 3671 645 3722 tet
687 3659 1216 3720 immarcescihilem,
1270 3670 1440 3723 neque
1494 3653 1844 3708 all'ectandam
1897 3653 1947 3706 in
1992 3652 2168 3716 terris,

587 3753 680 3810 sed
709 3759 1082 3808 conservatam
1111 3749 1162 3803 in
1211 3747 1390 3811 cadis;
1442 3761 1540 3800 nec
1570 3746 1619 3799 in
1650 3760 1745 3799 eos
1771 3744 1862 3815 qui
1903 3743 2180 3797 secularis

588 3851 682 3900 aut
711 3841 1088 3899 ecclesiastica:
1109 3838 1384 3908 dignitatis
1406 3837 1774 3906 adipiscuntur
1808 3837 2175 3904 temporaliter

589 3935 818 3999 culmen,
864 3931 1047 3990 sedin
1078 3945 1173 3985 eos
1203 3930 1292 3998 qui
1339 3929 1390 3983 in
1422 3929 1619 3982 virtute
1665 3927 1756 3980 Dei
1799 3926 2175 3982 custodiuntur

590 4043 688 4099 per
718 4025 875 4080 Iidem
907 4025 960 4078 in
988 4023 1246 4085 salutem;
1291 4035 1397 4074 non
1427 4019 1611 4087 utique
1634 4018 1744 4086 jam
1777 4015 2014 4086 perfecte
2040 4032 2175 4071 con-

591 4133 794 4176 cessam
839 4117 890 4170 in
916 4117 1019 4170 hoc
1047 4112 1261 4178 seculo,
1311 4111 1402 4167 sed
1433 4120 1672 4180 paratam
1702 4110 1926 4165 revelari
1959 4109 2011 4163 in
2043 4117 2177 4162 tem-

592 4225 724 4280 pore
751 4210 1066 4274 novissimo,
1099 4206 1162 4261 In
1189 4223 1306 4276 quo,
1341 4205 1534 4275 inquit,
1571 4203 1896 4258 exsultabitis
1926 4219 1942 4256 :
1967 4201 2177 4255 statim-

591 4316 695 4372 que
740 4301 862 4352 vita:
907 4299 1183 4368 praesentis
1226 4297 1502 4351 insinuans
1543 4295 1854 4364 qualitatem
1880 4335 1894 4358 ,
1958 4293 2174 4347 intulit:

593 4389 1033 4451 Nodicumuunc,
1065 4389 1110 4440 si
1151 4387 1268 4456 fieri
1289 4395 1472 4456 potest,
1515 4403 1605 4454 per
1635 4385 1896 4438 tristitiam
1936 4385 1989 4437 in
2023 4382 2179 4437 variis

591 4477 979 4534 tentationibus.
1010 4477 1174 4543 Cujus
1204 4491 1330 4530 vero
1375 4475 1620 4530 utilitatis
1673 4490 1836 4530 causa
1869 4476 1981 4529 lucc
2011 4473 2179 4528 ti.leli-

2272 3290 2370 3344 luit
2389 3291 2684 3361 nuncupari
2709 3290 2968 3344 habentes
2988 3291 3295 3346 szccularem
3319 3300 3416 3345 aut
3441 3283 3806 3345 ecelesiastican

2271 3382 2606 3450 dignitatem,
2655 3380 2748 3434 sed
2799 3397 3064 3451 pauperes
3112 3383 3326 3452 spiritu,
3377 3383 3552 3442 mites,
3592 3380 3816 3447 lugentes.

2272 3474 2569 3530 esurientes
2587 3474 2935 3543 sitientesque
2960 3474 3240 3543 justitiam,
3275 3473 3662 3538 misericordes,
3691 3485 3806 3523 mun-

2273 3564 2371 3618 dos
2400 3565 2580 3629 corde,
2601 3563 2886 3635 paciﬁcos,
2934 3573 2989 3618 ct
3013 3566 3105 3635 qui
3157 3566 3588 3635 persecutionem
3633 3569 3809 3631 proptet

2269 3657 2532 3724 justitiam
2569 3656 2844 3726 patiuntur
2877 3653 3090 3722 (Matth.
3121 3672 3174 3722 v,
3204 3655 3240 3710 3
3265 3666 3315 3711 et
3342 3656 3498 3727 seq.).
3544 3653 3647 3708 Nec
3674 3650 3806 3704 Abra-

2275 3748 2398 3802 ham
2427 3759 2632 3816 patrem
2665 3754 2905 3800 nastrum
2937 3747 3265 3817 temporales
3304 3747 3560 3807 honores,
3606 3742 3685 3797 vel
3709 3738 3806 3793 divi-

2277 3838 2362 3891 tia:
2390 3837 2455 3891 ad
2482 3837 2572 3891 Dei
2599 3837 2888 3891 amicitiam
2918 3838 3320 3908 perduxerunt;
3369 3839 3462 3893 sed
3495 3837 3611 3908 quia
3633 3830 3810 3888 credidi-

2281 3927 2406 3991 Dea,
2431 3937 2720 3999 rcputatum
2743 3938 2818 3981 est
2845 3929 2923 3981 illi
2950 3929 3019 3980 ad
3037 3929 3316 4000 justitiam,
3350 3938 3400 3982 et
3430 3927 3618 3981 amicus
3638 3921 3721 3976 Dei
3740 3935 3806 3986 ap

2276 4021 2496 4092 peltatas
2543 4027 2620 4073 est
2664 4021 2802 4090 (Jac.
2832 4035 2889 4088 tt,
2917 4019 3032 4089 25).
3083 4019 3192 4075 Nec
3239 4014 3532 4090 pauperem
3573 4015 3806 4072 Lazarum,

2277 4126 2516 4166 aerumna
2569 4111 2900 4181 paupertatis
2946 4119 3001 4165 et
3046 4109 3202 4164 famis
3248 4110 3524 4174 amictum,
3563 4109 3626 4162 ab
3648 4112 3807 4158 talenta

2278 4204 2463 4273 requie
2507 4203 2686 4273 inopia
2717 4211 2876 4273 atque
2907 4203 3209 4270 ignobilitas
3251 4203 3560 4274 temporalis
3586 4192 3808 4253 exclusit;

2281 4294 2381 4350 sed
2409 4296 2682 4359 virtutem,
2713 4309 2872 4364 quam
2903 4294 3159 4348 divinitus
3189 4295 3458 4348 Abraham
3483 4292 3625 4346 dives
3642 4280 3807 4350 accepit

2280 4395 2340 4441 ut
2369 4387 2420 4441 in
2450 4386 2647 4440 divitiis
2684 4402 2888 4457 pau;-er
2909 4387 3098 4456 spiritu
3127 4395 3314 4442 sancte
3359 4388 3577 4446 viveret,
3607 4377 3809 4434 eamdem

2283 4478 2493 4548 accepit
2519 4476 2751 4532 Lazarus
2775 4493 2996 4547 pauper,
3031 4487 3088 4531 ut
3113 4476 3342 4532 alTerens
3374 4476 3592 4532 fructum
3618 4483 3722 4526 cum
3743 4474 3806 4518 too

595 4573 692 4626 bus
721 4570 986 4637 accidant,
1025 4570 1412 4638 subsequenter
1462 4569 1734 4622 insinuans
1768 4586 1780 4621 :
1809 4567 1876 4622 Ut
1918 4568 2175 4638 probatio,
2211 4579 2258 4640 ι)
2285 4571 2532 4638 lerautia,
2563 4570 2853 4624 translatus
2900 4572 2966 4625 ab
2995 4572 3201 4639 angelis
3232 4572 3282 4624 in
3316 4572 3489 4625 sinum
3520 4561 3723 4620 Abrahzn
3745 4557 3808 4610 di-

569 4664 786 4734 'inquit,
818 4673 997 4718 vestra:
1023 4663 1145 4732 ﬁdei
1167 4662 1323 4715 multa
1353 4663 1630 4730 pretiosior
1665 4665 1735 4715 sit
1758 4679 1885 4716 auro
1924 4662 2059 4734 quod
2089 4678 2179 4730 per

595 4757 763 4826 ignem
792 4753 1057 4824 probatur,
1107 4761 1154 4806 et
1201 4755 1490 4806 inveniatur
1517 4753 1569 4806 in
1599 4753 1821 4816 laudent,
1859 4761 1905 4806 et
1935 4752 2174 4822 gloriam,

571 4825 642 4898 oet
673 4845 933 4898 honorent.
967 4843 1192 4910 Quando
1221 4859 1348 4898 vero
1379 4845 1450 4898 sit
1479 4844 1634 4913 hujus
1663 4844 1884 4898 honoris
1907 4852 1962 4896 et
1996 4843 2178 4909 gloria:

595 4935 857 5005 speranda
886 4934 1040 5005 £77
1072 4935 1307 4997 collatio,
1355 4949 1481 4989 mox
1511 4935 1702 5004 aperit,
1755 4932 1816 4986 In
1847 4933 2176 4994 reuelatione,

597 5025 864 5096 inquiens,
893 5024 1014 5078 .Iesu
1045 5022 1254 5080 Christi.
1285 5024 1438 5090 Quod
1467 5025 1629 5078 etiam
1662 5023 1768 5077 Vas
1791 5023 2070 5077 electionis
2100 5023 2180 5075 in-

597 5119 819 5173 sinuans
841 5118 968 5173 dicit
989 5135 1002 5171 :
1025 5115 1078 5169 Μ
1083 5117 1217 5170 ortui
1241 5117 1379 5170 enim
1401 5117 1541 5174 estis,
1574 5125 1622 5168 et
1649 5117 1750 5169 vita
1774 5125 1940 5168 vestra
1962 5114 2182 5168 abscon-

599 5213 705 5265 dita
736 5221 812 5264 est
839 5226 953 5263 cum
987 5207 1195 5263 Christo
1223 5209 1274 5262 in
1303 5207 1427 5260 Deo.
1461 5205 1585 5259 Cum
1615 5207 1750 5259 enim
1772 5203 2004 5259 Christus
2025 5222 2184 5275 appa-

600 5301 760 5354 ruerit
788 5301 890 5353 vita
914 5307 1100 5363 uestra,
1153 5307 1274 5351 tunc
1316 5305 1363 5350 et
1395 5313 1478 5350 vos
1505 5295 1818 5366 apparebitis
1846 5312 1958 5349 cum
1987 5297 2099 5365 ipso
2128 5297 2180 5349 in

600 5389 766 5461 gloria
787 5388 1008 5461 (Caloss.
1039 5407 1113 5454 ut,
1142 5389 1198 5458 3,
1231 5388 1307 5457 ι).

670 5477 798 5532 CAP.
834 5494 962 5532 χχιι.
996 5511 1064 5520 -
1092 5479 1180 5533 38.
1213 5479 1485 5544 Quantum
1507 5492 1636 5544 ergo
1667 5479 1902 5545 pertinet
1929 5478 1995 5530 ad
2027 5477 2183 5544 hujus

601 5569 862 5639 temporis
892 5570 1074 5633 vitam,
1103 5578 1318 5625 constat
1346 5570 1470 5640 quia
1498 5570 1549 5623 in
1581 5567 1824 5624 Ecclesia
1855 5584 2014 5622 nemo
2045 5585 2181 5638 pon-

603 5659 745 5717 tiliae
773 5659 970 5730 potior,
1021 5669 1076 5714 et
1102 5662 1153 5715 ia
1185 5660 1384 5714 sarculo
1415 5675 1574 5714 nemo
1610 5657 1920 5712 Christiano
1953 5660 2183 5728 impera-

603 5757 720 5805 t0rc
743 5752 939 5807 celsior
961 5751 1249 5808 invenitur.
1292 5749 1398 5806 Sed
1428 5767 1532 5805 non
1567 5750 1687 5806 ideo
1716 5751 1942 5822 quilibet
1971 5753 2181 5823 cpisco-

586 5860 701 5918 pus
716 5860 808 5900 vas
833 5845 1215 5901 misericordizr
1238 5853 1455 5916 putetur
1476 5844 1528 5897 in
1549 5845 1775 5914 gloriam
1801 5853 2178 5914 praeparatum,

2287 4666 2407 4720 vitis
2455 4665 2758 4735 perveniret
2790 4663 2939 4736 (Luc.
2971 4681 3075 4729 svi,
3106 4663 3218 4735 2‘2).
3277 4664 3391 4721 Hoc
3431 4672 3600 4718 autem
3626 4657 3727 4712 ideo
3749 4647 3806 4703 fa-

2284 4762 2427 4809 ctum
2457 4764 2560 4820 est,
2590 4754 2712 4822 quia
2731 4753 3022 4808 secundum
3046 4755 3298 4809 sreculum
3328 4756 3431 4809 alia
3459 4752 3604 4822 copia
3626 4743 3808 4801 Abrahae

2285 4844 2484 4910 divitis,
2511 4846 2612 4901 alia
2651 4845 2834 4900 Lazari
2863 4847 3115 4916 pauperis
3145 4847 3420 4902 videbatur
3451 4843 3615 4914 inopia
3642 4856 3653 4890 :
3680 4842 3803 4891 αιτιθ·

2286 4953 2403 4991 rum
2433 4938 2727 4992 secundum
2757 4937 2950 5005 Deum,
2979 4946 3034 4992 et
3065 4947 3437 5008 paupertatem
3466 4943 3684 4991 sanctam
3709 4935 3804 4978 cum

2289 5029 2489 5084 Lazaro
2518 5044 2857 5084 communem
2883 5030 3151 5083 Abraham
3175 5029 3322 5084 dives
3351 5028 3545 5090 habuit,
3567 5031 3616 5078 et
3632 5014 3804 5097 divitias

2287 5129 2502 5174 sanctus
2533 5120 2688 5190 (forte
2727 5119 2960 5189 sanctas)
3011 5135 3131 5172 cum
3164 5120 3432 5174 Abraham
3476 5117 3684 5169 Lazarus
3707 5114 3803 5172 Ρ³¹¹⁴

2288 5227 2385 5281 per
2414 5209 2640 5264 indivisa
2668 5211 3046 5265 communione
3077 5209 3334 5279 possedit.
3371 5209 3501 5263 Deus
3524 5201 3667 5273 578
3689 5190 3801 5247 enim

2287 5319 2535 5373 pauperes
2559 5301 2710 5372 elegit
2736 5303 2790 5354 in
2817 5301 2912 5354 hoc
2938 5301 3128 5354 mundo
3147 5341 3161 5365 ,
3191 5301 3372 5354 divites
3409 5303 3459 5354 in
3483 5295 3596 5366 ﬁde.
3617 5284 3800 5373 et

2289 5369 2400 5444 vdes-
2425 5393 2568 5462 regni
2613 5369 2749 5464 quod
2795 5393 3028 5460 promisit
3062 5390 3395 5462 diligentibus
3421 5406 3474 5443 se
3511 5381 3634 5456 (lar.
3665 5391 3709 5437 It,
3735 5369 3794 5428 5i-

2286 5481 2402 5550 lpsa
2433 5480 2534 5536 title
2561 5483 2756 5536 divites
2802 5482 2935 5534 liunt
2973 5496 3162 5534 omnes
3190 5482 3280 5550 qui
3315 5483 3537 5536 scientes
3560 5468 3668 5540 qui:|
3692 5471 3797 5532 ΡΨ

2288 5574 2404 5626 terit
2426 5573 2780 5644 ﬁgurahujus
2809 5573 2985 5626 mundi
3017 5571 3070 5639 (Ι
3099 5570 3220 5626 Cor.
3253 5588 3343 5638 vn,
3367 5572 3475 5640 3!),
3503 5557 3675 5620 mortui
3695 5561 3797 5647 Pef‘

2284 5637 2435 5732 cato,
2461 5637 2706 5719 viventes
2730 5673 2909 5719 autem
2941 5637 3053 5719 Deo
3086 5663 3262 5734 (Rom.
3295 5637 3368 5730 vi,
3395 5637 3506 5732 il),
3551 5667 3642 5711 non
3667 5637 3794 5734 indi-

2286 5730 2489 5824 gnitate
2522 5755 2824 5824 temporali,
2869 5755 2965 5809 sed
3017 5756 3068 5810 in
3095 5730 3269 5810 cruce
3299 5730 3500 5810 Domini
3530 5738 3673 5801 nostri
3697 5730 3794 5786 les"

2287 5847 2482 5900 Christi
2517 5844 2654 5910 (lini.
2693 5863 2758 5908 vi,
2798 5845 2881 5914 l4)
2908 5862 3028 5901 cum
3063 5848 3320 5916 Apostolo
3335 5845 3621 5916 gloriantur.
3649 5827 3783 5880 Siccu-
