4046 6500
147 381 287 437 649

1113 386 1201 443 DE
1231 387 1579 448 VERITATE
1601 388 2279 457 PREDESTINATIONIS
2314 403 2441 461 LIB.
2471 403 2538 462 ll.

3371 423 3478 481 650

150 505 360 560 larem
429 504 631 577 quippe
698 506 814 565 sive
884 508 1307 568 ecclesiasticam
1371 523 1395 550 ι
1460 514 1775 587 dignitatem
1810 514 2034 583 Apere,
2084 531 2185 573 nec
2220 535 2390 578 novos
2415 525 2718 594 perniciose
2761 528 2904 586 intra
2952 534 3095 591 ovile
3142 537 3475 603 dominicum

152 606 420 669 possunt
465 606 522 653 et
569 614 696 654 vasa
738 600 1139 670 misericordize,
1169 599 1242 660 et
1277 621 1402 661 vasa
1431 609 1779 664 contumelia:

154 689 565 759 temporaliter
590 689 847 761 adipisci,
877 693 1004 764 quia
1033 695 1136 751 ista
1162 696 1323 753 bonis
1363 707 1488 755 sunt
1515 700 1781 769 malisque

154 773 536 847 communia;
576 782 630 838 in
654 798 815 839 cruce
837 792 1019 841 autem
1050 786 1261 843 Domini
1289 788 1419 846 Jesu
1449 790 1651 847 Christi
1681 808 1779 848 ve-

154 873 388 929 raciter
415 873 655 941 gloriari,
685 876 960 947 proprium
990 887 1072 934 est
1093 896 1344 937 vasorum
1368 884 1777 951 misericordiae,

154 979 304 1034 qua:
333 967 655 1035 prmparavit
682 965 825 1022 Deus
849 968 902 1023 in
930 970 1177 1040 gloriam,
1208 987 1328 1043 qua:
1356 981 1412 1029 et
1434 977 1648 1032 vocavit
1671 967 1788 1033 non.

155 1058 360 1111 solum
387 1072 457 1112 ex
481 1048 701 1127 Judteis,
751 1060 846 1116 sed
870 1063 1035 1118 etiam
1068 1072 1135 1120 ex
1185 1068 1435 1136 gentibus
1464 1068 1645 1139 (Rom.
1702 1086 1776 1137 ιιι,

157 1146 243 1201 25
271 1188 289 1210 .
341 1146 455 1218 24).
525 1146 629 1202 Ista
688 1164 815 1205 vasa
861 1154 1129 1210 veraciter
1181 1154 1382 1213 Christi
1423 1174 1544 1214 esse
1588 1160 1782 1217 beatus

165 1233 390 1295 Paulus
417 1240 647 1307 intimat,
675 1240 860 1298 dicens
886 1263 898 1298 :
933 1243 1035 1310 Qui
1063 1256 1234 1302 autem
1262 1259 1383 1304 sunt
1412 1250 1625 1316 Christi,
1663 1270 1781 1308 car-

162 1346 299 1385 nem
348 1348 499 1386 suam
533 1334 904 1404 cruci/icerant
945 1353 1059 1391 cum
1093 1339 1231 1394 vitiis
1267 1350 1316 1394 ct
1352 1345 1779 1414 concupiscentiis

161 1420 391 1494 (Galat.
421 1435 478 1489 ‘v,
509 1424 622 1498 24).

251 1536 351 1592 40.
395 1539 649 1609 Quisquis
677 1541 783 1599 hoc
831 1544 1014 1599 divina
1056 1546 1389 1605 illuminatus
1431 1551 1781 1610 miseratione

162 1629 518 1698 considerat,
542 1632 848 1707 nullatenus
869 1635 1088 1692 audebit
1107 1639 1380 1707 quoslibet
1402 1641 1591 1710 laicos,
1609 1660 1782 1715 quan-

163 1726 458 1790 tacunque
505 1723 748 1779 saeculari
794 1726 1048 1796 praeditos
1094 1728 1372 1799 dignitate,
1424 1734 1610 1789 mundi
1643 1752 1778 1792 con-

165 1818 547 1886 temptoribus
586 1821 797 1878 clericis
826 1837 890 1879 ac
934 1826 1216 1882 monachis
1255 1837 1442 1885 sancte
1473 1824 1778 1888 viventibus

1884 605 2128 675 latitare;
2152 612 2294 682 quis,
2312 614 2549 687 inquam,
2577 619 2710 678 istos
2730 633 2890 694 neget
2917 642 3042 684 vasa
3070 629 3472 707 niiserieordim,

1884 713 2004 799 quae
2032 701 2175 758 Deus
2218 711 2541 778 praeparavit
2584 713 2637 768 in
2667 714 2943 784 gloriam?
2990 718 3096 776 Sed
3134 726 3257 793 quis
3305 701 3476 799 usque

1885 792 2022 851 adeo
2051 795 2215 870 479
2244 799 2437 857 divinae
2466 803 2587 860 ﬁdei
2611 814 2667 861 et
2694 810 2935 868 caritatis
2964 792 3229 884 inimicus,
3262 830 3322 874 ut
3342 792 3477 878 Pau-

1884 883 1993 940 lum
2013 927 2029 953 ,
2071 887 2394 959 Antonium,
2423 891 2720 968 Joannem,
2754 899 3117 973 Hilarionem,
3149 907 3470 980 Macarium,

1882 980 2125 1054 aliosque
2153 983 2343 1044 similis
2370 988 2581 1059 vitterac
2607 995 2909 1054 sanctitatis
2931 1000 3249 1068 monachos,
3275 1003 3328 1060 in
3351 1005 3470 1075 qui-

1882 1074 1982 1132 bus
2027 1084 2083 1132 et
2108 1085 2270 1134 recta:
2320 1078 2445 1136 ﬁdei
2472 1083 2674 1141 veritas
2722 1096 2780 1142 et
2808 1076 3016 1145 saneta:
3045 1095 3507 1154 conversationis.

1883 1164 2093 1222 refulsit
2122 1168 2423 1240 integritas,
2453 1189 2582 1230 vasa
2623 1165 2965 1235 contumelia:
3003 1197 3111 1238 non
3139 1193 3348 1241 metuat
3373 1203 3474 1259 ap-

1881 1259 2132 1329 pellare?
2180 1262 2333 1318 Absit
2383 1266 2450 1319 ab
2500 1268 2750 1327 omnibus
2796 1269 3115 1331 Christianis
3161 1286 3217 1332 ut
3248 1279 3375 1335 talia
3405 1281 3475 1337 de

1881 1349 2041 1407 bonis
2068 1354 2239 1411 servis
2269 1354 2363 1410 Dei
2393 1357 2633 1415 credant.

1952 1465 2082 1520 Car.
2113 1483 2263 1524 mn.
2296 1502 2367 1511 —
2394 1469 2486 1528 45.
2511 1471 2795 1547 Quotquot
2839 1477 3027 1547 spiritu
3078 1480 3174 1536 Dei
3218 1492 3471 1551 aguntur,

1881 1557 1999 1613 haec
2028 1558 2243 1629 indigna
2276 1560 2302 1599 δ
2337 1578 2442 1619 ιιοιι
2478 1565 2654 1620 solum
2694 1567 2762 1622 de
2797 1573 3078 1628 monachis
3117 1576 3206 1646 qui
3260 1578 3472 1649 scipsos

1881 1657 2256 1707 castraverunt
2281 1664 2506 1725 propter
2549 1671 2772 1726 regnum
2818 1662 3097 1730 cmlorum,
3140 1667 3234 1722 sed
3281 1685 3380 1724 nec
3405 1670 3475 1727 de

1881 1741 2036 1798 laicis
2064 1744 2366 1827 coniugatis
2394 1759 2545 1805 recte
2573 1750 2922 1810 credentibus
2955 1766 3211 1828 recteque
3239 1761 3473 1819 viventi-

1882 1833 1983 1890 bus
2034 1838 2395 1908 suspicantur.
2436 1841 2690 1899 Diversus
2730 1853 2814 1899 est
2855 1846 3071 1916 quidem
3110 1852 3329 1907 seminis
3360 1855 3473 1910 fru-

2045 1891 2053 1892 ,
2130 1891 2148 1908 ,
2198 1891 2228 1894 ,ν
2437 1891 2689 1899 __._-__-
2733 1891 2813 1899 ν--
2857 1891 3071 1916 ,ιω-ν...
3110 1891 3329 1907 ............,
3360 1891 3472 1910 ...ι-

165 1923 520 1981 prmponere,
546 1921 607 1967 ut
628 1913 748 1969 illos
778 1931 903 1971 vasa
945 1920 1290 1975 contumelia:
1319 1923 1570 1993 appellet,
1598 1940 1629 1979 a
1653 1925 1776 1996 qui-
1809 1891 1857 1953 Β
1884 1937 2023 1996 ctus,
2055 1933 2223 2001 quod,
2253 1934 2487 1991 hominis
2516 1936 2625 1993 ﬁlio
2653 1941 2975 2010 seminante,
3022 1952 3162 2000 terra
3208 1948 3347 2003 bona
3391 1950 3472 2007 fe-

166 2001 279 2059 bus
309 2003 507 2060 divina:
531 2007 716 2075 gratia:
745 2009 887 2065 dono
916 2011 1175 2067 mundum
1199 2012 1374 2083 ipsum
1404 2026 1776 2089 contemptum

168 2095 329 2150 videt
379 2105 543 2167 atque
572 2098 838 2156 calcatum
860 2141 875 2165 ,
929 2112 987 2158 et
1016 2103 1138 2159 illos
1166 2114 1266 2175 pro
1295 2109 1584 2178 temporali
1615 2119 1777 2181 pote-

170 2196 324 2245 state
353 2199 508 2262 putet
534 2206 655 2248 esse
680 2208 809 2248 vasa
838 2194 1242 2264 misericordiae,
1270 2213 1409 2270 quos
1433 2200 1776 2259 manifestum

172 2296 261 2344 est
292 2289 349 2344 in
377 2290 613 2348 culmine
641 2293 823 2349 sa:culi
852 2291 1195 2362 constitutos,
1247 2300 1300 2355 id
1348 2310 1433 2358 est
1458 2304 1643 2361 mundi
1672 2306 1775 2362 hu-

173 2380 266 2452 ius
295 2383 581 2453 religiosos
609 2386 898 2458 principes,
952 2390 1137 2446 mundi
1171 2396 1639 2465 contemptoribus
1667 2414 1777 2455 non

176 2474 364 2532 solum
411 2478 700 2549 episcopis,
753 2480 849 2536 sed
892 2482 1058 2538 etiam
1105 2485 1404 2551 monachis,
1456 2487 1778 2547 Christiana:

177 2566 462 2636 religionis
486 2571 736 2637 obtentu,
784 2571 997 2643 seipsos
1040 2575 1311 2633 veraciter
1338 2586 1501 2649 atque
1530 2581 1778 2640 laudabi-

178 2657 311 2713 liter
338 2659 658 2717 subdidisse.
1666 2688 1677 2697 “

255 2769 347 2825 41.
381 2769 597 2841 Ergone
623 2774 911 2847 quisquam
948 2776 1290 2837 Christianus
1335 2791 1518 2854 potest
1561 2786 1635 2840 ita
1686 2803 1781 2843 vas

185 2862 576 2919 misericordia:
614 2865 796 2923 dicere
837 2868 1224 2939 imperatorem
1251 2868 1686 2942 Constantinum,
1722 2889 1783 2936 ut

186 2972 318 3013 vasa
365 2959 711 3015 contumelia:
760 2960 1055 3017 Antonium
1104 2964 1342 3036 appellet
1399 2975 1455 3023 et
1503 2966 1779 3047 Paulum?

189 3050 383 3107 Nonne
408 3052 452 3107 si
480 3051 595 3124 ipse
620 3053 798 3110 beata:
823 3057 1099 3112 memoria:
1147 3058 1421 3129 Augustus
1465 3062 1781 3121 Constanti-

188 3161 291 3201 nus
315 3145 562 3225 humanis
587 3147 752 3203 rebus
781 3149 1043 3207 hactenus
1072 3152 1383 3222 interesset,
1419 3163 1530 3211 tam
1561 3158 1781 3214 noxiam

190 3238 273 3294 sui
315 3239 551 3296 nominis
578 3239 790 3297 laudem
822 3242 965 3299 inter
1000 3247 1270 3307 maximas
1298 3250 1655 3308 contumelias
1683 3252 1781 3310 de-
1802 3273 1855 3340 ο

191 3334 448 3402 putaret?
487 3332 595 3388 Aut
632 3334 855 3407 beatum
889 3336 1275 3408 imperatorem
1306 3341 1673 3400 Theodosium
1700 3346 1780 3403 sic

193 3434 371 3497 potest
390 3427 671 3499 quisquam
699 3445 797 3485 vas
818 3431 1197 3488 misericordia:
1219 3434 1399 3491 dicere
1422 3449 1780 3508 praeparatum

194 3515 247 3571 in
271 3517 514 3586 gloriam,
546 3525 606 3572 ut
628 3517 892 3575 Joannem
923 3521 1217 3579 Thebzeum
1239 3528 1564 3583 monachum
1585 3545 1617 3584 a
1640 3531 1783 3586 vasis

194 3607 573 3662 misericordia:
598 3618 866 3680 segreget,
897 3620 950 3667 et
972 3629 1070 3668 vas
1092 3615 1145 3669 in
1176 3619 1555 3674 contumeliam
1581 3604 1803 3677 factum

196 3715 479 3771 perversus
507 3700 736 3759 afﬁrmet
763 3721 777 3757 :
812 3721 934 3760 cum
965 3707 1078 3778 ipse
1100 3709 1518 3777 gloriosissimus
1539 3713 1785 3772 Theodo-

196 3791 304 3846 sius
329 3791 640 3862 imperator,
670 3795 755 3851 cui
786 3796 928 3852 Deus
957 3797 1079 3853 ﬁdei
1103 3801 1321 3870 merito,
1349 3818 1511 3872 quam
1539 3804 1657 3875 ipse
1682 3807 1783 3863 do-

197 3893 431 3950 naverat,
483 3886 646 3941 etiam
697 3888 987 3945 indomitas
1026 3892 1265 3948 subdidit
1311 3904 1522 3964 gentes,
1574 3905 1782 3956 tantam

199 3973 400 4030 dicatur
428 3985 730 4034 memorato
752 3978 869 4035 viro
890 3980 984 4037 Dei
1007 3982 1476 4041 honoriﬁcentiam
1500 3987 1778 4056 detulisse,

201 4072 255 4119 ut
280 4065 582 4123 nullatenus
611 4068 824 4124 illarum
866 4083 1220 4141 prmsumeret
1264 4077 1445 4132 subire
1474 4078 1777 4147 conﬂictus,

200 4158 497 4228 priusquam
534 4159 722 4217 fuisset
748 4164 1068 4234 prophetica
1099 4165 1242 4222 illius
1290 4171 1644 4240 responsione
1689 4173 1781 4229 ﬁr-

200 4249 400 4303 matus“!
426 4248 638 4318 Ergone
661 4260 870 4308 tantum
888 4254 1060 4310 virum
1087 4256 1519 4326 religiosissimus
1547 4262 1784 4333 impera-

202 4347 282 4395 tor
303 4355 395 4395 vas
423 4343 763 4399 contumelia:
785 4343 949 4401 fuisse
972 4345 1247 4415 credebat,
1279 4349 1331 4405 in
1361 4366 1470 4420 quo
1500 4353 1578 4408 sic
1607 4354 1778 4411 Deum
1802 4348 1803 4351 “

202 4430 567 4501 humiliterque
589 4434 914 4501 consulei‘et,
948 4445 1003 4492 et
1029 4453 1126 4508 per
1147 4455 1307 4510 quem
1330 4443 1431 4499 sibi
1454 4443 1624 4501 Deum
1648 4463 1777 4504 vera

201 4522 603 4592 respondentem
645 4524 764 4595 ipso
804 4542 986 4582 rerum
1022 4529 1216 4586 effectu
1267 4541 1503 4592 testante
1528 4541 1779 4609 protinus

203 4606 497 4679 agnovisset
516 4614 538 4666 ’ἐ

1882 2024 2059 2081 eundo
2086 2026 2206 2082 sinu
2232 2029 2456 2099 suscipit
2485 2032 2856 2100 nutriendum;
2885 2052 2987 2092 nec
3010 2046 3189 2094 tamen
3216 2051 3478 2100 centenus

1881 2114 2052 2185 solus,
2100 2117 2195 2173 sed
2224 2127 2281 2174 et
2306 2135 2627 2190 sexagenus,
2657 2133 2715 2178 et
2742 2126 2998 2195 tricenus,
3030 2140 3087 2184 ut
3119 2131 3171 2185 in
3217 2133 3472 2192 horreum

1882 2218 2260 2279 congregetur,
2288 2210 2400 2268 Deo
2423 2228 2564 2270 nunc
2584 2214 2808 2273 interius
2828 2217 3219 2277 incrementum
3242 2223 3475 2295 largien-

1880 2305 1938 2354 te
1966 2301 2221 2359 nutritur.
2254 2302 2395 2360 Dicit
2413 2306 2557 2361 enim
2578 2306 2721 2363 Deus
2744 2325 2839 2381 per
2863 2312 3201 2382 prophetam,
3226 2314 3476 2373 daturum

1882 2409 1943 2451 se
1991 2395 2338 2467 spadonibus,
2391 2398 2444 2455 id
2475 2408 2559 2457 est
2594 2402 2908 2471 virginibus,
2949 2406 3003 2461 in
3042 2407 3263 2465 civitate
3289 2426 3386 2465 sua
3415 2419 3473 2467 et

1884 2486 1939 2542 in
1959 2503 2116 2545 muro
2143 2505 2244 2545 suo
2272 2490 2556 2560 honorem,
2589 2503 2645 2550 et
2673 2494 2848 2552 locum
2870 2498 3146 2556 meliorem
3168 2515 3330 2571 quam
3355 2500 3476 2558 ﬁliis

1884 2584 1942 2632 et
1970 2577 2181 2636 ﬁliabus
2212 2579 2369 2652 (Isai.
2397 2599 2506 2652 va,
2536 2581 2613 2654 5).
2645 2584 2751 2657 Sed
2782 2595 2838 2642 et
2866 2589 2981 2660 ipse
3006 2590 3059 2646 in
3087 2606 3187 2647 suo
3214 2592 3476 2665 Apostoio

1884 2669 2135 2740 loquens,
2165 2675 2428 2730 honorem
2458 2690 2753 2745 congruum
2784 2683 3133 2740 continentia:
3160 2686 3379 2756 viduali,
3420 2700 3477 2746 et

1885 2762 2154 2833 conjugali
2180 2765 2469 2836 pudicitiae,
2492 2768 2748 2825 bonitatis
2775 2787 2885 2828 sua:
2914 2774 3160 2845 largitate
3184 2783 3477 2850 concessit,

1886 2854 2099 2911 dicente
2127 2856 2333 2914 Paulo:
2390 2858 2586 2915 Viduas
2625 2861 2841 2930 honera,
2873 2883 2988 2937 qua:
3022 2884 3139 2922 vere
3162 2871 3331 2927 vidua:
3357 2883 3480 2930 sunt

1889 2947 1944 3020 (I
1976 2947 2109 3005 Tim.
2138 2966 2193 3017 ν,
2225 2951 2304 3021 ιιι)
2330 2968 2345 3018 ;
2376 2959 2432 3007 et
2458 2968 2642 3009 rursus
2669 2972 2682 3008 :
2723 2954 3046 3013 Houorabile
3070 2961 3383 3017 ronnubium
3420 2965 3479 3020 in

1887 3039 2143 3109 omnibus,
2175 3051 2227 3096 et
2260 3051 2402 3098 torus
2432 3044 2792 3102 immaculatum
2828 3049 3025 3119 (llebr.
3053 3068 3176 3119 ιιιιι,
3206 3053 3292 3126 4).
3326 3055 3479 3114 Itane

1887 3131 2199 3203 Apostolus,
2235 3134 2327 3205 qui
2356 3135 2409 3190 in
2446 3150 2637 3207 magna
2662 3139 2826 3196 domo
2855 3142 2959 3196 alia
3005 3142 3137 3199 dicit
3182 3161 3301 3203 esse
3349 3164 3478 3205 vasa

1888 3223 1943 3278 in
1982 3224 2280 3294 honorem,
2335 3227 2440 3282 alia
2469 3227 2522 3282 in
2552 3232 2957 3298 contumeliam,
3002 3234 3252 3290 honorari
3285 3237 3474 3295 viduas

1888 3317 2316 3391 conjugatosque
2350 3323 2687 3393 pneciperet,
2747 3324 2792 3379 si
2848 3341 2944 3382 eos
2982 3327 3125 3384 inter
3172 3345 3298 3387 vasa
3347 3346 3483 3389 eon-

1891 3411 2125 3467 tumelia:
2180 3411 2510 3483 deputaret?
2567 3415 2711 3472 Vasa
2760 3418 2974 3489 quidem
3023 3437 3143 3479 esse
3197 3425 3249 3479 in
3300 3426 3481 3483 hono-

1887 3517 2003 3557 rem
2051 3518 2240 3559 omnes
2275 3505 2369 3575 qui
2413 3506 2614 3578 spretis
2661 3508 3006 3568 facultatibus
3048 3515 3101 3569 in
3149 3515 3254 3572 ﬁde
3292 3527 3348 3573 et
3381 3535 3478 3576 ca-

1886 3595 2049 3651 ritate
2090 3597 2404 3654 deserviunt
2430 3642 2445 3667 ,
2512 3601 2692 3656 nullus
2734 3602 2900 3659 audet
2946 3620 3144 3675 negare
3198 3607 3479 3669 ﬁdelium:
3525 3666 3528 3671 ,

1887 3685 1981 3741 sed
2044 3687 2167 3755 quis
2226 3702 2353 3743 vasa
2423 3692 2764 3746 contumelia:
2830 3693 3013 3750 dicere
3088 3698 3307 3754 audebit
3357 3702 3481 3759 illos

1886 3781 2083 3849 quibus
2137 3782 2203 3838 ad
2264 3784 2544 3840 dexteram
2607 3788 2913 3843 constitutis
2966 3790 3036 3845 ob
3094 3791 3199 3848 hoc
3251 3790 3519 3853 daturus

1886 3883 1971 3929 est
2017 3887 2243 3943 regnum
2292 3876 2552 3933 Dominus
2596 3889 2641 3944 τ’,
2672 3880 2799 3949 quia
2847 3895 2969 3934 eum
3002 3882 3054 3937 in
3084 3885 3194 3940 suis
3237 3887 3477 3943 minimis

1885 3965 2213 4023 esurientem
2261 3968 2644 4041 sitientemque
2689 3981 2952 4044 paverunt
2979 4017 2994 4041 ,
3037 3976 3333 4032 vestierunt
3380 3994 3479 4034 nu-

1884 4068 2010 4124 dum
2030 4112 2046 4137 ,
2084 4078 2439 4141 susceperunt
2467 4071 2701 4142 hospitio
2730 4074 3093 4143 peregrinum,
3124 4077 3480 4135 visitavcrunt

1884 4158 2155 4216 inﬁmum
2205 4168 2262 4216 et
2307 4161 2361 4216 in
2410 4177 2629 4218 carcere
2674 4165 3024 4219 constitutum
3073 4165 3289 4238 (Matth.
3346 4185 3477 4235 xxv,

1885 4250 2022 4324 35)?
2059 4251 2191 4321 Quis
2237 4254 2369 4311 istos
2397 4270 2587 4310 omnes
2635 4256 2832 4312 audeat
2871 4257 3052 4314 dicere
3096 4276 3221 4315 vasa
3253 4260 3392 4317 facta
3423 4264 3479 4320 in

1884 4345 2288 4413 contumeliam,
2318 4363 2456 4419 quos
2484 4349 2599 4419 ipse
2621 4348 2811 4418 figulus
2834 4350 3004 4406 ituros
3038 4352 3279 4434 invitam
3305 4361 3475 4412 testa-

1884 4446 1974 4493 tur
1999 4441 2302 4496 :eternam?

1954 4555 2044 4611 44.
2087 4556 2166 4612 An
2193 4556 2332 4615 forte
2354 4559 2443 4614 isti
2472 4560 2768 4643 monachos
2796 4570 2851 4616 et
2880 4562 3046 4619 laicos
3073 4563 3267 4620 devote
3291 4565 3476 4621 Domi-

1804 4662 1863 4727 ι)
1889 4667 1958 4708 no
1991 4653 2048 4708 in
2074 4653 2185 4707 suis
2211 4652 2465 4722 gradibus
2504 4669 2567 4709 ac
2609 4654 3034 4724 professionibus
3074 4659 3373 4714 servientes
3418 4660 3473 4715 in

264 4716 345 4771 42.
376 4716 505 4785 Quis
533 4734 664 4776 vero
685 4710 844 4791 neget
871 4725 1061 4781 beatos
1082 4730 1367 4801 episcopos
1396 4734 1773 4799 Innocentium
1804 4710 1859 4727 υ
1880 4743 1984 4798 hoc
2034 4750 2242 4798 tantum
2289 4743 2488 4799 saeculo
2535 4758 2662 4799 vasa
2716 4758 2837 4801 esse
2882 4748 3222 4803 contumeliae
3266 4749 3472 4814 dicunt,

204 4812 507 4881 Romanum,
552 4815 901 4874 Athanasium
933 4820 1381 4895 Alexandrinum,
1422 4827 1772 4893 Eustachium

204 4904 609 4973 Antiochenum,
653 4906 972 4978 Gregorium
1022 4912 1454 4986 Nazianzenum,
1514 4922 1771 4982 Basiliam

203 4993 586 5065 Ctesariensem,
615 4999 956 5059 Ambrosium
986 5004 1473 5081 Mediolanensem,
1506 5014 1771 5075 Hilarium

204 5083 592 5156 Pictaviensem,
639 5090 1302 5168 Constantinopolitanum
1330 5101 1619 5176 Joannem,
1652 5110 1766 5168 Au-

201 5176 371 5233 relium
399 5179 900 5253 Carthaginensem,
927 5188 1286 5260 Augustinum
1334 5194 1763 5273 Hipponiensem,

203 5278 513 5341 ceterosque
540 5275 841 5344 pontiﬁces,
872 5280 965 5349 qui
993 5278 1265 5342 Ecclesias
1291 5286 1386 5345 Dei
1414 5290 1767 5361 vigilantissi-

204 5375 280 5418 me
303 5362 678 5431 gubernantes,
710 5377 805 5422 aut
832 5374 1178 5431 nascentibus
1209 5386 1303 5434 aut
1340 5379 1456 5451 jam
1488 5385 1629 5441 natis
1657 5389 1772 5444 ba:-

204 5454 361 5511 reticis
390 5456 668 5514 habitante
690 5457 749 5515 in
778 5474 838 5517 se
868 5472 1059 5522 sancto
1079 5465 1283 5541 Spiritu
1303 5477 1644 5550 restiterunt,
1670 5498 1770 5542 nec

204 5552 393 5604 veteres
418 5547 574 5619 lupos
610 5552 978 5613 ecclesiastico
1024 5562 1175 5632 gregi
1216 5568 1596 5636 permittentes
1625 5547 1755 5634 irro-

240 5789 406 5881 Hills.
448 5808 607 5861 unus,
657 5795 975 5855 Seaularem
1013 5805 1201 5881 quippe
1247 5811 1374 5880 sibi,
1423 5821 1472 5866 et
1511 5815 1756 5873 ecclesia-

208 5870 398 5991 wing}:
423 5951 552 5992 mss.
579 5938 705 5994 duo.
730 5938 890 6011 Edd.,
921 5943 1030 5999 luet
1054 5948 1288 6050 indigne,

462 6030 737 6092 Ρλτεοι..
782 6032 887 6096 LX
903 6034 973 6099 ν.

1879 4836 2007 4906 quia
2051 4850 2147 4891 eos
2199 4834 2342 4890 aflici
2384 4836 2725 4891 contumeliis
2774 4838 3313 4910 tribulationibusque
3342 4857 3469 4913 per-

1877 4929 2155 4999 spiciunt?
2207 4927 2314 4984 Sed
2356 4928 2481 4982 talia
2528 4931 2823 4986 sentientes
2851 4931 2941 4986 illa
2983 4933 3166 4987 statim
3208 4942 3469 5003 sequetur

1877 5021 2203 5088 absurditas,
2231 5030 2290 5076 ut
2317 5020 2465 5093 ipsos
2486 5021 2736 5094 primitus
2754 5024 2942 5082 beatos
2967 5026 3263 5096 apostolos,
3294 5027 3476 5096 gregis

1876 5117 2085 5174 scilicet
2106 5116 2363 5173 dominici
2405 5116 2823 5186 gloriosissimos
2862 5120 3087 5185 arietes,
3121 5117 3470 5187 vigilantissi-

1878 5224 2105 5281 mosque
2132 5217 2402 5280 pastores,
2433 5224 2559 5266 vasa
2586 5211 2928 5267 contumeliae
2961 5209 3237 5281 appellare
3267 5223 3469 5278 cogan-

1877 5310 1985 5358 tur.
2027 5300 2175 5369 Quos
2200 5301 2342 5358 enim
2388 5301 2589 5357 certius
2629 5302 2685 5357 in
2721 5301 2921 5357 Christi
2946 5300 3109 5356 domo
3151 5297 3345 5355 fratres
3376 5300 3466 5356 isti

1879 5409 2005 5449 vasa
2031 5392 2369 5449 contumelia:
2396 5392 2691 5450 secundum
2718 5407 2872 5449 suam
2901 5391 3224 5447 sententiam
3258 5408 3469 5449 nuncu-

1876 5486 2102 5558 pabant,
2144 5486 2251 5542 nisi
2286 5501 2423 5558 quos
2452 5501 2550 5557 pro
2578 5484 2800 5540 nomine
2825 5483 3026 5541 Christi
3053 5482 3331 5556 Scriptura
3382 5493 3468 5540 tc-

1877 5588 2055 5637 stante
2082 5580 2437 5637 contumelias
2462 5578 2815 5650 cognoverint
2841 5579 3176 5650 pertulisse?
3229 5579 3464 5634 Audiam

1941 5829 1963 5858 ε
1992 5817 2081 5874 Sic
2110 5834 2234 5876 mss.
2271 5819 2399 5875 duo.
2521 5818 2674 5887 editi,
2702 5821 2768 5879 ob
2795 5821 2890 5877 hoc
2912 5821 3158 5878 dicturus
3181 5828 3261 5875 est
3280 5818 3459 5878 Dami-
3540 5866 3548 5875 .

1876 5905 1972 5945 nus
1995 5891 2117 5960 quia
2147 5906 2261 5946 eum
2279 5932 2294 5960 ,
2324 5900 2431 5948 etc.

2945 6053 3021 6125 21
