4046 6506
608 360 706 418 65!

1639 362 1698 419 S.
1741 357 2102 421 FULGENTH
2140 359 2450 421 EPISCOPI
2478 362 2859 424 RUSPENSIS

3799 379 3873 440 65!

606 478 768 547 igitur
805 475 1025 531 beatum
1073 473 1299 531 Paulum
1349 475 1920 535 Thessalonicensibus
1967 480 2082 535 haec
2120 479 2203 536 ιο-
2231 483 2284 546 Α
2381 482 2511 539 Car.
2546 501 2693 541 xxiv.
2722 515 2794 527 —
2820 481 2911 542 £5.
2947 483 3056 543 Sed
3083 487 3321 544 forsitan
3353 484 3547 544 dicent
3587 487 3704 548 ideo
3726 492 3872 558 beato.

606 576 863 638 quentem
895 585 907 618 :
945 562 1088 620 Nam
1109 566 1210 636 ipsi
1236 569 1400 633 scitis,
1433 570 1641 641 fratres,
1668 570 1936 624 introitum
1962 578 2198 626 nostrum

606 661 677 714 ad
702 676 804 724 vos,
829 657 950 728 quia
969 673 1073 712 non
1099 657 1272 712 inanis
1295 658 1410 730 fuit,
1433 659 1524 712 sed
1543 668 1662 713 ante
1682 661 1822 731 passi
1851 670 1901 714 et
1929 670 2196 717 contume-

606 757 692 812 liis
732 753 929 824 a/fecti,
968 755 1100 808 sicut
1129 753 1291 818 scitis,
1323 753 1377 807 in
1411 752 1688 825 Philippis,
1720 756 1971 825 ﬁduciam
2012 758 2200 814 habui-

606 867 721 904 mus
771 851 826 904 in
866 848 976 904 Deo
1020 855 1196 903 nostro
1226 847 1363 920 loqui
1392 848 1462 902 ad
1491 866 1576 904 vos
1609 847 1948 923 Evangelium
1996 850 2114 917 Dei,
2146 853 2202 908 in

607 943 772 996 anilla
791 940 1138 996 sollicitudine
1165 939 1218 1014 (1
1251 939 1430 996 Thess.
1463 957 1523 1006 ιι,
1556 941 1606 1008 l,
1633 941 1710 1014 2).
1741 943 2034 1001 Corinthiis
2057 961 2200 1015 quo-

608 1051 714 1105 que
742 1036 984 1091 scribens
1023 1030 1173 1106 (Cap.
1200 1049 1298 1102 ιιι,
1331 1032 1451 1104 10),
1485 1035 1598 1089 ait:
1653 1033 1894 1090 Libenter
1935 1035 2201 1109 gloriabor

605 1148 659 1184 ιη
688 1127 1076 1199 inﬁrmitatibus
1104 1127 1251 1188 meis,
1284 1133 1348 1183 ut
1368 1127 1621 1181 inhabitet
1647 1129 1703 1181 in
1739 1144 1819 1182 me
1848 1128 2013 1182 virtus
2045 1127 2200 1182 Chri-

605 1223 693 1278 sti.
738 1221 959 1289 Propter
988 1221 1122 1292 quod
1150 1221 1444 1291 complaceo
1475 1221 1599 1275 mihi
1633 1231 1656 1258 α
1694 1222 1749 1274 in
1780 1218 2200 1291 inﬁrmitatibus,

603 1319 659 1371 in
689 1317 1028 1380 contumeliis,
1079 1317 1132 1369 in
1174 1313 1589 1382 necessitatibus,
1643 1315 1698 1368 in
1727 1313 2196 1386 persecutionibus,

603 1415 768 1487 430
794 1416 846 1468 in
871 1415 1126 1485 angustiis
1167 1429 1258 1482 pro
1284 1411 1510 1466 Christo.
1539 1409 1606 1464 Et
1645 1418 1704 1464 ut
1750 1409 2112 1466 contumelias
2143 1409 2198 1463 in

602 1510 706 1564 hoc
753 1508 950 1564 seculo
999 1507 1209 1578 perpeti
1260 1505 1509 1560 omnibus
1555 1504 1757 1559 sanctis
1789 1503 2041 1558 noverint
2079 1517 2200 1559 esse

601 1616 909 1667 commune,
958 1599 1180 1654 audiant
1226 1597 1353 1667 quid
1393 1598 1553 1651 etiam
1598 1596 1665 1650 de
1695 1595 1907 1650 ueteris
1939 1595 2201 1665 apostolis

599 1693 736 1749 liber
782 1694 897 1763 ipse
952 1699 1183 1745 testatur
1230 1705 1388 1759 quem
1419 1688 1486 1743 de
1517 1687 1737 1742 Actibus
1785 1701 1973 1742 eorum
2024 1685 2201 1741 Lucas

597 1786 927 1854 evangelista
957 1782 1294 1853 conscripsit.
1334 1780 1410 1835 lbi
1446 1781 1647 1851 quippe
1694 1787 2027 1834 memoratur
2051 1777 2199 1849 quod

2309 576 2586 646 apostolos
2615 592 2743 632 vasa
2773 579 3115 635 contumeliae
3139 596 3252 635 non
3287 579 3483 646 fuisse,
3515 582 3641 650 quia
3669 584 3760 640 illa:
3778 604 3873 646 con.

2307 669 2545 724 tumelias
2566 685 2702 740 quas
2727 685 2828 740 pro
2851 669 3052 726 Christi
3084 672 3312 727 nomine
3351 671 3693 742 pertulerunt
3714 683 3870 738 semina

2308 759 2527 816 fuerunt
2555 761 2720 817 futuri
2748 763 2972 820 honoris
3000 772 3056 820 et
3081 765 3269 835 gloriae
3289 805 3307 832 ,
3341 767 3477 835 quia
3509 782 3608 837 per
3635 769 3744 826 illas
3772 789 3872 831 con-

2307 854 2558 910 tumelias
2580 870 2682 910 nec
2702 857 2932 911 veritate
2967 856 3092 912 ﬁdei
3130 873 3230 913 nec
3255 866 3474 914 sancta:
3501 865 3872 924 conversationis

2307 947 2507 1004 virtute
2536 949 2733 1020 privati
2762 959 2909 1004 sunt.
2951 949 3272 1020 Agnoscant
3303 965 3446 1020 ergo
3475 951 3602 1007 illos
3640 968 3750 1010 esse
3777 934 3871 1014 visa

2308 1041 2648 1096 contumelia:
2679 1040 2768 1112 (II
2792 1041 2926 1096 Tim.
2957 1058 3014 1106 ιι,
3042 1041 3171 1112 20),
3199 1057 3317 1098 non
3350 1043 3451 1112 qui
3481 1042 3538 1098 in
3567 1044 3752 1102 saeculo
3774 1063 3865 1104 con-

2308 1133 2560 1188 tumelias
2584 1134 2880 1204 perferunt,
2914 1133 3007 1190 sed
3027 1135 3118 1204 qui
3149 1135 3297 1189 intra
3331 1133 3639 1190 Ecclesium
3667 1151 3863 1210 corpora

2308 1223 2434 1280 liter
2463 1226 2645 1295 positi,
2677 1241 2838 1295 quam
2868 1240 3117 1296 magnam
3146 1225 3384 1282 domum
3415 1227 3655 1296 appellat
3687 1228 3869 1300 Aposto-

2310 1317 2412 1386 lus,
2464 1327 2556 1374 aut
2586 1328 2746 1376 recta:
2779 1318 2902 1376 ﬁdei
2947 1319 3220 1375 contraria
3251 1321 3621 1390 pertinaciter
3664 1338 3809 1392 usque
3831 1325 3867 1378 in

2310 1409 2472 1468 ﬁnem
2503 1413 2762 1476 sentiunt,
2815 1421 2909 1467 aut
2935 1421 3136 1468 sancta:
3165 1413 3620 1470 conversationis
3664 1414 3868 1482 abjiciuut

2307 1505 2574 1560 instituta.
2595 1502 2875 1574 Simulque
2891 1513 3245 1576 cognoscant,
3267 1507 3586 1562 secundum
3606 1508 3737 1562 beati
3755 1508 3866 1564 Pauli

2308 1597 2632 1652 sententiam
2653 1637 2666 1659 ,
2714 1597 2840 1666 quia
2871 1596 2915 1650 si
2956 1597 3077 1668 quis
3107 1612 3166 1653 se
3196 1597 3560 1654 mundaverit
3587 1599 3652 1654 ab
3677 1599 3789 1666 istis,
3827 1601 3863 1656 in

2307 1705 2633 1761 quocunque
2662 1689 2849 1759 gradu,
2885 1692 2938 1744 in
2966 1705 3295 1762 quocunque
3326 1692 3565 1757 hon‘ore,
3598 1691 3648 1746 in
3677 1707 3864 1762 quacun-

2307 1798 2414 1852 que
2443 1781 2606 1837 fuerit
2653 1781 2994 1852 professione
3035 1783 3278 1852 positus,
3344 1783 3457 1838 erit
3489 1797 3588 1837 vas
3627 1783 3676 1838 in
3704 1784 3862 1844 honore

595 1877 764 1933 Judmi
797 1874 1074 1947 apostolos
1132 1875 1186 1928 in
1227 1873 1526 1928 custodiam
1576 1871 1845 1942 publicam
1877 1871 2090 1935 missos,
2145 1877 2201 1925 et
2231 1874 2282 1936 Β
2308 1874 2724 1936 sanctilicatum,
2751 1881 2806 1928 et
2835 1873 2966 1928 utile
2992 1873 3242 1942 Domino,
3275 1875 3347 1931 ad
3377 1890 3545 1932 omne
3565 1891 3692 1946 opus
3709 1877 3862 1932 bonum

596 1973 788 2041 angelo
807 1971 1000 2039 januas
1027 1968 1259 2024 carceris
1280 1967 1555 2037 aperiente
1581 1965 1847 2023 dimissos.
1881 1981 2066 2019 rursus
2094 1963 2193 2018 ad-

596 2065 854 2120 ducentes
884 2061 1028 2117 csede
1058 2065 1497 2123 maceraverunt,
1547 2058 1806 2126 czcsisque
1835 2055 2193 2111 denuntiave-

595 2166 752 2220 runt,
795 2172 863 2210 ne
890 2155 1244 2225 loquerentur
1273 2153 1326 2206 in
1357 2151 1577 2206 nomine
1606 2149 1753 2217 Jcsu,
1785 2158 1842 2205 et
1873 2149 2195 2205 dimiserunt

597 2265 710 2304 eos.
756 2248 855 2303 Ubi
884 2259 1100 2300 sanctus
1132 2243 1303 2298 Lucas
1329 2258 1448 2296 cum
1477 2240 1671 2310 gaudio
1692 2256 1787 2296 eos
1809 2239 2194 2295 contumeliam

596 2355 781 2412 passos
824 2340 904 2394 liis
947 2338 1124 2393 verbis
1167 2337 1404 2392 insinuat
1445 2353 1457 2388 :
1514 2333 1602 2389 Illi
1651 2335 1855 2406 quidem
1907 2333 2192 2406 gaudentes

596 2433 740 2488 ibant
781 2450 812 2486 a
850 2440 1124 2501 conspectu
1153 2428 1393 2492 concilii,
1437 2428 1684 2499 quoniam
1716 2424 1860 2498 digni
1887 2425 2047 2479 habiti
2072 2431 2193 2478 sunt

596 2541 688 2595 pro
739 2524 943 2578 nomine
981 2521 1105 2575 Jesu
1159 2519 1188 2558 ι’
1239 2518 1602 2573 contumeliam
1655 2517 1764 2586 pati
1814 2516 1948 2587 (Act.
1979 2533 2031 2584 v,
2071 2514 2185 2586 41).

654 2681 816 2806 .;_Sic
857 2698 1012 2748 mss.,
1052 2680 1205 2751 juxta
1251 2645 1496 2734 Graacinn
1545 2675 1754 2732 εὐδοκῶ.
1802 2672 1978 2738 Editi,
2009 2675 2188 2743 placeo

654 2771 740 2806 ιη.

594 2770 740 2808 ηιυη.

2306 1976 2555 2038 paratum
2589 1964 2775 2037 (Ibid.,
2809 1964 2924 2036 21),
2956 1974 3274 2038 recepturus
3318 1967 3522 2023 futura:
3551 1967 3859 2024 retributionis

2307 2057 2695 2114 beatitudinem
2725 2059 3106 2128 sempiternam
3136 2058 3204 2113 ab
3250 2059 3348 2114 illo
3367 2059 3554 2128 judice
3581 2058 3666 2127 qui
3708 2059 3752 2112 in
3785 2059 3857 2115 hoc

2306 2151 2506 2207 saeculo
2545 2151 2742 2220 quibus
2768 2150 2885 2205 vult
2923 2151 3214 2220 gratuitam
3241 2149 3689 2220 justiﬁcationem
3714 2149 3853 2215 donat,

2307 2251 2364 2300 et
2383 2243 2690 2313 justilicatis
2716 2258 2815 2314 per
2844 2241 3001 2297 ﬁdem
3045 2242 3380 2312 adjutorium
3430 2243 3620 2312 gratia:
3646 2242 3853 2298 submini-

2305 2347 2462 2405 strat,
2510 2353 2645 2408 quos
2700 2337 2756 2392 in
2803 2335 3194 2393 beatitudinem
3234 2337 3395 2409 regni
3427 2335 3659 2392 ccclesiis
3701 2334 3853 2390 donata

2303 2429 2695 2500 gloriﬁcatione
2725 2429 2983 2502 angellcae
3009 2430 3339 2502 aequalitatis
3370 2430 3609 2485 inducat.

2369 2675 2398 2715 ι’
2426 2677 2518 2734 Sic
2542 2692 2645 2733 ms.
2675 2692 2833 2734 unus.
2861 2676 2932 2731 At
2956 2676 3112 2747 editi,
3142 2693 3236 2748 pro
3265 2678 3487 2733 nomine
3513 2675 3708 2732 Christi.

1838 2993 2130 3072 LIBER
2184 2991 2655 3074 TERTIUS.

659 3230 819 3301 5.31
841 3226 1022 3282 Carur
1040 3220 1183 3277 1.—-l
1197 3260 1210 3273 .
1229 3218 1345 3273 iam
1362 3231 1506 3273 nunc
1521 3217 1590 3272 de
1606 3216 1711 3272 illis
1737 3230 1875 3295 quos
1887 3216 2032 3274 Deus
2048 3235 2187 3288 prae-
2216 3222 2268 3294 α
2295 3203 2754 3276 incommutabilis
2775 3219 3052 3274 aeternitas
3072 3225 3277 3287 manet,
3307 3219 3453 3276 sicut
3480 3214 3840 3274 inchoandam

589 3321 880 3379 destinavit
909 3319 963 3373 in
994 3313 1343 3385 adoptionem
1374 3309 1610 3364 ﬁliorum
1638 3310 1774 3364 ordo
1798 3310 2033 3379 suscepti
2055 3325 2188 3382 ope-

590 3418 667 3471 ris
689 3413 857 3482 exigit
884 3407 1151 3481 disputari
1183 3415 1240 3472 ι,
1272 3418 1410 3474 quos
1439 3401 1734 3458 secundum
1777 3416 1918 3456 vera:
1957 3399 2079 3457 ﬁdei
2101 3417 2189 3458 re-

589 3506 770 3578 gulam
797 3511 1108 3558 sanctarum
1138 3498 1540 3567 Scripturarum
1553 3494 1878 3550 auctoritate
1896 3490 2185 3561 ﬁrmatam,

589 3617 701 3658 non
723 3597 898 3654 solum
929 3595 995 3650 ad
1026 3593 1305 3664 praemium
1337 3587 1766 3659 gloriﬁcationis,
1791 3588 1885 3644 sed
1914 3589 2080 3644 etiam
2120 3589 2188 3644 ad

589 3693 821 3767 gratiam
847 3685 1282 3759 justiﬁcationis,
1319 3698 1422 3738 nec
1449 3682 1626 3737 solum
1652 3681 1718 3735 ad
1747 3687 2008 3737 aeternam
2058 3681 2190 3735 bea-

589 3785 874 3842 titudinem
892 3795 1012 3852 qua:
1043 3794 1149 3834 non
1191 3784 1450 3838 mutatur,
1491 3789 1683 3829 verum
1705 3773 1871 3829 etiam
1917 3773 1985 3828 ad
2025 3771 2190 3828 ﬁdem

587 3893 710 3951 quin
738 3892 837 3948 per
864 3875 1148 3931 caritatem
1179 3877 1468 3940 operatur,
1503 3881 1680 3936 neque
1710 3866 1781 3921 ad
1805 3874 2012 3922 aeterna
2067 3875 2190 3922 tan-

587 3980 706 4027 tum
731 3968 974 4041 prmmia,
999 3964 1094 4022 sed
1123 3963 1288 4020 etiam
1314 3960 1384 4016 ad
1413 3961 1556 4016 bona
1580 3961 1774 4016 merita
1800 3961 2034 4029 gratuita
2086 3960 2188 4015 bo-

589 4065 762 4120 nitate
808 4060 906 4116 Dei
954 4065 1082 4113 ante
1138 4053 1326 4111 mundi
1379 4053 1829 4108 constitutionem
1860 4051 1916 4106 in
1971 4050 2188 4106 Christo

590 4153 1026 4227 prmdestinatos,
1058 4157 1121 4223 et,
1161 4147 1320 4216 hujus
1377 4143 1869 4216 praedestinationis
1925 4139 2191 4198 beneﬁcio

592 4248 890 4307 secundum
921 4245 1258 4317 propositum
1282 4249 1504 4297 vocatos
1546 4248 1600 4296 et
1633 4238 1980 4310 justiﬁcatos,
2011 4239 2191 4295 nullus

591 4341 755 4397 debet
777 4338 1048 4404 ambigere
1071 4333 1427 4388 Christianus.
1456 4331 1712 4402 Quisquis
1736 4331 1883 4386 enim
1904 4330 2191 4386 veritatem

589 4428 1080 4507 praedestinationis
1113 4425 1308 4480 divinae
1330 4438 1530 4493 negare
1551 4423 1849 4491 contendit,
1873 4424 2190 4480 mutabilem

596 4527 766 4584 Deum
795 4522 913 4578 sine
935 4518 1097 4574 dubio
1120 4516 1408 4588 praedicat,
1440 4514 1526 4570 cui
1558 4515 1940 4585 temporalium
1971 4523 2190 4571 actuum

2295 3330 2480 3372 rerum
2509 3313 2737 3369 scientia
2760 3327 3036 3382 nunquam
3064 3313 3243 3383 potuit
3293 3312 3578 3380 inchoari,
3613 3310 3683 3366 sic
3704 3316 3838 3363 muta-

2294 3411 2485 3467 bilium
2534 3422 2762 3478 operum
2809 3421 3084 3476 nunquam
3131 3405 3313 3478 potuit
3359 3414 3565 3462 aeterna
3615 3399 3839 3472 dispositio

2296 3499 2637 3558 commutari.
2667 3499 2808 3554 Deus
2847 3499 3031 3568 itaque
3085 3497 3226 3554 sicut
3271 3512 3554 3570 nunquam
3595 3495 3837 3551 {narrarunt

2295 3609 2478 3650 rerum
2509 3591 2610 3646 fuit
2635 3591 2852 3657 inscius,
2880 3591 2954 3646 ita
2981 3605 3084 3648 nec
3126 3590 3518 3649 misericordia:
3565 3596 3653 3644 aut
3684 3582 3828 3656 iudicii

2295 3685 2377 3741 sui
2405 3683 2505 3740 fuit
2535 3685 2755 3753 ignarus
2783 3701 2795 3737 :
2829 3682 2928 3740 sed
2956 3683 3097 3739 sicut
3141 3697 3362 3754 semper
3413 3673 3593 3740 omnia
3630 3678 3775 3734 futura
3796 3681 3834 3728 et

2293 3777 2438 3833 bona
2466 3777 2630 3849 482
2659 3785 2716 3833 et
2739 3777 2881 3832 mala
2906 3775 3196 3846 praescivit,
3219 3776 3300 3834 sic
3341 3776 3526 3833 omnia
3553 3787 3701 3845 Opera
3733 3783 3824 3839 gra-

2296 3872 2384 3927 tiae
2433 3879 2596 3941 atque
2645 3870 2866 3940 justitia:
2907 3885 3020 3926 suae
3067 3870 3497 3927 incommutabili
3534 3863 3828 3939 praedestina-

2297 3963 2446 4020 tione
2472 3963 2761 4034 disposuit.

2368 4056 2497 4113 Cnr.
2525 4072 2585 4112 ιι.
2605 4089 2680 4100 —
2705 4056 2760 4113 2.
2789 4056 2983 4128 Magna
3005 4057 3210 4129 quippe
3255 4055 3493 4114 altitudo
3529 4048 3769 4124 sapientia:
3791 4051 3830 4099 et

2295 4149 2535 4206 scientia:
2563 4148 2681 4215 Dei,
2725 4149 2920 4218 quibus
2944 4149 3144 4205 divitiis
3170 4149 3384 4220 plenus,
3418 4145 3592 4204 omnia
3619 4141 3766 4197 futura
3787 4139 3826 4188 et

2294 4239 2531 4295 scienter
2557 4239 2811 4309 cognovit
2839 4247 2899 4296 ut
2925 4239 3160 4311 sapiens,
3192 4249 3260 4296 eti
3297 4239 3575 4310 sapienter
3619 4223 3826 4304 pmordi-

2293 4331 2443 4387 navit
2473 4340 2532 4387 ut
2553 4331 2728 4388 sciens
2755 4342 2804 4387 ο.
2836 4332 2936 4388 Cui
2962 4332 3148 4402 utique
3177 4347 3288 4388 non
3319 4327 3735 4389 inconvenienter
3765 4315 3824 4370 di-

2293 4423 2434 4479 citur
2463 4440 2475 4476 :
2507 4421 2646 4478 Ecce
2675 4433 2751 4493 tu,
2782 4421 3032 4490 Domine,
3053 4424 3338 4495 cognovisti
3382 4423 3556 4480 omnia
3601 4411 3825 4470 nouissimi

2293 4523 2343 4570 et
2365 4516 2578 4585 antiqua
2610 4514 2783 4588 (Psal.
2810 4530 3066 4581 cxxxvm,
3101 4512 3188 4587 5),
3214 4523 3270 4570 et
3298 4529 3462 4584 quem
3509 4506 3742 4566 veraciter
3763 4497 3820 4551 lu-

589 4618 953 4676 humanorum
976 4609 1330 4682 temporalem
1356 4607 1721 4677 cognitionem
1742 4622 2030 4678 perversus
2051 4609 2187 4664 assi-
2214 4623 2268 4690 υ
2295 4615 2416 4662 tura
2437 4622 2603 4678 opera
2643 4623 2740 4663 sua
2757 4607 2871 4677 jam
2923 4607 3116 4663 fecisse
3163 4607 3356 4663 beatus
3397 4589 3639 4678 pricdicat
3658 4593 3818 4690 istias.

589 4718 738 4781 gnat.
771 4707 905 4762 Nam
929 4705 973 4762 si
1004 4703 1147 4759 Deus
1187 4698 1647 4757 incommutabilis
1695 4707 1797 4761 est,
1830 4698 1977 4770 quod
2030 4701 2188 4756 dubi-

589 4801 813 4858 tandum
843 4813 950 4852 non
975 4803 1077 4863 est,
1103 4793 1283 4850 omnia
1310 4793 1488 4847 futura
1518 4807 1588 4846 ex
1627 4791 1931 4845 aeternitate
1977 4791 2188 4847 incom-

588 4890 926 4950 mutabiliter
953 4888 1123 4951 novit,
1155 4893 1210 4940 et
1240 4885 1417 4940 omnia
1443 4899 1610 4954 opera
1640 4898 1737 4938 sua
1756 4882 2186 4938 incommutabili

591 4983 937 5043 ordinatione
962 4978 1244 5049 disposuit.
1279 4975 1389 5032 Nec
1417 4975 1596 5046 potuit
1643 4991 1762 5032 esse
1812 4975 2184 5046 dispositionis

588 5077 708 5147 ejus
734 5070 1022 5144 aliquando
1053 5067 1298 5133 mutatio,
1333 5067 1425 5123 ubi
1447 5067 1832 5136 dispositorum
1856 5065 1882 5104 δ
1906 5066 2023 5122 sine
2075 5065 2182 5120 ini-

588 5172 667 5225 tio
699 5172 1100 5223 manetaeterna
1130 5161 1391 5229 cognitio.
1419 5157 1654 5214 Proinde
1679 5158 1819 5229 apud
1849 5157 2017 5214 Deum
2047 5158 2189 5214 sicut

587 5274 864 5328 nunquam
922 5255 1092 5310 defuit
1148 5252 1446 5306 futurarum
1489 5249 1827 5320 praescientia
1874 5265 2076 5316 rerum,
2104 5251 2184 5306 sic

589 5366 863 5420 nunquam
893 5349 1061 5403 defuit
1090 5345 1418 5415 sempiterna
1467 5351 1523 5398 et
1572 5342 2026 5399 incommutabilis
2055 5359 2183 5413 ope-

586 5459 709 5502 rum
747 5441 831 5497 vel
879 5441 1144 5495 donorum
1201 5436 1602 5508 proedestinatio
1655 5434 1976 5490 futurorum.
2023 5435 2180 5506 Apud

526 5610 527 5613 η
586 5539 762 5610 ipsum
790 5531 1018 5602 quippe,
1052 5532 1105 5585 in
1161 5544 1269 5600 quo
1323 5536 1526 5584 aeterna
1581 5526 2096 5583 incommutabilitas
2126 5535 2185 5582 et

659 5765 685 5794 ι
717 5754 880 5822 Editi,
911 5753 1046 5824 cogit
1076 5750 1359 5821 disputare.

659 5826 686 5866 ιι
716 5827 841 5882 Mss.
873 5822 1002 5892 duo,
1033 5823 1402 5891 dispositorum
1421 5822 1685 5878 ordinum.

595 5891 608 5904 ’
666 5909 686 5935 ο
715 5898 944 5962 Ilazc,ut
989 5889 1276 5964 sapiens...~
1317 5903 1372 5946 ut
1415 5893 1614 5958 sciens,
1670 5893 1866 5949 desunt
1907 5890 1960 5946 in
1992 5889 2170 5949 editis.

2291 4703 2477 4760 dicens
2512 4722 2524 4756 :
2561 4701 2662 4768 Qui
2711 4701 2834 4774 fecit
2880 4717 2995 4774 qua:
3037 4703 3212 4771 futura
3257 4710 3377 4758 sunt
3410 4699 3538 4773 (Ira.
3594 4707 3713 4753 xtv,
3753 4682 3814 4774 ll.

2289 4809 2394 4849 sec.
2428 4791 2623 4865 LXX).
2651 4773 2851 4848 Futura
2896 4773 3108 4863 quippe
3152 4807 3319 4863 opera
3367 4806 3463 4848 sua
3492 4803 3554 4844 eo
3578 4784 3678 4855 jam
3704 4773 3813 4836 fecit,

2289 4901 2398 4956 quo
2430 4884 2941 4942 incommutabiliter
2968 4883 3214 4941 facienda
3244 4884 3523 4958 disposuit.
3549 4875 3681 4935 Unde
3704 4872 3814 4966 recte

2288 4976 2547 5048 quidquid
2576 4975 2817 5032 facturus
2847 4985 2947 5041 est,
2975 4976 3090 5048 jam
3117 4977 3184 5032 ab
3208 4977 3326 5048 ipso
3354 4976 3549 5034 factum
3568 4968 3748 5026 dicitur,
3771 4971 3810 5010 In

2288 5069 2442 5140 cujus
2464 5070 2716 5140 operibus
2745 5069 3006 5127 faciendis
3026 5079 3233 5127 {eterna
3256 5069 3536 5142 dispositio
3568 5071 3616 5120 et
3640 5062 3805 5115 incom-

2291 5161 2566 5218 mutabilis
2589 5162 2877 5218 invenitur.
2913 5162 3094 5219 Virtus
3122 5163 3267 5218 enim
3289 5171 3344 5219 et
3373 5158 3622 5234 sapientia
3664 5145 3808 5244 Det“

2286 5255 2590 5310 aeternitate
2619 5255 3130 5316 incommutabiliter
3152 5255 3337 5312 omnia
3366 5254 3537 5314 futura
3580 5242 3724 5306 novit,
3747 5242 3804 5288 ιι·

2285 5346 2784 5416 reprehensibiliter
2813 5347 3066 5404 universa
3117 5361 3282 5419 opera
3331 5361 3426 5403 sua
3473 5343 3635 5398 futura
3658 5332 3799 5419 disPOf

2285 5412 2415 5506 suit,
2444 5437 2523 5494 sic
2544 5437 2724 5493 omnia
2753 5453 2873 5508 quae
2893 5412 3607 5518 disposuit-insuperabiliter
3641 5412 3797 5518 facit“.

2284 5527 2404 5585 Non
2432 5537 2604 5586 mutat
2650 5527 2794 5586 Deus
2839 5529 3242 5604 praedestinata,
3290 5515 3414 5603 quia
3441 5517 3676 5598 sapientia
3713 5515 3798 5578 eius

2278 5749 2556 5808 Habentur
2574 5754 2627 5808 in
2654 5753 2864 5810 duobus
2883 5769 3014 5810 mss.
3455 5819 3458 5820 ν
3588 5813 3603 5820 -
3654 5807 3664 5820 .

2353 5823 2377 5860 ά
2409 5824 2570 5892 Editi,
2599 5825 3116 5896 irreprehensibiliter
3147 5826 3304 5898 facit:
3335 5824 3389 5880 in
3418 5819 3553 5883 aliis,
3579 5813 3695 5883 [ml-
