4046 6498
239 357 373 418 655

1169 349 1258 408 DE
1293 345 1640 407 VERITATE
1677 343 2360 405 PRIEDESTINATIONIS
2400 343 2527 402 ue.
2564 343 2631 400 ιιι

3435 313 3560 405 ω’

239 487 376 530 non
422 470 622 526 fallitur
661 477 755 526 aut
798 465 1208 540 reprehenditur
1258 467 1313 522 in
1366 465 1759 537 dispositione;
1805 469 1861 517 et
1889 465 1938 524 Α
1969 475 2122 532 pore.
2157 459 2280 515 Haec
2301 459 2580 515 electionis
2607 463 2806 514 aeterna
2828 458 3169 529 praeparatio,
3201 459 3315 531 ipsa
3344 467 3429 517 est
3468 459 3555 516 di-

243 561 475 635 perﬁcit
502 561 644 616 Deus
671 559 1073 631 praedestinata,
1107 557 1232 627 quia
1262 557 1432 611 virtus
1457 555 1574 625 ejus
1599 571 1708 610 non
1758 556 1858 608 im—

243 655 482 726 peditur
510 661 602 708 aut
623 660 908 724 superatur
936 651 989 705 in
1020 664 1202 721 opere.
1229 647 1366 704 Hinc
1414 656 1498 702 est
1543 646 1686 716 quod
1717 645 1861 702 Deus

244 759 469 812 noster,
495 746 647 816 cujus
678 745 941 800 universa:
989 743 1086 798 vite
1115 741 1484 797 misericordia
1531 747 1585 795 et
1637 739 1854 805 veritas,

241 850 312 897 et
342 842 431 897 cui
483 839 750 894 veraciter
798 834 1223 890 misericordiam
1275 840 1330 888 et
1366 831 1626 902 judicium
1670 836 1859 885 cantat

243 933 503 991 Ecclesia
535 930 706 1004 (Psal.
740 945 886 996 xxiv,
918 927 1020 994 10;
1050 926 1199 981 Psal.
1234 941 1292 990 c,
1319 924 1395 995 1),
1429 925 1555 992 quia
1612 938 1723 978 non
1761 937 1857 977 so-

244 1027 370 1080 lum
396 1024 576 1080 omnia
603 1036 768 1094 opera
791 1036 905 1085 sua,
930 1033 1050 1089 qua:
1079 1017 1263 1088 utique
1292 1017 1436 1071 bona
1466 1022 1592 1071 sunt
1614 1054 1628 1077 ,
1664 1013 1858 1084 exqui-

242 1118 361 1172 sita
415 1117 470 1170 in
501 1129 689 1170 omnes
738 1111 1049 1166 voluntates
1080 1106 1196 1176 ejus
1251 1105 1426 1179 (Psal.
1484 1120 1571 1169 cx,
1617 1103 1703 1175 2),
1758 1103 1858 1159 sed

242 1209 422 1263 etiam
451 1204 695 1276 quaedam
724 1199 1004 1256 hominum
1035 1205 1090 1252 et
1129 1195 1444 1265 angelorum
1475 1208 1640 1265 opera
1688 1193 1852 1259 mala,

241 1297 505 1369 quamvis
526 1296 582 1350 in
603 1302 850 1364 tempore
879 1288 1146 1353 facienda,
1175 1287 1293 1358 ipse
1314 1295 1498 1341 tamen
1551 1282 1855 1341 incommu-

245 1391 438 1446 tabilis
464 1397 520 1445 et
541 1396 799 1454 aeternus,
826 1381 1254 1440 incommutabili
1288 1388 1453 1451 atque
1499 1380 1727 1450 perenni
1755 1395 1853 1436 eo-

241 1481 500 1552 gnitione
525 1476 793 1549 praescivit
811 1519 826 1546 ,
862 1489 970 1530 non
999 1473 1175 1529 solum
1206 1487 1271 1527 ea
1291 1471 1558 1542 disposuit
1585 1485 1704 1540 quac
1739 1469 1858 1540 ipse

239 1572 421 1640 gratis
449 1570 644 1640 quibus
668 1566 832 1624 vellet
861 1567 1090 1622 donaret
1119 1572 1180 1620 ut
1205 1564 1402 1628 bonus,
1455 1577 1641 1618 verum
1689 1563 1856 1618 etiam

241 1663 344 1718 illa
374 1677 496 1732 quae
521 1668 577 1717 et
601 1660 760 1716 bonis
787 1666 842 1714 et
863 1657 1021 1712 malis
1041 1656 1353 1712 redditurus
1376 1663 1523 1711 esset
1547 1662 1607 1710 ut
1652 1653 1850 1724 justus.

323 1755 382 1811 5.
412 1753 818 1811 Praedestinavit
846 1766 976 1823 ergo
1016 1751 1186 1822 gratis
1217 1749 1592 1820 jnstiﬁcandos
1634 1749 1850 1818 impios,

1964 557 2086 609 vina
2115 554 2556 624 prmdestinatio;
2589 554 2643 608 in
2671 569 2777 624 qua
2806 554 2967 623 digne
2996 562 3166 608 totum
3193 556 3428 623 gratuito
3454 555 3555 612 be-

1964 645 2158 701 neﬁcio
2186 645 2378 699 divina:
2409 644 2667 700 bonitatis
2686 645 2991 712 ascribitur,
3015 646 3142 716 quia
3181 646 3296 702 sola
3322 647 3393 702 ibi
3425 661 3554 716 erga

1963 754 2063 793 nos
2091 738 2398 792 miserantis
2425 737 2524 793 Dei
2550 738 2746 793 caritas
2769 738 3057 794 invenitur.
3082 737 3209 794 Ideo
3231 738 3556 795 subsecutus

1963 829 2274 900 Apostolus,
2302 829 2406 884 hoc
2428 830 2586 884 nobis
2607 829 2888 884 evidenter
2918 829 3195 885 inculcans
3223 828 3273 896 ιι,
3304 830 3379 884 ait
3404 847 3416 882 :
3451 829 3556 894 Qui

1961 923 2016 975 in
2046 922 2265 975 caritate
2299 919 2685 991 praedestinavit
2715 936 2808 975 nos
2845 922 2901 974 in
2949 921 3281 993 adoptionem
3321 921 3556 992 filiorum

1961 1031 2052 1083 per
2078 1012 2255 1068 Jesum
2280 1013 2539 1068 Christum
2569 1017 2623 1069 in
2645 1015 2813 1085 ipsum
2838 1012 3028 1086 (Ibid.,
3062 1012 3136 1084 5).
3171 1011 3243 1068 Et
3289 1021 3348 1068 ut
3377 1021 3555 1069 totum

1962 1121 2030 1159 ex
2053 1105 2171 1160 solo
2199 1105 2482 1176 proposito
2513 1106 2670 1161 bona:
2718 1106 3014 1162 voluntatis
3069 1106 3166 1163 Dei
3215 1106 3582 1163 descendere

1962 1195 2200 1264 doceret,
2231 1195 2447 1265 adjecit,
2467 1196 2766 1252 Secundum
2786 1200 3106 1269 propositum
3125 1198 3404 1254 voluntatis
3418 1212 3550 1255 sum.

1960 1286 2030 1341 Et
2057 1296 2115 1341 ut
2145 1287 2249 1343 hoc
2269 1289 2606 1358 propositum
2629 1289 2787 1345 bona:
2812 1291 3108 1347 voluntatis
3133 1291 3228 1347 Dei
3263 1291 3564 1361 gratuitum

1959 1393 2081 1434 esse
2131 1386 2494 1445 monstraret,
2547 1388 2762 1435 secutus
2791 1379 2987 1449 adjecit
3018 1383 3088 1451 (υ.
3120 1379 3196 1452 6),
3232 1381 3298 1436 In
3346 1382 3562 1437 laudem

1957 1469 2140 1540 gloriae
2159 1471 2347 1538 gratiis
2390 1486 2519 1536 suae,
2563 1472 2620 1524 in
2650 1487 2752 1541 qua
2793 1473 3106 1544 gratificarit
3135 1489 3230 1529 nos
3260 1474 3315 1528 in
3358 1475 3551 1530 dilecto

1958 1561 2102 1616 Filio
2131 1578 2243 1616 suo.

2033 1652 2083 1708 5.
2121 1655 2528 1716 Prwdestinatio,
2549 1657 2727 1729 utique
2752 1657 2983 1728 ﬁliorum
3015 1657 3111 1713 Dei
3139 1659 3210 1713 ad
3237 1659 3332 1714 hoc
3358 1661 3581 1715 utiliter

1959 1761 2064 1799 non
2096 1745 2264 1800 solum
2297 1747 2648 1817 cognoscitur,
2680 1764 2854 1802 verum
2905 1749 3062 1803 etiam
3101 1739 3449 1821 praedicatur,
3493 1755 3558 1806 us

243 1855 306 1904 et
324 1844 711 1918 gloriﬁcandos
728 1844 926 1914 justos,
951 1859 1090 1914 quos
1120 1843 1446 1914 praeveniret
1474 1851 1528 1897 et
1557 1841 1852 1910 subseque-
1882 1854 1932 1915 Β
1959 1839 2013 1892 in
2043 1838 2298 1893 omnibus
2326 1837 2484 1901 lpnis
2510 1837 2760 1894 humanae
2789 1840 3082 1896 voluntatis
3109 1849 3165 1896 et
3190 1843 3393 1912 operis,
3421 1842 3555 1898 dum

243 1947 406 1995 retur
433 1936 800 2014 misericordia
829 1936 966 2007 ejus.
995 1935 1061 1990 Hi
1108 1942 1233 1990 sunt
1261 1934 1556 1990 secundum
1596 1933 1847 2003 proposi-

244 2038 370 2086 tum
388 2016 568 2085 vocati
601 2046 614 2082 :
638 2028 692 2082 hi
715 2034 840 2084 sunt
860 2044 986 2098 quos
1008 2027 1150 2083 Deus
1171 2028 1429 2098 prwscivit
1475 2035 1524 2079 et
1572 2023 1849 2096 prazdesti-a

245 2122 397 2177 navit
415 2122 708 2193 conformes
733 2120 850 2191 ﬁeri
878 2120 1123 2190 imaginis
1175 2117 1306 2173 Filii
1353 2119 1465 2189 ejus
1521 2116 1697 2184 (Rom.
1732 2133 1844 2184 vnt,

244 2211 366 2285 29).
395 2211 536 2267 Fieri
565 2221 746 2267 autem
769 2228 800 2266 a
819 2226 950 2282 quo,
982 2211 1086 2265 nisi
1136 2209 1203 2264 ab
1233 2209 1326 2264 illo
1353 2209 1445 2279 qui
1493 2224 1588 2264 eos
1618 2209 1848 2266 Abrahae

245 2304 534 2374 promisit?
554 2301 654 2358 Cui
681 2301 953 2358 Abraham
981 2300 1314 2359 confortatus
1363 2298 1467 2354 ﬁde
1495 2300 1725 2368 gloriam
1753 2300 1849 2356 de-

246 2399 350 2468 dit,
372 2399 667 2470 plenissim
693 2400 859 2454 scieus
878 2399 999 2469 quia
1023 2413 1338 2470 quacunque
1381 2399 1641 2468 promisit,
1665 2407 1848 2469 potens

247 2503 332 2550 est
358 2503 410 2548 et
454 2496 624 2565 facere
671 2493 846 2565 (Rom.
901 2508 975 2557 tv,
1005 2491 1119 2562 21).
1153 2490 1274 2561 Ipse
1306 2491 1488 2560 itaque
1517 2506 1659 2561 quos
1706 2507 1848 2562 pra:-

246 2586 568 2651 destinavit,
598 2583 725 2642 fecit
753 2595 808 2641 et
829 2585 957 2641 facit
976 2583 1284 2640 conformes
1315 2584 1565 2654 imaginis
1593 2584 1713 2639 Filii
1744 2586 1845 2652 sui,

248 2677 347 2750 qui
395 2684 478 2732 est
501 2676 671 2747 ﬁdelis
718 2677 775 2730 in
822 2675 1060 2731 omnibus
1091 2675 1252 2731 verbis
1297 2677 1440 2743 suis,
1482 2687 1531 2728 et
1559 2684 1766 2729 sanctus
1793 2677 1852 2730 in

250 2769 489 2825 omnibus
517 2768 754 2839 operibus
776 2769 881 2823 suis
915 2766 1086 2840 (Psal.
1119 2783 1298 2834 cxuv,
1331 2766 1441 2838 15).
1477 2768 1553 2822 De
1581 2768 1667 2822 bis
1695 2769 1847 2838 Apo-

253 2861 428 2916 stolus
473 2861 604 2916 dicit
635 2879 646 2912 :
679 2857 818 2925 Quos
848 2860 1265 2929 praedestinavit,
1299 2859 1393 2913 hos
1442 2867 1493 2912 et
1544 2861 1770 2924 vocavit;
1799 2867 1852 2914 et

255 2969 384 3024 quos
412 2953 627 3017 vocavit,
660 2952 755 3006 hos
779 2959 826 3005 et
846 2951 1186 3022 justi/icavit;
1220 2967 1348 3023 quos
1376 2961 1546 3004 autem
1578 2949 1848 3022 justiﬁed-

258 3044 344 3108 vit,
377 3042 494 3097 illos
533 3050 583 3096 et
625 3042 935 3114 gloriﬁcavit
965 3039 1143 3111 (Rom.
1194 3057 1307 3105 vtu,
1336 3039 1452 3109 30).
1510 3037 1711 3096 Omnes
1759 3042 1850 3097 isti

260 3133 626 3204 przedestinati
647 3135 725 3189 sic
745 3140 1027 3199 vocantur,
1056 3140 1112 3187 ut
1137 3131 1529 3202 justiﬁeentur;
1560 3132 1639 3189 sic
1684 3132 1849 3202 justi-

1954 1930 2135 1985 divina
2161 1931 2563 2001 praedestinatio
2592 1931 2648 1986 in
2677 1941 2881 1988 retenta
2926 1933 3113 2002 gratia:
3154 1935 3557 2005 praeparatione

1955 2022 2302 2089 cognoscitur
2325 2055 2344 2087 ,»
2389 2019 2633 2090 ejusdem
2694 2023 3184 2093 praedestinationis
3233 2026 3458 2083 ell‘ectus
3496 2027 3556 2084 in

1955 2107 2071 2179 ipsa
2119 2111 2307 2181 gratiae
2335 2111 2632 2168 donatione
2679 2115 3028 2172 nihilominus
3075 2125 3436 2186 agnoscatur;
3487 2131 3556 2173 ac

1952 2216 2052 2272 per
2079 2203 2184 2258 hoc
2229 2203 2284 2258 in
2314 2205 2416 2259 ista
2445 2204 2682 2260 ﬁliorum
2713 2205 2809 2260 Dei
2851 2206 3163 2278 adoptione,
3215 2222 3378 2278 quam
3410 2207 3556 2264 Deus

1953 2305 2009 2351 et
2031 2297 2465 2366 praedestinando
2485 2300 2810 2370 praeparavit
2833 2315 2900 2355 ex
2922 2291 3243 2367 aeternitate,
3270 2308 3326 2355 et
3347 2315 3555 2356 vocan-

1950 2393 2022 2449 do
2064 2409 2128 2449 ac
2158 2391 2514 2462 justiﬁcando-
2550 2395 2776 2463 largitur
2823 2395 2878 2449 in
2926 2403 3194 2465 tempore,
3249 2395 3422 2464 gratia
3450 2393 3549 2451 Dei

1953 2484 2304 2553 glorilicetur,
2348 2493 2403 2541 et
2432 2487 2546 2556 ipsa
2574 2486 2842 2542 laudetur.
2885 2485 3062 2556 Elegit
3101 2487 3244 2542 enim
3273 2502 3376 2542 nos
3410 2487 3553 2542 Deus

1953 2575 2007 2629 in
2035 2575 2250 2630 Christo
2291 2587 2417 2632 ante
2461 2577 2647 2632 mundi
2693 2579 3160 2644 constitutionem,
3211 2587 3271 2633 ut
3309 2593 3554 2654 essemus

1952 2668 2125 2722 sancti
2153 2675 2209 2722 et
2239 2668 2569 2724 immaculati
2602 2670 2657 2724 in
2689 2678 2986 2740 conspectu
3008 2671 3125 2740 ejus
3149 2669 3367 2743 (Ephes.
3401 2689 3438 2738 ι,
3466 2670 3552 2743 4).

2024 2758 2151 2813 Car.
2187 2775 2260 2814 tv.
2293 2790 2365 2802 -
2392 2759 2510 2815 Non
2539 2775 2669 2831 ergo
2696 2777 2834 2831 quos
2878 2761 3134 2830 eligeret,
3177 2772 3269 2817 aut
3309 2771 3548 2829 sanctos,

1953 2863 2048 2910 aut
2077 2854 2452 2909 immaculatos
2480 2855 2704 2920 invenit,
2745 2862 2839 2908 aut
2882 2855 3234 2912 inveniendus
3261 2871 3380 2911 esse
3408 2870 3550 2926 prte-

1955 2948 2148 3014 scivit;
2201 2946 2300 3002 sed
2331 2955 2390 3001 ut
2416 2955 2634 3002 sanctos
2664 2954 2719 3001 et
2749 2947 3122 3002 immaculatos
3150 2948 3373 3012 faceret,
3419 2956 3550 3003 ante

1952 3038 2140 3093 mundi
2169 3038 2609 3094 constitutionem
2636 3037 2816 3105 elegit.
2858 3037 2976 3092 Non
3006 3051 3136 3107 ergo
3161 3054 3263 3092 nos
3292 3038 3413 3093 ideo
3434 3038 3550 3093 ele-

1953 3129 2048 3197 git,
2081 3129 2207 3198 quia
2236 3129 2409 3183 sancti
2438 3135 2493 3183 et
2522 3127 2866 3202 immaculati
2893 3126 3060 3182 futuri
3079 3143 3314 3193 eramus,
3345 3126 3442 3182 sed
3487 3135 3561 3183 ut
3650 3171 3661 3182 .

261 3226 506 3290 ﬁcantur,
531 3234 589 3280 ut
608 3224 993 3296 gloriﬁcentur.
1037 3224 1117 3280 Ac
1159 3238 1258 3294 per
1287 3223 1394 3277 hoc
1450 3222 1852 3293 praedestinavit
1877 3225 1926 3292 ο
1955 3221 2129 3276 sancti
2157 3229 2212 3275 et
2235 3219 2563 3275 immaculati
2592 3233 2850 3275 essemus.
2883 3218 2954 3273 Et
2978 3218 3102 3275 ideo
3129 3234 3231 3276 nos
3253 3220 3308 3273 in
3329 3220 3552 3274 caritate

261 3332 400 3386 quos
427 3317 597 3372 voluit
621 3325 667 3383 η,
698 3323 754 3371 et
781 3314 846 3370 ad
868 3329 1032 3385 opera
1059 3315 1221 3378 bona,
1256 3321 1311 3368 et
1337 3313 1404 3367 ad
1433 3313 1654 3383 praemia
1705 3329 1851 3369 sem-

260 3407 471 3478 piterna
505 3425 518 3459 :
549 3406 952 3476 prmdestinavit
979 3404 1046 3459 ad
1076 3405 1240 3459 vitam
1262 3405 1478 3465 bonam,
1502 3405 1848 3474 praedestina-

261 3501 341 3555 vit
365 3500 432 3554 ad
454 3500 622 3555 vitam
649 3507 934 3565 mternam;
963 3499 1368 3569 praedestinavit
1395 3498 1462 3553 ad
1495 3499 1672 3564 ﬁdem,
1703 3514 1847 3570 pra:-

263 3591 554 3648 destinavit
580 3591 648 3645 ad
675 3592 940 3660 speciem;
974 3591 1376 3660 praedestinavit
1405 3591 1742 3660 adoptandos
1795 3593 1848 3648 in

263 3682 478 3746 saeculo,
519 3681 919 3752 praedestinavit
963 3681 1339 3749 glorillcandos
1387 3682 1440 3735 in
1470 3696 1668 3751 regno;
1713 3699 1851 3754 prte-

264 3773 549 3830 destinavit
575 3789 674 3844 per
691 3773 917 3842 gratiam
946 3771 1225 3828 faciendos
1254 3773 1603 3840 Primogeniti
1632 3773 1847 3839 fratres,

263 3865 665 3938 praedestinavit
687 3881 785 3937 per
803 3866 1031 3934 gratiam
1054 3863 1412 3936 perﬁciendos
1440 3866 1680 3935 ejusdem
1713 3865 1849 3922 Uni-

266 3956 428 4024 geniti
448 3955 780 4012 cohzeredes.
825 3977 831 4002 :

332 4049 460 4104 Car.
488 4065 565 4106 nr.
588 4082 659 4094 —
677 4050 729 4103 4.
761 4049 886 4106 Haec
913 4049 1094 4105 omnia
1119 4049 1260 4106 sicut
1286 4049 1338 4104 in
1368 4065 1428 4106 se
1447 4050 1691 4105 continet
1711 4065 1853 4120 prae-

269 4140 638 4198 destinationis
689 4142 999 4206 aeternitas,
1051 4142 1128 4196 sic
1177 4141 1367 4212 implet
1419 4140 1853 4211 praedestinantis

267 4232 360 4288 Dei
388 4233 755 4289 misericordia
784 4241 838 4290 et
862 4233 1006 4302 justa
1031 4233 1304 4303 majestas.
1324 4233 1507 4302 Neque
1521 4234 1664 4288 enim
1688 4234 1851 4306 [‘83

269 4324 480 4393 ignarus
508 4322 810 4380 futurorum
840 4339 1074 4394 unquam
1105 4339 1224 4378 esse
1252 4323 1430 4392 potuit
1456 4322 1689 4377 ﬁliorum
1709 4362 1724 4386 ,
1758 4324 1851 4394 qui

270 4416 424 4472 unico
451 4415 606 4482 Filio,
631 4431 791 4486 quem
822 4416 924 4470 sibi
953 4424 1284 4470 coaeternum
1325 4429 1389 4468 ac
1422 4414 1539 4468 sine
1574 4413 1729 4469 initio
1753 4427 1850 4482 ge-

273 4509 416 4572 nuit,
463 4505 951 4577 przedestinationis
999 4504 1193 4560 fratres
1247 4506 1573 4576 praeparavit
1623 4523 1636 4557 :
1695 4506 1852 4561 nobis

1957 3311 2378 3384 praedestinavit,
2431 3312 2557 3380 quia
2606 3319 2668 3364 ut
2695 3325 2795 3365 nos
2821 3309 3250 3380 praedestinamt,
3301 3310 3552 3379 gratuita

1954 3405 2111 3460 nobis
2139 3402 2387 3459 eﬁ'ectum
2417 3403 2658 3458 caritatis
2694 3402 2975 3473 impendit.
3017 3401 3420 3458 Pratdestinsvit
3447 3418 3548 3458 au-

1955 3505 2066 3552 tem
2096 3513 2189 3550 nos
2234 3496 2288 3550 in
2332 3495 2663 3564 adeptionem
2685 3495 2916 3566 ﬁliorum
2954 3511 3046 3566 per
3083 3494 3264 3550 Iesum
3289 3494 3552 3550 Christum

1954 3587 2010 3638 in
2040 3587 2210 3656 ipsum
2233 3583 2422 3656 (Ibid,
2455 3584 2532 3653 5),
2566 3599 2676 3639 non
2712 3586 3008 3641 secundum
3033 3586 3285 3640 meritum
3329 3594 3422 3640 aut
3453 3601 3548 3641 vo-

1956 3678 2182 3732 luntatis
2215 3685 2309 3731 aut
2337 3677 2674 3747 operationis
2705 3686 2926 3746 nostrae,
2968 3678 3066 3733 sed
3095 3678 3393 3734 secundum
3420 3694 3552 3750 pro-

1957 3773 2196 3841 positum
2237 3771 2532 3826 voluntatis
2566 3784 2694 3824 suae.
2738 3769 2806 3824 Et
2852 3770 3109 3839 quoniam
3157 3770 3324 3840 gratis
3363 3785 3395 3824 a
3433 3770 3548 3827 Deo

1955 3861 2098 3915 hanc
2137 3860 2486 3929 adoptionem
2536 3858 2768 3914 ﬁliorum
2811 3859 3142 3929 accepimus,
3181 3873 3214 3914 a
3241 3875 3350 3927 quo
3376 3862 3548 3929 gratis

1957 3951 2119 4006 electi
2157 3965 2364 4013 sumus,
2398 3959 2459 4005 ut
2485 3951 2659 4006 sancti
2683 3958 2739 4006 et
2772 3951 3101 4006 immaculati
3131 3965 3391 4016 essemus,
3424 3951 3548 4008 ideo

1956 4044 2011 4098 in
2042 4044 2126 4098 his
2157 4043 2406 4097 omnibus
2433 4042 2644 4098 laudem
2665 4042 2849 4111 gloriae
2868 4043 3054 4111 gratia:
3077 4041 3172 4098 Dei
3195 4043 3386 4098 beatus
3404 4041 3547 4098 Pau-
3572 4030 3598 4051 ⁰

1956 4136 2040 4191 lus
2070 4136 2304 4190 insinuat
2328 4152 2341 4188 :
2374 4143 2428 4190 ut
2468 4136 2645 4191 omnis
2671 4135 2763 4205 qui
2792 4133 3034 4203 ejusdem
3062 4134 3249 4203 gratim
3277 4133 3547 4190 illumina-

1957 4233 2048 4280 tur
2093 4239 2338 4289 munere,
2387 4234 2444 4281 et
2468 4241 2653 4281 verum
2683 4226 2868 4296 gratim
2893 4225 3096 4280 donum
3143 4241 3214 4280 ex
3240 4228 3544 4282 aeternitate

1954 4318 2446 4390 praedestinationis
2472 4319 2752 4388 intelligat,
2787 4325 2842 4372 et
2868 4325 3124 4374 aeternam
3146 4317 3243 4374 Dei
3273 4318 3547 4389 praedesti-

1957 4413 2233 4467 nationem
2260 4427 2327 4466 ex
2355 4412 2499 4467 dono
2521 4412 2706 4480 gratiae
2734 4410 2991 4481 spiritalis
3019 4419 3295 4481 agnoscat.
3567 4478 3574 4481 _

2029 4501 2081 4556 6.
2121 4502 2286 4571 Cujus
2312 4503 2801 4574 praedestinationis
2828 4503 2906 4556 ita
2941 4511 3127 4559 manet
3149 4510 3351 4557 aeterna
3380 4501 3533 4557 ﬁrmi-

273 4603 432 4670 gratis
478 4601 703 4668 gratiam
737 4615 1069 4669 praeparans,
1119 4601 1285 4667 gratis
1332 4601 1561 4668 gratiam
1610 4599 1847 4668 donans;
1876 4603 2040 4671 ptas
2085 4601 2141 4648 et
2189 4592 2341 4647 ﬁrma
2385 4593 2681 4658 aeternitas,
2733 4607 2840 4647 non
2877 4591 3052 4646 solum
3099 4591 3154 4646 in
3183 4591 3541 4662 dispositione

273 4711 401 4766 quos
417 4687 742 4762 justiﬁcaret
768 4690 972 4758 eligens
1029 4691 1082 4744 in
1112 4692 1228 4760 ipso
1258 4701 1384 4744 ante
1429 4690 1614 4745 mundi
1643 4693 1847 4748 consti-

273 4785 558 4849 tutionem,
593 4796 700 4836 non
747 4795 815 4835 ex
835 4781 1082 4835 humanis
1110 4781 1347 4848 meritis,
1373 4781 1465 4835 sed
1518 4796 1586 4834 ex
1614 4782 1846 4849 gratuito

274 4891 376 4934 suae
397 4872 678 4944 proposito
716 4871 1009 4926 voluntatis
1040 4888 1052 4924 :
1078 4872 1412 4926 voluntatem
1469 4888 1622 4926 suam
1652 4873 1848 4927 bonam

275 4965 468 5020 faciens
493 4977 714 5018 causam
746 4961 1145 5030 justiﬁcationis
1196 4975 1420 5027 nosme,
1455 4978 1560 5015 non
1584 4963 1850 5031 justitiam

276 5063 508 5111 nostram
554 5054 832 5108 inveniens
857 5068 1073 5108 causam
1101 5053 1394 5107 voluntatis
1435 5067 1565 5107 suae.
1597 5052 1852 5108 Testatur

173 5171 178 5174 ·
277 5148 410 5204 enim
434 5146 725 5218 Apostolus
748 5147 874 5216 quia
903 5147 1044 5201 Dens
1073 5146 1236 5214 elegit
1257 5159 1358 5200 nos
1397 5145 1449 5199 in
1478 5144 1694 5200 Christo
1723 5155 1852 5202 ante

278 5239 452 5296 mundi
483 5241 926 5295 constitutionem
949 5240 1164 5311 (Ep/tes.
1195 5255 1232 5304 ι,
1264 5237 1340 5308 εί).
1368 5238 1526 5293 Ειςυῑ
1545 5239 1853 5294 ostenderet

279 5350 366 5391 nos
387 5349 495 5389 non
526 5349 592 5388 ex
621 5333 874 5404 operibus
902 5333 1026 5401 eligi
1053 5334 1336 5400 meruisse,
1363 5332 1458 5387 sed
1481 5347 1546 5386 ex
1572 5332 1854 5388 electionis

281 5426 412 5482 dono
439 5425 579 5480 bona
604 5424 793 5478 merita
823 5424 1146 5493 percepisse,
1171 5423 1428 5478 continuo
1449 5421 1745 5490 subjunxit,
1769 5421 1854 5477 di-

283 5533 398 5573 cens
429 5535 441 5570 :
470 5515 544 5570 Ut
559 5531 783 5569 essemus
826 5516 993 5568 sancti
1031 5523 1082 5568 et
1122 5516 1444 5570 immaculati
1489 5515 1544 5567 in
1573 5522 1856 5582 conspectu

279 5611 380 5681 ejus
411 5607 676 5680 (Ibidem).
709 5606 833 5662 Haec
856 5607 1046 5661 electio
1077 5607 1174 5662 fuit
1202 5610 1254 5663 in
1286 5616 1489 5663 (eterna
1523 5606 1614 5661 Dei
1641 5620 1853 5675 pracpa-

287 5701 501 5764 ralione,
527 5715 646 5768 quae
687 5715 782 5769 per
807 5698 924 5768 ejus
971 5701 1196 5766 gratiam
1228 5702 1574 5774 perﬁceretur
1624 5698 1674 5752 in
1719 5705 1856 5752 tem-

348 5894 368 5919 "
391 5883 446 5937 ln
480 5883 686 5938 duobus
716 5899 844 5941 mss.
892 5881 1100 5938 additur
1128 5887 1235 5961 hic,
1270 5885 1391 5958 quia
1422 5877 1595 5932 voluit.

1955 4701 2205 4757 Operum,
2233 4701 2420 4740 verum
2449 4685 2612 4739 etiam
2641 4685 2694 4739 in
2724 4698 2952 4740 numero
2976 4698 3351 4754 personarum,
3376 4683 3545 4755 484,
3575 4664 3588 4679 ’

1958 4791 2018 4837 ut
2056 4798 2157 4838 nec
2184 4783 2252 4836 de
2294 4781 2438 4836 illius
2466 4780 2674 4835 numeri
2703 4780 3036 4850 plenitudine
3063 4779 3330 4850 quispiam
3358 4780 3545 4836 salutis

1957 4882 2175 4928 :eternae
2221 4872 2449 4940 gratiam
2495 4870 2727 4939 perdat,
2785 4886 2885 4926 nec
2929 4879 3084 4924 extra
3138 4869 3283 4924 illius
3333 4870 3544 4924 numeri

1958 4963 2312 5033 quantitatem
2339 4962 2405 5016 ad
2429 4961 2629 5017 donum
2655 4961 2845 5017 salutis
2861 4967 3077 5016 satorum
3099 4962 3398 5031 perveniat.
3431 4961 3544 5016 Deo

1960 5055 2126 5122 enim,
2156 5053 2246 5124 qui
2278 5053 2381 5109 scit
2407 5054 2590 5107 omnia
2620 5062 2908 5122 antequam
2939 5052 3091 5115 ﬁant,
3121 5053 3201 5107 sic
3225 5067 3334 5107 non
3361 5058 3444 5105 est
3470 5051 3547 5105 in-

1958 5153 2138 5203 certus
2166 5143 2662 5215 praedestinatorum
2691 5157 2967 5207 numerus,
2994 5143 3134 5198 sicut
3160 5141 3543 5210 dispositorum

1960 5252 2185 5308 operum
2231 5234 2425 5291 dubius
2471 5234 2612 5304 apud
2662 5249 2787 5290 eum
2833 5248 2942 5288 non
2984 5232 3251 5288 invenitur
3295 5230 3540 5288 effectus.

1962 5328 2118 5401 Apud
2143 5343 2204 5384 se
2231 5328 2394 5383 habet
2422 5326 2781 5383 certissimum
2822 5335 3105 5378 numerum
3136 5315 3543 5393 praedestinatoo

1961 5437 2084 5478 rum
2117 5421 2208 5476 ille
2239 5421 2331 5490 qui
2369 5434 2465 5475 eos
2505 5419 2559 5473 in
2587 5416 2938 5486 adoptionem
2978 5412 3212 5492 ﬁliorum
3254 5429 3352 5484 per
3385 5412 3546 5470 Chl-1.

1957 5520 2099 5567 stum
2130 5508 2570 5580 praedestinavit:
2607 5507 2734 5576 quia
2772 5507 2827 5561 in
2867 5519 3120 5561 mensura
3149 5514 3206 5560 et
3232 5519 3459 5562 numero
3487 5513 3546 5561 et

1958 5601 2199 5672 pondere
2239 5608 2433 5654 cuncta
2465 5596 2730 5667 disposuit
2759 5595 2912 5667 (Sap.
2954 5612 3026 5659 x1,
3059 5593 3173 5664 21).
3214 5594 3364 5666 Ipsos
3397 5595 3541 5650 enim

1959 5696 2206 5766 promisit
2246 5694 2471 5748 Abrahae
2511 5692 2730 5746 dicens:
2777 5690 2994 5762 Respice
3020 5693 3074 5748 in
3113 5692 3312 5757 caelum,
3362 5701 3410 5747 et
3445 5707 3544 5746 nu-

2029 5876 2056 5915 δ
2079 5876 2205 5931 Mss.
2237 5875 2362 5938 duo,
2394 5873 2486 5928 hoc
2516 5872 2659 5927 nobis
2689 5875 2940 5927 satianter
2971 5871 3256 5926 inculcans.
