4130 6458
573 327 681 384 655

1537 348 1546 352 -
1611 325 1668 381 S.
1709 323 2072 382 FULGF-NTII
2111 321 2420 381 EPISCOPI
2450 321 2826 380 RllSPENSlS
3726 327 3811 386 65(-

573 455 717 497 mera
741 438 942 503 stellas,
983 438 1028 492 si
1061 447 1205 508 potes
1235 438 1565 492 dinumerare
1592 454 1720 504 eas;
1770 447 1818 492 et
1845 439 2018 492 dixit:
2045 437 2161 513 ,εἰσ
2189 445 2235 501 Α
2268 445 2326 491 ιιι
2349 438 2594 493 homines
2624 436 3013 507 justiﬁeentur,
3063 449 3118 492 et
3159 437 3299 494 bene
3345 439 3545 507 vivant,
3588 447 3637 496 et
3676 444 3813 501 vitam

570 534 672 589 erit
697 548 867 586 semen
893 539 1058 584 tuum.
1103 529 1173 584 Et
1194 531 1412 586 credidit
1439 529 1702 585 Abraham
1725 529 1855 594 Dm,
1882 541 1930 585 et
1952 539 2164 601 reputa-

572 635 679 679 tum
706 633 782 678 est
811 624 856 676 ei
887 624 955 675 ad
974 623 1236 692 justitiam
1260 621 1469 693 (Cenes.
1506 638 1595 691 xv,
1629 621 1704 693 5).
1739 623 1814 677 De
1849 623 1933 678 his
1961 623 2164 678 dicitur

568 715 778 771 Danieli
809 715 1089 785 propltetzn
1117 732 1128 766 :
1173 712 1242 765 Et
1271 715 1322 767 in
1357 723 1582 782 tempore
1608 715 1702 769 illo
1730 715 1900 770 salvus
1939 716 2037 769 erit
2067 733 2163 785 po-

568 807 722 880 pulus
749 815 862 860 tuus
893 805 1061 860 omnis
1090 805 1174 874 qui
1201 804 1488 858 invenietur
1518 806 1739 875 scriptus
1761 807 1814 860 in
1838 805 1970 860 libro
1997 805 2163 875 (Dan.

569 914 666 964 xu,
700 896 775 968 1).
812 896 949 966 Ipsis
994 895 1180 964 utique
1230 892 1480 948 Salvator
1517 905 1700 950 noster
1740 896 1853 950 ait:
1908 895 2161 961 Gaudete,

569 990 692 1062 quia
713 989 929 1044 nomina
955 997 1123 1042 vestra
1152 989 1348 1059 scripta
1374 996 1493 1041 sunt
1513 987 1568 1042 in
1598 989 1740 1043 cwlis
1774 987 1927 1059 (Luc.
1950 1006 2006 1058 x,
2037 989 2152 1060 ΞΟ).

546 1082 649 1136 'De
680 1081 763 1136 his
792 1081 844 1134 in
876 1079 1014 1135 libro
1043 1080 1215 1135 sancti
1245 1079 1480 1136 Danielis
1508 1080 1738 1136 dicitur:
1785 1080 1886 1145 Qui
1916 1082 1985 1135 ad
2006 1083 2167 1153 justi-

570 1175 701 1245 tiam
729 1174 975 1228 erudiunt
1002 1173 1212 1238 multos,
1245 1172 1517 1244 fulgebunt
1547 1173 1693 1245 quasi
1722 1173 1886 1228 stellte
1910 1175 1962 1228 in
1983 1191 2170 1245 perpe-

570 1277 687 1321 tuas
719 1267 1032 1322 azternitates
1065 1265 1228 1335 (Dan.
1259 1282 1353 1331 xu,
1384 1266 1460 1336 5).
1497 1265 1590 1321 lsli
1617 1267 1933 1336 spiritaliter
1964 1267 2166 1322 intelli-

570 1366 774 1429 guntur
822 1359 876 1412 in
904 1357 1112 1428 psalmo
1148 1357 1238 1410 ubi
1267 1356 1462 1411 dicitur
1497 1356 1564 1411 de
1593 1357 1705 1430 Deo
1734 1375 1745 1409 :
1799 1355 1900 1421 Qui
1930 1368 2168 1412 numerat

569 1451 954 1507 multitudinem
991 1450 1284 1516 stellarum,
1320 1459 1370 1503 et
1405 1449 1640 1503 omnibus
1671 1450 1746 1503 eis
1784 1450 1998 1504 nomina
2021 1459 2169 1504 vocat

571 1543 746 1615 (Psal.
781 1558 958 1607 cxcvi,
990 1541 1066 1612 4).
1100 1539 1336 1596 Proinde
1366 1541 1458 1610 qui
1487 1548 1736 1595 numerat
1765 1541 2168 1596 multitudinem

570 1639 853 1694 stellarum
885 1651 993 1692 non
1023 1642 1206 1706 potest
1237 1649 1455 1690 suorum
1487 1633 1737 1704 ignorare
1779 1649 2061 1689 numerum
2100 1633 2166 1686 li-

570 1730 789 1794 liorem.

2270 541 2527 588 mternam
2569 547 2667 602 pro
2713 539 2861 588 recte
2904 531 3057 587 factis
3104 532 3388 602 accipiant.
3420 531 3542 604 ideo
3589 543 3748 589 autem
3771 548 3816 592 et

2271 624 2387 693 ipsa
2408 623 2516 676 vita
2538 631 2758 687 aeterna,
2780 622 2950 691 gratia
2973 621 3067 676 Dei
3094 622 3162 676 ab
3183 621 3443 692 Apostolo
3465 622 3648 677 dicitur
3667 624 3812 696 (Rom.

2270 732 2344 782 vr,
2375 715 2492 784 25),
2523 715 2646 785 quia
2692 714 2860 783 gratis
2890 713 3200 768 hominibus
3229 714 3336 768 vita
3382 714 3522 768 bona
3552 714 3721 781 datur,
3748 717 3816 772 'cui

2266 807 2410 878 juste
2439 808 2549 862 vita
2589 815 2792 862 aeterna
2820 805 3097 862 reddatur.
3149 804 3476 877 Praeparavit
3509 816 3674 862 autem
3701 807 3818 865 Deus

2275 900 2436 955 etiam
2472 898 2626 953 malis
2655 898 2834 966 ignem
2863 905 3124 952 aeternum
3151 915 3164 950 :
3199 897 3303 953 illis
3340 896 3525 968 utique
3554 913 3680 968 quos
3700 899 3818 968 juste

2273 989 2602 1062 praeparavit
2631 989 2696 1043 ad
2727 988 2918 1043 luenda
2963 987 3246 1058 supplicia,
3297 1004 3397 1043 nec
3439 997 3610 1044 tamen
3643 991 3815 1060 praede-

2275 1082 2497 1138 stinavit
2537 1080 2606 1135 ad
2655 1080 2898 1136 facienda
2944 1088 3186 1151 peccata.
3253 1079 3653 1135 Prmdestinavit
3699 1083 3817 1136 enim

2272 1177 2416 1233 Deus
2437 1175 2580 1245 quod
2602 1175 2781 1230 divina
2805 1175 3030 1244 aequitas
3059 1174 3330 1242 redderet,
3361 1189 3467 1228 non
3490 1173 3627 1243 quod
3649 1175 3815 1244 iniqui-

2273 1278 2359 1339 tas
2388 1270 2622 1324 bumana
2669 1268 2997 1324 admitteret.
3031 1266 3443 1324 Prmdestinavit
3489 1283 3613 1338 ergo
3650 1269 3819 1322 homini

2272 1375 2370 1417 reo
2401 1376 2506 1415 non
2538 1360 2749 1430 culpam
2780 1374 2942 1429 quam
2972 1358 3105 1424 odit,
3151 1359 3246 1413 sed
3269 1359 3526 1426 judicium
3555 1358 3686 1427 quod
3723 1358 3819 1413 dili-

2273 1454 2371 1524 git.
2405 1452 2674 1524 Scriptum
2705 1461 2790 1508 est
2817 1453 2960 1508 enim
2998 1454 3122 1524 quia
3163 1454 3334 1525 diligit
3371 1454 3750 1508 misericordiam
3782 1466 3819 1508 et

2264 1544 2523 1617 judicium
2547 1542 2719 1615 (Psal.
2747 1559 2913 1609 χχχιι,
2939 1541 2992 1614 5)
3017 1543 3295 1598 Dominus.
3329 1542 3398 1596 Et
3421 1543 3538 1598 ideo
3560 1559 3658 1597 non
3678 1543 3817 1596 solum

2271 1637 2553 1706 originale,
2605 1652 2794 1691 verum
2835 1638 2997 1691 etiam
3043 1653 3204 1692 omne
3249 1636 3461 1691 actuale
3502 1645 3752 1707 peccatum
3778 1637 3819 1689 in

2269 1729 2425 1784 malis
2455 1729 2740 1800 puniturus
2779 1736 2864 1784 est
2892 1729 3034 1783 Deus
3058 1768 3074 1794 ,
3125 1729 3251 1800 quia
3281 1729 3440 1784 malis
3471 1729 3705 1799 operibus
3739 1744 3816 1784 nec

614 1866 616 1868 τ
642 1807 773 1880 Crte.
803 1839 856 1877 v.
880 1855 953 1865 --
981 1822 1031 1876 7.
1062 1820 1143 1875 Illi
1171 1835 1302 1891 ergo
1329 1834 1554 1876 numero
1580 1833 1680 1875 nec
1708 1818 1903 1890 aliquis
1925 1817 2162 1884 additur,
2198 1831 2247 1892 Β
2273 1820 2478 1892 praebet
2507 1820 2737 1886 initium,
2781 1835 2883 1875 nec
2921 1819 3141 1875 adhibet
3183 1821 3474 1891 aliquando
3519 1835 3816 1876 consensum.

572 1934 676 1976 nec
698 1917 892 1989 aliquis
919 1916 1153 1971 demitur
1182 1925 1207 1952 ιι
1234 1932 1248 1981 ;
1279 1915 1403 1985 quia
1426 1913 1570 1970 idem
1593 1929 1853 1969 numerus
1874 1913 2170 1969 secundum

571 2005 912 2085 propositum
944 2009 1039 2064 Dei
1082 2009 1514 2080 praedestinantis
1547 2008 1820 2079 impletur.
1859 2007 1991 2062 Nam
2043 2007 2170 2077 quia

575 2103 876 2160 secundum
915 2101 1252 2171 propositum
1283 2100 1576 2156 voluntatis
1621 2115 1732 2155 sua:
1781 2098 1924 2154 Deus
1953 2105 2172 2153 sanctos

577 2211 710 2253 suos
737 2193 1160 2265 prmdestinavit,
1185 2192 1252 2246 de
1291 2207 1399 2261 quo
1420 2192 1678 2260 scriptum
1707 2199 1813 2258 est,
1844 2191 1968 2261 quia
1997 2191 2172 2245 omnia

575 2305 892 2363 quaecunque
917 2288 1095 2352 voluit,
1122 2287 1242 2359 fecit
1275 2285 1448 2356 (Psal.
1481 2300 1629 2350 cxru,
1660 2284 1752 2354 '5);
1785 2284 1858 2338 ita
1887 2299 2047 2338 nemo
2075 2299 2171 2354 po-

475 2378 480 2384 ’
574 2388 684 2438 test
713 2379 830 2449 ejus
858 2387 1069 2433 mutare
1095 2375 1662 2448 prmdestinationem,‘
1695 2375 1833 2429 sicut
1860 2374 2039 2428 nullus
2068 2389 2172 2444 po-

575 2482 686 2529 test
729 2471 847 2540 ejus
874 2471 1091 2525 vincere
1133 2469 1485 2523 voluntatem.
1533 2466 1690 2534 Quod
1721 2466 1765 2520 si
1797 2481 2054 2520 numerus
2083 2465 2173 2520 ille

581 2572 763 2620 certus
789 2577 899 2616 non
931 2570 1015 2614 est
1040 2559 1180 2629 apud
1217 2558 1415 2622 Deum,
1459 2566 1552 2611 aut
1580 2557 1759 2611 divina
1789 2557 2015 2611 scientia
2044 2555 2176 2610 falli-

579 2664 692 2724 tur,
723 2633 816 2710 a.ut
857 2653 1107 2709 voluntas
1146 2651 1328 2706 divina
1379 2659 1638 2714 mutatur,
1669 2658 1761 2704 aut
1790 2649 1971 2704 divina
2002 2650 2174 2704 virtus

581 2747 907 2802 adversitate
943 2744 1183 2813 qualibet
1211 2751 1515 2813 superatur.
1558 2741 1713 2808 Quod
1753 2743 1800 2796 si
1835 2741 2035 2812 aliquid
2067 2742 2172 2797 ho-

579 2855 703 2895 rum
725 2838 825 2894 soli
854 2844 1084 2908 possunt
1111 2834 1260 2905 impii
1290 2834 1499 2899 dicere,
1534 2843 1628 2888 aut
1668 2831 1807 2888 forte
1847 2849 1950 2888 nec
1979 2833 2175 2904 impius

583 2929 782 2999 aliquis
811 2927 982 2982 audet
1007 2927 1199 2981 horum
1229 2925 1410 2987 dicere
1437 2925 1642 2995 aliquid
1667 2967 1679 2982 .
1735 2941 1894 2980 nemo
1938 2925 2173 2980 divinam

581 3023 1114 3096 praedestinationem
1165 3027 1360 3089 neget:
1415 3019 1850 3090 quandoquidem
1905 3018 2047 3072 illius
2076 3017 2174 3072 Dei

487 3163 503 3181 .
583 3116 989 3189 prmdestinatio
1018 3129 1144 3168 vera
1174 3128 1395 3183 prorsus
1423 3113 1702 3174 asseritur,
1747 3111 1897 3180 cuius
1924 3118 1979 3165 et
2004 3110 2176 3165 scien-

2277 1912 2416 1967 Mala
2447 1913 2628 1983 itaque
2675 1927 2839 1984 opera
2867 1929 2976 1968 non
3008 1913 3225 1984 placent
3252 1912 3390 1978 Deo,
3442 1915 3563 1982 quia
3594 1930 3689 1968 non
3720 1921 3818 1968 sunt

2276 2005 2345 2060 ab
2366 2019 2452 2060 eo.
2487 2003 2618 2058 Nam
2640 2004 2684 2059 si
2711 2004 2779 2058 ab
2811 2005 2929 2076 ipso
2959 2014 3160 2071 essent,
3194 2006 3338 2060 mala
3366 2023 3473 2060 non
3501 2015 3687 2062 essent.
3709 2004 3818 2060 Pro-

2278 2100 2403 2155 inde
2431 2100 2573 2154 bona
2603 2116 2770 2171 opera
2797 2117 2917 2170 qua:
2948 2102 3092 2158 Deus
3117 2102 3540 2158 misericorditer
3567 2103 3730 2168 donat,
3751 2102 3818 2170 ju-

2276 2200 2359 2248 ste
2383 2203 2612 2248 coronat
2637 2211 2652 2259 ;
2698 2209 2862 2264 opera
2892 2209 3021 2250 vero
3049 2211 3168 2265 qua:
3197 2195 3312 2264 ipse
3347 2212 3454 2250 non
3485 2196 3675 2259 tribuit,
3708 2195 3821 2264 juste

2276 2285 2430 2355 punit
2457 2302 2468 2337 :
2496 2284 2549 2337 in
2575 2284 2690 2339 istis
2719 2291 3010 2340 coronatur
3031 2284 3210 2340 divina
3240 2286 3479 2353 largitio,
3523 2287 3573 2340 in
3618 2286 3708 2340 illis
3745 2277 3820 2338 au:

2280 2383 2389 2429 tem
2436 2374 2723 2430 damnatur
2750 2376 2984 2431 humana
3035 2378 3418 2447 transgressio.
3474 2376 3638 2432 Homo
3676 2377 3820 2445 itaque

2278 2468 2411 2524 illud
2440 2469 2604 2524 habet
2631 2469 2919 2524 salubriter
2945 2469 3090 2539 quod
3141 2471 3418 2540 acceperit
3461 2485 3492 2523 a
3538 2469 3676 2532 Deo;
3720 2464 3819 2520 illud

2277 2560 2583 2630 perniciose
2611 2560 2756 2632 quod
2785 2561 3035 2616 habuerit
3063 2576 3130 2616 ex
3163 2562 3371 2632 seipso.

2349 2653 2478 2708 CAP.
2509 2670 2583 2708 vr.
2613 2685 2685 2695 —
2712 2653 2764 2708 9.
2810 2651 3110 2708 Pessimum
3139 2661 3222 2708 est
3249 2662 3436 2709 autem
3467 2653 3636 2709 dicere
3661 2651 3763 2722 quia
3785 2650 3820 2704 si

2279 2753 2361 2800 est
2389 2744 2808 2815 pnedestinatio,
2858 2760 2968 2799 non
2991 2743 3252 2800 debemus
3281 2760 3447 2800 orare
3477 2760 3577 2800 nec
3617 2743 3816 2811 vigilare,

2278 2836 2376 2892 sed
2407 2835 2586 2892 facere
2615 2852 2804 2892 omnes
2851 2836 3158 2893 voluntates
3201 2839 3408 2902 carnis,
3458 2853 3523 2893 eo
3568 2836 3695 2906 quod
3730 2834 3819 2903 jam

2277 2930 2650 3003 prmdestinati
2679 2931 2956 2989 fuerimus.
2999 2931 3133 2988 Cum
3185 2933 3380 3004 utique
3421 2933 3510 2987 illa
3551 2931 3818 3001 gratiaque

2279 3024 2435 3079 nobis
2463 3024 2642 3078 divina
2673 3024 3148 3094 prmdestinatione
3176 3024 3276 3079 fuit
3306 3032 3626 3096 prmparata,
3655 3022 3714 3077 ad
3739 3021 3820 3074 hoc

2279 3115 2538 3170 divinitus
2567 3117 2722 3171 nobis
2746 3117 2903 3172 detur
2930 3126 2989 3171 ut
3016 3117 3297 3186 vigilemus
3331 3129 3389 3173 et
3416 3133 3649 3184 oremus,
3676 3122 3720 3172 et
3747 3115 3820 3168 sio-

584 3211 661 3266 tia
694 3207 1202 3279 irreprebensibilis,
1238 3214 1293 3260 et
1333 3205 1582 3259 voluntas
1617 3203 2089 3268 incommutabilis,
2120 3210 2176 3256 et
2199 3218 2248 3283 ο
2278 3217 2334 3261 ut
2363 3210 2418 3261 in
2448 3208 2530 3262 die
2558 3209 2771 3263 honeste
2812 3207 3148 3277 ambulemus,
3181 3225 3284 3264 non
3328 3212 3386 3265 in
3415 3204 3818 3265 comessationibiu

581 3303 752 3357 virtus
778 3298 1152 3369 insuperabilis
1198 3296 1486 3350 invenitur.
1529 3284 1609 3349 Ad
1653 3295 1793 3348 hanc
1819 3292 2171 3364 prmdeslina—

582 3381 788 3452 tionem
817 3395 1069 3465 pertinet,
1101 3399 1156 3446 et
1185 3387 1747 3459 gratuitajustilicatio
1770 3385 2170 3456 Redemptoris,

583 3499 640 3546 et
660 3488 804 3557 justa
832 3487 1064 3542 redditio
1093 3483 1316 3539 Iudicis.
1359 3483 1438 3538 Ad
1469 3483 1609 3537 hanc
1638 3480 2173 3551 prmdestinationem

584 3581 824 3652 pertinet
862 3576 1230 3633 misericordia
1277 3590 1438 3644 quam
1494 3572 1690 3630 Paulus
1733 3580 2054 3629 consecutus
2091 3580 2176 3628 est

581 3678 643 3724 ut
685 3669 861 3730 ﬁdelis
905 3680 1048 3724 esset
1079 3665 1129 3738 (Ι
1175 3665 1295 3720 Cor.
1331 3682 1419 3730 vn,
1451 3660 1564 3736 25),
1615 3673 1671 3719 et
1700 3678 1903 3719 corona
1931 3663 2168 3731 justitite,

579 3776 744 3834 quam
773 3758 967 3814 reddet
994 3759 1044 3812 ei
1074 3756 1332 3812 Dominus
1355 3757 1407 3810 in
1431 3755 1520 3810 illa
1542 3754 1820 3824 diejustus
1835 3754 2030 3824 judex:
2063 3769 2171 3810 non

579 3856 754 3920 solum
784 3864 964 3910 autem
1017 3851 1206 3915 Paulo,
1260 3851 1356 3906 sed
1408 3859 1464 3906 et
1509 3850 1758 3905 omnibus
1804 3851 1895 3919 qui
1945 3848 2173 3916 diligunt

581 3950 870 4005 adventum
892 3946 1008 4016 ejus
1029 3945 1082 4017 (1
1089 3944 1117 3999 Ι
1138 3944 1271 4000 Tim.
1292 3960 1364 4009 tv,
1389 3941 1681 4014 8).'Omnes
1705 3943 1848 3996 enim
1871 3957 2007 4012 quos
2031 3941 2173 3996 Deus

578 4038 983 4112 praedestinavit
1021 4037 1074 4091 in
1105 4035 1472 4106 adoptionem,
1505 4034 1670 4102 gratis
1698 4033 1788 4089 hic
1815 4032 2174 4102 justilieantur

579 4147 650 4188 ex
676 4131 872 4200 impiis,
897 4129 1023 4198 quia
1053 4127 1290 4182 Christus
1315 4145 1408 4199 pro
1432 4127 1603 4197 impiis
1632 4135 1862 4180 mortuus
1889 4134 1966 4179 est
1991 4125 2168 4196 (Rom.

579 4239 637 4290 v,
654 4221 708 4300 6)
730 4239 745 4287 ;
767 4232 841 4287 et,
868 4237 1042 4276 omnes
1065 4227 1420 4291 peccaverunt,
1448 4227 1658 4289 etegent
1681 4219 1848 4288 gloria
1878 4217 1994 4283 Dei,
2007 4219 2170 4289 justi-

580 4314 725 4386 ﬁcati
747 4314 910 4384 gratis
935 4311 961 4350 ι’
984 4328 1079 4382 per
1093 4313 1317 4382 gratiam
1333 4311 1496 4381 ipsius
1522 4309 1701 4379 (Rom.
1730 4327 1808 4376 ιιι,
1828 4310 1940 4378 ‘25).
1967 4310 2172 4376 Quibus

580 4406 722 4460 sicut
752 4400 847 4473 p‘er
885 4401 1307 4458 misericordiam
1338 4401 1660 4471 praeparavit
1688 4401 1980 4469 gratuitum
2011 4401 2170 4470 justi-

582 4495 855 4552 ticationis
878 4494 1100 4556 donum,
1129 4493 1203 4548 ita
1232 4508 1329 4562 per
1364 4492 1626 4561 justitiam
1657 4494 1977 4563 prmparavit
2004 4503 2166 4550 mter-

2277 3308 2327 3353 et
2353 3299 2700 3366 ebrietatibus,
2727 3316 2830 3354 non
2859 3301 2912 3354 in
2943 3298 3193 3355 cubilibus
3219 3311 3269 3355 et
3289 3301 3638 3372 impudicitiis,
3670 3315 3752 3352 non
3777 3297 3818 3349 in

2277 3394 2605 3448 contentione
2641 3403 2690 3447 et
2717 3394 3088 3458 aemulatione;
3131 3394 3220 3448 sed
3262 3394 3550 3450 induamur
3589 3394 3816 3447 Dominum

2275 3483 2456 3540 Iesum
2499 3483 2780 3549 Christum,
2833 3495 2882 3538 et
2924 3488 3096 3540 carnis
3142 3503 3326 3541 curam
3367 3505 3472 3542 non
3510 3485 3742 3542 faciamus
3771 3481 3814 3535 in

2278 3576 2546 3631 desideri-is
2597 3575 2774 3649 (Rom.
2830 3593 2952 3643 xm,
2984 3576 3072 3641 15,
3106 3577 3214 3648 Η).
3260 3577 3544 3646 Quomodo
3574 3579 3701 3634 enim
3724 3572 3814 3628 ﬁeri

2276 3679 2459 3740 potest
2486 3678 2544 3724 ut
2567 3671 2792 3740 gratiam
2815 3671 3044 3741 quisque
3086 3673 3337 3744 accipiat,
3375 3683 3431 3729 et
3459 3688 3618 3744 Opera
3643 3669 3810 3741 gratim.

2276 3763 2391 3832 ipsa
2422 3763 2593 3831 gratia
2623 3763 2679 3818 in
2700 3779 2759 3818 se
2781 3772 3064 3834 operante,
3097 3781 3204 3820 non
3227 3766 3433 3821 faciat?
3461 3765 3636 3822 Gratia
3655 3764 3816 3833 quippe

2275 3867 2375 3923 per
2408 3852 2669 3924 Spiritum
2697 3862 2944 3909 sanctum
2970 3855 3129 3910 datur
3153 3874 3166 3923 ;
3209 3859 3410 3928 [ructus
3440 3868 3605 3913 autem
3629 3854 3816 3926 Spiritus

2275 3953 2353 3998 est
2381 3946 2902 4018 caritas,,gaudium,
2937 3962 3064 4018 pax,
3095 3947 3492 4019 longanimitas,
3522 3949 3723 4010 bonitas,
3750 3945 3817 3997 be-

2277 4037 2525 4108 nignitas,
2558 4038 2708 4109 ﬁdes,
2736 4039 3008 4106 modestia,
3034 4040 3358 4095 continentia
3382 4040 3520 4114 (Cal.
3552 4057 3602 4108 v,
3621 4037 3699 4108 22,
3724 4034 3814 4104 23).

2275 4128 2406 4195 Quis
2446 4130 2609 4197 igitur
2648 4140 2871 4202 accepta
2898 4133 3070 4187 sancti
3098 4131 3333 4203 Spiritus
3375 4136 3545 4203 gratia
3581 4149 3678 4188 non
3703 4136 3813 4192 oret,

2274 4236 2383 4275 non
2430 4222 2634 4292 vigilet,
2684 4238 2792 4278 non
2847 4224 3302 4295 concupiscentiis
3349 4225 3643 4282 carnalibus
3682 4220 3817 4292 ipsius

2275 4311 2528 4381 suffragio
2555 4315 2740 4383 gratia:
2768 4323 2931 4385 atque
2954 4315 3231 4386 juvamine
3257 4318 3563 4388 repugnet?
3587 4313 3707 4370 Cum
3731 4309 3816 4365 uti-

2273 4421 2380 4474 que
2411 4405 2660 4463 Salvator
2697 4417 2882 4464 noster
2918 4409 3142 4478 vigilare
3179 4416 3234 4465 et
3271 4426 3432 4466 orare
3461 4425 3558 4464 nos
3585 4402 3816 4478 principia!

2276 4497 2490 4568 (Matth.
2523 4515 2670 4566 xxvr,
2718 4500 2830 4571 M),
2883 4509 2939 4557 et
2987 4501 3176 4558 beatus
3215 4500 3418 4557 Paulus
3467 4508 3677 4556 testetur
3715 4493 3816 4566 quia

580 4606 665 4647 na:
690 4587 1090 4660 justilicationis
1119 4598 1140 4624 ο
1174 4587 1475 4656 praemium.
1518 4585 1664 4657 Opus
1694 4587 1875 4655 itaque
1903 4588 2088 4655 gratia:
2113 4588 2168 4642 in
2199 4606 2248 4664 ι)
2271 4592 2356 4664 qui
2398 4601 2518 4645 sunt
2547 4591 2739 4647 Christi
2766 4610 2976 4650 carnem
3003 4612 3152 4650 suam
3181 4597 3549 4666 cruci/iurant
3576 4609 3681 4647 cum
3707 4585 3816 4644 vitiis

581 4683 830 4739 omnibus
849 4680 1243 4753 praedestinatis
1271 4679 1504 4748 gratuita
1531 4679 1899 4744 misericordia
1949 4680 2171 4736 inchoa-

580 4785 688 4840 tur,
721 4783 776 4830 et
799 4775 942 4844 justa
969 4772 1324 4829 retributione
1349 4771 1644 4842 perﬁcitur.

651 4866 706 4920 8.
747 4865 1158 4920 Praedestinavit
1204 4879 1334 4934 ergo
1377 4863 1520 4920 Deus
1565 4873 1786 4921 sanctos
1825 4881 1974 4932 suos,
2022 4874 2078 4921 et
2102 4866 2170 4920 ad

579 4959 808 5029 gratiam
858 4958 982 5013 vita:
1035 4957 1228 5023 bonde,
1275 4966 1333 5012 et
1381 4957 1448 5013 ad
1489 4959 1713 5028 gratiam
1759 4959 1884 5014 vitm
1930 4967 2166 5015 telorum.

578 5049 606 5088 ἀ
625 5050 810 5106 Gratia
825 5064 956 5120 ergo
972 5046 1071 5103 Dei
1092 5050 1196 5103 vita
1212 5057 1405 5104 aeterna
1429 5050 1482 5102 in
1504 5047 1708 5106 Christo
1727 5048 1890 5120 485
1914 5048 2038 5103 Jesu
2057 5047 2168 5105 Do-

577 5145 718 5198 mino
741 5150 938 5198 nostro.
964 5139 1107 5210 Ergo
1127 5156 1225 5212 per
1246 5141 1474 5210 gratiam
1498 5139 1594 5195 Dei
1612 5139 1973 5209 justiﬁcantur
2000 5141 2168 5212 impii,

576 5243 657 5300 ut,
683 5235 1014 5303 abnegantes
1040 5234 1374 5304 impietatem
1403 5241 1458 5288 et
1479 5232 1758 5289 saecularia
1775 5232 2060 5300 desideria,
2091 5249 2174 5290 so-

576 5326 716 5391 brie,
746 5334 802 5381 et
824 5325 988 5395 juste,
1021 5335 1078 5381 et
1105 5327 1195 5396 pie
1223 5325 1408 5381 vivant
1436 5326 1491 5381 in
1514 5325 1619 5381 hoc
1645 5325 1871 5392 saeculo;
1898 5335 1955 5380 et
1983 5334 2060 5394 ut,
2080 5325 2169 5396 ju-

578 5417 791 5473 stilicati
821 5418 992 5486 gratia
1031 5417 1220 5488 ipsius,
1261 5417 1504 5473 hmredes
1543 5418 1650 5472 sint
1678 5418 1975 5474 secundum
2016 5435 2168 5491 spem

577 5511 702 5564 vitae
728 5517 966 5566 aeternae.
995 5507 1360 5581 Praeparatam
1387 5522 1517 5580 ergo
1554 5509 1784 5579 gratiam
1811 5509 1977 5567 donat
2005 5511 2163 5579 Deus,

651 5726 676 5755 ⁸
708 5716 835 5778 Mss.
868 5716 996 5784 duo,
1023 5718 1498 5789 diminuiturrtum
1527 5717 1729 5772 addunt
1753 5718 1874 5789 quia
1902 5719 2037 5772 idem
2075 5733 2164 5772 nu-

577 5805 748 5843 merus
776 5830 788 5843 .
817 5829 831 5845 .
860 5829 872 5841 .
902 5789 970 5846 ad
997 5790 1113 5848 haec
1139 5791 1326 5861 verba,
1351 5787 1493 5846 Nam
1520 5790 1661 5862 quia,
1691 5787 1809 5861 quie
1838 5805 1945 5847 non
1976 5791 2165 5860 legun-

579 5867 664 5921 tur
690 5859 745 5917 in
771 5859 893 5927 add.
1318 5872 1319 5879 ‘

2271 4693 2322 4737 et
2351 4685 2778 4761 concupiscentiis
2810 4683 3009 4756 (Galat.
3041 4704 3102 4752 v,
3132 4686 3245 4759 24).

2347 4773 2433 4829 10.
2469 4775 2600 4831 Tale
2628 4785 2712 4832 est
2732 4785 2914 4832 autem
2941 4779 2988 4834 si
3016 4779 3136 4848 quis
3154 4779 3298 4835 dicat
3323 4797 3337 4833 :
3372 4779 3430 4835 Si
3453 4775 3816 4850 puedestinatus

2273 4875 2358 4921 est
2385 4866 2572 4934 homo,
2623 4883 2726 4923 nec
2753 4884 2911 4924 orare
2957 4870 3140 4938 debet,
3194 4886 3296 4926 nec
3322 4872 3565 4940 vigilare,
3609 4865 3747 4937 quale
3779 4859 3814 4916 si

2273 4957 2415 5012 dicat
2444 4957 2512 5012 ab
2539 4973 2606 5014 eo
2641 4958 2727 5014 cui
2769 4959 2878 5013 vita
2917 4958 3081 5016 fuerit
3122 4961 3377 5017 divinitus
3418 4961 3671 5033 promissa
3715 4954 3815 5008 vita:

2273 5050 2506 5106 subsidia
2537 5065 2646 5105 non
2676 5051 2983 5120 quaerenda.
3023 5049 3156 5107 Nam
3187 5053 3413 5122 legimus
3449 5050 3674 5108 Ezechiae
3700 5042 3816 5112 τεείε

2275 5145 2343 5199 ad
2371 5145 2535 5199 vitam
2565 5143 2871 5215 quindecim
2897 5160 3070 5202 annos
3097 5145 3243 5202 dono
3273 5145 3466 5202 divina:
3494 5134 3814 5200 miserationis

2273 5235 2513 5306 adjectos
2546 5235 2656 5308 (IV
2680 5236 2810 5310 Reg.
2843 5253 2934 5305 xx,
2966 5238 3044 5309 6).
3077 5237 3214 5294 Num
3243 5252 3372 5307 ergo
3397 5237 3576 5294 debuit
3594 5228 3813 5288 Ezechias

2271 5329 2470 5394 dicere,
2518 5344 2618 5400 pro
2669 5343 2736 5386 eo
2773 5330 2919 5400 quod
2960 5330 3102 5402 apud
3144 5347 3268 5387 eum
3305 5338 3456 5388 certa
3496 5335 3632 5385 esset
3663 5319 3810 5378 divina

2271 5420 2578 5489 promissio,
2626 5429 2914 5493 propterea
2958 5439 3020 5479 se
3045 5423 3244 5481 debere
3269 5437 3370 5480 nec
3398 5422 3590 5486 cibum,
3620 5430 3709 5474 nec
3732 5425 3812 5483 ρο·

2271 5519 2382 5568 tum
2408 5529 2643 5583 sumere,
2674 5529 2774 5570 nec
2797 5529 2861 5571 ea
2885 5530 3005 5586 quae
3029 5516 3097 5572 ad
3124 5517 3248 5572 vitae
3265 5515 3556 5572 subsidium
3581 5506 3814 5582 pertinenl

2342 5717 2369 5757 δ
2396 5718 2512 5791 ljon
2537 5718 2730 5787 legitur
2749 5722 2911 5791 gratis
2935 5720 2988 5774 in
3020 5720 3167 5787 edd.,
3191 5721 3386 5791 legitur
3407 5720 3458 5774 in
3487 5715 3682 5773 duobus
3700 5722 3807 5765 mss.

2351 5801 2372 5862 ς
2401 5789 2567 5862 forte
2582 5829 2596 5854 ,
2633 5789 3280 5862 ceternwrgloriﬁcationis.

2342 5859 2368 5916 5‘
2398 5859 2676 5925 Habentur
2703 5861 2819 5921 haec
2844 5857 2900 5920 in
2924 5857 3080 5946 mss,
3112 5873 3218 5926 nan
3249 5877 3374 5918 vero
3398 5861 3449 5918 in
3473 5857 3686 5931 excusis.
