4046 6552
242 450 352 510 657

1166 451 1253 506 DE
1293 449 1639 508 VERITATE
1680 440 2359 506 PRIEDESTINATIONIS
2397 450 2526 508 LIB.
2568 452 2652 508 ΙΙΙ.

3435 453 3541 511 658

241 568 542 637 cogitare?
589 564 724 622 Cum
767 571 955 636 utique
984 561 1106 620 ideo
1152 565 1320 620 detur'
1350 564 1516 634 ipsrus
1545 563 1664 618 vilte
1696 577 1842 629 usus,
1876 566 1926 626 Α
1953 564 2148 632 arguit,
2180 565 2224 620 si
2251 579 2414 635 quem
2441 566 2495 620 in
2527 561 2832 621 hominibus
2872 565 3128 635 cognovit
3154 579 3412 633 errorem,
3465 567 3546 623 sic

243 667 311 713 ut
365 660 418 713 in
460 657 624 720 corde
679 657 908 713 viventis
956 655 1170 713 vivendi
1216 668 1528 729 perseveret
1577 655 1842 724 allectus;

243 753 419 826 486
445 762 500 808 et
529 752 582 807 in
611 768 680 808 eo
706 750 851 822 quod
875 751 1110 821 quisque
1153 751 1317 806 vitam
1347 767 1499 808 suam
1529 761 1692 817 amat,
1723 751 1846 806 vitae

243 843 488 901 subsidia
546 860 653 900 non
692 843 940 914 repellat.
980 842 1060 898 Ab
1091 844 1206 914 ipsa
1255 858 1386 914 ergo
1434 845 1542 898 vita
1589 844 1848 897 habemus

246 944 314 992 ut
343 936 411 992 de
439 944 583 990 statu
615 936 783 1006 ipsius
821 935 946 990 vitae
988 935 1219 992 sollicite
1254 937 1574 1004 cogitemus.
1617 934 1849 990 Proinde

243 1029 422 1099 gratia
454 1043 615 1100 quam
644 1025 788 1083 Deus
815 1027 1235 1098 praedestinavit,
1269 1027 1323 1082 id
1349 1035 1523 1083 estex
1545 1026 1850 1081 aeternitate

246 1120 366 1178 suis
395 1118 644 1175 ﬁdelibus
687 1119 1042 1190 praeparavit,
1089 1119 1195 1174 hoc
1240 1118 1295 1174 in
1347 1119 1503 1174 nobis
1548 1119 1658 1187 agit
1685 1133 1752 1172 ex
1781 1131 1850 1174 eo

246 1213 398 1282 quod
428 1228 549 1268 eam
579 1212 920 1283 accepimus,
952 1219 1011 1267 ut
1040 1211 1092 1265 in
1121 1211 1280 1266 nobis
1309 1226 1428 1267 eam
1469 1209 1734 1266 custodiri
1764 1209 1849 1265 di~

245 1307 382 1361 vino
423 1320 646 1362 munere
673 1305 1027 1376 postnlemus,
1057 1312 1112 1359 et
1134 1304 1238 1360 hoc
1267 1303 1321 1358 in
1350 1303 1605 1374 operibus
1644 1302 1848 1357 habea-

248 1416 394 1468 mus,
427 1401 568 1470 quod
599 1400 714 1470 ipsa
745 1399 1006 1469 largiente
1035 1397 1400 1470 percepimus.
1443 1395 1503 1452 In
1530 1396 1638 1451 illis
1667 1402 1850 1451 autem

249 1501 575 1568 permanent
624 1494 791 1564 ipsius
827 1493 1014 1563 gratiae
1042 1493 1207 1560 dona,
1255 1491 1453 1561 quibus
1492 1498 1620 1546 sunt
1655 1488 1852 1544 divinat

247 1585 746 1658 puedestinationis
795 1600 1019 1640 munere
1060 1591 1385 1656 praeparata.
1427 1581 1546 1638 Non
1595 1595 1724 1650 ergo
1771 1581 1854 1636 di-

249 1681 488 1737 cendum
517 1687 630 1735 est:
679 1678 738 1734 Si
767 1677 1135 1750 praedestinati
1164 1691 1369 1742 sumus,
1403 1688 1505 1730 nec
1545 1672 1849 1742 vigilemus,

251 1789 361 1830 nec
392 1788 628 1830 oremus.
672 1771 786 1826 lino
832 1785 954 1825 cum
984 1769 1270 1840 vigilamus
1312 1775 1368 1823 et
1395 1781 1632 1832 oramus,
1665 1764 1854 1834 gratiae

251 1866 354 1922 Dei
380 1863 642 1921 beneﬁcia
665 1875 1056 1935 cognoscamus
1082 1879 1097 1929 ;
1123 1878 1223 1918 nec
1244 1861 1576 1930 denegemns
1595 1866 1855 1914 aeternam

1952 655 2201 711 omnibus
2231 656 2541 712 hominibus
2565 655 2847 728 praedicari
2877 656 3049 713 voluit
3069 672 3229 727 quam
3259 658 3370 711 suis
3399 659 3545 713 inse-

1951 748 2060 803 ruit
2085 747 2278 804 litterk
2296 749 2605 807 veritatem;
2645 749 2741 805 llle
2768 751 2950 821 itaque
2973 749 3270 820 apostolica
3292 749 3548 806 mandata

1951 841 2069 896 sine
2096 841 2260 897 dubio
2301 842 2493 909 solvit,
2549 843 2640 914 (ιυί
2679 844 2976 914 apostolica
3024 839 3168 900 dicta
3215 853 3308 904 aut
3346 858 3550 914 negare

1953 941 2046 989 aut
2066 948 2380 1006 oppugnare
2409 937 2706 993 contendit.
2746 922 3283 995 Praedestinationem
3313 954 3549 1011 namque

1953 1029 2093 1085 sicut
2125 1037 2236 1084 tam
2278 1027 2504 1085 ﬁdenter
2529 1046 2691 1100 quam
2738 1031 3006 1086 veraciter
3033 1031 3226 1087 beatus
3269 1031 3550 1103 apostolus

1953 1121 2285 1192 praedicavit,
2328 1122 2403 1176 ita
2443 1122 2599 1178 nobis
2644 1122 3046 1192 praedicandam
3083 1123 3312 1179 ﬁdenter
3339 1125 3551 1181 veraci-

1956 1222 2145 1284 terque
2174 1215 2471 1269 mandavit.
2511 1215 2622 1270 Nec
2649 1215 2810 1287 487
2845 1216 3024 1272 timuit
3057 1233 3126 1273 ne
3156 1217 3431 1274 videretur
3465 1231 3556 1288 ge-

1953 1307 2146 1374 nesim,
2177 1307 2265 1362 vel
2290 1307 2478 1372 fatum,
2521 1317 2618 1363 aut
2644 1311 3117 1367 constellationem
3160 1312 3550 1370 introducere:

1955 1400 2098 1472 quod
2120 1401 2166 1457 si
2189 1400 2278 1455 isti
2309 1400 2502 1457 fratres
2541 1401 2775 1458 inaniter
2803 1413 3075 1471 metuunt,
3123 1404 3232 1461 illic
3275 1406 3552 1477 trepidan-
3610 1406 3635 1454 ῑ²

1955 1499 2038 1548 tes
2059 1492 2254 1548 timore
2282 1492 2372 1548 ubi
2404 1508 2512 1549 non
2539 1502 2624 1550 est
2650 1495 2813 1549 timor
2843 1495 3017 1568 (Psal.
3049 1513 3162 1562 xm,
3194 1495 3248 1568 5)
3276 1515 3290 1563 ;
3340 1507 3396 1553 et
3428 1513 3556 1554 cum

1955 1586 2134 1656 impiis
2175 1587 2500 1658 reprehendi
2538 1588 2861 1655 formidant,
2910 1590 3075 1660 impie
3103 1590 3173 1646 de
3206 1589 3320 1647 Deo
3348 1592 3555 1648 sentire

1955 1695 2068 1736 non
2113 1680 2379 1736 dubitant.
2453 1680 2585 1748 Quis
2631 1682 2775 1737 enim
2822 1683 3059 1740 deterius
3104 1691 3286 1755 potest
3325 1683 3394 1740 de
3438 1684 3556 1740 Deo

1955 1779 2184 1840 aeterno,
2215 1772 2284 1828 de
2310 1771 2423 1829 Deo
2444 1788 2594 1840 vero,
2629 1773 2696 1829 de
2727 1774 3009 1832 Deovbono
3043 1791 3108 1831 ac
3133 1775 3296 1833 beato
3324 1776 3553 1844 sentire,

1927 1863 2118 1935 -quam
2146 1866 2240 1934 qui
2271 1880 2396 1922 eum
2436 1873 2598 1936 negat
2625 1881 2693 1922 ex
2723 1868 3030 1923 aeternitate
3057 1867 3196 1924 scire
3236 1868 3380 1939 quod
3409 1876 3558 1924 esset

251 1957 522 2014 bonorum
572 1958 803 2012 istorum
851 1954 1139 2024 originem,
1171 1967 1408 2036 quorum
1438 1951 1492 2006 in
1524 1950 1683 2006 nobis
1711 1949 1850 2005 diVi-
1885 1977 1930 2036 Β
1958 1956 2200 2013 facturus
2243 1959 2296 2013 in
2327 1967 2611 2030 tempore;
2662 1966 2756 2014 aut
2785 1958 3068 2014 fortuitum
3100 1961 3319 2017 ascribit
3358 1960 3557 2016 div-inis

250 2066 382 2107 nam
418 2049 692 2107 cernimus
729 2048 1076 2117 largitatem;
1127 2031 1359 2116 quorum
1403 2045 1484 2100 sic
1531 2058 1640 2099 non
1669 2047 1854 2114 potest

253 2159 374 2200 esse
404 2138 1047 2215 prwdestinatio'dubia,
1097 2137 1239 2193 sicut
1286 2151 1478 2192 eorum
1506 2133 1854 2203 cognoscitur

251 2238 580 2309 praeparatio
625 2235 976 2306 sempiterna.
1019 2231 1250 2302 Propter
1276 2230 1420 2300 quod
1462 2229 1592 2284 dicit
1619 2229 1855 2299 Aposto-

253 2329 340 2385 lus
364 2349 376 2382 :
411 2329 584 2402 Ipsius
614 2330 752 2383 enim
781 2343 959 2382 sumus
989 2327 1228 2397 factura,
1262 2324 1423 2378 creati
1451 2323 1507 2376 in
1536 2321 1742 2376 Christo
1769 2319 1856 2374 Je-

255 2438 316 2475 su
342 2423 397 2475 in
428 2418 665 2491 operibus
697 2419 865 2484 bonis,
901 2432 1015 2489 qua!
1043 2415 1358 2487 praeparavit
1391 2411 1529 2468 Deus
1568 2422 1625 2466 ut
1653 2413 1708 2466 in
1738 2411 1845 2466 illis

255 2512 578 2567 ambulemus
608 2509 824 2580 (Ep/tes.
856 2525 912 2574 ιι,
947 2507 1058 2579 10).

254 2628 258 2631 ·
329 2605 462 2660 ΟΜ».
491 2619 586 2658 vn.
618 2635 689 2646 ——
729 2602 816 2655 ll.
861 2601 1015 2655 Absit
1053 2608 1235 2655 autem
1263 2605 1322 2653 ut
1352 2597 1480 2654 dum
1503 2595 1858 2668 prtedestina-

257 2702 338 2756 tio
368 2699 646 2762 asseritur,
691 2693 1002 2765 evangelica
1039 2703 1098 2756 et
1138 2693 1437 2765 apostolica
1465 2691 1719 2746 mandata
1749 2690 1859 2746 sol-

256 2798 478 2845 vantur.
523 2785 660 2844 Cum
689 2786 882 2856 utique
903 2782 1058 2840 Jesus
1086 2785 1154 2839 ab
1184 2783 1338 2838 initio
1367 2783 1532 2838 sciret
1556 2783 1648 2852 qui
1678 2783 1859 2837 esSent

260 2879 537 2947 credituri,
569 2887 626 2935 et
653 2878 746 2949 qui
771 2893 895 2934 eum
921 2885 1066 2933 esset
1094 2875 1394 2932 traditurus
1425 2875 1605 2950 (Joan.
1636 2891 1712 2942 vr,
1741 2874 1854 2947 65),

261 2990 365 3032 nec
396 2974 527 3030 falsa
567 2973 808 3045 potuerit
845 2986 965 3027 esse
1008 2970 1236 3028 scientia
1264 2967 1578 3023 Creatoris:
1630 2976 1686 3022 et
1734 2965 1856 3023 ideo

262 3070 403 3127 sicut
429 3067 697 3140 prtescivit
724 3065 1046 3122 traditorem
1081 3080 1260 3132 suum,
1292 3079 1396 3120 nec
1424 3063 1562 3118 alius
1590 3078 1715 3118 eum
1745 3070 1858 3118 tra-

263 3161 397 3216 didit
429 3159 530 3215 nisi
570 3158 663 3215 ille
702 3172 866 3228 quem
896 3157 1013 3228 ipse
1042 3155 1314 3229 priescivit
1339 3197 1356 3224 ,
1409 3155 1487 3210 sic
1521 3155 1708 3224 utique
1734 3143 1860 3211 illos

264 3266 401 3322 quos
429 3249 830 3323 praeparatione
857 3264 954 3305 sua
984 3248 1194 3305 sciebat
1218 3247 1286 3303 ad
1316 3245 1479 3302 ﬁdem
1504 3246 1858 3317 praedestina-

1960 2050 2215 2120 operibus
2255 2065 2493 2117 cursum,
2541 2065 2745 2120 negans
2792 2057 3057 2106 aeternum
3093 2066 3316 2107 manere
3362 2051 3558 2109 futura:

1959 2157 2071 2197 suae
2113 2141 2447 2211 operationis
2499 2142 2554 2196 in
2585 2141 2674 2197 illa
2721 2142 3174 2198 incommutabilis
3213 2143 3310 2198 Dei
3352 2153 3560 2201 aeterna

1957 2236 2236 2292 voluntate
2265 2235 2597 2292 consilium?
2638 2235 2766 2291 Haec
2804 2235 2947 2292 enim
2992 2236 3238 2302 assertio,
3279 2251 3400 2306 qua:
3428 2252 3562 2293 vere

1959 2327 2140 2384 divino
2187 2336 2272 2384 est
2316 2328 2533 2384 inimica
2579 2328 2828 2394 consilio,
2872 2328 3014 2385 sicut
3059 2329 3232 2385 bonas
3275 2328 3560 2384 hominum

1956 2421 2264 2478 voluntates
2311 2429 2369 2477 et
2423 2436 2588 2492 opera
2629 2421 2685 2476 in
2711 2428 2911 2476 :eterna
2957 2419 3054 2484 Dei
3083 2419 3562 2491 przedcstinatione

1957 2515 2148 2572 haberi
2188 2514 2515 2570 omnimodis
2554 2521 2754 2584 negat,
2809 2513 2885 2568 ita
2934 2511 3030 2568 Dei
3060 2513 3343 2569 scientiam
3371 2527 3440 2568 ex
3467 2513 3562 2567 hu-

1957 2606 2134 2660 manis
2157 2605 2528 2660 voluntatibus
2548 2611 2712 2674 atque
2741 2601 2950 2660 actibus
2977 2603 3217 2673 pendere
3246 2603 3558 2659 conﬁrmat.

1959 2697 2019 2753 Si
2046 2697 2211 2769 Lenim
2254 2695 2396 2751 Deus
2441 2695 2624 2750 omnia
2678 2694 2856 2750 futura
2905 2709 3072 2765 opera
3117 2711 3216 2751 sua
3261 2710 3331 2751 ex
3355 2703 3564 2751 mterno

1960 2787 2254 2859 prmscivit,
2285 2786 2476 2858 procul
2515 2785 2679 2841 dubio
2705 2785 2896 2841 eadem
2939 2802 3104 2857 opera
3136 2802 3232 2842 sua
3274 2787 3432 2844 bonae
3460 2773 3564 2844 vo-

1963 2881 2190 2938 luntatis
2235 2894 2345 2935 sua:
2375 2879 2655 2951 proposito
2701 2879 3063 2950 praeparavit,
3121 2889 3178 2936 et
3228 2883 3376 2950 quod
3419 2887 3565 2937 esset

1961 2978 2284 3042 operaturus
2302 3012 2318 3037 ,
2364 2969 2821 3026 incommutabilis
2849 2970 3060 3026 Consilii
3093 2969 3349 3026 ﬁrmitate
3377 2971 3562 3043 dispo-

1961 3062 2070 3118 suit
2098 3081 2110 3116 :
2162 3077 2263 3118 nec
2291 3061 2450 3118 aliter
2479 3069 2660 3133 potest
2685 3061 2820 3119 ordo
2846 3061 3153 3119 divinorum
3179 3079 3404 3134 operum
3434 3079 3565 3120 cur-

1961 3169 2106 3222 rere,
2137 3169 2301 3226 quam
2339 3154 2616 3210 invenitur
2644 3154 2699 3210 in
2723 3153 2840 3224 ejus
2888 3154 3349 3213 incommutabilis
3373 3155 3564 3225 cogni-

1964 3251 2128 3306 tionis
2157 3251 2557 3321 przeparatione
2584 3257 2855 3306 constare.

265 3355 376 3415 tos,
424 3346 572 3416 ipsos
598 3339 846 3400 noverat
895 3344 964 3399 ab
1004 3342 1158 3399 initio
1199 3339 1524 3397 credituros.
1575 3338 1858 3406 Quomodo
1888 3355 1936 3420 ο
2037 3341 2168 3396 Cn.
2200 3357 2274 3397 ix.
2305 3371 2377 3392 φ-
2404 3340 2492 3395 15.
2527 3339 2798 3412 Quidquid
2845 3341 2901 3396 in
2929 3349 3192 3413 tempore
3237 3343 3570 3400 mutabiliter

269 3447 450 3496 autem
479 3439 782 3496 assertione
823 3436 1316 3510 praedestinationis
1366 3433 1664 3506 apostolica
1707 3444 1857 3488 man-

257 3529 393 3596 data
434 3529 724 3596 solvimus,
773 3543 898 3584 cum
949 3543 1060 3583 non
1111 3526 1287 3583 solum
1328 3541 1424 3581 eos
1472 3525 1565 3595 qui
1616 3524 1859 3579 membra

267 3620 467 3677 Christi
491 3627 636 3684 sunt,
665 3618 760 3674 sed
786 3620 961 3690 ipsum
989 3631 1207 3688 quoque
1255 3615 1531 3671 Christum
1579 3613 1860 3684 praedesti-

268 3716 489 3778 natum,2
517 3711 778 3782 Apostolo
818 3709 1167 3781 praedicante,
1218 3708 1573 3764 noverimus?
1623 3707 1700 3761 De
1742 3706 1860 3776 ipso

268 3799 413 3861 enim
452 3803 642 3858 beatus
670 3801 868 3857 Paulus
896 3801 1066 3856 dicit:
1099 3799 1200 3865 Qui
1230 3803 1398 3872 factus
1427 3809 1504 3854 est
1542 3800 1589 3853 ei
1611 3814 1675 3852 ex
1713 3799 1866 3853 semi-

270 3914 334 3952 ne
367 3895 538 3951 David
575 3895 857 3950 secundum
910 3909 1160 3959 carnem;
1211 3893 1298 3965 qui
1336 3893 1737 3971 praedestinatus
1785 3898 1862 3944 est

272 3990 442 4046 Filius
467 3990 565 4045 Dei
589 3992 642 4046 in
670 3991 875 4056 uirtute,
901 3988 1184 4044 secundum
1207 3986 1461 4058 Spiritum
1483 3984 1861 4054 sanctificatio-

270 4087 351 4141 nis
382 4085 559 4156 (Rom.
595 4101 632 4151 ι,
665 4083 741 4154 5).
789 4083 909 4139 Alio
937 4096 1156 4153 quoque
1186 4081 1307 4138 loco
1335 4079 1466 4136 dicit
1491 4098 1503 4133 :
1537 4080 1862 4150 Sapientiam

274 4189 443 4234 autem
472 4180 728 4252 loquimur
750 4178 886 4232 inter
929 4177 1184 4248 perfectos
1212 4191 1230 4229 :
1273 4173 1585 4244 sapientiam
1612 4188 1730 4226 vero
1760 4187 1864 4226 non

271 4267 422 4339 hujus
464 4268 660 4334 swculi,
708 4283 870 4338 neque
898 4265 1192 4335 principum
1225 4263 1377 4335 hujus
1408 4261 1602 4327 saeculi,
1644 4261 1730 4332 qui
1769 4259 1863 4313 de-

271 4371 578 4427 struantur;
617 4361 707 4416 sed
741 4361 997 4432 loquimur
1027 4357 1124 4412 Dei
1144 4356 1457 4428 sapientiam
1501 4356 1557 4409 in
1593 4354 1862 4424 mysterio,

272 4474 384 4530 qua:
426 4454 732 4510 abscondita
770 4462 886 4522 est,
933 4469 1087 4525 quam
1134 4449 1523 4520 praedestinavit
1566 4446 1706 4501 Deus
1743 4454 1867 4500 ante

272 4549 463 4604 sweula
492 4549 546 4601 in
571 4547 793 4618 gloriam
833 4554 1068 4599 nostram
1098 4542 1153 4615 (Ι
1185 4541 1305 4597 Cor.
1338 4558 1394 4604 ll,
1427 4539 1484 4609 6,
1517 4539 1592 4612 7).
1633 4537 1863 4606 Quocir-

274 4659 364 4709 ca,
412 4642 540 4714 quid
569 4649 652 4696 est
689 4637 1178 4710 pmdestinationis
1219 4635 1573 4695 assertionem
1614 4645 1860 4700 arguere,

1962 3433 2208 3504 geritur,
2259 3434 2364 3488 hoc
2412 3433 2466 3488 in
2511 3431 2792 3487 altitudine
2835 3430 3144 3487 divitiarum
3193 3433 3471 3503 sapientiae
3513 3440 3572 3493 et

1963 3529 2203 3586 scientiae
2233 3527 2330 3582 Dei
2376 3534 2639 3582 aeternum
2684 3532 2849 3596 atque
2886 3525 3325 3601 incommutabile
3351 3535 3572 3582 natura-

1963 3624 2088 3679 liter
2115 3621 2404 3685 invenitur,
2447 3619 2540 3689 qui
2566 3619 2806 3674 scientiae
2826 3633 2936 3674 suae
2955 3618 3290 3690 plenitudine
3319 3620 3574 3675 universa

1965 3713 2144 3770 futura
2173 3711 2472 3783 cognovit,
2512 3719 2567 3766 et
2611 3710 2892 3765 altitudine
2933 3711 3212 3780 sapientiae
3240 3725 3348 3765 suae
3377 3719 3575 3777 cuncta

1966 3822 2132 3877 opera
2161 3820 2279 3867 sua,
2304 3803 2614 3873 priusquam
2647 3803 2858 3869 ﬁerent,
2889 3803 3119 3858 mirabili
3147 3802 3334 3859 ordine
3361 3818 3574 3874 praepa-

1966 3900 2126 3954 ravit.
2158 3897 2409 3967 Alioquin
2434 3895 2706 3967 praecedet
2725 3895 2960 3950 divinam
2990 3895 3309 3965 sapientiam
3339 3896 3576 3954 humana

1968 3990 2224 4060 cogitatio
2246 3973 2432 4057 atque
2481 3987 2727 4057 operatio
2749 4028 2764 4052 ,
2806 3987 2850 4042 si
2890 4003 2998 4043 non
3024 4001 3146 4042 eam
3175 4001 3244 4042 ex
3271 3987 3576 4042 aeternitate

1970 4081 2388 4154 comprehendit
2414 4081 2598 4136 divina
2628 4079 2886 4150 cognitio.
2928 4079 3160 4135 Necesse
3188 4089 3272 4134 est
3300 4087 3481 4134 autem
3513 4085 3576 4135 ut

1969 4175 2013 4230 si
2048 4174 2189 4228 Deus
2230 4170 2686 4228 incommutabilis
2726 4177 2811 4226 est
2838 4177 2894 4226 et
2917 4178 3180 4237 aeternus,
3219 4171 3291 4226 sit
3327 4170 3444 4241 ejus
3485 4171 3572 4226 in-

1970 4264 2372 4322 commutabilis
2399 4272 2454 4320 et
2480 4272 2682 4320 aeterna
2709 4264 2966 4335 cognitio.
3007 4262 3436 4320 lncommutabili
3471 4279 3572 4321 au-

1970 4366 2081 4414 tem
2107 4366 2161 4413 et
2181 4367 2399 4413 aeternae
2428 4357 2668 4413 scientia:
2697 4357 2828 4412 nihil
2858 4357 3056 4413 accidit
3079 4359 3395 4430 temporale.
3425 4357 3576 4427 Quo.

1971 4454 2115 4508 niam
2144 4453 2190 4507 si
2219 4452 2420 4522 aliquid
2447 4453 2496 4508 ei
2527 4453 2581 4507 in
2627 4460 2873 4523 tempore
2922 4453 3180 4509 accidisse
3209 4457 3573 4524 cognoscitur,

1972 4560 2196 4600 necesse
2239 4552 2324 4600 est
2357 4553 2416 4599 ut
2447 4545 2598 4599 initio
2637 4543 3092 4614 mutabilitatique
3136 4533 3428 4613 subdatur;
3476 4537 3587 4604 nec

1974 4649 2156 4711 potest
2202 4657 2322 4696 esse
2368 4641 2483 4695 sine
2533 4639 2689 4694 initio
2712 4647 2901 4694 natura
2926 4680 2940 4704 ,
2982 4640 3136 4710 cujus
3163 4640 3389 4695 scientia
3420 4639 3576 4694 initio

276 4736 376 4790 nisi
405 4732 759 4804 apostolicam
787 4729 1090 4784 doctrinam
1129 4721 1406 4781 mortifera
1438 4724 1717 4794 impietate
1746 4721 1864 4777 cul-
1897 4765 1951 4824 υ
1979 4731 2252 4785 invenitur
2271 4744 2391 4784 esse
2417 4728 2676 4797 subjecta.
2710 4729 2886 4798 Cmpit
2907 4729 3049 4783 enim
3071 4744 3192 4784 esse
3211 4729 3302 4800 qui
3325 4745 3429 4784 non
3452 4730 3573 4795 fu't,

276 4827 448 4897 pare?
479 4823 792 4880 Certissime
817 4819 1019 4891 quippe
1057 4818 1297 4873 divinam
1340 4815 1871 4887 praedestinationem

277 4915 472 4972 Paulus
501 4925 556 4971 et
583 4914 874 4979 didicerat,
908 4921 964 4967 et
991 4911 1220 4966 docebat
1245 4926 1259 4975 ;
1293 4917 1348 4964 et
1376 4923 1538 4978 quam
1564 4915 1792 4962 noverat
1817 4908 1872 4961 in

276 5009 488 5078 capite,
539 5021 650 5061 non
694 5003 999 5074 denegabat
1045 5003 1098 5056 in
1149 5015 1398 5070 corpore.
1452 4999 1672 5068 Sciebat
1727 4998 1873 5053 enim

276 5107 535 5154 aeternum
584 5105 745 5167 atque
793 5092 1288 5150 incommutabilem
1339 5091 1526 5155 Deum,
1572 5089 1874 5145 secundum

277 5197 534 5242 aeternam
572 5195 736 5256 atque
776 5184 1272 5242 incommutabilem
1322 5182 1656 5239 voluntatem
1697 5196 1872 5249 suam,

281 5282 457 5334 omnia
500 5279 781 5349 praescisse
832 5293 952 5348 qum
998 5292 1028 5330 a
1083 5291 1140 5331 se
1180 5274 1423 5331 facienda
1471 5273 1768 5343 disposuit,
1818 5280 1874 5327 et

281 5372 456 5427 omnia
505 5371 924 5442 prtcdcstinasse
966 5386 1084 5441 quae
1113 5385 1173 5425 se
1204 5370 1256 5424 in
1285 5368 1488 5424 sanctis
1527 5368 1639 5422 suis
1669 5366 1874 5422 miseri-

280 5467 516 5523 corditer
544 5482 607 5522 ac
628 5465 771 5536 juste
801 5466 1064 5520 facturum
1088 5480 1208 5519 esse
1234 5463 1519 5534 pnescivit.

348 5558 478 5614 Car.
511 5575 622 5614 vni.
657 5589 727 5599 —-
760 5556 843 5610 l2.
875 5555 1130 5626 Quisquis
1160 5571 1290 5626 ergo
1316 5569 1873 5633 namoesrmntouau

284 5665 473 5712 seen,
507 5649 573 5703 de
603 5648 916 5720 apostolicis
951 5663 1070 5702 eam
1102 5648 1252 5718 prius
1282 5647 1538 5718 Epistolis
1567 5647 1744 5702 deleat
1769 5663 1784 5713 ;
1814 5661 1874 5701 ac

284 5742 475 5797 deinde
516 5757 635 5795 cum
681 5738 982 5794 ostenderit
1013 5739 1159 5809 justc
1190 5754 1218 5793 a
1242 5756 1301 5798 sc
1331 5740 1718 5810 reprehensum
1748 5752 1882 5806 apo-

281 5839 474 5891 stolum
524 5832 776 5897 Paulutn,
852 5844 1094 5888 tuucse
1155 5833 1464 5894 hominibus
1511 5833 1881 5887 indubitanter

281 5929 516 5999 prirheat
546 5927 895 5982 audiendum.
937 5926 1135 5981 Beatus
1163 5928 1448 6003 apostolus
1479 5924 1675 5980 Paulus
1707 5925 1880 5979 noluit

281 6019 426 6077 sileri
458 6017 602 6090 quod
634 6017 801 6074 voluit
829 6017 1025 6075 scribi'
1078 6017 1172 6079 sed
1217 6034 1359 6098 sicut
1403 6020 1454 6076 iu
1485 6015 1739 6089 Epistolis
1766 6017 1879 6073 suis

1977 4825 2062 4880 cui
2093 4823 2316 4879 scientia
2340 4821 2504 4891 ccepit
2535 4836 2654 4876 esse
2683 4836 2801 4890 qua:
2830 4820 3024 4889 defuit;
3059 4837 3160 4878 nec
3187 4823 3366 4878 omnia
3397 4831 3578 4894 potest

1977 4913 2136 4970 simul
2167 4912 2403 4968 scientiae
2435 4911 2766 4980 plenitudine
2792 4913 3098 4979 continere,
3132 4913 3224 4982 qui
3265 4915 3441 4985 potuit
3478 4913 3579 4967 all-

1979 5004 2108 5075 quid
2137 5001 2426 5074 aliquando
2469 5004 2698 5058 nescire.
2747 5002 2972 5075 Semper
3009 5019 3137 5074 ergo
3175 5006 3447 5061 mutabilis
3478 5004 3580 5059 fuit

1979 5097 2069 5165 qui
2101 5093 2437 5165 plenitudine
2466 5095 2786 5164 cognitionis
2812 5096 3066 5166 indiguit;
3100 5112 3199 5152 nec
3220 5096 3336 5165 ejus
3363 5087 3592 5166 sapien-l

1982 5187 2053 5240 tia
2085 5187 2293 5256 attingit
2330 5203 2361 5238 a
2396 5186 2500 5256 ﬁne
2527 5204 2686 5258 usque
2726 5187 2794 5240 ad
2825 5189 2978 5257 ﬁnem
3012 5189 3238 5258 fortiter,
3270 5196 3320 5240 et
3349 5188 3578 5258 disponit

1985 5280 2160 5333 omnia
2188 5280 2412 5333 suaviter
2443 5278 2596 5352 (Sap.
2625 5297 2736 5346 vtu,
2769 5279 2852 5348 l);
2885 5297 2982 5334 nec
3013 5281 3220 5351 attingit
3245 5280 3428 5351 ubique
3451 5297 3576 5352 pro-

1984 5381 2098 5442 pter
2125 5371 2433 5424 munditiam
2461 5387 2610 5425 suam
2653 5370 2804 5440 (Sap.
2838 5359 2952 5435 vti,
2973 5369 3063 5440 Ἢ)
3091 5411 3105 5436 ,
3145 5370 3190 5424 si
3216 5369 3300 5425 vel
3330 5387 3450 5426 eam
3480 5372 3580 5424 ali—

1985 5463 2112 5534 quid
2144 5461 2306 5518 luturi
2337 5463 2517 5533 operis
2547 5463 2733 5527 latuit,
2770 5462 2853 5516 vel
2901 5463 3008 5516 non
3051 5461 3237 5517 habuit
3285 5463 3337 5517 iu
3374 5472 3578 5518 aeterna

1984 5557 2338 5627 dispositione
2369 5572 2431 5612 ac
2460 5556 2930 5626 praedestinatione
2951 5556 3092 5625 quod
3124 5555 3276 5626 facit;
3320 5573 3419 5614 nec
3447 5557 3579 5613 reti-

1987 5656 2078 5702 net
2106 5647 2373 5717 integrum
2401 5663 2510 5702 suae
2541 5645 3091 5704 incommutabilitatis
3117 5655 3337 5718 statum,
3368 5649 3411 5705 si
3443 5658 3578 5704 tem-

1987 5741 2266 5809 poralibus
2295 5738 2547 5809 operibus
2577 5739 2687 5792 suis
2719 5754 2824 5793 non
2847 5749 3107 5796 aeternum
3131 5783 3145 5809 ,
3170 5741 3261 5798 sed
3282 5741 3578 5812 temporale

1985 5840 2165 5900 potest
2197 5831 2450 5885 adhibere
2479 5830 2781 5886 consilium.

2057 5922 2144 5976 Η.
2177 5924 2517 5994 Quapmptcr
2537 5923 2769 5978 scientes
2789 5922 2956 5980 Deum
2981 5925 3488 5991 incommutabilem,
3520 5935 3579 5982 et

1983 6028 2243 6075 aeternum
2271 6063 2284 6089 ,
2331 6030 2384 6076 ct
2431 6020 2722 6092 perfectum
2749 6061 2764 6088 ,
2808 6015 3068 6079 creatura:
3117 6023 3578 6094 omnipotentissi-
