4130 6456
597 385 703 445 659

1644 386 1701 446 Β.
1744 385 2108 445 FUBGENTII
2147 381 2459 443 EPISCOPI
2498 381 2870 442 RUSPENSIS
3747 382 3834 441 εει

592 510 743 578 illum
770 500 1136 571 conditorem,
1169 514 1225 563 et
1263 504 1503 561 omnium
1532 518 1652 574 quae
1681 503 1919 561 facturus
1947 512 2064 560 erat
2089 519 2187 561 co-
2208 508 2268 568 Α
2368 500 2453 554 16.
2486 499 2691 570 Nempe
2718 506 2947 570 apparet
2990 497 3065 553 ita
3108 495 3397 554 Dominum
3425 493 3589 554 turbis
3613 495 3831 571 locutum,

598 593 863 659 ,nitorem
892 602 1054 666 atque
1082 596 1467 667 dispositorem
1512 604 1793 661 aeternum,
1840 595 2192 654 conﬁteamnr

594 672 721 738 eum
743 699 909 754 opera
938 702 1036 743 sua
1064 688 1245 744 omnia
1274 704 1340 743 ex
1360 688 1663 744 aeternitate
1685 687 2097 759 prmordinasse,
2122 703 2191 743 ex

594 774 899 832 icternitate
927 776 1070 834 dona
1100 795 1195 835 sua
1224 786 1278 834 et
1301 778 1501 848 judicia
1532 795 1882 850 praeparasse.
1921 780 2018 835 llle
2046 782 2190 837 enim

591 866 680 922 cui
713 869 978 949 propheta
1021 870 1191 928 dicit:
1228 869 1419 927 Omnia
1450 875 1506 928 in
1536 873 1793 944 sapientia
1814 873 1985 945 fecisti
2016 872 2187 946 (Psal.

593 950 701 1025 cur,
734 957 859 1032 24),
907 963 960 1017 in
991 962 1178 1019 eadem
1206 952 1465 1035 sapientia
1495 965 1549 1020 in
1578 980 1684 1036 qua
1719 966 1898 1020 omnia
1929 966 2189 1034 condidit,

590 1054 787 1122 Cuncta
816 1062 937 1124 Quae
981 1071 1041 1111 se
1081 1052 1346 1112 facturum
1392 1064 1723 1126 cognoverat
1774 1073 1840 1113 ex
1888 1058 2192 1115 aeternitate

590 1139 879 1214 disposuit,
919 1145 1045 1217 quia
1074 1146 1205 1203 nihil
1230 1163 1417 1204 eorum
1438 1164 1556 1219 quae
1582 1148 1819 1205 facturus
1839 1148 2014 1205 fuerat
2034 1150 2191 1219 igno-

585 1233 753 1289 ravit.
806 1231 1008 1293 Omnes
1046 1252 1177 1308 ergo
1204 1248 1333 1295 ante
1361 1238 1546 1296 mundi
1580 1228 2024 1297 constitutionem
2048 1257 2190 1312 prte-

589 1320 917 1383 destinando
945 1318 1088 1385 Deus
1116 1326 1301 1401 elegit,
1331 1346 1468 1401 quos
1494 1330 1583 1387 hic
1610 1331 1665 1387 in
1694 1346 2013 1403 quacunque
2040 1333 2190 1403 posi-

588 1421 678 1473 tos
707 1422 865 1474 mtate
890 1461 907 1487 ,
937 1419 1178 1491 quolibet
1224 1430 1499 1494 tempore,
1531 1422 1825 1479 secundum
1852 1425 2193 1497 propositum

588 1514 750 1566 Vocat
790 1519 954 1581 atque
976 1512 1237 1583 justiticat
1267 1533 1278 1567 :
1314 1514 1444 1586 ipsis
1472 1510 1639 1589 λεδ
1677 1516 1841 1571 etiam
1870 1516 2037 1573 donat
2063 1533 2191 1589 per-

588 1601 951 1659 cherantiam
977 1645 992 1670 ,
1034 1612 1090 1659 et
1118 1604 1339 1661 eosdem
1390 1622 1579 1662 onmes
1627 1605 1870 1677 perducit
1913 1606 1983 1664 ad
2024 1608 2192 1664 vitam

587 1692 867 1748 kternam.
894 1690 1004 1751 Hos
1025 1695 1166 1752 enim
1189 1713 1368 1752 omnes
1393 1698 1497 1753 vult
1524 1697 1693 1753 salvos
1717 1699 1853 1769 ﬁeri,
1877 1709 1928 1754 et
1952 1700 2022 1753 ad
2042 1700 2193 1772 agni-

590 1785 782 1840 tionem
811 1784 1042 1843 veritatis
1070 1790 1243 1844 venire
1273 1788 1326 1861 (1
1351 1782 1484 1846 Tim.
1518 1808 1573 1858 ιι,
1607 1788 1685 1862 4).
1718 1791 1981 1849 Voluntas
2010 1801 2194 1850 autem

586 1875 985 1951 Omnipotentis
1012 1898 1234 1938 necesse
1262 1886 1427 1940 estin
1458 1885 1706 1941 omnibus
1745 1885 2051 1957 impleatur.
2102 1886 2193 1944 Fit
2222 1903 2276 1966 υ

589 1978 722 2039 ergo
752 1968 1011 2043 quidquid
1035 1973 1125 2028 ille
1151 1974 1380 2030 voluerit
1403 1970 1540 2045 lieri,
1571 1976 1724 2046 cujus
1744 1976 2009 2033 voluntati
2028 1993 2194 2035 nemo

587 2059 834 2126 resistit;
876 2076 975 2117 nec
1002 2063 1145 2118 enim
1178 2072 1420 2134 potestas
1450 2062 1547 2120 Dei
1579 2067 1756 2121 minor
1794 2075 2066 2139 estquam
2099 2083 2194 2124 vo-

587 2147 797 2217 luntas,
831 2162 887 2206 et
922 2152 1046 2208 ideo
1074 2152 1205 2208 nihil
1241 2154 1514 2211 invenitur
1542 2155 1682 2212 velle
1710 2156 1856 2228 quod
1884 2173 1990 2213 non
2016 2159 2198 2228 possit

588 2240 827 2298 eﬂicere.
860 2242 1114 2311 Quaedam
1145 2245 1361 2316 quidem
1391 2246 1534 2303 Deus
1558 2247 1737 2304 facere
1765 2256 1967 2321 posset,
2000 2258 2057 2306 et
2082 2266 2196 2307 non

586 2330 746 2404 facit;
793 2337 928 2392 nihil
955 2345 1038 2394 est
1066 2346 1247 2395 tamen
1276 2339 1421 2409 quod
1447 2338 1563 2396 ﬁeri
1592 2338 1724 2397 velit
1750 2340 2062 2415 aliquando,
2093 2360 2198 2400 nec

586 2426 750 2485 faciat
779 2447 792 2484 :
828 2427 1019 2485 Omnia
1048 2430 1194 2486 enim
1222 2447 1540 2505 quacunque
1579 2433 1737 2489 voluit
1764 2433 2021 2491 Dominus
2048 2438 2193 2508 fecit,

585 2524 644 2579 in
689 2525 815 2580 caelo
863 2535 913 2580 et
958 2527 1013 2581 in
1061 2537 1233 2597 terra,
1262 2527 1319 2581 in
1361 2528 1497 2580 mari
1540 2538 1591 2582 et
1628 2530 1683 2584 in
1724 2530 1962 2586 omnibus
1992 2529 2197 2604 abyssis

588 2612 764 2685 (Psal.
799 2632 1016 2684 cxxxtv,
1050 2616 1127 2691 6).
1157 2616 1392 2673 Proinde
1434 2626 1491 2673 et
1523 2614 1911 2677 in‘hominibus
1935 2623 2225 2693 quoniam.

588 2712 926 2781 quascunque
957 2708 1126 2767 voluit
1151 2710 1299 2779 fecit,
1323 2724 1679 2785 quoscunque
1703 2712 1822 2768 vult
1847 2712 1963 2769 lieri
1991 2714 2191 2781 salvos,

585 2799 717 2857 facit
742 2819 754 2855 :
783 2809 837 2858 et
865 2803 1119 2872 quoniam
1140 2804 1259 2875 ipsa
1285 2800 1503 2866 Veritas
1529 2802 1795 2865 veraciter
1818 2805 1949 2864 dicit
1980 2824 1992 2860 :
2021 2803 2195 2862 Nemo

584 2894 723 2949 venit
752 2894 821 2949 ad
848 2910 960 2965 me,
988 2894 1091 2952 nisi
1120 2894 1315 2967 Pater,
1351 2901 1437 2972 qui
1465 2898 1608 2956 misit
1634 2915 1743 2967 me,
1773 2900 2050 2955 attraxerit
2078 2914 2195 2952 eum

586 2981 770 3057 (Joan.
788 2986 997 3059 vn“),
1029 2987 1151 3045 illos
1163 2989 1492 3049 omnesfacit
1503 2992 1570 3048 ad
1597 2986 1926 3062 agnitionem
1951 2987 2196 3047 veritatis

586 3077 801 3143 venire,
833 3094 970 3149 quos
994 3081 1110 3153 ipse
1156 3080 1580 3149 misericorditer
1615 3083 1866 3153 dignatur
1894 3081 2191 3138 attrahere.

601 3167 617 3177 ’
638 3168 785 3227 Car.
819 3183 875 3226 ι.
918 3205 990 3214 -
1035 3168 1123 3230 15.
1152 3170 1283 3230 Ideo
1313 3182 1497 3231 autem
1528 3175 1722 3230 Omnes
1750 3173 2033 3241 dicuntur,
2065 3173 2194 3244 quia

587 3278 658 3318 ex
688 3262 837 3318 omni
866 3263 1148 3319 hominum
1190 3279 1393 3332 genere
1432 3264 1760 3336 colliguntur
1780 3306 1795 3331 ,
1844 3278 1912 3321 ex
1942 3260 2197 3321 omnibus

588 3350 868 3427 gentibus,
900 3372 969 3413 ex
996 3358 1245 3415 omnibus
1274 3358 1618 3425 nationibus,
1647 3377 1714 3417 ex
1739 3351 1992 3417 omnibus
2018 3358 2194 3418 domi-

589 3432 696 3514 nis,
726 3460 792 3503 ex
823 3446 1076 3505 omnibus
1104 3452 1293 3517 servis,
1327 3467 1397 3507 ex
1424 3450 1677 3509 omnibus
1706 3451 1943 3521 regibus,
1974 3468 2043 3508 ex
2071 3468 2192 3508 om-

589 3538 751 3597 nibus
775 3539 1063 3608 militibus,
1095 3558 1167 3598 ex
1216 3540 1468 3601 omnibus
1497 3540 1817 3616 provinciis,
1850 3559 1915 3599 ex
1942 3542 2197 3599 omnibus

587 3622 804 3701 linguis,
837 3648 903 3687 ex
933 3634 1182 3691 omnibus
1214 3634 1490 3703 aetatibus,
1526 3653 1595 3692 ex
1634 3636 1883 3693 omnibus
1915 3635 2191 3707 gradibus.

587 3716 666 3778 Ita
689 3725 822 3781 salvi
846 3724 981 3782 ﬁunt
1010 3743 1202 3784 omnes
1231 3745 1368 3801 quos
1389 3730 1505 3787 vult
1531 3728 1669 3787 Deus
1696 3731 1875 3787 salvos
1905 3727 2043 3797 fieri,
2066 3730 2194 3802 quia

587 3816 751 3901 nemo
778 3819 1036 3889 salvatur,
1068 3822 1172 3880 nisi
1205 3839 1365 3894 quem
1396 3822 1486 3880 ille
1514 3822 1747 3879 valuerit
1773 3822 2005 3893 gratuita
2029 3822 2198 3894 justi-

2292 599 2354 647 ut
2386 601 2567 648 tamen
2606 592 2687 647 eis
2724 591 2876 661 regni
2920 588 3181 647 caelorum
3225 591 3392 647 nollet
3437 592 3637 663 aperire
3672 604 3835 667 myste-

2292 685 2452 740 rium.
2504 683 2660 752 Quod
2704 685 2889 754 utique
2929 678 3134 742 faciens
3154 706 3175 752 ,
3208 684 3334 741 ideo
3359 700 3455 740 sua
3481 686 3637 741 verba
3658 687 3837 745 nolebat

2292 770 2561 845 intelligi,
2598 777 2725 847 quia
2770 793 2832 833 se
2875 778 2931 833 in
2971 777 3064 833 illo
3100 779 3361 849 mysterio
3392 778 3607 835 nolebat
3638 784 3834 851 agnosci.

2287 867 2444 926 illam
2472 869 2673 941 quippe
2698 869 3029 938 agnitionem
3066 869 3311 941 mysterii
3338 868 3532 927 Christi
3558 888 3672 929 esse
3688 914 3703 941 ,
3729 873 3839 931 Pau-

2294 960 2380 1018 lus
2410 969 2637 1017 testatur
2663 962 2945 1031 apostolus
2970 962 3157 1018 dicens
3187 980 3201 1016 :
3231 962 3479 1018 lustrasti
3501 964 3553 1019 in
3572 967 3779 1033 caritate,
3800 972 3841 1024 et

2293 1052 2350 1109 in
2378 1067 2552 1106 omnes
2580 1051 2789 1107 divitias
2821 1051 3160 1124 plenitudinis
3193 1054 3506 1121 intellectus,
3534 1057 3586 1109 in
3616 1059 3842 1128 spiritibus

2296 1144 2531 1214 mysterii
2558 1141 2754 1199 Christi
2779 1141 2904 1199 Iesu
2922 1184 2940 1213 ,
2976 1144 3033 1198 in
3056 1161 3160 1214 quo
3195 1153 3314 1199 sum
3342 1163 3518 1201 omnes
3550 1148 3754 1204 thesauri
3776 1167 3844 1205 ts-

2295 1233 2509 1304 pientiw
2533 1241 2582 1287 et
2609 1233 2841 1289 scientia:
2866 1235 3159 1291 absconditi
3204 1235 3427 1308 (Co!oss.
3458 1254 3513 1303 ιι,
3541 1238 3592 1303 2,
3621 1239 3690 1311 5).
3736 1240 3841 1296 Nam

2297 1335 2356 1382 et
2382 1328 2436 1382 in
2467 1328 2574 1384 alio
2602 1328 2725 1385 loco
2755 1328 2952 1387 dicitur
2982 1347 2997 1383 :
3034 1329 3104 1386 Ut
3138 1329 3277 1385 Deus
3302 1334 3504 1403 cperim
3532 1332 3669 1389 nobis
3692 1336 3842 1390 ostiu-

2296 1418 2551 1475 sermonis
2575 1459 2591 1485 ,
2628 1418 2697 1472 ad
2732 1418 3045 1490 loquendum
3080 1422 3381 1491 mysterium
3422 1421 3606 1477 Christi
3651 1422 3840 1495 (Coloss.

2299 1523 2372 1575 ιν,
2400 1506 2479 1580 '5).
2510 1506 2782 1563 Fidelihus
2808 1525 3027 1581 quoque
3052 1511 3362 1567 instantiam
3392 1514 3643 1568 orationis
3667 1531 3759 1570 sua:
3781 1516 3842 1571 in-‘

2298 1597 2524 1653 sinuans
2553 1598 2633 1654 ait
2670 1617 2683 1651 :
2717 1584 2844 1655 Non
2874 1616 3016 1654 cesso
3042 1603 3243 1673 gratias
3274 1618 3433 1673 agens
3463 1619 3560 1673 pro
3587 1602 3739 1671 vobis,
3762 1622 3844 1660 men

2299 1693 2523 1746 moriens
2567 1693 2723 1747 vestri
2767 1693 2965 1763 faciem
3003 1694 3059 1748 in
3101 1693 3425 1749 orationibus
3466 1695 3625 1760 meis;
3659 1693 3844 1750 utDeas

2300 1778 2515 1835 Domini
2562 1783 2728 1837 nostri
2772 1780 2902 1837 Iesu
2949 1784 3162 1850 Christi,
3203 1783 3371 1839 Pater
3396 1787 3602 1857 σιω-ξω,
3631 1787 3706 1841 det
3735 1786 3844 1842 vobis

2303 1873 2559 1946 Spiritum
2583 1874 2750 1949 489
2776 1877 3047 1948 sapientia:
3073 1886 3123 1931 et
3152 1877 3483 1934 reuelationis
3506 1879 3558 1933 in
3579 1878 3844 1951 agnitionem

2302 1969 2418 2039 ejus
2463 1966 2683 2040 (Ep/tes.
2714 1985 2752 2033 ι,
2786 1969 2876 2038 16,
2907 1967 3020 2041 l7).
3071 1970 3129 2025 Si
3171 1984 3302 2040 ergo
3346 1971 3663 2041 generaliter
3696 1986 3845 2029 omnes

2303 2057 2557 2121 homines
2583 2061 2702 2115 vult
2731 2060 2875 2116 Deus
2902 2061 3081 2119 salvos
3105 2061 3242 2127 ﬁeri,
3266 2071 3331 2117 et
3359 2061 3429 2118 ad
3456 2063 3752 2132 agnitionem
3774 2077 3846 2116 ve-

2306 2151 2485 2206 ritatis
2513 2152 2723 2220 venire,
2753 2152 2883 2223 quid
2910 2162 2995 2210 est
3026 2153 3172 2224 quod
3198 2154 3314 2225 ipsa
3345 2153 3557 2210 Veritas
3581 2155 3846 2226 quibusdam

2301 2246 2619 2318 mysterium
2645 2261 2756 2301 sure
2785 2247 3076 2316 agnitionis
3104 2248 3383 2304 occultat?
3412 2246 3479 2303 Et
3505 2248 3675 2319 utique
3695 2248 3847 2319 quibus

2300 2355 2457 2398 suam
2482 2328 2713 2411 denegat
2728 2340 3083 2410 agnitionem,
3108 2341 3342 2411 denegat
3362 2350 3419 2398 et
3437 2343 3673 2398 salutem.
3698 2341 3747 2398 lu
3766 2341 3848 2397 hoc

2302 2418 2448 2487 enim
2476 2432 2725 2488 homines
2772 2432 2907 2489 salvi
2937 2432 3098 2499 ﬁunt,
3126 2434 3184 2489 in
3215 2449 3326 2503 quo
3356 2433 3426 2490 ad
3452 2435 3754 2504 agnitionem
3776 2448 3845 2488 vc-

2302 2524 2481 2595 ritatis
2536 2525 2879 2594 perveniunt.
2930 2523 3007 2579 De
3056 2523 3273 2580 Christo
3325 2526 3527 2597 quippe
3570 2524 3749 2581 dictum
3783 2531 3848 2579 est

2303 2616 2429 2685 quia
2466 2617 2577 2687 ipse
2614 2615 2816 2670 salvum
2850 2618 3010 2687 faciet
3044 2617 3290 2688 populum
3327 2634 3478 2673 suum
3507 2618 3847 2689 a’peccatisesv

2303 2723 2419 2761 rum
2456 2702 2682 2778 (Matth.
2716 2723 2752 2772 ι,
2781 2704 2921 2777 21);
2965 2705 3035 2763 de
3061 2692 3171 2776 quo
3199 2708 3365 2764 etiam
3396 2709 3583 2766 beatus
3608 2706 3771 2764 Petrus
3790 2707 3847 2762 ait

2303 2797 2430 2866 quia
2459 2812 2565 2850 non
2603 2806 2680 2851 est
2710 2797 2857 2851 aliud
2885 2815 3069 2853 nomen
3095 2798 3187 2853 sub
3222 2800 3350 2855 coelo
3381 2800 3557 2855 datum
3588 2799 3844 2859 hominibus.

2302 2884 2360 2941 in
2384 2904 2485 2960 quo
2514 2896 2751 2959 oporteat
2776 2905 2871 2943 nos
2893 2889 3061 2944 salvos
3090 2889 3207 2960 ﬁeri
3231 2888 3372 2962 (Act.
3396 2907 3466 2958 ιν,
3491 2889 3598 2962 12).
3618 2886 3847 2957 Quomodo

2303 2994 2435 3050 ergo
2465 2989 2582 3034 erat
2605 2981 2855 3036 voluntas
2884 2981 2977 3036 Dei
3007 2982 3059 3037 in
3092 2982 3195 3038 illis
3232 2983 3537 3051 salvandis.
3567 2981 3847 3056 quibusabs-

2302 3069 2635 3127 condebatur
2665 3071 2776 3144 ipsa
2805 3073 3041 3143 cognitio
3070 3073 3358 3129 veritatis?

2376 3158 2507 3219 Car.
2536 3176 2612 3218 ιι.
2642 3193 2715 3202 -
2744 3163 2833 3218 17.
2862 3162 2943 3219 An
2974 3162 3113 3221 forte
3139 3162 3361 3236 dicitur,
3389 3166 3564 3224 cordis
3588 3179 3750 3224 eorum
3770 3162 3848 3219 du-

2304 3253 2430 3314 ritia
2468 3255 2700 3316 faciente
2721 3300 2738 3327 ,
2778 3256 3117 3317 Salvatorem
3159 3268 3408 3322 nostrum
3462 3276 3572 3319 suae
3614 3256 3849 3332 agnitionis

2305 3349 2522 3422 aperire
2569 3343 2807 3408 noluisse
2851 3351 3213 3424 mysterium?
3268 3350 3375 3408 Ubi
3421 3367 3689 3426 possemus
3726 3350 3849 3405 latius

2301 3436 2658 3514 respondere.
2692 3442 2799 3500 Sed
2826 3454 2885 3500 ut
2910 3443 3093 3515 aliquo
3123 3452 3344 3501 utamur
3371 3461 3472 3516 pro
3498 3442 3734 3502 servanda
3756 3442 3851 3496 brat

2301 3538 2472 3594 vitate
2492 3537 2838 3609 compendio,
2855 3539 3165 3609 quicunque
3186 3538 3375 3594 dicunt
3403 3549 3619 3612 propter
3647 3525 3851 3594 duritiam

2303 3630 2483 3686 cordis
2511 3645 2702 3687 eorum
2731 3629 2970 3686 noluisse
2998 3630 3168 3701 ipsam
3217 3629 3514 3687 Veritatem
3542 3645 3644 3686 suae
3669 3628 3850 3699 agnitio—

2304 3724 2391 3780 nis
2418 3724 2732 3795 mysterium
2761 3714 3005 3780 revelare
3026 3764 3043 3793 ,
3077 3724 3293 3781 interim
3344 3726 3404 3781 in
3442 3727 3547 3783 hoc
3586 3727 3848 3795 agnoscant»

2304 3830 2413 3871 non
2432 3831 2501 3870 ne
2525 3800 2797 3872 untvsnsrs
2821 3831 3056 3872 rnonsus
3080 3816 3394 3880 hominibus
3421 3818 3546 3886 dici,
3568 3818 3681 3888 quia
3704 3824 3851 3870 omnes

588 3904 844 3968 ﬁcatione
875 3913 1106 3971 salvare.
1156 3914 1288 3971 Nam
1319 3933 1443 3973 cum
1481 3915 1735 3972 Salvator
1774 3924 1960 3971 noster
1998 3913 2201 3970 dixerit
2304 3907 2556 3964 homines
2583 3908 2762 3965 salvos
2787 3908 2903 3963 vult
2928 3905 3070 3964 Deus
3096 3903 3241 3977 ﬁeri,
3274 3918 3332 3967 et
3360 3911 3430 3967 ad
3459 3910 3759 3980 agnitionem
3782 3916 3851 3957 ve-

587 3990 806 4077 (Matth.
832 4016 908 4071 xx,
930 4000 1024 4076 27)
1054 4024 1066 4059 :
1095 4000 1266 4061 Nemo
1298 4008 1438 4063 novit
1468 4004 1665 4063 Filium
1694 4009 1796 4063 nisi
1824 4007 2007 4076 Pater,
2034 4025 2202 4080 neque
2304 4000 2484 4055 rilatis
2509 4001 2697 4056 venire
2730 4018 2744 4055 ε
2776 4016 2898 4057 cum
2950 4000 3071 4057 illos
3117 4015 3255 4071 quos
3304 3999 3553 4058 Christus
3592 3995 3849 4056 duriwl‘des

585 4096 804 4157 Patrem
832 4104 945 4175 quis
984 4105 1127 4160 novit
1168 4107 1272 4161 nisi
1311 4102 1523 4174 Filius,
1554 4116 1604 4161 et
1645 4107 1726 4161 cui
1769 4106 1986 4161 voluerit
2022 4102 2070 4157 F
2073 4104 2199 4159 ilius

584 4194 814 4270 revelare
865 4197 883 4267 (
907 4195 1051 4266 quod
1077 4194 1264 4268 utique
1293 4195 1482 4254 dicens
1512 4197 1751 4255 ostendit
1784 4213 1845 4253 se
1873 4194 2197 4267 quibusdam

583 4278 819 4341 revelari
844 4282 1018 4354 velle,
1052 4287 1377 4358 quibusdam
1409 4288 1627 4361 nolle),
1673 4287 1883 4345 dicatur
1919 4287 2199 4358 quomodo

578 4369 766 4439 salvos
812 4377 928 4435 ﬁeri
970 4381 1102 4437 velit
1147 4383 1345 4454 quibus
1397 4379 1616 4437 Patrem
1656 4398 1810 4437 suum
1861 4390 1915 4437 et
1956 4381 2195 4451 seipsum

583 4468 833 4528 mvelare
872 4472 1145 4528 noluerit?
1186 4470 1508 4528 Ostenditur
1550 4473 1751 4544 quippe
1802 4472 1854 4527 in
1900 4469 2197 4540 Evangelia

585 4546 907 4634 quibusdam
937 4563 991 4620 in
1017 4562 1290 4636 parabolis
1312 4565 1391 4621 sic
1413 4563 1648 4630 locutus.
1673 4571 1734 4618 ut
1754 4563 1918 4620 verba
1940 4578 2036 4618 sua
2061 4579 2199 4616 ver.-

481 4649 493 4661 ’
582 4642 692 4730 fer
710 4675 912 4729 AUDIBI,
928 4676 1029 4717 nec
1049 4674 1262 4716 vsLLsr
1286 4676 1579 4716 INTELLIGI.
1605 4656 1763 4726 Quod
1792 4657 1908 4728 ipse
1928 4654 2194 4712 Dominus

583 4752 956 4827 ibdubitanter
986 4754 1218 4826 aperuit.
1268 4750 1734 4821 Interrogantibus
1764 4762 1997 4817 namque
2025 4746 2189 4802 disci-

583 4842 745 4918 pulis,
765 4844 877 4901 haec
898 4860 1023 4901 eum
1042 4841 1329 4901 Matthaeus
1351 4843 1552 4899 dixisse
1574 4846 1998 4900 commemorat:
2030 4837 2186 4894 Vobis

583 4925 765 5009 datum
794 4944 871 4992 est
898 4952 1055 4992 nosse
1077 4937 1379 5010 mysterium
1406 4936 1553 5008 regni
1584 4932 1680 4990 Dei
1699 4975 1714 5001 ,
1743 4933 1850 4989 illis
1878 4940 2049 4986 autem
2077 4948 2186 4986 non

582 5028 659 5087 est
687 5031 867 5086 datum
892 5027 1106 5102 (Matth.
1134 5044 1258 5095 xm,
1292 5028 1403 5103 ll).
1446 5026 1660 5084 Marcus
1687 5040 1905 5097 quoque
1933 5040 2040 5079 non
2069 5022 2183 5078 dis-

583 5116 817 5195 similem
845 5122 1144 5182 Salvatoris
1168 5122 1579 5195 responsionem
1604 5120 1860 5188 insinuat,
1888 5117 2042 5187 cujus
2069 5115 2185 5173 haec

583 5233 704 5273 esse
728 5216 893 5273 verba
923 5226 1154 5273 testatur
1183 5234 1197 5269 :
1238 5213 1392 5270 Vobis
1421 5213 1599 5267 datum
1624 5222 1700 5267 est
1724 5211 1857 5266 scire
1883 5210 2185 5282 mysterium

582 5308 731 5382 regni
755 5307 888 5376 Dei;
919 5310 1023 5365 illis
1042 5318 1214 5364 autem
1234 5309 1321 5379 qui
1345 5308 1474 5380 foris
1497 5312 1617 5360 sunt
1638 5306 1693 5358 in
1719 5301 1983 5376 parabolis
2006 5300 2188 5356 omnia

584 5403 750 5473 ﬁunt:
773 5412 827 5455 ut
857 5403 1084 5459 videntes
1112 5401 1340 5468 videant,
1372 5409 1422 5455 et
1450 5415 1553 5456 non
1580 5398 1805 5463 videant,
1837 5404 1887 5449 et
1916 5395 2186 5449 audientes

584 5493 804 5549 audiant
829 5536 845 5563 ,
888 5503 939 5550 et
967 5512 1074 5552 non
1101 5494 1431 5566 intelligant,-
1470 5508 1535 5546 ne
1563 5490 1770 5564 quando
1798 5497 2179 5545 convertantur.

579 5595 632 5643 et
660 5587 989 5646 dimittantur
1024 5591 1102 5645 eis
1125 5596 1347 5661 ‘peccata
1397 5583 1590 5656 (Mare.
1626 5600 1700 5651 tv,
1730 5580 1813 5644 il,
1853 5579 1959 5651 l2).
2011 5577 2187 5635 Lucas

581 5678 745 5737 etiam
775 5682 964 5740 eadem
988 5680 1279 5739 Dominum
1308 5674 1653 5746 reSpondisse
1681 5671 2033 5740 conﬁrmans,
2063 5671 2139 5725 ait
2164 5689 2177 5725 :

587 5770 747 5831 VObis
776 5774 956 5831 datum
982 5784 1058 5831 est
1094 5788 1251 5829 nosse
1286 5769 1589 5841 mysterium
1617 5765 1761 5837 regni
1800 5762 1898 5818 Dei
1923 5805 1937 5830 ,
1979 5764 2184 5818 caveris

576 5876 751 5931 autem
767 5871 821 5925 in
853 5869 1138 5939 parabolis,
1170 5874 1227 5919 ut
1248 5863 1474 5918 videntes
1504 5877 1609 5914 non
1635 5859 1862 5923 videant,
1890 5866 1937 5910 et
1961 5857 2179 5912 audien-

557 5968 655 6029 tes
681 5976 781 6015 non
811 5961 1104 6032 intelligant
1136 5954 1287 6029 (Luc.
1319 5966 1434 6019 vtn,
1468 5949 1578 6019 10).

2306 4095 2558 4165 videbat,
2599 4095 2769 4152 nollet
2796 4097 2986 4167 utique
3014 4096 3256 4166 salvare,
3285 4097 3484 4169 quibus
3512 4104 3715 4169 propter
3736 4087 3850 4147 duri-

2307 4189 2439 4244 tiam
2467 4188 2646 4245 cordis
2693 4202 2883 4246 eorum
2931 4187 3153 4244 nolebat
3195 4204 3307 4246 suae
3356 4186 3639 4258 agnitionis
3681 4178 3850 4253 aperire

2304 4282 2642 4355 mysterium.
2683 4281 2794 4339 Aut
2821 4295 2951 4351 ergo
2979 4290 3180 4352 negent
3214 4280 3385 4339 Deum
3422 4281 3561 4338 velle
3587 4290 3752 4336 omnes
3776 4272 3850 4327 bo-

2302 4377 2479 4433 mines
2504 4375 2687 4452 salvos
2721 4375 2857 4437 ﬁeri.
2890 4382 2944 4431 et
2971 4374 3039 4431 ad
3068 4375 3399 4453 agnitionem
3432 4372 3662 4429 veritatis
3683 4376 3847 4427 ventre.

2301 4469 2397 4540 qui
2418 4467 2755 4524 Salvatorem
2784 4475 3028 4545 nostrum
3049 4466 3369 4538 quibusdam
3396 4464 3737 4536 cognitionem
3757 4469 3849 4527 my-

2303 4560 2454 4615 sterii
2483 4558 2636 4628 regni
2664 4557 2929 4615 cmlorum
2976 4557 3104 4613 dare
3151 4557 3390 4614 noluisse
3438 4557 3774 4626 cognoscunt;
3808 4548 3851 4599 εί

2303 4653 2617 4709 mendacem
2663 4651 3018 4722 pronuntient
3060 4651 3368 4722 apostolum
3418 4649 3634 4705 Paulum
3664 4664 3677 4700 :
3702 4648 3781 4699 aut
3811 4634 3849 4691 si

2304 4744 2536 4815 apostoli
2579 4741 2781 4798 dictum
2813 4742 3188 4798 universaliter
3215 4742 3285 4798 ad
3316 4751 3540 4799 cunctos
3566 4738 3761 4797 omnino
3782 4745 3847 4787 re-

2301 4839 2476 4892 fertur
2504 4834 2751 4890 homines
2772 4872 2789 4899 ,
2818 4841 3082 4902 cogentur
3123 4841 3345 4889 sanctos
3382 4830 3719 4901 evangelistas
3750 4834 3849 4894 ριό·

2304 4928 2555 4983 nuntiare
2582 4924 2894 4982 mendaces.
2937 4924 3222 4992 Quomodo
3250 4926 3393 4981 enim
3422 4922 3722 4997 quibusdam
3745 4914 3848 4970 dare

2303 5022 2476 5078 noluit
2502 5036 2665 5077 nosse
2693 5019 3010 5092 mysterium
3054 5017 3209 5087 regni
3257 5017 3517 5074 caelorum
3544 5059 3560 5085 ,
3587 5014 3674 5085 qui
3695 5018 3849 5066 omnes

2300 5116 2550 5172 homines
2578 5114 2757 5171 salvos
2784 5113 2899 5168 vult
2926 5111 3076 5182 tieri,
3115 5120 3172 5167 et
3199 5111 3269 5167 ad
3303 5111 3623 5180 agnitionem
3651 5096 3848 5159 veritatis

2303 5209 2522 5264 venire?
2551 5205 3002 5277 Quandoquidem
3030 5206 3075 5262 si
3096 5220 3287 5261 omnes
3316 5204 3534 5261 omnino
3562 5200 3683 5266 vult,
3709 5188 3846 5252 nenti-

2301 5316 2425 5357 nem
2448 5301 2630 5373 utique
2651 5317 2761 5357 non
2784 5300 2931 5364 vult;
2967 5308 3022 5355 et
3046 5299 3091 5354 si
3121 5315 3311 5355 omnes
3335 5299 3449 5353 vult
3476 5296 3543 5352 ad
3567 5290 3847 5363 agnitionem

2298 5376 2454 5448 suam
2480 5393 2689 5458 venire,
2721 5391 2970 5447 omnibus
2997 5389 3162 5446 debet
3187 5390 3501 5463 mysterium
3529 5399 3633 5442 sua:
3658 5375 3847 5450 θεηίιίο·

2301 5487 2384 5542 nis
2406 5484 2711 5559 ostendere.
2739 5482 2846 5539 Sed
2864 5482 3187 5554 quibusdam
3210 5484 3382 5554 ipsum
3403 5478 3701 5553 mysterium
3720 5478 3846 5527 nosse

2298 5594 2412 5635 non
2438 5577 2607 5632 dedit.

2372 5666 2459 5723 l8.
2494 5666 2663 5734 Quale
2692 5665 2793 5722 fuit
2821 5680 2951 5737 ergo
2979 5674 3035 5722 et
3063 5666 3202 5721 velle
3229 5666 3437 5722 salvare
3463 5706 3477 5730 ,
3518 5670 3572 5717 et
3600 5656 3729 5716 nolle
3751 5663 3848 5721 ιιιῖο

2295 5763 2525 5820 sterium
2554 5760 2744 5816 salutis
2773 5758 3096 5815 ostendere?
3134 5756 3302 5825 Quale
3328 5756 3453 5825 fuit,
3482 5767 3681 5827 qumso,
3702 5746 3741 5802 si
3760 5740 3846 5797 Ve-

2294 5856 2430 5910 ritas
2458 5852 2628 5908 voluit
2676 5859 2734 5907 ut
2783 5849 2851 5904 ad
2898 5851 3226 5921 agnitionem
3274 5851 3390 5921 ejus
3425 5862 3607 5904 omnes
3642 5837 3846 5898 homines

2293 5947 2566 6012 venirent,
2599 5950 2654 5999 et
2681 5941 2760 6000 eis
2781 5941 2955 6000 noluit
2982 5942 3271 6001 ostendere
3295 5958 3399 6018 qua
3421 5933 3681 5998 venirent?
3703 5924 3847 5997 Qui“
