4046 6500
178 336 316 403 σοι

1123 349 1210 407 DE
1245 345 1601 408 VENTATE
1640 340 2321 404 PREDESTINATIONIS
2358 342 2484 400 LIB.
2526 342 2611 399 lll.

3386 303 3512 398 .663

184 461 322 517 hoc
354 470 460 529 est,
483 472 544 520 ut
565 464 643 521 eis
665 474 827 540 neget
854 464 1051 534 vitam,
1080 483 1218 539 quos
1248 470 1436 524 invitat
1462 467 1526 523 ad
1557 467 1819 540 patriam?
1844 475 1897 533 Α
1925 478 2034 519 non
2064 476 2193 533 ergo
2219 469 2374 517 erant
2403 460 2541 515 inter
2567 456 2689 514 illos
2712 452 2912 519 Omnes
2937 457 3030 528 qui
3058 472 3151 512 sua
3177 456 3512 528 quaerebant,

184 551 338 624 Ipsa
388 557 533 611 enim
585 558 660 613 ait
694 575 706 612 :
740 556 857 631 Ego
896 574 1006 614 sum
1037 560 1119 614 via
1142 599 1157 626 ,
1188 558 1376 615 beritas
1404 568 1453 614 et
1481 559 1586 613 vita
1616 576 1633 613 :
1664 574 1812 614 nemo

186 645 357 700 venit
384 646 454 702 ad
481 645 695 703 Patrem
723 651 824 705 nisi
852 666 945 723 per
972 667 1054 705 me
1080 650 1259 722 (Joan.
1283 667 1395 714 x1v,
1419 649 1497 719 6).
1530 648 1814 716 Quomodo

162 765 166 768 ι
188 752 350 807 ergo
381 738 506 795 illos
536 740 649 796 vult
674 740 863 797 venire
891 741 962 796 ad
991 742 1322 811 agnitionem
1344 754 1496 797 suam
1517 736 1710 811 quibus
1729 738 1818 796 de-

188 839 381 899 negat
411 833 739 902 agnitionem
769 836 961 891 suam?
998 834 1136 902 Quid
1165 842 1251 890 est
1278 836 1420 890 enim
1452 833 1594 891 nolle
1622 841 1817 908 myste-

192 923 358 979 rium
388 940 499 981 sua:
527 928 815 997 agnitionis
861 929 1150 986 ostendere
1174 972 1189 999 ,
1217 929 1320 985 nisi
1370 928 1514 983 nolle
1558 927 1771 983 salvare
1790 928 1817 982 ?

190 1011 335 1068 Non
363 1028 496 1085 ergo
525 1033 714 1076 omnes
758 1020 1008 1076 homines
1047 1021 1160 1077 vult
1203 1022 1381 1077 salvos
1424 1019 1539 1076 ﬁeri
1565 1062 1579 1087 ,
1610 1019 1701 1091 qui
1730 1020 1818 1075 vel

193 1104 539 1177 quibusdam
569 1127 669 1182 pro
699 1111 898 1169 duritia
927 1113 1107 1169 cordis
1134 1114 1217 1169 sui
1254 1113 1428 1170 noluit
1455 1109 1819 1182 suae‘agnitio-

194 1201 301 1255 nis
335 1204 549 1273 aperire
592 1206 905 1278 mysterium
929 1248 945 1273 ,
973 1208 1091 1263 sine
1118 1224 1227 1278 quo
1268 1206 1444 1262 nullus
1473 1206 1719 1277 pervenit
1747 1203 1815 1259 ad

195 1294 473 1350 salutem.
503 1292 612 1352 Sed
642 1296 935 1378 Apostqius
963 1300 1177 1357 mentiri
1208 1317 1314 1358 non
1339 1302 1533 1374 potuit,
1564 1299 1655 1370 qui
1680 1299 1817 1354 dixit

195 1385 340 1454 quia
364 1400 541 1441 omnes
572 1388 803 1443 homines
831 1390 937 1444 vult
962 1391 1130 1446 salvos
1157 1392 1293 1464 ﬁeri,
1321 1400 1370 1447 el
1399 1391 1469 1445 ad
1496 1390 1815 1464 agnitionem

196 1477 448 1532 veritatis
489 1479 663 1533 venire
707 1477 766 1548 (Ι
797 1477 930 1535 Tim.
964 1474 1130 1553 11,4).
1185 1480 1293 1538 Sed
1328 1498 1428 1538 nec
1470 1483 1815 1552 evangelista:

196 1566 432 1621 mentiti
453 1573 599 1633 sunt,
627 1569 718 1638 qui
745 1569 998 1626 dixerunt
1027 1571 1200 1643 ipsum
1226 1573 1510 1628 Dominum
1539 1574 1816 1645 discipulis

199 1654 471 1723 dedisse,
503 1659 624 1715 aliis
672 1676 780 1716 non
826 1660 1043 1719 dedisse
1092 1679 1253 1720 nosse
1303 1666 1615 1736 mysterium
1662 1664 1817 1733 regni

200 1747 505 1803 caelorum.
534 1747 603 1804 Et
630 1750 818 1823 utique
846 1753 951 1809 illis
975 1755 1102 1826 quia
1131 1755 1262 1810 dare
1291 1756 1481 1821 voluit,
1506 1755 1680 1822 dedit;
1712 1755 1816 1813 illis

203 1847 402 1894 autem
430 1839 556 1910 quia
580 1841 711 1899 dare
740 1843 932 1913 noluit,
955 1858 1064 1901 non
1092 1843 1279 1901 dedit:
1309 1852 1364 1901 et
1391 1845 1516 1917 quia
1546 1845 1664 1902 istis
1693 1862 1818 1919 pro-
1846 1862 1898 1926 Β

205 1939 409 2002 pterea
435 1931 587 1988 dedit
616 1941 673 1988 ut
688 1933 821 1990 salvi
840 1935 1052 2002 tierent,
1085 1936 1395 2006 agnoscitur
1423 1935 1528 1991 illis
1556 1935 1679 1993 ideo
1709 1953 1818 1992 non

205 2022 431 2078 dedisse
460 2037 530 2078 ne
568 2021 801 2081 tierent..
837 2024 973 2082 istos
997 2040 1127 2096 ergo
1154 2026 1336 2083 salvos
1363 2024 1479 2082 fieri
1505 2026 1679 2082 voluit
1705 2027 1821 2098 qui-

204 2111 317 2169 bus
347 2129 508 2171 nosse
534 2117 854 2188 mysterium
881 2117 1071 2175 salutis
1092 2118 1269 2185 dedit;
1297 2117 1416 2174 illos
1437 2127 1617 2175 autem
1646 2118 1821 2174 noluit

208 2204 415 2275 quibus
451 2207 703 2264 salutaris
732 2209 977 2281 mysterii
1003 2209 1255 2266 notitiam
1301 2211 1466 2284 490
1506 2210 1815 2284 denegavit.

209 2292 355 2351 Nam
380 2298 426 2353 si
454 2307 714 2370 utrosque
743 2299 922 2358 salvos
950 2299 1066 2357 ﬁeri
1095 2301 1377 2374 voluisset,
1399 2303 1645 2376 utrisque
1674 2302 1819 2375 agni-

208 2387 425 2444 tionem
453 2388 704 2447 salutaris
736 2392 981 2464 mysterii
1009 2393 1347 2451 contulisset.

287 2479 422 2536 Ωιι».
455 2497 547 2537 xu.
578 2513 651 2524 —
688 2481 777 2538 i9.
819 2481 1085 2551 Quoniam
1111 2496 1242 2555 ergo
1268 2494 1500 2559 utraque
1541 2484 1820 2558 Scriptura

210 2584 350 2627 vera
376 2582 482 2642 est,
505 2583 740 2646 utraque
766 2585 975 2643 sancta,
996 2586 1228 2649 utraque
1254 2579 1509 2636 divinitus
1536 2580 1817 2651 inspirata,

213 2672 276 2720 ct
303 2666 375 2721 ob
403 2665 513 2723 hoc"
537 2676 767 2738 utraque
805 2669 1187 2726 venerabiliter
1213 2680 1296 2727 est
1322 2671 1585 2728 servanda
1604 2714 1620 2740 ,
1653 2680 1708 2728 et
1732 2674 1820 2729 in-

215 2757 532 2816 dubitanter
556 2759 822 2817 audienda
859 2771 916 2817 et
948 2762 1297 2834 accipienda,
1339 2772 1725 2819 removeantur
1752 2762 1824 2819 ab

215 2851 471 2907 omnibus
498 2851 603 2908 illis
632 2866 823 2909 omnes
868 2854 955 2909 isti
1002 2855 1200 2927 quibus
1244 2855 1490 2913 Christus
1536 2871 1644 2911 non
1673 2855 1822 2911 dedit

218 2960 385 3001 nosse
408 2946 725 3018 mysterium
750 2946 901 3016 regni
928 2942 1216 3014 caelorum;
1244 2957 1299 3004 et
1327 2948 1487 3017 digne
1517 2948 1823 3019 intelligan-

221 3038 314 3094 tur
341 3040 416 3096 illi
455 3052 645 3096 omnes
680 3040 930 3097 homines
966 3057 1105 3112 quos
1138 3042 1257 3098 vult
1291 3040 1436 3098 Deus
1475 3042 1654 3097 salvos
1702 3040 1823 3096 ﬁeri

222 3139 281 3186 ct
308 3129 375 3187 ad
421 3132 754 3204 agnitionem
798 3130 1045 3189 veritatis
1090 3134 1277 3190 venire
1311 3151 1323 3187 :
1356 3133 1481 3204 quia
1527 3148 1719 3189 revera
1767 3131 1823 3187 in

1920 564 1977 611 et
2006 570 2116 610 non
2156 567 2274 623 quae
2302 548 2430 607 Jesu
2456 547 2675 604 Christi.
2709 546 2820 603 llos
2844 546 3018 603 bonos
3046 546 3099 601 in
3128 546 3235 603 line
3263 544 3514 617 Epistula:

1920 661 2030 704 suae
2071 653 2288 702 sanctos
2334 642 2603 715 appellat;
2648 650 2705 696 et
2741 641 2880 696 sicut
2926 640 3047 696 illos
3099 639 3272 695 malos
3318 639 3518 695 Omnes

1920 741 2084 807 dicit,
2130 739 2204 795 ita
2235 745 2289 795 et
2334 737 2468 793 istos
2507 736 2681 793 bonos
2719 732 2920 792 Omnes
2962 733 3311 790 nihilominus
3346 730 3516 798 dicit;

1922 834 1999 890 ait
2026 834 2172 890 enim
2201 851 2216 887 :
2250 832 2499 889 Salutant
2526 847 2614 885 vos
2640 828 2811 885 sancti
2839 844 3018 885 omnes
3050 826 3270 897 (Philip.
3300 842 3374 894 1v,
3402 824 3514 898 9.2).

1920 923 2066 983 Ecce
2091 924 2146 981 in
2162 939 2269 981 una
2294 922 2591 994 eademque
2617 921 2766 978 beati
2796 920 3029 992 apostoli
3044 917 3286 991 Epistola
3305 933 3524 991 ponun-

1922 1026 2031 1084 tur,
2058 1026 2114 1074 et
2135 1031 2324 1075 omnes
2344 1015 2538 1082 sancti,
2570 1022 2626 1071 et
2652 1029 2841 1070 omnes
2866 1013 2961 1086 qui
2987 1028 3084 1068 sua
3111 1018 3378 1083 quaerunt,
3412 1026 3521 1065 non

1923 1125 2045 1182 quae
2068 1107 2196 1167 Jesu
2223 1107 2461 1176 Christi;
2510 1123 2632 1164 cum
2661 1107 2848 1179 utique
2893 1115 2951 1162 et
2990 1120 3180 1161 omnes
3227 1104 3319 1175 qui
3348 1101 3526 1158 sancti

1924 1206 2082 1254 erant
2110 1214 2207 1255 sua
2240 1214 2350 1255 non
2388 1205 2724 1270 qumrcrcnt,
2766 1206 2822 1253 et
2850 1210 3041 1251 omnes
3067 1194 3162 1265 qui
3192 1209 3287 1250 sua
3315 1206 3525 1262 (πυλίδι-ει
3594 1224 3595 1227 η

1924 1294 2057 1348 bant
2094 1292 2267 1349 sancti
2307 1308 2415 1347 non
2445 1279 2649 1348 esscnt.
2704 1288 3054 1360 Accipiantur
3093 1300 3222 1355 ergo
3251 1293 3307 1340 et
3332 1298 3524 1339 omnes

1925 1383 2015 1439 isti
2044 1392 2101 1439 et
2128 1400 2320 1440 omnes
2357 1383 2457 1451 illi,
2485 1398 2593 1436 non
2624 1379 2867 1446 confuse,
2900 1379 2995 1433 sed
3024 1377 3277 1433 distincte
3303 1393 3318 1443 ;
3362 1384 3418 1430 ct
3445 1374 3526 1431 sic
3562 1428 3565 1431 .

1924 1474 2145 1544 utrique
2172 1471 2373 1529 Omnes
2398 1473 2663 1537 dicantur,
2697 1479 2756 1525 ut
2783 1485 2973 1525 omnes
3001 1468 3087 1524 ἱ;ῑὶ
3118 1467 3186 1522 ab
3215 1468 3317 1521 illis
3347 1464 3525 1521 omni-

1925 1563 2062 1634 bus,
2101 1573 2158 1621 et
2193 1565 2269 1619 illi
2299 1578 2490 1620 omnes
2528 1564 2595 1619 ab
2633 1562 2750 1618 istis
2785 1560 3036 1617 omnibus
3079 1567 3230 1615 recto
3278 1556 3528 1614 veritatis

1927 1656 2121 1712 ordine
2150 1656 2551 1713 discernantur.

1997 1746 2088 1803 21.
2126 1747 2274 1804 ldem
2303 1763 2495 1804 sensus
2529 1755 2612 1803 est
2640 1754 2697 1802 et
2744 1746 2801 1800 in
2838 1744 3088 1801 omnibus
3116 1742 3362 1798 tribubus
3390 1755 3529 1811 quas

1926 1839 2071 1895 Deus
2099 1840 2290 1895 semini
2320 1839 2550 1895 Abrahae
2579 1837 2847 1910 promisit,
2872 1847 2927 1892 et
2956 1838 3009 1892 in
3038 1853 3105 1892 eo
3130 1833 3530 1891 henediceedas

1929 1931 2194 1997 ostendit,
2234 1933 2419 1988 dicens
2461 1949 2473 1985 :
2509 1929 2579 1985 Et
2606 1930 2968 1985 benedicentur
2996 1930 3051 1983 in
3080 1936 3130 1983 te
3157 1944 3334 1983 omnes
3363 1924 3528 1981 tribus

1928 2032 2084 2078 teme
2114 2022 2326 2095 (Cenes.
2359 2039 2545 2085 xxvul,
2580 2021 2695 2092 l4).
2729 2019 2884 2087 Quod
2913 2019 3079 2075 etiam
3113 2018 3307 2073 beatus
3338 2015 3533 2072 Petrus

1926 2116 2258 2173 confirmans
2279 2161 2295 2186 ,
2325 2118 2403 2172 ait
2430 2116 2627 2172 ludatis
2659 2136 2671 2170 :
2712 2115 2817 2171 Vos
2857 2115 2979 2171 estis
3007 2114 3109 2186 ﬁlii
3137 2111 3530 2184 prophetarum,

1927 2217 1980 2263 et
2010 2210 2305 2266 testamenti
2332 2209 2469 2282 quod
2510 2209 2763 2279 disposuit
2803 2205 2943 2261 Deus
2987 2206 3059 2259 ad
3083 2213 3256 2275 patres
3299 2187 3529 2265 nostros,

1929 2304 2106 2362 dicens
2137 2304 2206 2361 ad
2233 2304 2499 2360 Abraham
2530 2322 2547 2358 :
2581 2301 2648 2359 In
2674 2305 2868 2359 semine
2907 2312 2991 2356 tuo
3024 2299 3387 2355 benedicentur
3414 2314 3531 2351 om-

1921 2416 2020 2457 nes
2046 2409 2223 2474 gentes
2253 2409 2404 2455 terra:
2427 2398 2564 2469 (Act.
2591 2414 2667 2465 lli,
2689 2395 2803 2467 25).
2837 2394 3138 2452 Ostendens
3169 2400 3347 2448 autem
3375 2389 3535 2446 Chri-
3600 2440 3625 2449 ..

1920 2500 2071 2549 ‘stum
2094 2508 2213 2548 esse
2236 2506 2422 2547 semen
2446 2489 2697 2553 Abrabte,
2725 2489 2778 2542 in
2799 2502 2907 2559 quo
2924 2496 3009 2542 est
3030 2485 3270 2540 omnium
3294 2482 3532 2537 tribuum

1928 2582 2239 2638 benedictio
2267 2582 2619 2651 repromissa,
2644 2579 2904 2635 continuo
2934 2577 3051 2632 haec
3068 2574 3231 2631 verba
3259 2572 3489 2643 subjecit
3513 2611 3528 2625 .

1936 2673 2099 2729 Vobis
2140 2670 2283 2727 Deus
2328 2672 2555 2744 primum
2608 2672 2869 2725 suscitans
2918 2668 3119 2722 Filium
3162 2683 3309 2722 suum
3334 2705 3350 2730 ,
3391 2664 3535 2719 misit

1929 2762 2090 2837 491
2115 2780 2232 2820 eum
2252 2762 2635 2818 benedicentem
2656 2761 2798 2816 vobis
2829 2757 3015 2832 (Ibid.,
3036 2756 3151 2830 26).
3182 2755 3427 2812 Christus
3447 2760 3534 2810 est

1928 2860 2113 2928 itaque
2161 2873 2347 2914 semen
2397 2855 2628 2911 Abrahae
2649 2897 2664 2923 ,
2698 2854 2751 2909 in
2788 2868 2898 2924 quo
2924 2852 3315 2908 benedicentur
3343 2862 3533 2904 omnes

1924 2950 2103 3005 tribus
2126 2957 2306 3005 terrm.
2349 2946 2418 3003 Et
2442 2947 2627 3018 utique
2656 2960 2784 3001 vera
2813 2952 2895 3001 est
2933 2945 3027 3000 Dei
3057 2942 3375 3016 promissio,
3403 2940 3533 3012 quia

1928 3042 2103 3113 ﬁdelis
2133 3049 2216 3098 est
2245 3040 2502 3097 Dominus
2532 3041 2587 3095 in
2617 3038 2855 3095 omnibus
2881 3038 3048 3095 verbis
3078 3039 3214 3103 suis,
3243 3045 3292 3091 et
3320 3043 3533 3089 sanctus

1926 3133 1987 3187 in
2017 3132 2255 3187 omnibus
2285 3131 2523 3204 operibus
2570 3131 2677 3186 suis
2708 3129 2882 3203 (Psal.
2915 3145 3093 3195 cxuv,
3144 3127 3263 3198 15),
3294 3126 3348 3181 in
3376 3126 3533 3195 cujus

224 3219 334 3319 illis
356 3221 612 3278 voluntas
634 3200 899 3280 salvatitis
927 3225 1270 3293 agnoscitur,
1302 3200 1497 3296 quibus
1525 3238 1824 3295 agnoscen-
1849 3252 1898 3319 ο
1931 3224 2296 3296 promissione
2318 3200 2598 3279 'Abraham
2641 3200 2745 3278 non
2785 3222 3039 3278 haasitavit
3073 3220 3361 3294 difﬁdentia
3385 3259 3401 3286 ,
3442 3217 3536 3273 sed

224 3312 309 3369 tiae
335 3314 579 3371 veritatis
605 3315 781 3384 gratia
811 3328 917 3370 non
948 3326 1194 3387 negatur.
1222 3315 1313 3372 Sic
1339 3315 1481 3372 Deus
1501 3359 1515 3383 ,
1547 3317 1673 3389 quia
1702 3330 1823 3372 om-

205 3405 314 3459 .nia
343 3420 679 3480 quaecunque
701 3404 873 3463 voluit
900 3406 1055 3474 fecit,
1088 3423 1242 3465 suam
1272 3408 1460 3481 implet
1488 3409 1542 3464 in
1572 3407 1826 3465 omnibus

228 3499 564 3555 voluntatem
598 3516 613 3554 :
644 3501 770 3572 quia
802 3502 1053 3558 omnibus
1080 3518 1217 3581 quos
1244 3503 1359 3559 vult
1395 3505 1575 3561 salvos
1604 3500 1742 3571 ﬁeri,
1768 3510 1828 3562 et

230 3590 298 3646 ad
342 3591 673 3660 agnitionem
717 3595 961 3650 veritatis
985 3597 1171 3653 venire
1195 3637 1210 3663 ,
1240 3596 1409 3653 donat
1436 3597 1687 3654 salutaris
1714 3612 1826 3670 my-

232 3682 379 3740 stcrii
409 3691 613 3738 rectam
643 3698 766 3740 cum
792 3687 1019 3742 caritate
1046 3687 1316 3744 notitiam.
1346 3685 1460 3747 llos
1484 3704 1675 3746 omnes
1700 3688 1826 3745 bea-

234 3780 319 3830 tus
348 3774 535 3831 Petrus
562 3776 641 3832 sic
669 3774 1047 3847 intelligendos
1089 3779 1357 3849 ostendit,
1387 3790 1447 3836 ut
1475 3780 1595 3836 illos
1631 3779 1826 3835 Omnes

234 3865 451 3933 diceret,
475 3876 612 3937 quos
629 3864 774 3925 Deus
793 3880 992 3925 vocare
1008 3869 1280 3942 dignatur.
1300 3872 1474 3943 ipsius
1493 3873 1639 3929 enim
1657 3872 1827 3929 verba

237 3966 375 4025 sunt,
404 3957 472 4013 ad
500 3957 715 4015 Judteos
740 3960 816 4015 ita
842 3960 1113 4032 loquentis
1144 3981 1156 4015 :
1198 3958 1361 4019 Vobis’
1384 3962 1521 4019 enim
1549 3973 1626 4019 est
1654 3979 1828 4035 repro-

236 4050 446 4117 missio,
477 4060 529 4105 et
550 4050 679 4123 ﬁliis
724 4053 906 4108 vestris
931 4093 947 4119 ,
986 4063 1038 4109 et
1080 4054 1317 4110 omnibus
1353 4057 1442 4127 qui
1486 4056 1638 4128 longe
1682 4070 1824 4127 sunt,

239 4156 561 4218 quoscunque
597 4143 922 4204 advocaverit
957 4142 1214 4204 Dominus
1255 4146 1396 4205 Deus
1443 4158 1618 4205 noster
1666 4152 1824 4222 (Act.

240 4233 450 4306 n.59).

304 4326 394 4383 ευ.
426 4327 562 4384 Nam
590 4335 649 4387 et
676 4330 869 4386 beatus
898 4329 1098 4387 Paulus
1123 4328 1357 4402 quodam
1386 4330 1508 4386 loco
1536 4327 1665 4386 dicit
1686 4328 1823 4387 Ὀνη-

241 4428 344 4484 nes,
373 4432 498 4475 cum
545 4429 728 4476 tamen
776 4420 915 4476 nolit
953 4419 1332 4476 universaliter
1358 4436 1548 4477 omnes
1577 4421 1822 4491 intelligi.

241 4511 487 4568 Scribcus
515 4512 657 4568 enim
698 4510 1161 4583 Philippensibus.
1192 4511 1269 4566 ait
1302 4529 1315 4565 :
1350 4510 1542 4566 Omnes
1570 4514 1706 4567 enim
1731 4528 1829 4567 sua

244 4612 471 4677 quierant
494 4645 508 4671 .
539 4619 643 4659 non
671 4619 787 4675 qua:
811 4603 937 4657 δείδιε
976 4602 1168 4657 Christi
1218 4601 1440 4675 (Philip.
1469 4620 1526 4669 11,
1558 4602 1671 4673 2i).
1724 4602 1826 4660 Ubi

247 4696 424 4766 utique
451 4696 496 4751 si
527 4695 596 4749 ab
636 4693 887 4750 omnibus
924 4693 1040 4748 istis
1065 4693 1245 4748 nullus
1271 4695 1568 4765 excipitur,
1604 4709 1829 4750 necesse

247 4795 402 4841 estut
427 4786 591 4841 etiam
621 4799 811 4840 omnes
831 4783 1085 4855 apostoli,
1111 4791 1168 4838 et
1194 4784 1376 4838 ceteri
1406 4784 1548 4841 illius
1572 4786 1832 4856 temporis

249 4879 425 4935 liticlcs
452 4893 574 4935 cum
604 4877 720 4933 istis
747 4877 996 4933 omnibus
1022 4884 1405 4945 computentur
1437 4894 1449 4929 :
1478 4877 1624 4946 quod
1650 4877 1832 4931 nullus

249 4971 634 5043 quantumlibet
678 4970 874 5041 impius
920 4968 1302 5039 suspicabitur.
1360 4967 1549 5024 Restat
1597 4984 1726 5040 ergo
1770 4979 1833 5026 ut

250 5064 504 5136 quosdam
545 5060 739 5118 Omnes
764 5062 1061 5119 debeamus
1087 5061 1355 5130 accipere,
1386 5061 1440 5116 id
1468 5071 1552 5117 est
1576 5078 1685 5118 non
1713 5078 1833 5118 om-

252 5157 370 5213 nino
396 5170 586 5213 omnes
612 5154 995 5221 homines,'sed
1024 5152 1221 5209 Omnes
1246 5152 1339 5222 qui
1367 5166 1464 5208 sua
1498 5153 1833 5223 quaerebant,
1858 5142 1863 5145 ’

253 5273 349 5316 non
374 5270 495 5330 qua:
518 5254 646 5313 Jesu
675 5253 895 5313 Christi.
927 5250 1058 5308 Nam
1090 5251 1143 5306 in
1181 5248 1370 5306 eadem
1403 5245 1642 5318 Epistula
1680 5258 1838 5316 sape.

251 5351 354 5408 rius
385 5349 647 5423 quosdam
675 5349 850 5406 bonos
890 5344 1181 5403 ostendens
1204 5386 1219 5411 ,
1249 5343 1325 5399 ait
1359 5361 1373 5396 :
1404 5340 1633 5407 Quidam
1661 5350 1835 5396 autem

254 5453 299 5502 et
330 5453 539 5517 prapter
588 5443 777 5500 bonam
824 5440 1136 5497 voluntatem
1189 5437 1455 5493 Christum
1500 5434 1836 5501 annuntiant,

255 5538 451 5611 quidam
491 5552 556 5593 ex
583 5535 911 5592 contentione
933 5573 948 5598 ,
994 5532 1216 5587 scientes
1263 5529 1398 5603 quod
1433 5529 1491 5583 in
1536 5525 1840 5599 defensione

255 5626 516 5704 Evangelii
544 5631 744 5703 positus
771 5642 885 5683 sum
925 5622 1145 5699 (Philip.
1178 5641 1226 5692 1,
1260 5620 1370 5694 l5).
1415 5621 1518 5689 Qui
1547 5633 1676 5690 ergo
1703 5632 1836 5690 pro-
1876 5619 1883 5627 '

254 5737 365 5801 pter
390 5726 587 5782 bonam
617 5722 949 5779 voluntatem
981 5734 1049 5775 ex
1073 5719 1302 5776 caritate
1329 5713 1602 5771 Christum
1633 5728 1839 5767 annuu-

257 5819 467 5883 tiabaut,
495 5816 620 5886 quia
646 5822 841 5870 caritas
866 5829 970 5869 non
1000 5814 1184 5883 quan-it
1203 5826 1320 5887 qua:
1348 5824 1443 5863 sua
1472 5814 1592 5861 sunt
1637 5805 1687 5878 (1
1712 5802 1835 5860 Cor.

256 5923 356 5982 sm,
387 5906 444 5985 Β)
463 5954 479 5984 ,
515 5920 623 5968 non
652 5920 748 5967 sua
783 5906 1124 5982 quaerebant,
1153 5908 1253 5976 sed
1281 5912 1406 5982 quae
1434 5894 1559 5957 test:
1586 5895 1786 5957 Christi
1820 5913 1837 5951 :

1850 5978 1905 6029 ό

1931 3318 2263 3388 confortatus
2299 3324 2377 3370 est
2404 3315 2540 3386 ﬁde,
2578 3314 2713 3369 dans
2742 3314 2962 3386 gloriam
2994 3311 3127 3378 Deo,
3160 3320 3209 3366 et
3238 3310 3537 3383 plenissime

1931 3411 2102 3465 sciens
2160 3411 2650 3484 quia-quacunque
2696 3408 2975 3481 promisit,
3027 3413 3195 3475 potest
3240 3413 3309 3459 et.
3362 3406 3537 3476 facere

1932 3499 2116 3569 (Rom.
2141 3516 2214 3566 tv,
2245 3499 2318 3555 20
2335 3500 2374 3572 ).
3094 3534 3097 3535 ν

2001 3592 2137 3649 CAP.
2167 3609 2284 3649 x111.
2315 3621 2387 3634 —
2412 3590 2548 3648 Cum
2578 3605 2708 3661 ergo
2737 3592 2790 3646 in
2821 3588 3037 3645 Christo
3070 3587 3315 3644 benedici
3345 3600 3535 3643 omnes

1932 3684 2109 3757 tribus
2145 3693 2303 3740 terra:
2339 3684 2518 3740 nullus
2547 3683 2785 3752 ambigat
2823 3680 3161 3736 Christianus
3187 3722 3204 3748 ,
3233 3666 3425 3735 beatus
3458 3688 3537 3735 ta-

1933 3790 2059 3832 men
2088 3772 2326 3832 Joannes
2355 3775 2408 3830 in
2440 3773 2763 3851 Apocalypsi
2805 3772 3032 3844 loquens
3068 3772 3136 3826 de
3178 3769 3395 3828 Christo
3420 3813 3435 3838 ,
3483 3768 3541 3826 id

1935 3876 2022 3924 est
2049 3867 2118 3924 de
2164 3869 2282 3939 ipso
2328 3867 2536 3923 semine
2577 3865 2843 3931 Abrahae,
2890 3865 2943 3920 in
2991 3879 3100 3934 quo
3148 3863 3539 3945 benedicentur

1936 3974 2128 4018 omnes
2154 3961 2330 4017 tribus
2355 3968 2541 4029 terrm,
2575 3960 2843 4015 veraciter
2870 3958 3057 4027 utique
3085 3955 3213 4012 dicit
3245 3974 3258 4009 :
3292 3954 3427 4010 Ecce
3454 3972 3541 4010 ve—

1937 4055 2045 4109 niet
2073 4069 2188 4108 cum
2216 4053 2437 4109 nubibus
2457 4094 2472 4121 ,
2501 4063 2550 4108 et
2579 4052 2766 4108 videbit
2795 4068 2908 4105 eum
2937 4051 3103 4106 omnis
3132 4049 3340 4115 oculus,
3373 4056 3425 4102 et
3450 4049 3540 4121 qui

1933 4158 2054 4201 eum
2083 4156 2494 4216 compuna'erunt
2518 4164 2537 4211 ;
2582 4154 2633 4200 et
2672 4145 2918 4217 plangent
2946 4160 3002 4197 se
3036 4159 3189 4214 super
3218 4157 3334 4196 eum
3362 4157 3540 4198 omnes

1939 4239 2103 4294 tribus
2134 4249 2288 4295 terra:
2318 4241 2503 4312 (Apoc.
2536 4256 2574 4303 1,
2606 4237 2683 4309 7).
2734 4236 2876 4292 Ecce
2923 4250 3112 4291 omnes
3159 4234 3333 4290 tribus
3381 4243 3541 4288 terra:

1938 4328 2338 4387 benedicentur
2366 4331 2419 4386 in
2450 4329 2690 4395 Christo,
2720 4343 2829 4399 quo
2860 4334 3039 4382 tamen
3070 4326 3351 4394 veniente,
3382 4324 3540 4395 plan-

1935 4430 2068 4492 gent
2097 4438 2155 4479 se
2184 4438 2375 4479 omnes
2402 4422 2574 4478 tribus
2599 4430 2777 4476 terrae.

2012 4512 2103 4570 22.
2147 4513 2437 4582 Quomodo
2465 4514 2647 4583 itaque
2671 4511 2830 4567 nobis
2858 4518 3152 4579 utrumque
3181 4506 3472 4572 constabit,
3495 4502 3542 4562 si

1936 4604 2029 4661 vel
2057 4604 2112 4661 iu
2138 4605 2311 4673 bono,
2339 4603 2428 4659 vel
2458 4603 2513 4658 in
2543 4602 2688 4658 malo
2718 4602 2797 4657 sic
2834 4601 3075 4656 omnium
3106 4598 3339 4653 tribuum
3367 4596 3542 4666 pleni-

1940 4697 2083 4754 tudo
2113 4695 2434 4752 universalis
2463 4694 2746 4765 accipitur,
2780 4701 2841 4747 ut
2860 4691 2995 4746 nihil
3017 4689 3157 4761 parti
3189 4688 3344 4743 alteri
3380 4687 3544 4741 relin-

1941 4789 2182 4860 quatur?
2209 4787 2317 4844 Sed
2341 4787 2480 4843 idem
2511 4786 2703 4842 beatus
2723 4783 2984 4850 Joannes,
3015 4783 3108 4853 qui
3138 4783 3205 4837 de
3234 4782 3400 4852 ipsius
3447 4796 3545 4851 pe-

1944 4889 2099 4938 ctore
2127 4878 2385 4936 Veritatis
2415 4878 2715 4933 ubertatem
2737 4876 2986 4933 veridica:
3009 4871 3408 4946 praedicationis
3427 4872 3545 4927 ebi-

1943 4974 2124 5042 berat,
2154 4973 2235 5028 sic
2264 4969 2502 5026 ostendit
2524 4969 2724 5026 Omnes
2754 4969 2884 5025 istas
2914 4967 3085 5023 tribus
3118 4981 3238 5035 qua:
3276 4980 3334 5020 se
3364 4963 3416 5018 in
3446 4962 3544 5017 ad-

1916 5052 2114 5119 'ventu
2165 5060 2367 5117 Christi
2407 5060 2704 5131 planctum:
2725 5066 2886 5124 sunt,
2918 5064 2978 5112 ut
2999 5070 3189 5113 omnes
3218 5054 3349 5108 istas
3378 5052 3546 5108 tribus
3627 5077 3632 5081 -

1944 5167 2083 5225 quas
2124 5152 2179 5207 in
2220 5152 2428 5208 semine
2476 5151 2709 5207 Abrahae
2764 5147 3165 5206 benedicendas
3214 5144 3357 5201 Deus
3378 5159 3549 5201 verax

1943 5246 2197 5319 promisit
2241 5262 2310 5303 ex
2346 5247 2452 5303 illis
2480 5247 2733 5303 omnibus
2782 5244 3028 5300 tribubus
3086 5241 3267 5313 colligi
3314 5242 3547 5298 demon-

1946 5348 2168 5398 straret.
2200 5330 2257 5395 ln
2288 5339 2479 5396 eodem
2505 5339 2704 5410 quippe
2727 5337 2865 5391 libro
2889 5351 2986 5391 eos
3007 5336 3099 5405 qui
3121 5335 3257 5405 Agni
3277 5334 3550 5407 redempti

1946 5442 2076 5491 sunt
2102 5433 2363 5501 sanguine
2403 5428 2611 5486 inducit
2651 5434 2936 5483 cantantes
2957 5426 3227 5483 canticum
3258 5434 3552 5496 novum,et

1950 5528 2232 5585 dicentes:
2279 5522 2483 5595 Dignus
2537 5539 2612 5589 es,
2664 5520 2905 5584 Domine,
2960 5522 3194 5592 accipere
3247 5520 3455 5585 librum,
3501 5528 3552 5575 et

1956 5622 2163 5693 aperire
2190 5618 2463 5690 signacula
2489 5616 2601 5687 ejus
2628 5630 2646 5669 :
2675 5615 2797 5687 quia
2824 5616 3022 5670 occisus
3059 5631 3134 5678 es,
3193 5623 3243 5668 et
3290 5602 3552 5667 redemisti

1954 5728 2050 5767 nos
2078 5713 2133 5767 in
2162 5701 2420 5782 sanguine
2446 5719 2550 5773 tuo,
2576 5724 2642 5762 ea:
2663 5710 2804 5761 omni
2829 5705 2978 5770 tn‘bu,
3008 5716 3059 5761 et
3111 5707 3311 5778 lingua,
3358 5714 3409 5759 et
3460 5722 3553 5775 po-

1953 5806 2099 5870 pulo,
2127 5814 2177 5859 et
2203 5811 2353 5876 gente
2375 5819 2393 5856 :
2424 5812 2473 5856 et
2504 5801 2673 5871 fecisti
2697 5816 2793 5854 nos
2818 5798 2929 5855 Deo
2954 5807 3132 5854 nostro
3163 5814 3375 5871 regnum
3399 5809 3447 5852 et
3466 5815 3555 5853 sa-

1952 5897 2213 5965 cerdotes,
2240 5903 2291 5950 et
2319 5892 2612 5966 regnabant
2632 5907 2785 5965 super
2827 5901 3018 5949 terram
3054 5889 3244 5964 (Apoc.
3264 5904 3323 5959 ν,
3354 5885 3410 5958 9,
3437 5886 3553 5960 10).
