4130 6456
658 296 766 352 665

1697 302 1755 361 s.
1795 258 2161 361 l‘ULGENTll
2198 302 2501 395 suscepi
2541 302 2916 366 RUSPENSIS
3334 276 3345 283 “
3790 324 3869 380 su

659 400 782 465 Alio
811 424 1031 483 quoque
1052 384 1338 471 memorati
1373 415 1494 472 libri
1522 415 1665 484 loco,
1691 417 1820 473 dum
1850 434 1919 475 ex
1964 420 2246 477 duodecim
2277 422 2326 483 Α
2356 428 2562 492 posset,
2591 423 2637 478 si
2664 422 2846 491 vellet,
2871 424 2925 480 in
2955 424 3145 481 eadem
3175 425 3491 484 rectitudine
3518 444 3870 505 permanere,et

652 500 899 558 tribubus
949 502 1182 560 ﬁliorum
1236 504 1401 564 lsrael
1429 506 1682 565 duodena
1709 507 1778 567 de
1819 511 2043 581 singulis
2072 513 2243 568 tribu-

650 590 753 647 bus
774 605 1128 653 memorasset
1156 598 1322 655 millia
1349 600 1681 671 signatorum
1698 645 1714 671 ,
1739 612 1800 658 ut
1827 603 1991 659 etiam
2033 620 2098 660 ex
2121 621 2242 661 om-

650 681 809 739 nibus
830 684 1076 743 tribubus
1104 696 1263 744 terne
1283 690 1729 749 innumerabilem
1752 695 1964 750 turbam
2005 696 2241 752 ﬁdelium

620 777 1077 848 ‘demonstraret,
1108 781 1184 837 ita
1233 782 1471 856 loquitur
1504 804 1517 841 :
1553 785 1680 843 Post
1721 788 1852 856 lucc,
1907 790 2011 845 vidi
2041 789 2243 845 turbam

651 886 921 943 magnam,
952 890 1106 945 quant
1135 876 1465 934 dinumerare
1488 896 1636 936 nemo
1662 892 1884 952 poterat,
1916 900 1982 938 ex.
2009 883 2241 940 omnibus

647 963 907 1032 gentibus,
928 974 978 1018 et
998 964 1249 1035 tribubus,
1272 976 1321 1022 et
1345 970 1554 1042 linguis,
1580 981 1630 1026 et
1650 974 1874 1044 populis,
1906 983 2101 1029 stantes
2123 984 2244 1030 ante

649 1051 887 1109 thronum
910 1065 958 1110 et
989 1066 1109 1111 ante
1138 1059 1359 1129 Agnum,
1393 1063 1609 1117 amictos
1636 1066 1783 1119 stolis
1814 1066 1965 1131 albis,
1985 1076 2035 1121 et
2052 1067 2242 1138 palma:

646 1155 795 1199 erant
817 1147 869 1200 in
891 1148 1128 1203 matribus
1149 1167 1326 1205 eorum
1349 1153 1529 1223 (Apoc.
1558 1172 1648 1223 vn,
1668 1156 1777 1227 l9).
1801 1156 1892 1213 ":1?
1914 1167 2038 1213 sunt
2053 1173 2241 1214 omnes
2270 1212 2275 1215 γ

648 1237 818 1292 tribus
871 1238 939 1294 de
994 1241 1243 1297 omnibus
1292 1243 1539 1301 tribubus
1578 1257 1938 1317 congregatas.
1971 1248 2089 1305 lstm
2116 1258 2239 1305 sunt

645 1347 837 1386 onmes
889 1333 1059 1387 tribus
1107 1348 1227 1403 quae
1256 1335 1647 1394 benedicuntur
1691 1341 1972 1397 credentes
2002 1342 2055 1398 in
2083 1341 2236 1398 Cliri«

647 1430 808 1486 stum,
837 1423 904 1477 de
931 1426 1183 1481 omnibus
1206 1427 1449 1486 tribubus
1489 1430 1591 1486 illis
1618 1447 1737 1502 quae
1753 1448 1812 1487 se
1840 1433 1959 1490 ideo
1984 1435 2239 1504 plangent

644 1514 768 1584 quia
794 1531 901 1570 non
929 1517 1276 1575 crediderunt
1298 1521 1351 1576 in
1382 1521 1676 1579 Christum.
1725 1525 1813 1582 Sic
1866 1528 2237 1597 intelliguntur

2346 530 2377 570 a
2403 529 2507 585 qua
2536 525 2739 587 posset,
2771 518 3028 588 si-vellet,
3069 535 3265 576 aversa
3309 521 3579 579 voluntate
3622 524 3866 587 discedere.

2345 602 2497 662 Nunc
2519 616 2701 663 autem
2722 607 2777 663 in
2801 625 3130 682 unoquoque
3160 612 3379 669 homine
3401 615 3568 684 gratia
3595 620 3869 687 praeveniens

2345 708 2624 769 operatur,
2653 710 2713 756 ut
2751 702 2973 760 libertas
3026 705 3236 762 arbitrii
3280 708 3592 778 corrigatur.
3631 711 3867 769 Arbitrium

2345 798 2524 846 autem
2548 794 2779 849 hominis
2801 795 2853 850 in
2880 806 3139 867 quantum
3184 800 3488 870 corrigitur,
3518 802 3569 856 in
3610 810 3788 859 tantum
3822 805 3870 861 li-

2344 882 2596 952 beratur;
2622 885 2674 939 in
2699 892 2904 940 tantum
2932 896 3112 943 autem
3135 890 3409 961 captivum
3430 890 3649 959 ducitur,
3676 895 3723 950 in
3740 910 3869 966 quan-

2345 979 2466 1026 tum.
2489 973 2663 1029 adhuc
2691 975 2867 1030 noxia:
2894 978 3171 1033 servitutis
3229 981 3630 1039 necessitatibus
3677 985 3867 1057 implica-

2344 1069 2449 1119 tur.
2476 1064 2607 1133 ρυλε
2640 1083 3027 1125 necessrrnas
3066 1086 3174 1126 non
3201 1072 3374 1127 solum
3406 1073 3542 1130 lilios
3566 1079 3727 1133 smculi
3752 1096 3864 1136 mor-

2343 1155 2524 1211 taliter
2574 1167 2847 1228 premunt,
2901 1176 3089 1216 verum
3142 1162 3307 1218 etiam
3336 1160 3477 1220 ﬁlios
3504 1163 3593 1221 Dei
3620 1165 3869 1238 frequenter

2341 1247 2604 1319 afﬂigunt.
2627 1250 2746 1322 Ipsa
2775 1261 2857 1309 est
2883 1253 2973 1308 illa
3001 1253 3093 1311 lex
3120 1256 3353 1327 peccati,
3386 1272 3506 1328 quae
3535 1257 3670 1313 illum
3689 1261 3865 1317 militem

2339 1350 2638 1411 strenuum,
2670 1343 2723 1399 id
2744 1352 2828 1400 est
2854 1332 3079 1402 Paulum
3103 1348 3431 1419 apostolum,
3461 1349 3865 1408 condelectantetn

2338 1432 2443 1504 legi
2472 1434 2568 1489 Dei
2596 1436 2892 1494 secundum
2918 1439 3234 1496 interiorem
3258 1441 3552 1510 hominem,
3576 1444 3658 1499 illa
3683 1445 3727 1499 in
3739 1461 3868 1501 mem-

2336 1524 2450 1581 bris
2478 1528 2749 1596 habitans,
2780 1538 2837 1586 et
2865 1531 2971 1601 legi
2992 1534 3190 1590 mentis
3216 1549 3541 1606 repugnans,
3570 1540 3780 1607 quamvis
3793 1539 3865 1594 sibi

642 1621 833 1662 omnes
861 1608 1065 1675 ﬁdeles,
1095 1621 1152 1667 et
1178 1630 1368 1671 omnes
1418 1616 1693 1686 inﬁdeles;
1746 1637 1935 1677 omnes
1979 1624 2127 1690 boni,
2180 1634 2236 1681 et
2335 1633 2442 1674 non
2474 1630 2658 1690 Posset
2688 1621 2742 1677 in
2772 1621 2972 1680 είῖεοῑιι
3002 1625 3288 1696 Slibjicel‘e.
3321 1643 3432 1683 ηοῐι
3480 1637 3648 1685 tamen
3675 1631 3866 1731 (Ιυίςξογ

642 1713 829 1731 nmnnu
862 1701 986 1731 mn':
1008 1720 1020 1731 .
1049 1719 1233 1731 ...κ-υ.-
1263 1722 1393 1731 λη---
1424 1708 1563 1731 n--__
1610 1711 1845 1731 ..-εηηομ
1907 1713 1942 1731 ιο
2006 1716 2016 1728 ι
2132 1717 2145 1731 ι
2334 1707 2425 1731 ι.-.
2458 1710 2507 1731 2-
2544 1713 2805 1731 ____.__---A
2836 1715 2891 1731 ,u
3214 1717 3227 1730 ο
3368 1717 3402 1731 ,α
3571 1719 3602 1731 -.

642 1713 832 1755 omnes
862 1701 1021 1767 mali;
1046 1719 1235 1761 omnes
1259 1722 1396 1778 quos
1424 1708 1565 1765 Deus
1610 1711 2107 1771 misericordissima
2131 1717 2222 1774 bo-

644 1788 811 1826 niloln
857 1793 1028 1826 enim“
1110 1805 1161 1826 ΔΙ
1219 1813 1406 1826 ,πη-ην.
1466 1816 1597 1826 ...μη
1627 1803 1910 1826 :.-_.:-_2.._-
1949 1809 2222 1826 ---ᾼηςμμ

2333 1707 2428 1764 bat
2457 1710 2511 1766 in
2541 1713 2978 1782 suggestionibus
2997 1717 3452 1788 concupiscentia:
3468 1719 3735 1790 captivare.
3753 1718 3865 1778 Unde

2338 1801 2475 1826 ξιιμ..
2511 1796 2780 1826 -..-_.;|.-_,
2823 1809 2887 1826 _-.
2967 1808 3005 1826 η
3099 1810 3112 1826 ι
3147 1810 3160 1826 ι
3227 1820 3238 1826 -
3394 1813 3406 1825 ι
3493 1812 3506 1826 ι
3572 1816 3583 1826 .
3623 1811 3656 1826 ιν.
3691 1814 3701 1826 .

642 1788 811 1845 nitate
857 1793 1051 1862 salvat,
1109 1805 1164 1851 et
1218 1813 1409 1855 omnes
1462 1816 1600 1872 quos
1619 1803 1917 1872 justissima
1946 1809 2233 1865 severitate
2261 1826 2311 1887 Β
2336 1801 2478 1860 idem
2508 1796 2787 1875 apostOlus
2815 1809 2892 1863 ait
2920 1826 2933 1861 :
2964 1808 3304 1868 Condelector
3322 1813 3459 1867 enim
3487 1812 3583 1885 legi
3603 1811 3701 1916 .Dei
3723 1830 3863 1916 secun-

642 1882 998 1916 ρηηιιοηπυιι.
1032 1887 1351 1916 ,τηειηυμιηηι
1386 1891 1523 1916 ξω..-
1576 1910 1677 1916 μ-..
1732 1894 1887 1916 4“.--
1915 1913 1931 1916 -
2039 1915 2047 1916 ,
2091 1900 2124 1916 ο-
2170 1902 2204 1916 ,ι
2345 1893 2456 1916 λη---
2493 1896 2670 1916 εηιμμ
2698 1915 2731 1916 ,,
2774 1915 2779 1916 ,
2823 1899 2837 1916 ι
2942 1901 2954 1912 ο
3186 1902 3198 1914 ο
3223 1902 3235 1916 ι
3422 1910 3433 1916 -

640 1882 998 1952 condemnat;
1030 1887 1353 1957 quibusdam
1378 1891 1525 1962 juste
1574 1910 1683 1952 non
1727 1894 1937 1953 donans
1992 1900 2237 1958 veritatis
2261 1882 2303 1887 ⁷
2338 1893 2461 1949 dum
2488 1896 2787 1953 interiorem
2816 1899 3117 1955 hominem:
3149 1902 3298 1958 video
3344 1910 3515 1957 autem
3564 1903 3706 1958 aliam
3744 1904 3862 1977 legem

640 1973 996 2045 agnitionem,
1019 1980 1340 2049 quibusdam
1368 1984 1791 2043 misericorditer
1838 1992 2236 2059 agnoscendam

640 2064 888 2120 revelans
928 2068 1244 2137 veritatem;
1303 2084 1360 2128 et
1405 2074 1458 2129 in
1504 2077 1754 2135 omnibus
1805 2079 2034 2152 implens
2081 2099 2235 2141 suam

641 2156 1223 2228 omnipotentissimarn
1245 2166 1599 2225 voluntatem.

617 2281 624 2307 ι
714 2249 844 2307 CAP.
878 2269 985 2310 xw.
1012 2283 1083 2294 -—
1104 2255 1192 2313 25.
1237 2258 1497 2329 Plurima,
1522 2268 1818 2325 secundum
1846 2270 2001 2328 istius
2032 2272 2232 2331 intelli-

636 2344 833 2412 gentia:
883 2346 1290 2407 saluberrimam
1345 2356 1607 2425 regulam,
1658 2360 1714 2415 in
1743 2361 1938 2419 divinis
1979 2365 2229 2436 eloquiis,

536 2440 545 2446 '
639 2435 948 2493 testimonia
1000 2442 1202 2511 poterit
1248 2444 1492 2505 invenire
1538 2451 1781 2524 quisquis
1810 2455 2043 2513 voluerit
2086 2435 2233 2517 Scri-

636 2533 827 2594 pturas
842 2527 1050 2586 divinas
1070 2542 1222 2590 recto
1243 2536 1423 2594 cordis
1445 2541 1605 2597 oculo
1622 2558 1928 2603 recensere.
1948 2546 2082 2605 Cum
2101 2566 2230 2614 vero

636 2617 707 2674 de
735 2620 967 2679 humana
988 2626 1268 2695 voluntate
1298 2637 1586 2704 tractatur,
1611 2638 1756 2706 quod
1787 2642 2023 2710 pertinet
2042 2644 2110 2700 ad
2137 2660 2229 2704 sa-

632 2712 765 2775 lutis
788 2716 875 2771 vel
901 2720 1201 2789 exordium,
1235 2724 1324 2779 vel
1352 2724 1627 2795 eﬁ‘ectum,
1660 2746 1841 2788 verum
1872 2751 1971 2805 EST
2002 2752 2223 2806 QUIDBI,

634 2806 761 2880 qnia
791 2805 859 2862 de
886 2807 989 2865 illis
1012 2811 1105 2882 qui
1131 2814 1345 2872 ratione
1375 2824 1620 2890 utuntur,
1651 2824 1742 2891 qui
1785 2824 1973 2882 volunt
2010 2805 2226 2885 salvan?

634 2905 741 2964 tur,
775 2908 831 2955 et
856 2902 947 2971 qui
969 2904 1158 2960 nolunt
1183 2923 1291 2963 non
1324 2910 1636 2980 salvantur;
1686 2916 1781 2971 sed
1826 2918 1905 2974 illi
1946 2922 2037 2990 qui
2092 2923 2227 2979 salvi

634 2985 786 3055 ﬁunt,
822 2999 951 3049 tunc
974 2994 1169 3052 salvari
1204 2998 1413 3066 volunt,
1450 3005 1668 3072 quando
1698 3007 1876 3063 divina
1904 2985 2075 3080 gratia
2098 3030 2227 3085 prte-

631 3082 923 3140 veniuntur
951 3096 1009 3142 ut
1040 3087 1238 3157 velint;
1271 3091 1434 3166 5.92
1463 3095 1572 3153 imo
1602 3106 1730 3156 tunc
1768 3103 1962 3159 salvari
2011 3107 2224 3179 volunt,

629 3175 844 3243 quando
871 3177 1048 3249 ipsum
1071 3182 1208 3239 velle
1227 3183 1372 3240 dono
1412 3186 1606 3244 divina:
1634 3191 1897 3262 largitatis
1926 3175 2218 3270 accipiunt;

627 3262 827 3321 Sancta
855 3269 996 3323 enim
1018 3269 1297 3343 Scriptura
1326 3278 1544 3333 mentiri
1566 3262 2082 3357 nullatenuspotest,
2098 3307 2220 3362 qua:

628 3356 704 3411 ait
730 3375 742 3411 :
801 3357 1141 3431 Praeparetur
1168 3366 1405 3423 voluntas
1432 3386 1464 3423 a
1503 3370 1730 3429 Domino
1766 3356 1947 3449 (Prov.
1979 3397 2092 3448 vm,
2115 3356 2214 3452 ‘55,

626 3463 731 3531 sec.
764 3442 959 3524 LXX).
999 3452 1151 3511 Unde
1179 3471 1397 3529 quoque
1425 3461 1735 3534 Apostolus,
1772 3442 2008 3529 ‘Christo
2054 3442 2111 3530 in
2155 3442 2217 3534 se

625 3528 904 3615 loquente,
933 3548 1192 3606 veraciter
1222 3550 1349 3610 dicit
1375 3572 1386 3608 :
1413 3553 1537 3612 Cum
1562 3558 1746 3618 timore
1772 3572 1821 3618 et
1861 3574 2081 3623 tremore
2125 3586 2214 3625 sa-

624 3644 783 3691 ;«tem
811 3648 1031 3694 uestram
1049 3647 1370 3712 operamini;
1395 3646 1537 3705 Deus
1558 3662 1636 3706 est
1675 3656 1814 3710 enim
1842 3661 1927 3728 qui
1968 3671 2215 3731 operatur

622 3727 676 3781 in
702 3726 836 3783 vobis
861 3738 909 3784 et
932 3731 1054 3786 velle
1079 3742 1131 3787 et
1152 3738 1421 3807 per/icere,
1438 3759 1534 3811 pro
1552 3741 1687 3800 bona
1710 3726 1971 3804 voluntate
1987 3726 2213 3826 (Philip.

619 3834 678 3885 ll,
713 3817 798 3886 l2,
829 3820 939 3889 l5).
966 3821 1075 3880 Nec
1123 3826 1299 3882 solum
1354 3828 1564 3888 initium
1620 3835 1777 3892 bona:
1819 3817 2116 3898 voluntatis
2154 3817 2213 3902 et

619 3911 800 3980 operis
819 3911 933 3969 Deo
963 3912 1202 3986 assignat
1222 3919 1534 3992 Apostolus,
1561 3941 1751 3983 verum
1776 3930 1937 3986 etiam
1985 3933 2053 3990 ab
2090 3935 2211 4007 ipso

617 4011 906 4076 utrumque
933 4015 1162 4065 testatur
1188 4011 1416 4084 impleri,
1467 4017 1687 4076 dicens:
1739 4023 1806 4078 Ut
1843 4025 2082 4098 dignetur
2121 4046 2210 4088 vos

616 4102 883 4156 vocatione
904 4119 1001 4157 sua
1024 4101 1401 4164 Deusnoster:
1448 4120 1503 4165 ut
1522 4114 1733 4186 impleat
1780 4135 1981 4175 omnem
2030 4123 2211 4180 volun-

617 4198 775 4244 tatem
806 4190 1070 4265 bonitatis,
1103 4205 1152 4250 et
1179 4215 1308 4268 opus
1336 4201 1463 4270 ﬁdei
1510 4204 1563 4258 in
1615 4207 1801 4262 virtute
1840 4208 1931 4280 (II
1962 4210 2141 4269 Thess.
2166 4229 2205 4283 ι,

615 4278 728 4351 ll).
759 4280 825 4336 Et
853 4292 912 4338 ut
938 4287 1250 4344 ostenderet
1274 4290 1379 4347 hoc
1407 4308 1505 4362 per
1533 4298 1759 4363 gratiam
1808 4278 1944 4368 lieri,
1990 4278 2209 4363 secutus

616 4371 863 4441 adiunxit
894 4376 963 4446 (υ.
996 4376 1085 4445 l2)
1116 4396 1128 4431 :
1167 4378 1235 4435 Ut
1265 4368 1584 4453 clariﬁcetur
1629 4405 1814 4445 nomen
1861 4392 2078 4451 Domini
2105 4415 2206 4455 no-

613 4465 710 4518 stri
734 4464 859 4520 Iesu
890 4466 1083 4523 Christi
1105 4470 1158 4524 in
1184 4470 1346 4543 vobis,
1371 4483 1421 4528 et
1441 4492 1527 4531 ros
1548 4479 1602 4532 in
1643 4480 1755 4548 illo,
1785 4486 2066 4541 secundum
2083 4479 2210 4560 gra-Q

613 4556 739 4611 tiam
786 4556 886 4614 Dei
905 4563 1069 4617 nostri
1092 4572 1143 4618 et
1171 4563 1381 4623 Domini
1397 4567 1524 4625 Iesu
1547 4570 1760 4631 Christi.
1806 4578 1865 4633 ιιι
1915 4579 2020 4637 illis
2073 4556 2205 4655 ergo

612 4648 701 4717 qui
742 4649 1043 4709 voluntarie
1074 4656 1351 4715 salvantur
1384 4664 1557 4731 gratia
1608 4667 1787 4723 divina
1837 4648 2268 4743 operatur

610 4738 810 4808 velint;
842 4741 894 4797 in
923 4743 1028 4801 illis
1055 4754 1235 4802 autent
1256 4750 1346 4819 qui
1371 4753 1582 4820 nolunt,
1609 4755 1842 4815 humana
1869 4738 2063 4819 duritia
2081 4738 2203 4837 per-

610 4842 826 4887 sever-at
848 4842 906 4888 ut
935 4837 1127 4893 nolint.
1159 4839 1331 4906 Quam
1360 4850 1540 4901 tamen
1571 4846 1823 4906 duritiam
1873 4853 2038 4912 homo
2091 4874 2203 4916 non

608 4920 849 4992 habebit,
874 4942 996 4982 cum
1026 4944 1144 4984 eam
1169 4930 1310 4989 Deus
1340 4935 1554 4993 auferre
1577 4940 1829 5000 voluerit.
1879 4943 2011 5003 Sine
2058 4948 2202 5004 dilil-

605 5015 809 5073 cultate
837 5019 1036 5091 quippe
1058 5020 1197 5078 Deus
1235 5030 1417 5094 potest
1454 5029 1681 5100 implere
1708 5036 2070 5110 quodcunque
2096 5058 2198 5099 vo-
2224 5054 2231 5059 ‘

604 5107 781 5178 luerit,
813 5113 905 5183 qui
925 5114 1001 5168 ait
1020 5114 1088 5170 de
1107 5116 1427 5185 quibusdam
1456 5138 1470 5175 :
1504 5123 1754 5197 Auferam
1777 5129 1843 5184 ab
1863 5132 1937 5187 eis
1959 5107 2049 5189 cor
2068 5134 2205 5208 lapi-

603 5201 778 5271 deum,
834 5211 882 5258 et
923 5203 1057 5260 dabo
1098 5207 1173 5261 eis
1226 5225 1316 5263 cor
1341 5226 1589 5268 corneum
1617 5214 1834 5286 (Ezech.
1869 5237 2053 5291 xxxvr,
2082 5225 2201 5299 26).

603 5291 793 5348 Aufert
812 5308 941 5365 ergo
963 5311 1060 5352 eor
1088 5296 1380 5371 lapideum,
1406 5302 1656 5362 duritiam
1685 5311 1868 5368 cordis
1916 5291 2200 5386 auferens;

601 5382 697 5440 dat
723 5399 819 5441 cor
843 5402 1120 5454 carneum,
1151 5393 1380 5460 gratiam
1421 5406 1624 5454 sancte
1653 5402 1990 5485 credulitatis
2018 5382 2199 5466 infun;

602 5478 757 5535 dens.
781 5478 872 5538 Sic
898 5486 1175 5543 cmollitur
1203 5504 1298 5545 cor
1316 5493 1463 5562 quod
1487 5494 1663 5553 fuerat
1691 5478 1921 5569 durum,
1940 5518 2048 5574 quo
2068 5518 2192 5561 san-

600 5582 703 5630 cta:
734 5572 857 5633 ﬁdei
889 5579 1154 5637 tribuatur
1180 5583 1487 5642 exordium.

671 5667 800 5725 ΟΜ».
826 5672 1085 5728 xv.——2l.
1128 5674 1382 5733 Liberum
1411 5696 1540 5737 vero
1567 5684 1817 5741 humanae
1863 5688 2063 5744 mentis
2102 5704 2219 5753 ar-,

603 5756 819 5821 bitrium
865 5768 920 5823 in
949 5769 1125 5839 primo
1154 5769 1373 5830 homine
1402 5786 1609 5834 rectum
1641 5789 1881 5837 creatum
1911 5790 2025 5846 est,
2083 5798 2193 5839 non

601 5863 783 5921 tamen
802 5860 921 5939 sine
949 5860 1219 5937 adjutorio
1239 5867 1425 5935 gratiae
1451 5886 1465 5926 :
1491 5872 1613 5931 talis
1641 5874 1825 5957 utique
1853 5876 2061 5949 gratiae,
2084 5890 2192 5951 qua

1534 6043 1653 6055 ...α-ι-

2335 1986 2389 2042 in
2417 1988 2659 2044 membris
2681 1993 2831 2061 meis,
2860 2001 3237 2064 repugnantem
3267 1994 3369 2073 legi
3388 1995 3571 2050 mentis
3594 2012 3727 2064 meae,
3743 2006 3862 2050 etca-

2334 2080 2613 2151 ptiuantem
2651 2099 2733 2137 me
2768 2084 2824 2137 in
2869 2084 3032 2155 legem
3083 2087 3446 2159 peccatilqute
3490 2094 3564 2142 est
3588 2088 3641 2142 in
3676 2087 3863 2142 membris

2336 2170 2464 2224 meis
2487 2169 2773 2242 (Rom.vn,
2793 2172 2882 2239 22,
2906 2172 3022 2245 25).
3051 2173 3162 2231 Nec
3189 2174 3342 2231 siluit
3368 2177 3487 2233 solo
3514 2193 3571 2232 se
3598 2192 3736 2248 posse
3751 2178 3864 2231 auxi-

2333 2255 2409 2313 lio
2436 2260 2621 2330 gratia:
2636 2260 2886 2330 liberari;
2915 2262 3039 2320 ideo
3063 2264 3311 2335 sequitur
3332 2265 3517 2322 dicens
3543 2267 3609 2337 (υ.
3630 2265 3691 2318 Ξ4
3715 2274 3754 2320 et
3769 2263 3860 2337 25):

2335 2347 2536 2422 Infelix
2565 2368 2661 2424 ego
2685 2353 2862 2423 homo,
2884 2356 2997 2427 quis
3026 2372 3108 2411 me
3134 2355 3376 2413 liberabit
3424 2356 3487 2412 de
3512 2374 3707 2428 corpore
3727 2357 3862 2413 mortis

2333 2442 2527 2515 hujus?
2547 2442 2734 2499 Gratia
2766 2444 2864 2501 Dei
2896 2463 2988 2516 per
3014 2443 3195 2502 Iesum
3221 2446 3486 2503 Christum
3527 2447 3770 2503 Dominum
3791 2464 3861 2503 tto-

2332 2548 2515 2594 strum.
2552 2537 2751 2596 Habuit
2778 2553 2908 2610 ergo
2929 2540 2985 2596 in
3011 2549 3195 2598 mente
3214 2542 3406 2611 gratia:
3426 2540 3861 2606 fortitudinem,scd

2331 2632 2386 2689 in
2414 2648 2578 2690 carne
2603 2632 2974 2690 inﬁrmitatem
3022 2635 3298 2692 sentiebat
3351 2636 3574 2703 arbitrii,
3621 2650 3759 2705 quam
3782 2648 3860 2688 non

2331 2722 2519 2779 habuit
2593 2723 2764 2779 Adam
2812 2725 3131 2796 priusquam
3181 2725 3573 2796 depravaretur
3622 2723 3861 2780 voluntaria

2331 2815 2780 2887 prmvaricatione
2826 2817 3088 2913 mandati.
3144 2817 3276 2874 [nde
3334 2818 3586 2890 estquod
3613 2816 3860 2913 Apostolus,

2332 2929 2441 2970 non
2470 2913 2571 2970 sub
2598 2914 2741 2985 lege,
2763 2914 2860 2971 sed
2879 2901 3007 2985 jam.
3041 2914 3141 2971 sub
3190 2915 3371 2986 gratia
3416 2916 3732 2978 constitutus,
3771 2906 3862 2967 licét

2331 3016 2513 3064 mente
2525 3009 2756 3065 serviret
2777 3009 2882 3079 legi
2900 3008 3016 3081 Del,
3037 3008 3343 3078 cogebatur
3362 3017 3539 3084 tamen
3549 3022 3696 3065 carne
3705 3004 3861 3062 servire

2330 3096 2435 3167 legi
2446 3100 2679 3170 peccati:
2706 3101 2834 3171 quia
2852 3099 2985 3156 illud
3000 3101 3076 3156 illi
3093 3101 3147 3156 in
3163 3101 3451 3159 voluntate
3470 3101 3706 3158 divinitus
3720 3099 3861 3153 datum

2329 3198 2467 3256 erat,
2498 3190 2629 3247 illud
2658 3190 2712 3247 in
2734 3207 2802 3249 eo
2823 3193 3153 3250 necessitate
3180 3198 3537 3252 remanserat.
3587 3194 3686 3250 lllis
3709 3192 3861 3263 quippe

2325 3281 2736 3339 necessitatibus
2762 3284 3051 3353 urgebatur
3078 3285 3301 3354 invitus,
3341 3302 3374 3342 a
3403 3288 3594 3357 quibus
3617 3286 3736 3356 eripi
3773 3297 3861 3339 om-

2322 3372 2407 3429 nis
2427 3381 2647 3431 sanctus
2679 3383 2735 3430 et
2774 3384 2929 3447 optat
2955 3384 3011 3431 et
3031 3376 3291 3449 postulat,
3328 3377 3518 3435 dicens
3539 3377 3677 3433 Deo:
3708 3373 3772 3429 De
3793 3389 3859 3427 ue-

2320 3464 2647 3520 cessitatibus
2701 3465 2863 3539 593
2910 3470 3039 3523 meis
3087 3470 3228 3541 eripe
3277 3485 3367 3526 me
3408 3468 3577 3544 (Psal.
3625 3484 3748 3539 xm,
3775 3464 3859 3539 Π).

2319 3555 2525 3614 Harum
2550 3559 2940 3617 necessitatum
2964 3560 3018 3617 in
3047 3575 3109 3620 se
3131 3560 3437 3634 Apostolus
3464 3563 3741 3621 molestiam
3763 3574 3859 3614 sen-

2319 3640 2461 3707 tiens
2482 3651 2701 3709 dicebat
2734 3643 2750 3708 έ
2781 3652 2908 3710 Non
2929 3656 3068 3710 enim
3094 3655 3232 3728 quod
3251 3656 3372 3712 voto
3406 3656 3612 3728 bonum,
3636 3656 3722 3710 hoc
3758 3665 3857 3723 ago;

2317 3743 2410 3798 sed
2437 3745 2574 3816 quod
2615 3746 2702 3801 odi
2746 3746 2963 3818 malum,
3008 3748 3105 3804 hoc
3134 3749 3295 3822 facio.
3347 3748 3413 3807 Si
3440 3760 3605 3805 autem
3646 3746 3762 3821 quod
3792 3742 3858 3799 οάί

2314 3838 2532 3906 malum,
2562 3840 2658 3895 hoc
2685 3858 2783 3914 ago
2804 3884 2820 3911 ,
2834 3842 2952 3913 jam
2981 3859 3086 3899 non
3105 3859 3199 3916 ego
3228 3860 3423 3915 operor
3453 3843 3600 3910 illud,
3643 3840 3723 3897 sed
3755 3834 3858 3911 quod

2316 3931 2517 3988 habitat
2541 3935 2598 3989 in
2615 3952 2698 3990 me
2717 3945 2982 4007 peccatum
3012 3935 3193 4009 (Rom.
3223 3952 3318 4034 Vit.
3347 3938 3436 4006 19,
3461 3937 3599 4034 ²⁰)χ
3663 4026 3674 4034 _
3776 4032 3783 4034 _
3814 4021 3825 4034 ,

2386 4026 2515 4083 CAP.
2539 4043 2647 4083 xvr.
2683 4062 2755 4071 —
2793 4027 2883 4084 25.
2918 4027 3014 4085 Hie
3052 4029 3409 4088 necessitates
3433 4045 3540 4087 non
3569 4026 3791 4085 desinunt
3812 4026 3856 4079 in

2313 4134 2546 4192 corpore
2574 4122 2766 4179 mortis
2793 4121 2955 4194 hujus
2992 4122 3297 4192 mprtaliter
3321 4123 3622 4182 viventibus
3657 4118 3853 4182 sanCliS;

2312 4212 2508 4282 quibus
2527 4213 2910 4272 miserabiliter
2934 4215 3156 4287 quidem
3185 4218 3587 4283 concutiuntur,
3634 4222 3687 4271 ut
3720 4223 3854 4283 agno-

2311 4313 2465 4362 scant
2497 4321 2558 4363 se
2584 4307 2733 4364 illam
2756 4309 2985 4378 gratiam
3012 4310 3215 4368 saneta:
3239 4308 3511 4368 libertatis
3534 4316 3587 4366 et
3610 4307 3742 4380 pacis
3765 4302 3854 4375 pri-

2310 4413 2414 4454 ma:
2432 4399 2488 4454 in
2514 4400 2689 4470 primo
2720 4401 2943 4458 homine
2975 4402 3184 4474 peccati
3213 4404 3411 4459 merito
3440 4400 3750 4475 perdidisse;
3776 4407 3854 4450 nec

2312 4504 2435 4547 eam
2464 4506 2625 4563 posse
2666 4493 2766 4550 nisi
2812 4509 2912 4564 per
2938 4494 3169 4564 gratiam
3195 4492 3400 4551 Christi
3427 4494 3686 4564 recipere,
3716 4491 3761 4544 in
3785 4484 3853 4541 illa

2311 4581 2574 4639 duntaxat
2596 4584 2708 4640 vita
2733 4584 2786 4639 in
2808 4600 2915 4655 qua
2939 4585 3085 4642 nulla
3120 4585 3227 4642 erit
3249 4587 3455 4642 sanctis
3473 4581 3752 4642 sollicitudo
3768 4590 3855 4634 cer-

2312 4675 2559 4743 taminis,
2609 4675 2707 4733 sed
2733 4675 2975 4748 perfecta
3018 4676 3285 4734 securitas
3329 4677 3508 4749 pacis;
3552 4684 3669 4771 tunc
3704 4670 3854 4771 utitin

2312 4766 2530 4838 quando
2577 4769 2927 4825 insultabitur
2966 4769 3165 4838 morti,
3212 4770 3512 4841 exstirpata
3550 4768 3617 4824 de
3642 4760 3852 4821 membris

2311 4860 2461 4916 omni
2489 4861 2840 4918 contentione
2860 4861 3088 4932 peccati.
3115 4860 3267 4918 Tunc
3284 4861 3555 4919 veraciter
3578 4860 3628 4915 in
3652 4856 3730 4912 illa
3747 4861 3853 4925 paco

2312 4949 2524 5006 dicetur
2548 4968 2561 5004 :
2589 4951 2847 5024 Absorpta
2872 4961 2950 5008 est
2977 4969 3117 5008 mors
3142 4954 3200 5007 in
3232 4954 3470 5010 victoria.
3503 4951 3599 5008 Ubi
3616 4958 3702 5014 est,
3722 4957 3852 5011 mort,

2310 5044 2527 5098 victoria
2550 5045 2676 5099 tua?
2700 5044 2799 5100 Ubi
2814 5054 2912 5111 est,
2935 5062 3098 5112 mors,
3120 5046 3361 5102 stimulus
3376 5055 3492 5101 tuus
3506 5046 3529 5100 ?
3543 5040 3769 5100 Stimulus
3782 5051 3852 5091 att-

2281 5142 2289 5149 '
2314 5146 2413 5192 tem
2438 5138 2621 5193 mortis
2664 5149 2932 5210 peccatum
2971 5148 3047 5196 est
3078 5139 3134 5211 (I
3162 5140 3285 5196 Cor.
3315 5157 3405 5207 xv,
3440 5139 3526 5204 54,
3556 5137 3639 5204 55,
3664 5132 3771 5204 56),
3808 5129 3849 5183 in

2307 5230 2452 5298 quod
2473 5231 2633 5301 primi
2653 5231 2889 5288 hominis
2911 5232 3356 5303 praevaricatione
3376 5230 3677 5323 cecidimus,
3696 5232 3744 5280 et
3759 5221 3850 5323 sine

2306 5335 2416 5391 quo
2445 5322 2499 5376 in
2530 5322 2632 5377 hac
2657 5323 2902 5393 vitanon
2931 5339 3139 5379 sumus.
3172 5322 3235 5379 Si
3265 5323 3411 5379 enim
3454 5320 3722 5376 dixerimus
3753 5320 3849 5414 quia

2306 5420 2570 5483 peccatum
2590 5428 2694 5468 non
2715 5412 2990 5479 habemus,
3014 5431 3109 5469 nos
3138 5414 3277 5486 ipsos
3304 5412 3609 5473 seducimus,
3630 5417 3676 5463 et
3696 5410 3846 5460 terim

2242 5570 2265 5579 _
2305 5507 2363 5561 in
2387 5504 2537 5561 nobis
2565 5522 2671 5561 non
2695 5514 2772 5561 est
2801 5504 2858 5578 (I
2877 5506 3035 5562 Joan.
3067 5523 3119 5574 ι,
3151 5505 3226 5578 8).
3257 5505 3592 5575 Vigilandum
3617 5506 3692 5558 est
3717 5494 3847 5564 ἱεὶιιιτ

2304 5597 2359 5652 ἱη
2389 5598 2707 5664 certamine,
2736 5606 2797 5653 ut
2826 5599 3197 5670 requiescatur
3226 5600 3279 5655 in
3306 5613 3472 5670 pace;
3501 5586 3843 5687 cogitanda

2301 5689 2458 5744 liberi
2502 5688 2710 5743 arbitrii
2756 5705 2972 5761 semper
3000 5688 3286 5746 inﬁrmitas
3321 5703 3483 5760 quam
3530 5684 3676 5777 nobis
3712 5684 3843 5777 ptitnl

2299 5783 2535 5838 hominis
2557 5784 2838 5854 generavit
2877 5785 3163 5856 iniquitas;
3195 5793 3251 5842 et
3271 5782 3340 5838 ad
3365 5775 3738 5849 subrogandum
3763 5775 3843 5870 vir-

2298 5874 2430 5949 tutis
2453 5874 2713 5937 auxilium
2739 5877 3057 5952 suppliciter
3080 5874 3351 5955 poscenda
3386 5880 3468 5935 est
3495 5870 3665 5930 divina
3703 5872 3841 5934 ωηεο
