4046 6502
160 349 298 404 665

1081 344 1168 399 DE
1203 342 1546 401 VERITATE
1584 342 2264 402 PRIEDESTINATIONIS
2303 345 2434 402 LIB.
2478 346 2566 401 111.

3367 348 3472 406 666

163 470 331 528 stas,
357 469 416 515 ιιι
438 457 807 516 laborantibus
829 457 1033 514 tribuat
1051 459 1324 527 virtutem,
1352 469 1406 516 et
1435 461 1667 516 victores
1685 474 1783 514 nos
1816 464 1866 523 Α
1893 469 1947 517 et
1975 460 2257 516 infirmitas
2281 462 2512 519 hominis
2537 461 2746 531 majore
2798 455 3064 531 adjutorio
3089 462 3274 532 gratiae
3309 462 3475 520 victo-

161 551 457 625 perducat
484 551 553 607 ad
579 566 768 624 pacem
794 594 811 622 ,
842 551 934 607 ubi
962 551 1258 622 perfectam
1300 561 1356 607 et
1393 554 1459 608 ab
1489 554 1634 608 omni
1657 567 1783 624 pec-

161 653 317 702 cato
347 644 656 716 plenissime
681 645 959 702 liberatam
991 644 1285 702 habeamus
1321 645 1530 701 arbitrii
1567 646 1786 701 liberta-

164 744 303 793 tem
332 755 344 790 :
366 743 492 793 tunc
515 737 728 808 quando
757 737 932 793 omnis
958 746 1224 804 creatura,
1245 752 1363 807 quae
1388 754 1528 794 nunc
1558 753 1788 794 renova-

166 839 279 887 tur
303 831 359 886 in
382 830 618 897 Christo,
647 831 961 886 liberabitur
982 848 1012 886 a
1037 833 1296 888 servitute
1324 832 1704 902 corruptionis,
1732 831 1787 886 in

168 921 501 979 libertatem
530 923 712 993 gloriae
742 919 980 980 filiorum
1005 923 1101 980 Dei
1133 923 1320 995 (Rom.
1353 941 1466 991 vm,
1507 925 1619 995 21).
1653 925 1787 980 Cum

171 1024 380 1071 autem
412 1017 748 1084 liberabitur,
799 1017 987 1087 procul
1034 1016 1198 1072 dubio
1242 1025 1299 1071 et
1343 1018 1524 1072 libera:
1551 1017 1700 1088 pacis
1733 1025 1790 1072 et

168 1115 403 1175 pacata:
428 1107 690 1162 libertatis
717 1123 941 1163 munere
964 1107 1286 1179 perfruetur.
1313 1108 1468 1175 Quod
1494 1109 1538 1162 si
1563 1109 1650 1162 illa
1682 1124 1788 1179 pax

173 1198 395 1268 illaque
411 1199 632 1256 libertas
655 1209 802 1256 tanta
828 1202 1151 1256 etiamnunc
1178 1203 1378 1256 inesset
1395 1201 1596 1255 homini
1623 1215 1787 1270 quan-

174 1300 303 1346 tam
327 1292 518 1348 habuit
547 1295 750 1364 primus
779 1295 943 1350 homo
970 1303 1096 1349 ante
1117 1301 1421 1364 peccatum,
1444 1309 1550 1347 non
1583 1292 1790 1346 videret

176 1383 240 1438 in
277 1385 538 1440 membris
565 1387 676 1441 suis
704 1386 863 1440 aliam
903 1387 1097 1455 legem,
1147 1401 1269 1455 qua:
1315 1385 1418 1454 legi
1459 1384 1653 1440 mentis
1679 1399 1789 1439 sua:

175 1477 590 1532 contumaciter
618 1485 964 1547 repugnaret,
989 1484 1044 1533 et
1081 1477 1350 1547 captivum
1382 1476 1436 1530 in
1460 1475 1632 1545 legem
1659 1489 1785 1544 pec-

178 1569 305 1624 cati
327 1570 598 1625 violenter
626 1569 936 1626 abduceret.

259 1656 356 1712 26.
421 1658 672 1715 Liberum
721 1660 902 1730 itaque
949 1659 1200 1716 humana:
1246 1660 1441 1715 mentis
1485 1657 1784 1721 arbitrium,

176 1751 510 1821 priusquam
533 1754 735 1824 primus
753 1755 917 1810 homo
938 1765 1208 1826 peccaret,
1228 1755 1280 1810 in
1305 1762 1512 1809 tantum
1541 1754 1642 1808 fuit
1661 1765 1788 1808 vere

1887 553 2023 608 riam
2071 555 2263 624 recipit
2307 569 2466 624 quam
2507 555 2706 610 amisit.
2740 554 2987 612 Potestas
3015 557 3197 626 utique
3224 557 3360 614 bene
3387 558 3477 614 vel

1887 647 2030 702 male
2059 647 2320 718 operandi
2347 654 2528 718 potest
2555 633 2732 704 inesse
2780 648 2986 704 homini
3015 651 3187 705 utenti
3213 651 3424 706 ratione
3455 669 3470 706 :

1887 741 1982 795 sed
2012 741 2153 796 male
2178 741 2439 812 operandi
2462 749 2702 810 potestas
2739 754 2807 796 ex
2834 740 2952 795 solo
2980 741 3160 797 liberte
3184 741 3477 798 voluntatis

1888 829 2120 885 habetur
2149 831 2407 896 arbitrio;
2434 839 2674 901 potestas
2694 839 2874 888 autem
2898 831 3037 887 bene
3061 832 3324 903 operandi
3348 813 3477 888 tunc

1890 922 2060 976 libero
2086 923 2224 978 inest
2253 922 2507 988 arbitrio,
2557 923 2776 992 quando
2813 922 3049 978 donatur
3085 939 3116 979 a
3151 923 3283 980 Deo.
3329 922 3478 979 Hanc

1889 1023 2213 1086 potestatem
2264 1015 2519 1070 divinitus
2564 1015 2679 1070 dari
2727 1013 2962 1070 Joannes
3000 1015 3328 1086 evangelista
3373 1014 3479 1070 boc

1889 1119 2143 1160 sermone
2173 1112 2404 1160 testatur
2436 1123 2450 1184 :_
2485 1102 2744 1177 Quotquot
2786 1113 2959 1160 autem
2997 1113 3297 1177 receperunt
3339 1119 3475 1170 eum,

1891 1199 2030 1252 dedit
2058 1200 2133 1252 eis
2158 1207 2463 1270 potestatem
2505 1198 2642 1268 ﬁlios
2671 1197 2768 1252 Dei
2795 1197 2934 1268 ﬁeri,
2964 1198 3046 1253 Itis
3073 1199 3160 1269 qui
3189 1197 3402 1254 credunt
3421 1197 3474 1249 iit

1890 1293 2098 1347 nomine
2122 1292 2232 1362 ejus
2265 1291 2442 1364 (Joan.
2477 1308 2514 1357 ι,
2543 1290 2653 1362 12).

1964 1381 2092 1437 Car.
2123 1379 2446 1436 nun—28.
2464 1380 2828 1447 Quzestionem
2859 1397 2988 1437 vero
3007 1381 3075 1436 de
3095 1381 3294 1450 anima,
3316 1394 3477 1451 quam

1891 1473 2242 1544 penultimam
2283 1471 2476 1528 vestris
2520 1472 2573 1526 in
2603 1472 2795 1528 litteris
2823 1473 3111 1543 posuistis,
3164 1485 3267 1540 ego
3295 1471 3349 1526 in
3375 1472 3478 1527 hac

1892 1566 2246 1635 responsione
2269 1565 2511 1619 ultimam
2530 1563 2882 1635 posui,quam
2911 1565 3079 1633 magis
3101 1564 3336 1620 arbitror
3355 1579 3477 1620 con-

1891 1659 2091 1714 flictum
2114 1657 2255 1729 apud
2275 1673 2372 1713 vos
2397 1657 2596 1713 habere
2617 1672 2775 1728 quam
2805 1657 3093 1712 terminum
3119 1675 3131 1708 :
3155 1655 3207 1711 in
3231 1671 3335 1727 qua
3359 1656 3477 1726 plus

1891 1760 2072 1823 potest
2117 1752 2302 1821 augeri
2354 1751 2630 1807 contentio
2678 1765 2840 1820 quam
2882 1747 3166 1819 suffragari
3217 1749 3471 1818 cognitio.

176 1841 445 1910 liberum,
480 1845 533 1900 in
561 1855 820 1916 quantum
851 1849 905 1903 in
934 1864 994 1905 se
1035 1847 1168 1903 nihil
1197 1864 1264 1904 ex
1293 1863 1352 1904 se
1394 1847 1662 1903 sentiebat
1688 1846 1786 1902 ad-
1817 1839 1864 1901 Β
1893 1841 2131 1914 Utraque
2161 1843 2304 1897 enim
2335 1858 2461 1912 pars
2487 1843 2566 1898 sic
2593 1842 2704 1898 suis
2732 1842 3121 1898 assertionibus
3162 1840 3368 1905 nititur,
3417 1850 3478 1894 ut

177 1947 434 1988 versum.
467 1935 646 1991 Inerat
671 1953 799 2008 ergo
827 1940 879 1993 ei
920 1940 1121 1995 sanitas
1147 1949 1200 1994 et
1233 1938 1504 2004 felicitas;
1560 1954 1660 1994 nec
1688 1938 1786 1992 ali-

178 2039 356 2094 quam
399 2027 500 2081 sibi
549 2030 816 2085 sentiebat
844 2031 1021 2087 incsse
1050 2031 1353 2096 miseriam,
1401 2030 1528 2099 quia
1568 2029 1788 2085 tenebat

180 2124 342 2170 recta
373 2116 626 2175 libertate
651 2120 936 2190 justitiam.
983 2120 1198 2177 Justitia
1246 2123 1446 2192 quippe
1492 2121 1793 2190 liberaliter,

181 2207 479 2272 serviebat,
513 2209 634 2265 ideo
663 2211 730 2267 de
758 2228 888 2267 vera
917 2213 1167 2269 libertate
1195 2214 1483 2283 gaudebat.

257 2297 392 2353 CAP.
419 2316 544 2356 xvu.
566 2333 638 2342 ---
664 2301 872 2358 Primus
893 2305 1077 2373 utique
1104 2305 1288 2369 homo,
1311 2303 1549 2374 quandiu
1566 2305 1785 2374 justitia:

182 2389 714 2460 servivit,peccatum
726 2394 947 2449 omnino
962 2411 1066 2450 non
1081 2395 1264 2450 habuit
1275 2395 1404 2450 .Nos
1414 2404 1592 2451 autem
1605 2413 1791 2466 quam-

182 2475 267 2531 vis
283 2478 531 2533 liberatia
543 2491 772 2550 peccato,
791 2485 923 2536 servi
936 2493 1106 2537 autent
1118 2487 1144 2555 f
1143 2487 1242 2538 acti
1260 2484 1368 2540 Deo
1383 2485 1560 2556 (Rom.
1580 2503 1651 2553 vt,
1669 2485 1784 2558 18),

185 2575 373 2624 tamen
405 2572 450 2624 si
479 2571 759 2628 dixerimus
800 2576 920 2644 quia
949 2587 1215 2646 peccatum
1242 2595 1346 2632 non
1377 2578 1642 2646 habemus,
1692 2597 1787 2636 nos

185 2657 337 2724 ipsos
352 2659 664 2725 seducimus,
683 2672 732 2716 et
753 2665 941 2718 veritas
965 2666 1018 2718 in
1033 2664 1179 2720 nobis
1195 2682 1295 2720 non
1309 2675 1386 2720 est
1406 2665 1462 2737 (I
1479 2667 1636 2722 Joan.
1655 2685 1690 2734 ι,
1706 2669 1784 2738 8).

189 2747 364 2803 Adam
388 2758 513 2806 ante
525 2761 803 2820 peccatum
827 2769 931 2808 non
946 2755 1134 2810 habuit
1149 2771 1310 2824 super
1329 2772 1387 2810 se
1400 2770 1560 2824 grave
1577 2757 1784 2826 jugum,

192 2836 340 2909 qu'od
362 2848 444 2895 est
471 2857 633 2912 super
657 2841 795 2897 filios
830 2843 943 2911 ejus
973 2860 1003 2898 a
1033 2843 1120 2898 die
1150 2845 1325 2900 exitus
1350 2845 1418 2900 de
1456 2854 1642 2901 ventre
1669 2862 1789 2902 ma-

196 2931 296 2986 tris
317 2947 534 2999 eorum,
572 2949 744 3004 usque
771 2935 824 2988 in
853 2934 994 2990 diem
1015 2935 1304 3005 sepultura:
1333 2935 1388 2989 in
1417 2947 1642 2990 matrem
1672 2952 1790 2992 om-

196 3023 343 3077 nium
377 3023 561 3094 (Ereti.
596 3041 684 3090 XL,
709 3025 784 3094 1).
818 3017 881 3080 1η’
905 3026 1073 3079 Adam
1109 3035 1234 3080 ante
1262 3036 1545 3097 peccatum
1587 3028 1788 3084 nullam

197 3115 386 3171 habuit
409 3132 535 3172 caro
551 3119 1064 3190 concupiscentiam,
1080 3136 1198 3190 quae
1212 3120 1422 3191 spiritui
1439 3131 1784 3192 repugnaret.

1889 1937 2178 1992 contrariis
2199 1935 2547 1991 nihilominus
2566 1935 2961 2005 objectionibus
2975 1935 3298 1990 revincatur.
3311 1931 3478 2002 Cujus

1887 2027 2200 2097 quaestionis
2233 2027 2422 2081 beatus
2451 2024 2779 2095 Augustinus
2805 2025 3224 2097 profunditatem
3253 2025 3354 2080 sibi
3378 2025 3478 2080 im-

1887 2117 2328 2189 perscrutabilem
2358 2131 2605 2178 cernens,
2649 2116 2848 2171 nullam
2877 2116 3049 2171 voluit
3085 2115 3246 2185 hujus
3273 2115 3354 2170 rei
3383 2114 3479 2178 de-

1887 2207 2094 2264 finitam
2141 2207 2384 2280 proferre
2433 2209 2757 2264 sententiam
2787 2249 2801 2274 ,
2861 2209 3220 2276 incongruum
3252 2223 3476 2278 prorsus

1887 2301 2202 2356 existimans
2258 2299 2462 2370 aliquid
2491 2297 2762 2354 affirmare
2803 2298 2921 2354 sine
2952 2297 3288 2354 dubitatione
3316 2299 3475 2364 velle,

1887 2393 2034 2465 quod
2059 2393 2197 2448 alter
2225 2401 2412 2466 posset
2449 2393 2718 2447 contraria
2752 2393 3108 2462 responsione
3148 2392 3474 2448 convellere.

1890 2481 2054 2552 Cujus
2083 2491 2190 2538 tam
2240 2484 2294 2537 in
2339 2482 2552 2539 decimo
2605 2482 2742 2538 libro
2787 2481 2853 2537 de
2881 2480 3078 2538 Genesi
3113 2481 3181 2537 ad
3220 2481 3476 2550 litteram,

1889 2588 2052 2644 quam
2080 2573 2133 2628 in
2161 2573 2311 2629 libris
2349 2573 2416 2627 ad
2457 2571 2800 2629 Vincentium
2842 2571 3118 2628 Victorem
3158 2571 3228 2627 de
3262 2571 3480 2642 Origine

1891 2666 2116 2730 animae,
2167 2681 2268 2721 nec
2297 2681 2406 2720 non
2448 2666 2501 2719 in
2531 2665 2668 2721 libro
2695 2666 2870 2736 primo
2913 2681 2981 2720 ex
3008 2665 3220 2722 duobus
3247 2680 3384 2736 quos
3412 2664 3480 2721 ad

1892 2766 2138 2847 sanctum
2171 2756 2558 2829 Hieronymum
2589 2758 2807 2828 scripsit
2837 2747 3030 2827 (Epist.
3063 2758 3196 2812 alias
3217 2756 3316 2822 28,
3346 2774 3481 2813 nunc

1894 2851 2053 2923 166);
2086 2852 2138 2906 in
2170 2851 2340 2906 tribus
2359 2864 2574 2920 quoque
2605 2849 2849 2919 epistolis
2874 2847 2971 2920 (V.
2991 2849 3142 2920 epist.
3157 2849 3326 2919 ejusd.
3345 2849 3480 2903 alias

1893 2941 1998 2997 157
2017 2984 2034 3010 ,
2065 2957 2200 2995 nunc
2232 2938 2356 3010 190)
2385 2954 2518 3010 quas
2547 2939 2615 2994 ad
2644 2938 2898 3008 Optatum
2927 2939 3239 3008 episcopum
3279 2938 3346 2994 de
3375 2937 3478 2994 hac

1893 3033 2194 3104 quaestione
2208 3033 2531 3102 composuit,
2546 3029 2913 3101 disputatione
2930 3030 3160 3099 refulget
3174 3044 3281 3086 non
3301 3029 3479 3086 minus

1895 3123 2113 3194 copiosa
2143 3138 2307 3192 quam
2337 3120 2630 3194 profunda;
2664 3129 2719 3176 et
2740 3136 2807 3177 eo
2835 3121 3006 3191 magis
3034 3120 3325 3187 laudabili,
3350 3120 3478 3192 quia

200 3205 291 3263 Sic
333 3209 473 3263 enim
503 3207 729 3265 faciliter
756 3211 1134 3266 dominabatur
1175 3213 1390 3292 corpori
1413 3256 1428 3282 ,
1456 3214 1597 3269 sicut
1624 3215 1787 3273 obse-
1816 3207 1864 3272 C
1893 3229 2130 3283 congrua
2180 3214 2442 3284 temperie
2484 3213 2785 3270 moderata.
2839 3211 2941 3268 Ubi
2980 3213 3236 3285 quidquid
3281 3215 3477 3286 ingenii

200 3299 465 3369 quehatur
494 3300 723 3357 fideliter
751 3303 1038 3359 conditori.
1074 3303 1263 3359 Anima
1296 3306 1384 3360 illa
1406 3306 1676 3362 subditum
1698 3309 1792 3378 has

201 3391 316 3445 buit
342 3405 570 3462 corpus,
620 3410 780 3462 quam
828 3410 996 3464 purus
1045 3395 1155 3450 Deo
1196 3397 1512 3466 subjiciebat
1539 3398 1782 3457 affectus.

201 3481 351 3538 Nunc
380 3492 556 3538 autem
592 3485 644 3538 in
668 3501 734 3540 eo
764 3502 862 3540 nos
900 3502 1006 3541 non
1037 3486 1274 3556 perfecte
1303 3489 1525 3545 obedire
1555 3490 1666 3547 Deo
1695 3507 1786 3548 co-

201 3575 524 3641 gnoscimus,
561 3576 734 3644 inquo
765 3576 817 3630 in
846 3577 1002 3632 nobis
1029 3592 1155 3632 caro
1178 3563 1510 3650 concupiscit
1530 3580 1788 3637 adversus

202 3664 468 3734 spiritum,
513 3674 568 3720 et
614 3668 834 3735 spiritus
872 3667 1129 3724 adversus
1157 3685 1406 3738 carnem,
1451 3680 1641 3726 utnon
1669 3686 1787 3741 quae

207 3757 450 3814 volumus
479 3757 568 3812 illa
600 3757 876 3814 faciamus.

273 3849 434 3921 [‘94
473 3849 562 3907 27.
613 3849 858 3908 Libertas
900 3867 1030 3922 ergo
1059 3854 1217 3924 primi
1256 3854 1488 3912 hominis
1527 3856 1786 3926 majorem

209 3940 387 3995 habuit
409 3956 627 4010 pacem;
657 3941 751 3997 sed
773 3959 914 3998 nunc
935 3943 1160 3999 libertas
1185 3943 1417 4000 fidelium
1443 3960 1536 4015 per
1560 3947 1786 4016 gratiam

211 4032 463 4100 majorem
486 4033 681 4103 accipit
708 4034 988 4089 caritatem
1022 4053 1034 4088 :
1068 4035 1142 4088 illi
1165 4034 1262 4090 fuit
1283 4052 1503 4106 prorsus
1525 4037 1708 4106 quieta
1731 4038 1786 4093 in

211 4138 334 4192 pace
355 4123 582 4192 justitia,
634 4125 749 4180 istis
774 4125 1008 4194 gloriosa
1037 4125 1195 4181 datur
1223 4127 1274 4181 in
1306 4129 1688 4197 congressione
1718 4131 1790 4185 vi-

213 4215 394 4268 ctoria.
424 4215 596 4285 Major
624 4230 754 4284 ergo
777 4234 920 4273 nunc
946 4217 1106 4272 datur
1133 4219 1328 4288 gratia,
1352 4219 1476 4274 dum
1506 4236 1604 4290 per
1627 4219 1786 4277 fidem

210 4307 422 4362 liberum
445 4319 724 4379 reparatur
753 4311 1069 4377 arbitrium;
1103 4319 1160 4365 et
1188 4326 1345 4377 cum,
1379 4311 1523 4367 dono
1556 4311 1676 4368 fidei
1706 4323 1787 4368 at-

212 4411 308 4466 que
332 4400 569 4454 caritatis
600 4400 804 4466 infuso,
857 4401 1062 4456 arbitrii
1096 4402 1264 4456 nostri
1306 4402 1446 4458 Deus
1475 4413 1693 4474 reparat
1720 4405 1785 4459 Ii-

213 4491 485 4556 bertatem,
508 4492 587 4547 sic
609 4493 662 4546 in
684 4493 839 4547 nobis
861 4492 1070 4563 perficit
1093 4493 1144 4546 in
1171 4493 1482 4549 infirmitate
1511 4495 1785 4551 virtutem.

213 4579 346 4635 Sanu
371 4584 511 4636 enim
537 4583 694 4653 primi
722 4582 954 4638 hominis
976 4583 1200 4638 arbitrio
1225 4586 1494 4654 subrepsit
1513 4585 1664 4640 ruina
1689 4601 1788 4657 per

215 4675 428 4753 vitium}
481 4684 538 4730 ut
580 4683 763 4730 autem
811 4676 862 4729 in
896 4676 1200 4730 hominibus
1239 4676 1784 4745 sanctur'arhitrium,

213 4767 371 4836 major
399 4768 568 4838 gratia
599 4779 680 4822 est
707 4767 906 4822 donata
928 4775 1052 4838 post
1080 4767 1289 4821 vitium.
1339 4767 1417 4821 lta
1465 4767 1662 4824 factum
1705 4780 1788 4826 est

216 4866 268 4912 ut
288 4858 367 4913 ubi
389 4857 679 4913 abundavit
696 4866 998 4928 peccatum,
1015 4856 1481 4926 superabundaret
1504 4868 1558 4912 et
1581 4859 1783 4927 gratia;

215 4969 271 5008 ac
295 4965 386 5023 per
415 4953 519 5008 hoc
551 4953 830 5008 arbitrium
861 4952 1005 5006 dono
1037 4950 1131 5005 Dei
1161 4958 1444 5020 reparatur
1477 4969 1488 5002 :
1527 4959 1582 5006 et
1609 4951 1652 5005 si
1678 4967 1786 5006 non

217 5054 401 5099 tantam
425 5045 588 5101 habet
611 5055 865 5116 quantam
893 5043 1042 5114 prius
1073 5041 1259 5096 habuit
1287 5042 1573 5096 sanitatem
1604 5051 1659 5097 et
1685 5032 1784 5112 pa?

217 5153 338 5201 cem,
368 5137 626 5207 majorem
669 5146 848 5192 tamen
895 5135 1092 5206 accipit
1128 5149 1194 5189 ex
1225 5133 1474 5201 largitate
1504 5134 1781 5197 virtutem,

220 5242 269 5285 ut
295 5231 536 5286 voluntas
562 5230 797 5286 hominis
838 5243 956 5298 quae
985 5227 1098 5282 sola
1130 5225 1436 5295 deceptoris
1474 5226 1724 5280 suasione
1754 5241 1784 5279 a

220 5323 316 5378 Deo
339 5322 687 5386 discesserat,
723 5335 885 5386 nunc,
907 5319 1095 5388 gratia:
1123 5318 1349 5375 subnixa
1380 5318 1650 5388 prmsidio,
1677 5333 1784 5373 non

220 5413 373 5468 solum
404 5412 747 5469 suasionibus
770 5452 786 5476 ,
835 5410 928 5465 sed
975 5424 1076 5464 nec
1120 5409 1402 5464 tormentis
1438 5416 1720 5479 separetur
1756 5424 1786 5463 a

222 5505 435 5563 Christo.
481 5507 558 5562 lta
590 5505 836 5560 Christus
872 5503 1017 5558 Deus
1051 5501 1369 5557 mirabiliter
1397 5501 1631 5557 ostendit
1659 5499 1786 5570 quid

221 5597 432 5654 humana
461 5600 630 5654 virtus
653 5596 847 5661 valeat,
872 5594 1000 5666 quid
1029 5593 1208 5650 divina
1240 5613 1252 5649 :
1279 5604 1338 5650 ut
1358 5593 1546 5659 homo,
1577 5593 1668 5662 qui
1692 5607 1788 5662 per

224 5691 468 5761 propriam
493 5689 821 5745 voluntatem
839 5687 1013 5740 victus
1031 5693 1112 5739 est
1132 5700 1315 5752 sanus,
1343 5692 1561 5752 accepta
1582 5681 1786 5750 majore

224 5783 369 5851 gratia
412 5798 519 5838 non
550 5781 793 5836 vincatur
828 5777 1086 5833 inlirmus.
1122 5777 1302 5843 Vinus
1347 5777 1528 5844 itaque
1554 5774 1787 5831 hominis

226 5890 321 5966 qum
346 5877 610 5933 minorem
642 5872 826 5930 habuit
855 5871 1108 5944 gratiam,
1143 5884 1346 5969 sponte
1380 5869 1518 5928 victa
1548 5866 1740 5924 cecidit
1767 5885 1782 5936 ;

1890 3306 2155 3371 acumine,
2195 3305 2455 3377 quidquid
2482 3305 2913 3362 ratiocinationis
2956 3305 3175 3374 ordine,
3223 3307 3481 3378 quidquid

1889 3395 2228 3450 auctoritatis
2268 3395 2509 3466 pondere
2548 3395 2926 3465 inquirendum
2975 3397 3481 3470 discutiendumque

1889 3485 2195 3554 conspexit,
2213 3493 2269 3540 et
2290 3485 2566 3556 inquisivit
2591 3487 2954 3555 singulariter,
2980 3495 3036 3543 et
3057 3488 3327 3545 discussit.
3346 3487 3482 3545 Con-

1889 3591 2110 3632 sensum
2142 3585 2320 3631 tamen
2346 3577 2414 3631 ab
2445 3585 2673 3647 utraque
2717 3578 3033 3636 definitione
3077 3580 3362 3647 continuit,
3413 3594 3482 3637 ne

1890 3665 2130 3723 laborem
2157 3674 2319 3721 tante
2333 3667 2712 3737 disputationis
2731 3669 2964 3727 inaniter
2978 3672 3298 3742 susciperet,
3320 3687 3480 3740 quem

1890 3755 2178 3824 cujuslibet
2200 3758 2484 3813 sententiae
2513 3760 2802 3814 temeraria
2825 3760 3066 3816 definitio
3094 3771 3365 3818 vacuaret.
3389 3763 3481 3818 Vi-

1890 3847 2050 3902 debat
2090 3862 2209 3902 eam
2258 3855 2468 3918 partem
2499 3864 2618 3919 qua:
2660 3848 2894 3905 affirmat
2941 3851 3174 3907 animam
3203 3853 3271 3909 de
3300 3853 3478 3909 anima

1889 3939 2030 3994 sicut
2057 3954 2252 4008 corpus
2279 3939 2349 3995 de
2383 3956 2612 4011 corpore
2639 3943 2924 4022 propagari
2943 3983 2958 4008 ,
2989 3951 3044 3998 et
3067 3944 3212 3999 illam
3241 3959 3361 4015 qum
3387 3959 3478 3999 as-

1890 4031 2025 4086 serit
2053 4045 2222 4087 novas
2247 4031 2468 4100 singulis
2495 4034 2838 4090 nascentibus
2864 4034 3072 4091 animas
3097 4035 3231 4103 fieri,
3264 4045 3480 4093 contra-

1891 4121 1986 4176 riis
2032 4137 2192 4192 posse
2235 4123 2678 4193 responsionibus
2725 4124 3030 4180 submoveri
3066 4142 3336 4198 :quarum
3378 4143 3480 4200 pro

1892 4213 2052 4285 495
2080 4214 2404 4285 compendio
2432 4217 2817 4287 responsiones
2849 4219 3087 4289 singulas
3126 4222 3294 4279 series
3321 4221 3481 4293 hujus

1893 4306 2074 4376 operis
2101 4307 2305 4362 tenebit
2335 4307 2582 4362 insertas.

1963 4397 2093 4453 Car.
2129 4415 2237 4455 xix.
2269 4431 2339 4440 -—
2369 4398 2456 4454 29.
2487 4399 2566 4454 llli
2595 4401 2797 4474 quippe
2836 4403 2928 4472 qui
2959 4419 3125 4459 novas
3153 4406 3359 4462 animas
3389 4421 3476 4464 as-

1891 4500 2081 4547 serunt
2123 4492 2348 4562 singulis
2379 4493 2520 4559 fieri,
2554 4509 2677 4549 cum
2717 4495 2822 4550 illis
2865 4498 3064 4568 opponi
3110 4501 3338 4570 cmperit
3375 4516 3480 4571 qua

1887 4580 2093 4650 justitia
2131 4580 2224 4636 Dei
2251 4583 2426 4636 anima
2449 4599 2571 4652 qum
2605 4601 2741 4639 nova
2770 4585 2929 4640 datur
2960 4591 3174 4659 corpori
3199 4600 3481 4661 peccatum

1895 4672 2158 4740 originale
2182 4673 2377 4738 trahat,
2397 4689 2518 4727 cum
2542 4674 2609 4728 de
2623 4675 2840 4731 humani
2864 4679 3084 4733 seminis
3095 4683 3482 4751 propagatione

1893 4783 2000 4822 non
2032 4767 2242 4832 veniat,
2279 4768 2500 4821 omnino
2530 4767 2803 4834 deficiunt,
2837 4769 3037 4841 duplici
3065 4773 3269 4828 scilicet
3296 4775 3481 4830 absur-

1892 4857 2060 4912 ditate
2090 4856 2402 4921 constricti,
2451 4858 2574 4926 quia
2626 4859 2707 4914 vel
2739 4859 2907 4915 Deum
2949 4866 3302 4932 pronuntiare
3331 4881 3482 4922 com-

1893 4948 2167 5018 pelluntur
2214 4949 2501 5017 injustum,
2552 4950 2637 5005 vel
2680 4965 2879 5019 negare
2907 4964 3174 5023 coguntur
3221 4958 3481 5025 originale

1895 5048 2196 5110 peccatum.
2225 5040 2416 5094 Anima
2447 5041 2588 5095 enim
2612 5058 2732 5112 qua:
2757 5060 2863 5099 non
2890 5055 3220 5118 propagatur
3249 5059 3306 5102 ut
3330 5065 3480 5116 caro,

1897 5147 2004 5187 non
2045 5132 2204 5187 debet
2244 5148 2366 5187 cum
2397 5150 2559 5190 carne
2603 5137 2879 5206 originalis
2915 5143 3120 5210 peccati
3153 5144 3321 5196 teneri
3350 5158 3478 5199 con-

1895 5225 2085 5290 sortio,
2114 5240 2176 5280 ac
2206 5227 2423 5296 perhoc
2449 5227 2717 5283 invenitur
2746 5246 2846 5286 nec
2874 5230 3114 5301 indigere
3148 5233 3483 5303 baptismatis

1895 5324 2252 5372 sacramento.
2282 5315 2345 5372 Et
2369 5318 2414 5372 si
2439 5317 2488 5372 in
2514 5320 2738 5389 parvulo
2760 5321 2848 5389 qui
2873 5322 2989 5377 sine
3015 5323 3341 5392 baptismate
3368 5342 3482 5382 mo-

1898 5408 2196 5482 ritur,_sola
2225 5424 2352 5464 caro
2373 5419 2456 5464 est
2483 5411 2689 5481 peccati
2713 5412 2986 5482 originalis
3015 5416 3335 5485 contagione
3363 5419 3483 5488 pol-

1897 5500 2030 5566 luta,
2074 5509 2129 5556 et
2169 5501 2348 5556 anima
2380 5517 2486 5557 non
2516 5502 2772 5571 baptizati
2813 5502 3029 5562 infantis
3055 5507 3172 5564 sine
3202 5508 3484 5580 iniquitate

1895 5591 1962 5646 de
1984 5591 2087 5647 hoc
2113 5593 2310 5648 seculo
2332 5601 2553 5662 putatur
2575 5593 2724 5648 exire
2756 5612 2769 5648 :
2799 5596 3006 5652 dicatur
3026 5600 3244 5655 ubinam
3269 5603 3338 5657 sit
3360 5619 3481 5674 par-

1895 5685 2052 5739 vulus
2087 5685 2139 5740 in
2179 5685 2575 5740 resurrectione
2598 5686 2849 5741 futurus?
2879 5698 3054 5744 utrum
3085 5693 3136 5747 in
3163 5710 3329 5763 regno
3363 5697 3475 5760 Dei,

1898 5784 2120 5845 propter
2149 5773 2464 5828 Immditiam
2505 5775 2601 5846 (al.
2635 5776 3018 5851 innocentiam)
3067 5783 3296 5849 animm;
3330 5802 3394 5840 an
3427 5788 3477 5841 iu

1897 5868 2018 5944 igne
2042 5878 2247 5926 aeterno
2269 5875 2490 5939 propter
2513 5868 2904 5928 immunditiam
2929 5873 3138 5930 carnis?
3168 5873 3480 5952 Ubicunque
