4046 6500
533 385 641 444 M7

1573 383 1633 442 8.
1675 383 2044 443 FULGENTII
2082 380 2384 443 EPISCOPI
2421 378 2791 439 BUSPENSIS

533 503 745 558 futurus
769 500 1003 563 dicatur,
1053 507 1149 556 aut
1176 497 1408 554 mendax
1440 497 1602 566 Deus,
1652 506 1746 553 aut
1774 492 2005 568 injustu's
2048 513 2135 554 as-
2160 497 2216 563 Α
2243 495 2601 551 aeternitatem
2626 494 2742 565 ipso
2765 489 3090 549 conditionis
3110 501 3334 547 munere
3352 501 3695 563 percepisse;
3713 505 3836 560 qua:

535 596 754 651 seritur.
776 592 1003 649 Mendax
1034 602 1116 648 est
1139 593 1281 648 enim
1311 593 1356 646 si
1386 607 1491 647 non
1524 592 1858 661 baptizatum
1889 592 2134 648 introdu-

537 685 612 743 cit
641 687 694 740 in
741 701 992 756 regnum,
1026 700 1147 740 cum
1175 682 1536 738 ﬁrmissimam
1565 682 1856 753 practixerit
1885 683 2136 738 Salvator

539 777 656 849 ipse
683 779 1029 842 sententiam,
1062 775 1249 832 dicens
1274 791 1286 827 :
1322 773 1382 829 Si
1404 774 1516 845 quis
1540 791 1640 828 non
1665 783 1875 828 renatus
1899 775 2053 845 fuerit
2068 791 2134 828 ex

540 887 675 942 aqua
705 878 754 923 et
802 869 1031 940 Spiritu,
1086 883 1190 922 non
1239 875 1406 938 potest
1445 866 1662 920 introire
1690 867 1744 920 in
1794 882 2005 936 regnum
2037 863 2134 920 Dei

538 960 722 1032 (Joan.
748 975 824 1025 Ill,
858 957 934 1026 5).
968 959 1200 1028 lnjustus
1229 968 1310 1014 est
1339 966 1518 1012 autem
1549 957 1594 1011 si
1623 973 1744 1012 cum
1775 971 1938 1011 carne
1982 957 2136 1012 mise-

539 1051 610 1107 rit
649 1052 887 1106 animam
917 1051 971 1106 in
1001 1051 1176 1120 ignem
1207 1059 1491 1117 aeternum,
1533 1065 1652 1119 quae
1682 1065 1802 1104 cum
1833 1063 1995 1103 carne
2026 1063 2133 1103 non

541 1141 704 1198 habet
730 1155 1018 1198 commune
1047 1151 1348 1213 peccatum.
1379 1139 1486 1196 Sed
1517 1139 1861 1196 manifestum
1892 1150 1973 1194 cst
2013 1154 2133 1194 om-

542 1247 666 1287 nem
689 1235 779 1302 qui
803 1249 912 1288 non
937 1233 1100 1287 fuerit
1121 1241 1214 1287 aut
1239 1233 1294 1287 in
1322 1233 1542 1288 nomine
1569 1230 1772 1286 Christi
1803 1228 2135 1286 sanctiﬁcata

543 1322 722 1390 latice,
755 1333 849 1378 aut
887 1339 985 1394 pro
1014 1323 1214 1379 Christi
1256 1325 1473 1380 nomine
1501 1331 1556 1378 et
1594 1322 1711 1391 ejus
1740 1321 1981 1377 Ecclesia
2011 1336 2137 1392 pro-

541 1416 662 1487 prio
702 1416 962 1485 sanguine
991 1415 1328 1486 baptizatus,
1375 1414 1513 1484 ignis
1549 1415 1737 1469 aeterni
1763 1413 2136 1470 combustione

543 1504 926 1563 damnndum.
970 1508 1088 1575 Qua
1129 1521 1259 1577 ergo
1289 1507 1497 1578 justitia
1536 1507 1701 1563 divini
1736 1506 1925 1576 judicii
1955 1507 2134 1567 anima

543 1612 664 1653 cum
695 1615 789 1654 sua
819 1615 984 1655 carne
1014 1616 1068 1654 in
1094 1601 1272 1669 ignem
1301 1608 1562 1655 aeternum
1606 1601 1868 1663 mittetur,
1922 1599 1965 1652 si
2009 1611 2136 1668 pec-

544 1690 648 1744 cati
679 1692 953 1760 originalis
981 1693 1209 1768 crimine
1238 1707 1346 1747 non
1371 1692 1620 1746 tenetur?

615 1782 702 1839 50.
729 1784 809 1838 An
841 1785 980 1840 forte
1010 1785 1149 1840 hanc
1177 1783 1566 1840 absurditatem
1591 1782 1878 1853 quisquam
1906 1778 2136 1837 tentabit

2238 601 2462 643 necesse
2509 595 2593 641 est
2637 594 2695 640 ut
2739 598 2937 655 corpus
2982 583 3034 638 in
3065 597 3173 653 quo
3221 581 3310 638 hic
3349 583 3839 652 quantulocunque

2236 687 2484 752 tempore
2512 680 2726 746 vixerit,
2761 679 2813 734 in
2845 678 3242 734 resurrectione
3269 678 3514 749 recipiat.
3549 676 3683 745 Quis
3706 692 3840 744 ergo

2236 774 2384 830 dicat
2414 773 2650 828 animata
2695 771 2902 826 semina
2943 769 3283 840 proﬂuxisse,
3312 769 3426 825 sive
3457 770 3546 824 illa
3574 785 3698 837 quae
3728 785 3840 824 non

2237 866 2638 938 concipiuntur,
2661 864 2776 920 sive
2802 878 2920 934 qua:
2937 873 3201 918 nocturna
3219 862 3468 918 illusione
3499 863 3801 918 funduntur
3817 864 3843 916 Ἰ

2237 955 2391 1024 Quod
2431 957 2609 1012 omnis
2639 957 2856 1026 sapiens
2885 954 3030 1010 videt
3058 969 3220 1024 quam
3248 955 3320 1011 sit
3345 954 3673 1018 absurdum,
3711 962 3768 1010 et
3810 969 3840 1008 a

2237 1049 2450 1102 ratione
2471 1047 2798 1103 omnimodis
2825 1047 3081 1101 alienum.

2310 1139 2398 1194 52.
2434 1141 2569 1195 Dum
2591 1154 2719 1210 ergo
2742 1141 2826 1196 his
2847 1149 3010 1210 atque
3037 1139 3343 1210 huiusmodi
3371 1139 3843 1212 propositionibus

2237 1237 2420 1302 partes
2435 1245 2494 1286 se
2512 1230 2741 1286 invicem
2763 1230 3006 1296 vincunt,
3024 1231 3276 1287 victrices
3300 1245 3417 1287 esse
3439 1248 3546 1286 non
3571 1242 3839 1302 possunt:

2239 1323 2363 1393 quia
2387 1338 2726 1392 unaquaeque
2749 1338 2932 1378 earum
2956 1324 3036 1379 sic
3066 1325 3258 1380 victrix
3287 1324 3520 1381 eﬂicitur
3539 1325 3610 1379 de
3631 1326 3840 1391 alieno,

2238 1420 2300 1468 ut
2327 1413 2576 1468 vincatur
2603 1413 2670 1469 de
2703 1428 2844 1480 suo;
2887 1423 2941 1468 et
2969 1429 3090 1470 cum
3130 1415 3369 1470 alienam
3402 1416 3842 1486 propositionem

2239 1505 2546 1571 destruxit,
2599 1506 2713 1577 ipsa
2756 1521 2864 1562 non
2893 1507 3038 1562 valet
3085 1515 3329 1562 astruere
3358 1506 3505 1577 quod
3555 1509 3837 1578 proponit.

2241 1596 2455 1664 Quanto
2483 1612 2613 1666 ergo
2654 1597 2848 1654 melius
2894 1598 2962 1652 ab
2991 1597 3151 1666 hujus
3197 1598 3507 1668 quaestionis
3536 1600 3842 1656 certamine

2239 1700 2638 1760 temperamus,
2672 1688 2725 1743 in
2754 1703 2860 1758 qua
2886 1703 2984 1743 nos
3013 1685 3243 1760 inaniter
3272 1689 3521 1744 laborare
3550 1690 3842 1757 cognosci-

2240 1794 2361 1836 mus
2389 1798 2402 1833 :
2437 1779 2735 1850 praesertim
2761 1780 2886 1849 quia
2915 1779 3060 1850 quod
3086 1795 3117 1834 a
3151 1780 3352 1835 sanctis
3382 1780 3509 1835 viris
3538 1779 3842 1850 majoribus

544 1874 806 1944 arripere,
835 1885 894 1930 ut
914 1877 1148 1931 animam
1177 1889 1424 1932 seorsum
1448 1875 1593 1931 dicat
1615 1890 1713 1946 pro
1741 1890 1837 1930 sua
1867 1873 2130 1929 munditia
2163 1884 2212 1947 Β
2241 1871 2443 1927 nostris
2469 1871 2714 1927 videmus
2741 1871 2962 1926 minime
2988 1869 3286 1937 deﬁnitum,
3313 1879 3531 1943 oportet
3549 1886 3655 1926 nos
3687 1879 3842 1926 tanto

546 1967 705 2037 (forte
732 1968 874 2023 deest
913 1967 1150 2036 felicem,
1199 1969 1276 2023 vet
1313 1968 1437 2040 quid
1465 1967 1651 2036 simile)
1687 1967 1739 2022 in
1767 1975 2028 2023 aeternum
2055 1964 2140 2020 fu-

545 2063 741 2122 turam,
773 2073 991 2113 carnem
1014 2073 1145 2114 vero
1175 2067 1383 2114 asserat
1409 2059 1464 2113 in
1492 2069 1698 2114 aeterno
1728 2059 1868 2126 igne,
1901 2057 2137 2127 origina-

545 2144 613 2200 lis
641 2149 834 2202 merito
858 2149 1156 2219 iniquitatis
1181 2150 1467 2204 arsuram?
1493 2148 1603 2204 Sed
1628 2150 1828 2204 veritas
1857 2148 2138 2204 catholicae

549 2239 692 2305 tidei,
742 2256 864 2311 qua
889 2242 943 2296 in
973 2241 1182 2298 cunctis
1209 2241 1518 2298 hominibus
1546 2241 1996 2297 resurrectionem
2027 2253 2141 2295 car-

547 2331 632 2386 nis
675 2331 908 2388 futuram
953 2334 1257 2389 certissime
1285 2332 1457 2388 credit
1486 2340 1541 2388 et
1588 2331 1863 2402 praedicat,
1913 2330 2140 2386 destruit

488 2488 491 2492 I
548 2422 710 2491 hujus
753 2423 1158 2481 adinventionis
1207 2425 1599 2496 ineptissimam
1639 2423 1949 2478 falsitatem.
1999 2420 2140 2477 Caro

547 2513 691 2567 enim
720 2512 766 2567 si
795 2514 1026 2568 animam
1049 2532 1153 2571 non
1182 2515 1428 2585 recipiet,
1455 2532 1561 2570 non
1584 2525 1858 2582 resurget;
1891 2525 1944 2568 et
1964 2513 2006 2568 si
2029 2529 2138 2568 non

545 2611 814 2674 resurget,
845 2607 1032 2676 utique
1054 2623 1154 2662 nec
1179 2608 1344 2662 vivet.
1380 2606 1507 2674 Quae
1529 2621 1658 2676 ergo
1678 2607 1795 2660 sine
1823 2606 2002 2660 anima
2031 2619 2139 2660 nou

547 2702 727 2765 potest
753 2696 959 2762 vivere,
1001 2697 1274 2768 quomodo
1302 2697 1568 2752 exanimis
1607 2696 1808 2767 poterit
1839 2695 1982 2751 illius
2005 2695 2141 2763 ignis

545 2787 910 2843 cruciamenta
936 2789 1182 2844 sentire?
1231 2789 1464 2845 Necesse
1505 2795 1586 2843 est
1615 2789 1797 2858 itaque
1828 2797 1885 2842 ut
1919 2801 2140 2842 carnem

552 2887 752 2947 negent
779 2889 1227 2948 resurrecturam,
1247 2884 1339 2952 qui
1359 2881 1550 2936 volunt
1577 2881 1815 2936 animam
1837 2896 1944 2935 non
1967 2880 2144 2951 bapti‘

547 2970 654 3024 zati
682 2971 892 3039 parvuli
933 2980 1158 3043 propter
1198 2972 1516 3028 munditiam
1565 2972 1836 3028 collocare
1865 2971 2138 3045 in_regno.

545 3060 704 3128 Quod
732 3064 899 3118 etiam
941 3064 1046 3135 ipsi
1076 3064 1260 3121 vident
1289 3064 1747 3136 quemadmodum
1789 3063 2006 3119 dicatur
2035 3076 2143 3118 non

543 3154 718 3209 solum
750 3165 860 3211 tam
890 3155 1125 3214 absurde
1151 3171 1316 3227 quam
1341 3156 1526 3228 impie.
1558 3151 1764 3224 Magnae
1804 3155 2005 3225 quippe
2038 3154 2146 3208 im-

545 3247 764 3318 pietatis
791 3256 902 3314 est,
931 3257 1028 3305 aut
1058 3258 1482 3305 resurrecturam
1511 3261 1712 3317 negare
1739 3256 2009 3303 mortuam
2040 3246 2144 3302 ho-

545 3337 708 3392 minis
735 3351 992 3406 carnem;
1038 3349 1135 3395 aut
1160 3340 1393 3395 animam
1446 3338 1625 3394 dicere
1673 3338 1874 3406 absque
1899 3352 2064 3392 carne.
2089 3339 2142 3393 in

550 3444 660 3499 qua
689 3430 843 3497 vixit,
866 3432 951 3487 vel
979 3447 1234 3488 aerumnae
1252 3475 1266 3499 ,
1291 3431 1377 3487 vel
1408 3430 1701 3496 felicitatis,
1733 3437 1857 3500 post
1881 3429 2142 3499 judicium

550 3521 669 3578 fore
689 3523 1026 3596 participem.
1051 3524 1186 3580 Cum
1207 3525 1457 3581 Salvator
1487 3532 1671 3578 noster
1697 3522 1933 3577 futuram
1961 3537 2144 3578 resur-

551 3612 854 3668 rectionem
877 3615 1054 3670 carnis
1076 3613 1370 3672 ostendens
1394 3614 1591 3670 dixerit
1619 3632 1631 3667 :
1665 3611 1801 3678 Quia
1831 3613 1992 3668 ueniet
2017 3613 2149 3668 hora

552 3705 605 3759 in
634 3721 735 3778 qua
761 3703 945 3762 amnes
973 3709 1061 3781 qui
1086 3710 1140 3762 in
1182 3707 1529 3764 monumentis
1562 3714 1682 3762 sunt
1724 3706 1936 3761 audient
1977 3721 2149 3761 vocem

553 3797 699 3868 ejus;
729 3806 780 3852 et
798 3801 1074 3870 precedent
1095 3799 1182 3873 qui
1212 3801 1345 3856 bona
1376 3803 1606 3872 fecerunt
1633 3801 1687 3854 in
1719 3802 2147 3856 resurrectionem

551 3891 701 3955 uiue;
744 3894 831 3963 qui
860 3909 976 3947 vero
1004 3894 1145 3947 mata
1165 3903 1399 3966 egerunt,
1422 3893 1475 3948 in
1502 3893 1932 3948 resurrectionem
1955 3891 2147 3962 judicii

556 3981 736 4048 ann.
768 3999 824 4052 ν,
849 3983 945 4054 28,
974 3985 1090 4058 ‘29).
1122 3986 1354 4043 Necesse
1390 3995 1475 4042 est
1497 3995 1676 4042 autem
1717 3995 1800 4052 ut,
1831 3994 2147 4055 resurgente

556 4092 805 4148 corpore,
833 4091 936 4148 pro
967 4079 1219 4150 operibus
1258 4080 1370 4136 suis
1401 4080 1469 4136 sit
1494 4078 1783 4135 retributio
1807 4078 2000 4133 animae
2026 4093 2147 4133 car-

557 4168 746 4237 nisque
782 4169 1088 4225 communis
1121 4188 1134 4225 :
1169 4172 1294 4241 quia
1323 4187 1444 4227 cum
1470 4187 1599 4227 caro
1625 4171 2004 4240 resurrexerit,
2046 4187 2147 4227 nec

557 4275 757 4330 corpus
778 4261 894 4317 sine
923 4263 1122 4328 anima,
1166 4279 1267 4318 nec
1295 4265 1474 4318 anima
1501 4264 1617 4319 sine
1643 4279 1873 4335 corpore
1902 4278 2152 4319 remane-

560 4351 658 4407 bit.
700 4351 817 4407 Erit
858 4353 1021 4422 igitur
1049 4355 1408 4410 communiter
1447 4357 1640 4410 animae
1668 4364 1724 4410 et
1761 4355 1908 4411 carni
1947 4364 2153 4410 aeterna

561 4445 646 4501 vel
691 4445 1011 4513 exsultatio,
1052 4446 1140 4502 vel
1183 4444 1405 4503 aillictio
1429 4489 1444 4514 ,
1495 4446 1715 4517 quando
1763 4447 2154 4504 indissolubilis

560 4537 724 4610 496
756 4538 997 4594 manebit
1039 4547 1242 4595 aetema
1269 4538 1447 4595 carnis
1494 4539 1796 4609 animaeque
1843 4540 2151 4607 connexio;

2242 1964 2452 2018 cautius
2481 1971 2645 2034 atque
2674 1962 3066 2034 temperantius
3093 1977 3358 2033 quaerere,
3392 1973 3602 2036 quanto
3630 1965 3702 2019 ad
3725 1964 3844 2033 ejus

2241 2051 2406 2108 tinem
2436 2052 2558 2108 illos
2595 2053 2886 2124 praeclaros
2913 2053 3061 2110 viros
3089 2055 3360 2110 cernimus
3385 2055 3609 2112 minime
3639 2071 3842 2126 ρει-γει

2243 2144 2409 2200 nisse.
2451 2143 2533 2200 Sit
2560 2159 2690 2215 ergo
2732 2145 2891 2202 nobis
2938 2145 3057 2201 sine
3107 2144 3443 2203 dubitatione
3471 2156 3840 2218 compertum,

2241 2236 2388 2305 quod
2417 2235 2681 2292 catholica
2710 2237 2841 2294 iich
2867 2246 2923 2294 et
2960 2237 3135 2294 credit
3173 2246 3230 2294 et
3264 2239 3518 2309 praedicat
3551 2258 3564 2293 :
3599 2240 3842 2294 animam

2241 2328 2454 2384 scilicet
2476 2329 2765 2384 humanam
2792 2330 3040 2400 spiritum
3065 2330 3385 2411 rationalem
3414 2346 3560 2398 esse,
3591 2349 3702 2388 non
3728 2348 3846 2388 cor-

2244 2431 2384 2488 pus;
2427 2434 2527 2475 nec
2557 2434 2678 2476 esse
2699 2418 2795 2476 Dei
2817 2431 3050 2491 partem,
3093 2419 3188 2477 sed
3215 2421 3310 2478 Dei
3338 2431 3688 2489 creaturam;
3741 2437 3846 2478 nec

2243 2529 2344 2585 pro
2385 2513 2711 2582 quibuslibet
2738 2516 2975 2585 peccatis
3005 2524 3130 2571 ante
3159 2531 3355 2587 corpus
3384 2515 3550 2586 gestis
3579 2525 3842 2586 tanquam

2244 2605 2298 2659 in
2324 2619 2600 2660 carcerem
2629 2605 2848 2661 missam
2889 2606 2941 2661 in
2969 2622 3196 2678 corpus,
3229 2607 3326 2663 sed
3356 2623 3423 2662 ex
3465 2622 3633 2679 Opere
3677 2616 3846 2679 atque

2244 2696 2587 2753 ordinatione
2610 2697 2704 2753 Dei
2727 2698 2984 2754 insertam
3009 2714 3127 2754 esse
3149 2699 3388 2770 corpori,
3419 2715 3485 2754 ex
3513 2716 3620 2771 qua
3642 2713 3845 2772 corpus

2245 2797 2301 2844 et
2325 2789 2470 2843 vivat
2510 2796 2564 2844 et
2588 2789 2786 2845 sentiat
2818 2807 2832 2843 :
2865 2806 3028 2861 quam
3056 2807 3166 2847 non
3193 2791 3498 2848 dubitemus
3522 2808 3644 2848 cum
3678 2807 3846 2848 carne

2244 2880 2298 2934 in
2330 2895 2436 2950 qua
2467 2881 2706 2936 nascitur
2735 2881 2997 2952 originale
3039 2895 3320 2954 peccatum
3361 2883 3618 2951 trahere,
3669 2892 3727 2938 et
3772 2882 3848 2938 ob

2245 2969 2351 3024 hoc
2379 2968 2646 3025 beneﬁcio
2675 2972 2847 3025 sancti
2871 2971 3207 3042 baptismatis
3237 2972 3498 3042 indigere.

2316 3059 2447 3117 Car.
2476 3062 2752 3119 ιιι-55.
2781 3062 2876 3119 His
2902 3065 3046 3120 enim
3068 3066 3299 3130 omissis,
3321 3082 3456 3137 quas
3481 3082 3643 3139 supra
3661 3069 3850 3138 posui-

2247 3169 2389 3220 mus,
2413 3154 2694 3211 catholica:
2715 3154 2838 3212 lidei
2866 3157 3010 3212 veris
3033 3153 3438 3228 manifestisque
3460 3161 3763 3224 sententiis,
3791 3159 3849 3216 iu

2171 3261 2218 3331 ε
2250 3247 2494 3303 diversos
2515 3263 2735 3305 errores
2763 3248 2922 3304 multi
2951 3249 3333 3307 miserabiliter
3361 3250 3687 3307 inciderunt.
3716 3251 3850 3306 Ter-

2252 3334 2506 3397 tdllianus
2546 3341 2746 3414 quippe
2795 3342 3030 3398 animam
3069 3359 3179 3399 non
3211 3345 3458 3416 spiritum
3487 3361 3609 3401 esse
3640 3344 3849 3412 dicens,

2250 3433 2346 3490 sed
2373 3451 2599 3509 corpus,
2633 3437 2982 3494 vehementer
3008 3439 3236 3506 erravit,
3267 3454 3333 3494 eo
3363 3455 3532 3510 usque
3553 3439 3849 3510 desipiens,

2253 3536 2315 3584 ut
2348 3529 2514 3585 etiam
2542 3545 2810 3586 summum
2841 3540 2896 3587 et
2923 3547 3110 3588 verum
3141 3531 3311 3600 Deum
3334 3548 3530 3602 corpus
3553 3548 3678 3588 esse
3700 3533 3849 3588 dice-

2252 3628 2372 3676 ret:
2412 3634 2534 3677 cum
2563 3636 2669 3676 non
2701 3621 2874 3677 solum
2901 3621 2970 3677 de
2994 3621 3104 3678 Deo
3125 3639 3304 3678 rerum
3333 3624 3573 3679 omnium
3600 3633 3852 3680 creatore

2252 3715 2512 3784 legamus,
2543 3715 2669 3787 quia
2699 3714 2840 3770 Deus
2870 3718 3079 3780 spiritus
3109 3726 3184 3771 est
3210 3715 3387 3790 (Joan.
3422 3734 3496 3785 tv,
3516 3715 3631 3788 24),
3665 3734 3851 3773 verum

2253 3807 2414 3863 etiam
2442 3807 2510 3863 de
2539 3807 2744 3876 angelis
2770 3823 2906 3877 quos
2931 3807 3071 3863 Deus
3095 3809 3300 3864 creavit
3321 3848 3336 3873 ,
3369 3807 3580 3865 dicatur
3614 3809 3667 3864 iu
3699 3809 3847 3880 psal-

2256 3911 2346 3953 mo
2381 3916 2393 3952 :
2429 3895 2531 3963 Qui
2560 3899 2687 3970 facit
2715 3897 2930 3969 angelos
2958 3913 3078 3954 suos
3109 3899 3324 3970 spiritus
3363 3898 3548 3971 (Psal.
3597 3917 3706 3966 cm,
3751 3900 3785 3954 4
3807 3904 3849 3971 ).

2257 3989 2504 4044 Animam
2538 4005 2752 4060 quoque
2783 3990 3074 4045 humanam
3106 3992 3351 4060 spiritum
3379 3992 3700 4047 rationalem
3731 4007 3852 4048 esse

2259 4099 2422 4139 nemo
2452 4083 2670 4154 sapiens
2703 4082 2913 4138 dubitet
2947 4102 2959 4137 :
2993 4083 3059 4138 de
3083 4100 3192 4154 quo
3223 4083 3413 4155 spiritu
3438 4083 3735 4156 Apostolus
3773 4085 3855 4140 di-

2258 4175 2329 4231 cit
2364 4195 2376 4230 :
2423 4173 2550 4240 Quis
2579 4175 2717 4230 enim
2746 4175 2843 4230 scit
2873 4175 3138 4230 hominum
3167 4191 3280 4246 qua!
3318 4184 3435 4230 sunt
3478 4176 3726 4244 hominis,
3755 4176 3854 4230 nisi
3947 4244 3950 4246 _

2257 4271 2468 4340 spiritus
2498 4268 2720 4324 hominis
2750 4268 2837 4340 qui
2862 4269 2916 4322 in
2944 4269 3058 4340 ipso
3086 4276 3162 4321 est
3194 4264 3257 4337 (Ι
3299 4264 3419 4321 Cor.
3453 4283 3518 4331 ιι,
3555 4265 3651 4337 ll)
3677 4267 3701 4321 ?
3727 4265 3852 4322 ldeo

2257 4369 2311 4414 et
2355 4368 2574 4414 sanctus
2617 4359 2944 4428 evangelista
2996 4356 3320 4414 rationalem
3363 4358 3636 4424 animam,
3688 4374 3852 4428 quam

2257 4449 2502 4506 Christus
2541 4449 2662 4506 cum
2693 4467 2859 4508 carne
2887 4450 3154 4523 suscepit,
3188 4467 3295 4506 non
3321 4465 3537 4521 corpus,
3569 4448 3664 4505 sed
3691 4451 3850 4521 spiri-

2259 4554 2371 4597 tum
2403 4558 2520 4597 esse
2549 4539 2754 4598 docuit.
2787 4541 2921 4597 Nam
2949 4541 3062 4614 ipse
3099 4540 3352 4596 Salvator
3380 4539 3591 4594 dixerat
3635 4560 3647 4593 :
3691 4540 3850 4612 597

559 4641 679 4697 quae
699 4635 880 4685 tamen
908 4641 1017 4686 non
1039 4628 1238 4685 debent
1258 4629 1460 4687 habere
1490 4645 1780 4687 commune
1800 4631 2148 4702 supplicium,
2182 4650 2237 4712 Β
2262 4629 2592 4697 Ροιεδιαιεηι,
2605 4629 2764 4686 habeo
2783 4630 3010 4702 ponendi
3025 4630 3254 4684 animam
3279 4645 3467 4693 meam,
3487 4639 3536 4682 et
3549 4640 3852 4701 potestatem

560 4719 605 4776 si
634 4736 742 4777 non
770 4721 973 4780 habent
997 4737 1284 4780 commune
1312 4735 1593 4796 peccatum
1619 4745 1632 4779 :
1663 4726 1790 4796 quia
1821 4742 1930 4781 non
1957 4741 2153 4782 conve-

563 4812 640 4870 nit
653 4813 873 4883 justitia:
892 4813 988 4871 Dei
1010 4823 1070 4870 ut
1089 4817 1267 4872 anima
1291 4831 1411 4888 quae
1431 4832 1574 4874 novo
1601 4818 1821 4890 corpori
1850 4817 2030 4885 datur,
2053 4833 2154 4875 nec

561 4916 684 4957 cum
712 4903 828 4974 ipso
871 4919 1100 4976 corpore
1129 4915 1491 4978 propagatur,
1523 4924 1646 4964 cum
1674 4924 1782 4980 quo
1811 4923 2152 4964 communem

565 5010 670 5050 non
706 4997 868 5053 habet
903 5000 1276 5070 propaginem,
1305 5009 1515 5056 reatum
1541 5000 1950 5073 propagationis
1997 5016 2150 5058 com-

566 5088 796 5158 pellatur
821 5087 1023 5146 habere
1049 5105 1412 5148 communem.

634 5182 765 5239 CAP.
798 5200 890 5244 xx.
921 5217 992 5229 —
1013 5184 1102 5241 3i.
1129 5184 1210 5242 llli
1235 5201 1370 5242 vero
1397 5185 1490 5256 qui
1517 5195 1768 5241 asserunt
1795 5185 2003 5242 animas
2033 5201 2156 5242 cum

563 5275 881 5344 corporibus
920 5279 1245 5348 propagari,
1295 5286 1524 5349 possunt
1570 5278 1789 5348 quidem
1836 5294 1903 5334 ex
1931 5279 2057 5347 hoc,
2090 5275 2159 5332 ad

565 5367 959 5422 ostendendum
976 5369 1027 5423 in
1045 5370 1283 5441 parvulis
1299 5370 1504 5441 justum
1526 5367 1623 5426 Dei
1641 5369 1924 5441 judicium,
1943 5369 2159 5425 firmare

567 5472 674 5512 non
707 5457 876 5514 solius
901 5460 1107 5527 carnis,
1150 5477 1252 5518 nec
1278 5461 1446 5517 solius
1472 5461 1666 5515 animae
1687 5506 1700 5530 ,
1751 5457 1846 5516 sed
1875 5460 2160 5531 utriusque

569 5563 857 5604 commune
886 5551 1146 5621 originale
1199 5561 1504 5626 peccatum,
1561 5560 1620 5608 ut
1662 5567 1728 5608 ex
1771 5552 2154 5608 communione

571 5642 880 5713 propaginis
902 5647 1110 5714 peccati
1140 5663 1357 5720 quoque
1379 5655 1563 5704 reatus
1584 5647 1743 5718 digne
1764 5645 2014 5703 credatur
2036 5661 2157 5702 esse

570 5736 872 5790 communis
901 5755 914 5790 :
947 5737 1040 5792 sed
1070 5739 1124 5794 in
1152 5740 1586 5796 consideratione
1613 5740 1878 5796 seminum
1901 5752 2018 5808 quae
2050 5753 2157 5792 non

571 5838 832 5899 concepta
863 5841 1129 5902 pereunt,
1181 5834 1396 5904 penitus
1426 5833 1805 5888 obmutescam
1857 5833 2026 5905 (forte
2055 5831 2156 5885 ob-

571 5922 924 5996 mutcscunt).
973 5923 1217 5980 Animam
1267 5926 1466 5997 quippe
1504 5925 1796 5983 humanam
1825 5933 2032 5985 certum
2076 5929 2160 5980 est

2262 4724 2421 4779 habeo
2450 4723 2635 4778 iterum
2666 4723 2905 4778 sumendi
2935 4739 3050 4778 eam
3080 4720 3259 4792 (Joan.
3295 4738 3349 4788 χ,
3379 4719 3465 4792 18)
3503 4739 3514 4773 :
3546 4735 3708 4790 quam
3737 4721 3853 4776 sine

2261 4815 2424 4870 dubio
2451 4822 2577 4870 tunc
2608 4815 2808 4886 posuit,
2837 4830 2961 4871 cum
3002 4811 3331 4881 evangelista
3363 4811 3516 4879 dicit,
3546 4812 3673 4884 quia
3703 4812 3853 4866 incli-

2263 4914 2386 4960 nato
2419 4906 2586 4976 capite
2612 4907 2783 4959 emisit
2826 4907 3065 4977 spiritum
3101 4901 3289 4972 (Joan.
3326 4919 3444 4967 nx,
3487 4902 3609 4974 '50).
3662 4904 3852 4958 Anima

2263 5013 2394 5053 vero
2424 4999 2658 5052 humana
2686 4997 2738 5052 in
2769 5012 2835 5052 eo
2875 4994 3158 5051 rationalis
3188 4994 3509 5061 ostenditur,
3555 4995 3608 5048 in
3649 5010 3757 5064 quo
3788 4993 3852 5049 ad

2264 5090 2552 5159 imaginem
2580 5096 2634 5144 et
2667 5087 3073 5144 similitudinem
3105 5086 3200 5143 Dei
3231 5083 3369 5141 facta
3403 5093 3671 5141 narratur.
3707 5083 3853 5140 Unde

2265 5181 2520 5236 divinitus
2545 5180 2796 5237 homines
2818 5179 3177 5234 admonentur
3203 5193 3272 5233 ne
3301 5175 3429 5232 ﬁant
3457 5179 3591 5232 sicut
3628 5193 3786 5250 equus
3807 5184 3855 5230 et

2267 5275 2456 5345 mulus,
2488 5275 2669 5349 quibus
2699 5291 2799 5330 non
2829 5283 2906 5329 est
2933 5273 3226 5329 intellectus
3258 5271 3430 5345 (Psat.
3456 5288 3604 5337 xm,
3633 5271 3711 5342 9).

2338 5365 2426 5422 3i.
2461 5367 2710 5422 Animam
2736 5381 2864 5422 vero
2902 5373 3112 5438 partem
3143 5363 3236 5420 Dei
3267 5379 3406 5430 esse,
3455 5362 3509 5418 id
3558 5371 3641 5418 est
3699 5361 3854 5417 unius

2268 5473 2388 5515 cum
2418 5455 2530 5514 Deo
2559 5472 2681 5514 esse
2711 5466 2934 5523 natum,
2957 5471 3097 5511 aeca
3129 5455 3546 5509 Manichaeorum
3572 5452 3737 5508 sentit
3759 5450 3855 5506 im-

2268 5553 2439 5625 pietas
2470 5572 2481 5607 :
2524 5568 2644 5624 quae
2681 5552 2778 5608 Dei
2833 5549 3184 5607 substantiam
3223 5565 3329 5604 non
3360 5547 3532 5604 solum
3573 5547 3627 5602 in
3665 5559 3855 5618 corpo-

2265 5645 2413 5701 ribus
2439 5645 2738 5710 hominum,
2769 5657 3048 5716 pecorum,
3079 5639 3275 5705 avium,
3295 5647 3456 5709 atque
3479 5637 3704 5709 piscium
3722 5679 3739 5705 ,
3767 5649 3857 5691 ve-

2266 5753 2382 5790 rum
2408 5737 2570 5791 etiam
2602 5736 2655 5790 in
2686 5735 2842 5803 lignis
2871 5741 2926 5789 et
2953 5731 3163 5797 herbis,
3209 5731 3263 5786 in
3304 5730 3585 5785 arboribus
3612 5736 3668 5782 et
3697 5727 3855 5783 oleri—

2269 5827 2367 5881 bus
2395 5827 2660 5881 acstimant
2686 5824 3010 5894 colligatam.
3053 5821 3308 5890 Ignorant
3337 5821 3478 5876 enim
3526 5819 3730 5882 miseri,
3762 5828 3858 5871 nec

2270 5921 2555 5978 attendunt
2581 5937 2686 5977 non
2717 5920 2820 5977 hoc
2851 5933 2970 5978 esse
2998 5925 3301 5976 creaturam
3326 5915 3470 5990 quod
3493 5923 3574 5973 est
3599 5912 3852 5981 Creator;
