4046 6498
1082 409 1167 466 DE
1196 407 1549 469 VERITATE
1571 403 2248 465 PRAEDESTINATIONIS
2288 405 2412 464 LIB.
2455 406 2542 464 IlI.

3348 407 3454 463 670

126 539 286 579 cum
346 519 489 579 Deus
524 523 596 578 sit
638 523 1017 590 immutabilis,
1065 524 1243 578 anima
1279 538 1408 577 vero
1451 521 1760 576 mutabilis:
1793 521 1848 583 Α
1870 519 2013 576 hunc
2041 519 2298 574 mundum
2327 519 2568 585 intravit,
2595 526 2648 574 et
2676 518 2730 573 in
2759 517 2877 588 ipso
2907 526 3128 574 auctore
3149 526 3320 573 totam
3356 517 3459 572 sibi

125 632 282 686 quae
334 615 497 671 modo
543 617 666 684 scit,
719 616 880 671 modo
909 615 1106 679 nescit;
1159 617 1319 670 modo
1363 614 1560 680 deﬁcit,
1597 612 1760 668 modo

125 699 386 772 proﬁcit
407 719 420 763 ;
445 699 608 756 modo
635 701 797 771 sapit,
831 701 994 755 modo
1020 701 1249 770 desipit;
1275 700 1438 755 modo
1459 698 1759 754 reminisci-

129 804 269 861 tur,
301 793 470 849 modo
493 794 856 860 obliviscitur;
891 793 1056 849 modo
1092 793 1216 848 odit
1241 794 1384 862 quod
1427 792 1589 847 modo
1625 789 1761 845 dile-

131 894 346 949 xerat,
379 885 542 941 modo
571 885 742 954 diligit
768 885 910 954 quod
936 885 1097 940 modo
1127 886 1347 947 oderat;
1380 885 1541 938 modo
1572 881 1763 938 incidit

131 974 203 1030 in
253 975 598 1032 aeductionis
633 977 901 1046 laqueum,
960 975 1121 1031 modo
1171 977 1332 1030 etiam
1387 990 1494 1029 non
1541 974 1763 1031 seducta

136 1067 377 1136 praebet
392 1074 567 1126 tamen
579 1068 750 1123 errori
761 1083 1077 1122 consensum
1087 1066 1260 1133 .Quod
1275 1067 1463 1121 beatus
1472 1065 1764 1134 Apostolus

139 1158 208 1214 in
245 1159 428 1214 Adam
456 1169 511 1214 et
533 1160 662 1230 ejus
691 1161 916 1216 muliere
937 1161 1237 1216 certissime
1267 1160 1522 1226 ostendit,
1543 1159 1758 1213 dicens:

137 1250 341 1304 Adam
362 1252 501 1305 enim
529 1269 634 1306 non
655 1260 732 1305 est
757 1252 1018 1318 seductus,
1048 1252 1232 1305 mulier
1250 1261 1420 1304 autem
1459 1249 1671 1304 seducta
1707 1251 1763 1302 in

142 1343 602 1411 prwvmicutione
631 1344 729 1414 fuit
759 1341 811 1410 (Ι
839 1342 970 1395 Tim.
1005 1359 1060 1408 ιι,
1093 1341 1204 1412 Η).
1237 1342 1426 1398 Mulier
1451 1355 1580 1409 ergo
1601 1339 1764 1395 sedu-

147 1440 251 1485 cta
290 1433 556 1500 peccavit,
583 1435 665 1487 cui
688 1433 769 1486 vir
798 1449 905 1487 non
942 1433 1193 1488 seductus
1229 1433 1528 1486 voluntaria
1580 1431 1762 1501 pravi-

125 1531 280 1577 tate
312 1525 614 1579 consensit.
646 1523 870 1593 lmpium
912 1532 996 1579 est
1033 1523 1215 1592 itaque
1259 1523 1482 1578 credere
1529 1523 1764 1576 animam

147 1621 382 1684 partem
415 1630 534 1670 esse
565 1614 657 1670 Dei
687 1633 698 1668 :
731 1631 849 1685 quae
869 1631 935 1669 ex
963 1630 1028 1669 eo
1045 1615 1188 1683 quod
1209 1614 1498 1685 aliquando
1526 1614 1579 1668 iu
1609 1615 1764 1669 dete-

150 1707 278 1760 rius
309 1715 691 1771 commutatur,
729 1723 836 1762 non
877 1723 1003 1778 pars
1030 1708 1223 1761 divinae
1251 1717 1476 1775 naturte,
1511 1707 1605 1761 sed
1627 1723 1766 1777 quae-

149 1799 294 1854 dam
353 1815 478 1868 pars
524 1800 826 1855 divinorum
885 1815 1109 1869 operum
1167 1799 1456 1858 invenitur.
1499 1796 1591 1851 Ex
1659 1797 1765 1852 illis

1865 611 2178 682 progeniem
2203 611 2535 680 originaliter
2563 611 2872 666 vindicavit.
2907 611 3034 677 Quir,
3063 626 3300 681 prepago
3320 608 3460 665 indi-

1864 712 1954 771 get
2002 705 2262 773 sanguine
2291 705 2432 761 illius
2472 706 2786 761 mediatoris
2815 705 3026 772 redimi,
3075 706 3166 774 qui
3199 720 3359 759 verus
3403 705 3460 759 in

1863 794 2032 849 forma
2056 793 2150 851 Dei
2173 812 2498 866 permanens
2537 797 2698 861 Deus,
2735 798 2809 852 ita
2839 798 3186 867 semetipsum
3217 795 3463 852 exinanis

1861 887 1941 940 vit
1970 886 2194 941 formam
2243 889 2386 943 servi
2437 889 2736 958 accipiens,
2766 897 2826 943 ut
2875 905 2974 945 nec
3016 889 3313 958 originalis,
3361 901 3464 943 nec

1865 977 2093 1031 actualis
2122 979 2386 1033 maculam
2417 988 2600 1048 posset
2625 980 2825 1036 habere
2853 981 3082 1050 peccati.

1933 1061 2242 1125 Camxxiu.
2274 1105 2339 1114 —
2371 1070 2460 1124 57.
2493 1071 2550 1124 In
2573 1071 2692 1141 ipso
2738 1072 2920 1142 itaque
2961 1073 3116 1128 nobis
3145 1071 3351 1128 reddita
3381 1077 3465 1126 est

1867 1173 1993 1214 vera
2026 1161 2277 1230 libertas,
2309 1163 2397 1218 cui
2441 1163 2584 1217 nulla
2626 1164 2800 1233 potuit
2843 1164 3019 1220 inesse
3051 1166 3138 1220 vel
3185 1162 3464 1233 originalis

1865 1251 1950 1304 vel
1983 1251 2210 1306 actualis
2237 1253 2508 1323 iniquitas.
2547 1251 2676 1309 Inde
2706 1262 2788 1309 est
2819 1255 2961 1323 quod
2991 1255 3106 1325 ipse
3129 1256 3293 1310 dicit:
3328 1253 3466 1308 Ecce

1866 1344 2003 1396 venit
2039 1345 2279 1414 princeps
2326 1345 2523 1409 mundi,
2555 1354 2606 1398 et
2635 1346 2687 1398 in
2729 1361 2809 1398 me
2843 1361 2948 1399 non
2996 1345 3148 1400 habet
3189 1346 3466 1418 quidquam

1870 1434 2050 1507 (Joan.
2085 1452 2193 1502 xrv,
2217 1434 2328 1507 50).
2354 1436 2471 1506 Ipse
2490 1435 2666 1514 justus
2686 1445 2740 1491 et
2756 1435 3078 1505 justiticans,
3103 1437 3238 1491 liber
3257 1446 3313 1490 et
3333 1437 3468 1491 libe-

1867 1542 2031 1582 rans:
2079 1528 2170 1596 qui
2226 1529 2411 1597 utique
2453 1526 2797 1597 justiﬁcando
2845 1527 3056 1593 liberat,
3090 1537 3144 1582 et
3189 1525 3466 1580 liberando

1864 1618 2147 1689 justiﬁcat.
2180 1617 2398 1675 Libera‘t
2428 1627 2608 1673 autem
2650 1619 2896 1674 homines
2939 1617 3006 1673 de
3039 1626 3307 1688 potestate
3355 1617 3470 1670 dia-

1867 1712 1999 1780 boli,
2025 1711 2221 1768 liberat
2248 1711 2526 1766 arbitrium
2552 1712 2783 1766 hominis
2806 1727 2836 1765 a
2867 1711 3128 1766 servitute
3151 1709 3386 1780 peccati;
3412 1715 3471 1762 ut

1868 1805 1942 1858 sit
1967 1805 2246 1860 arbitrium
2296 1805 2530 1862 hominis
2575 1820 2701 1862 vere
2729 1806 2979 1872 liberum,
3013 1807 3138 1876 quia
3183 1805 3472 1861 salubriter

152 1890 372 1960 quippe
401 1891 652 1960 operibus
675 1899 763 1945 est
785 1905 905 1961 quae
943 1889 1066 1945 fecit
1097 1889 1258 1954 Deus.
1298 1889 1505 1978 singula
1550 1887 1768 1958 quidem
1800 1891 1849 1954 B
1874 1899 2176 1964 liberatum,
2204 1907 2260 1955 et
2288 1899 2356 1954 ad
2382 1899 2486 1955 hoc
2515 1901 2640 1954 insit
2658 1900 2708 1954 ei
2730 1915 2858 1955 vera
2884 1899 3126 1965 libertas,
3155 1907 3216 1954 ut
3243 1899 3292 1954 ei
3323 1896 3471 1954 nulla

154 1978 332 2046 bona,
365 1980 524 2033 simul
544 1989 726 2034 autem
756 1980 936 2034 omnia
959 1981 1101 2035 bona
1131 1979 1307 2035 valde.

234 2069 374 2124 Car.
408 2086 537 2124 xm.
569 2103 640 2113 —
677 2067 762 2124 55.
802 2069 933 2124 Illud
959 2085 1188 2139 quoque
1243 2069 1368 2124 ﬁdei
1418 2079 1499 2125 est
1543 2069 1766 2125 omnino

161 2161 528 2225 contrarium,
554 2161 788 2215 animam
817 2169 1106 2230 antequam
1137 2161 1325 2215 fuisset
1354 2161 1406 2214 in
1430 2176 1677 2230 corpore,
1713 2162 1764 2216 in

159 2249 500 2322 quibuslibet
520 2252 656 2307 locis
676 2249 988 2307 coelestibus
1018 2260 1111 2305 aut
1141 2254 1371 2307 terrenis
1402 2251 1600 2321 aliquid
1632 2253 1767 2307 deli-

161 2344 380 2412 quisse,
412 2352 465 2398 et
490 2343 684 2398 merito
710 2343 1025 2414 cujusquam
1077 2345 1286 2414 peccati
1335 2337 1622 2410 in'corpus
1649 2352 1777 2398 me-‘

158 2436 346 2488 ruisse
376 2432 625 2499 detrudi;
657 2432 802 2502 quod
851 2433 1084 2487 sensisse
1113 2433 1308 2487 dicitur
1352 2429 1628 2500 Origenes.
1669 2433 1766 2487 Cui

163 2524 395 2578 omnino
423 2524 703 2592 apostolus
724 2522 923 2578 Paulus
947 2523 1181 2590 obsistit,
1204 2523 1389 2577 dicens
1415 2523 1650 2583 nondum
1681 2541 1769 2578 na-

161 2622 256 2668 tos
287 2614 422 2668 nihil
465 2615 641 2683 egisse
680 2614 808 2670 boni
857 2615 940 2669 vel
971 2615 1097 2668 mali
1139 2614 1313 2685 (Rom.
1348 2631 1420 2678 ix,
1458 2615 1566 2685 ll).
1604 2615 1770 2671 Actus

168 2710 378 2780 quippe
401 2709 739 2775 nascentium
769 2709 898 2763 nulli
927 2717 1052 2764 sunt
1078 2709 1302 2779 proprii,
1329 2725 1448 2764 cum
1474 2717 1651 2763 tamen
1681 2725 1770 2764 an-

167 2802 324 2872 tiquo
354 2801 511 2871 primi
542 2801 774 2856 hominis
802 2811 1027 2870 peccato
1050 2817 1336 2857 nascamur
1367 2801 1630 2855 obstricti.
1664 2799 1768 2854 Per

169 2908 333 2945 unum
354 2893 490 2945 enim
517 2891 772 2946 hominem
793 2895 846 2946 in
879 2892 1012 2945 hunc
1040 2893 1286 2946 mundum
1316 2903 1582 2962 peccatum
1604 2895 1770 2947 intra-

169 2984 264 3050 rit,
307 2991 357 3036 et
395 3000 486 3053 per
524 2995 790 3054 peccatum
833 3001 1004 3049 mors;
1035 2994 1084 3038 et
1110 2985 1182 3038 ita
1222 2986 1275 3038 in
1323 3002 1500 3039 omnes
1537 2987 1771 3041 homines

174 3091 314 3130 mors
337 3077 658 3148 pertransiit,
690 3077 744 3129 in
775 3093 870 3147 quo
907 3091 1085 3130 omnes
1125 3087 1459 3148 peccaverunt
1490 3075 1667 3148 (Rom.
1715 3095 1767 3144 γ,

177 3166 305 3236 12);
340 3167 480 3223 unde
521 3167 839 3222 naturaliter
877 3167 970 3222 lilii
1012 3168 1105 3222 irae
1147 3166 1273 3221 facti
1318 3176 1462 3233 sunt,
1520 3167 1771 3237 servique

1869 1991 2178 2047 dominetur
2199 1992 2476 2061 iniquitas.
2502 1991 2653 2047 Hanc
2673 2009 2733 2056 se
2754 1993 3060 2049 libertatem
3082 1993 3331 2047 daturum
3351 2005 3472 2047 esse

1868 2101 1967 2155 per
1989 2085 2239 2154 gratiam,
2271 2085 2387 2154 ipse
2409 2084 2667 2140 liberator
2683 2094 2870 2140 noster
2890 2086 2995 2141 hoc
3022 2100 3275 2140 sermone
3302 2092 3471 2138 testa-

1871 2184 1994 2231 tur:
2023 2174 2204 2254 Omnis
2233 2176 2318 2247 qui
2344 2177 2472 2247 facit
2496 2185 2782 2244 peccatum,
2815 2192 2989 2230 servus
3037 2185 3115 2230 est
3148 2175 3366 2244 peccati.
3400 2172 3470 2227 Et

1867 2266 2029 2336 paulo
2058 2275 2182 2338 post
2212 2283 2225 2320 :
2257 2266 2318 2321 Si
2347 2283 2470 2338 ergo
2497 2282 2583 2320 vos
2607 2264 2780 2320 Filius
2820 2265 3136 2333 liberaverit,
3168 2281 3281 2319 vere
3319 2262 3473 2318 liberi

1868 2359 2013 2412 eritis
2045 2356 2230 2423 (Joan.
2265 2373 2375 2421 vui,
2407 2356 2496 2424 54,
2531 2356 2641 2426 56).
2674 2355 2842 2411 Filius
2880 2370 3008 2425 ergo
3037 2355 3105 2410 ab
3135 2354 3222 2409 illa
3255 2352 3468 2424 peccati

1869 2451 2131 2506 servitute
2163 2450 2374 2516 liberat,
2411 2457 2469 2504 ut
2497 2448 2781 2503 arbitrium
2810 2447 3037 2504 liberum
3065 2446 3266 2502 Christi
3298 2445 3472 2515 gratia

1870 2540 2179 2608 liberatum,
2200 2540 2423 2609 justitize
2452 2539 2794 2596 laudabiliter
2821 2540 3041 2605 serviat,
3073 2537 3219 2610 quod
3247 2547 3471 2610 peccato

1870 2633 2116 2701 nequiter
2144 2633 2431 2687 serviebat.
2458 2631 2534 2686 lta
2562 2630 2621 2685 ﬁt
2650 2640 2836 2686 utnon
2865 2647 2963 2702 per
2989 2630 3264 2686 arbitrium
3295 2628 3473 2684 homi-

1873 2723 1974 2788 nis,
1999 2721 2094 2778 sed
2116 2737 2214 2792 per
2233 2722 2462 2790 gratiam
2493 2721 2801 2777 liberatoris
2837 2737 2946 2775 non
2975 2730 3164 2790 regnet
3193 2728 3474 2790 peccatum

1873 2815 1929 2870 in
1959 2814 2175 2869 mortali
2215 2828 2448 2883 corpore
2492 2811 2667 2884 (Rom.
2700 2830 2774 2877 vt,
2809 2811 2919 2882 12),
2952 2813 3079 2867 dum
3116 2810 3475 2880 justiticamur

1872 2925 1941 2965 ex
1971 2909 2107 2976 ﬁde;
2136 2917 2190 2964 et
2211 2923 2308 2979 per
2332 2907 2658 2978 adiutorium
2684 2907 2871 2976 gratiae
2895 2906 3034 2960 Deus
3063 2905 3118 2959 in
3150 2903 3303 2958 nobis
3341 2915 3474 2970 ope-

1873 3010 2023 3058 ratur
2044 3010 2098 3057 et
2129 3001 2268 3058 velle
2291 3010 2345 3057 et
2374 2998 2655 3070 perficere,
2700 3016 2799 3070 pro
2827 2999 2971 3054 bona
3000 2997 3311 3061 voluntate;
3352 2995 3471 3064 ipse

1862 3095 2031 3167 nobis
2078 3094 2275 3148 bonam
2327 3093 2660 3147 voluntatem
2713 3091 2943 3157 donans,
2994 3090 3110 3159 ipse
3158 3086 3475 3143 facultatem

1873 3183 2001 3238 boni
2038 3183 2218 3254 operis
2260 3182 2697 3248 subministrans,
2747 3198 2780 3236 a
2809 3197 2919 3252 quo
2957 3189 3043 3236 est
3083 3195 3246 3236 omne
3292 3178 3477 3234 datum

175 3259 424 3330 peccati;
451 3260 754 3316 servientes
795 3263 973 3316 autem
1015 3271 1263 3332 peccato,
1294 3261 1448 3318 liberi
1479 3261 1606 3316 facti
1648 3271 1772 3316 sunt
1801 3264 1847 3327 C
1879 3276 2160 3345 οριίιιιυιη,
2205 3282 2260 3330 ει
2305 3290 2467 3330 omne
2515 3273 2718 3330 donum
2758 3273 3055 3345 perfectum
3099 3270 3239 3344 (Jac,
3281 3269 3476 3340 1,17);

179 3352 395 3420 iustitiae
435 3370 447 3406 :
485 3361 697 3423 utpote
721 3353 812 3422 qui
845 3353 897 3407 in
940 3353 1311 3423 iniquitatibus
1347 3356 1594 3425 concepti
1626 3364 1770 3423 sunt,

183 3451 236 3496 et
275 3458 411 3511 quos
448 3443 503 3496 in
536 3442 748 3498 delictis
799 3451 1003 3499 matres
1051 3459 1162 3499 smn
1215 3449 1268 3499 in
1322 3453 1478 3501 utero
1524 3446 1775 3500 aluerunt

181 3531 368 3606 (Psal.
391 3550 442 3596 1.,
474 3534 552 3602 7).

253 3622 340 3676 56.
371 3622 448 3679 Ex
471 3623 572 3679 hac
619 3625 896 3692 originalis
944 3627 1276 3695 obligatione
1328 3629 1536 3697 peccati
1575 3630 1774 3685 amissa

179 3725 280 3798 est.
294 3715 380 3770 illa
407 3717 550 3772 bona
579 3718 801 3774 libertas
830 3719 1059 3784 arbitrii,
1090 3719 1304 3787 quando
1335 3719 1486 3774 malae
1513 3719 1775 3777 libertatis

183 3808 311 3864 vitio
343 3810 508 3879 coepit
533 3809 700 3865 homo
729 3819 956 3880 peccato
1005 3811 1309 3866 voluntarie
1349 3809 1613 3866 famulari.
1647 3811 1774 3867 Ideo

187 3911 267 3957 est
295 3902 542 3957 omnibus
565 3901 872 3958 hominibus
901 3903 954 3957 in
985 3903 1232 3959 omnibus
1271 3904 1519 3959 aetatibus
1571 3905 1777 3960 consti-

191 3994 330 4060 tutis,
386 3992 438 4048 id
485 4001 568 4049 est
611 3995 678 4048 ab
727 3995 842 4066 ipsa
899 3995 1180 4050 nativitate
1224 3996 1292 4051 de
1346 4006 1537 4052 ventre
1583 3999 1773 4055 matris

192 4099 352 4154 usque
378 4085 445 4138 ad
469 4083 628 4139 linem
651 4085 938 4156 decrepitae
960 4087 1274 4154 senectutis,
1302 4090 1636 4144 necessarius
1658 4105 1774 4144 san-

189 4176 301 4245 guis
326 4174 542 4241 Christi,
572 4176 663 4245 qui
693 4177 744 4230 in
775 4178 1150 4234 remiSsionem
1196 4178 1348 4235 fusus
1394 4189 1477 4235 est
1523 4191 1776 4250 peccato-

191 4281 322 4332 rum,
353 4276 407 4323 et
434 4267 579 4323 solus
607 4278 789 4339 potest
836 4269 1021 4325 delere
1066 4286 1227 4326 omne
1272 4281 1575 4342 peccatum.
1627 4273 1772 4330 Unas

193 4368 263 4412 est
291 4360 420 4412 enim
449 4359 701 4414 mediator
729 4359 824 4413 Dei
852 4369 900 4415 et
931 4361 1215 4427 hominum,
1247 4363 1399 4418 homo
1425 4363 1662 4420 Christus
1681 4365 1774 4421 Je-

191 4468 274 4508 sus
326 4449 410 4521 (II
460 4451 592 4506 Tim.
644 4469 698 4517 ιι,
746 4452 834 4522 5);
885 4453 937 4507 in
976 4456 1129 4524 cujus
1159 4465 1333 4510 morte
1378 4457 1620 4526 quisquis
1665 4474 1785 4523 non,

197 4544 344 4600 fuerit
367 4546 415 4600 ei
447 4546 498 4599 in
519 4546 842 4616 baptismate
871 4551 1240 4618 consepultus,
1274 4565 1373 4606 nec
1401 4552 1562 4621 potiri
1582 4566 1772 4621 regno,

1879 3368 1994 3423 sine
2023 3383 2131 3437 quo
2155 3367 2289 3422 nihil
2319 3367 2496 3422 facere
2525 3382 2832 3437 possumus,
2863 3366 2994 3421 etin
3016 3380 3124 3436 quo
3147 3363 3325 3419 omnia
3353 3376 3478 3434 pos-

1878 3476 2080 3524 sumus,
2114 3461 2166 3514 in
2191 3468 2452 3528 quantum
2477 3459 2545 3513 ab
2568 3475 2634 3514 eo
2656 3459 2882 3530 gratiam
2911 3458 3126 3513 virtutis
3147 3456 3476 3526 accepimus.

1878 3551 2033 3618 Quod
2064 3552 2248 3622 utique
2275 3559 2421 3605 recta
2450 3547 2774 3606 conﬁdentia
2806 3550 2997 3605 beatus
3032 3548 3309 3619 przesnmit
3337 3545 3478 3616 Apo-

1877 3643 2066 3706 stolus,
2099 3641 2288 3697 dicens
2315 3660 2327 3694 :
2365 3640 2558 3695 Omnia
2581 3658 2785 3710 possum
2813 3643 2867 3695 in
2896 3658 2954 3695 eo
2982 3641 3068 3712 qui
3113 3656 3192 3694 me
3219 3640 3481 3710 conferta!

1881 3733 2105 3804 (Philip.
2139 3749 2212 3798 ιν,
2247 3732 2356 3802 l5).
2397 3731 2465 3784 Et
2495 3733 2729 3786 iterum:
2773 3729 2840 3785 In
2872 3747 2971 3803 quo
3020 3729 3197 3783 laboro
3235 3726 3480 3781 certando

1876 3823 2159 3879 secundum
2191 3825 2547 3893 operationem
2583 3823 2716 3893 ejus,
2747 3838 2902 3895 quam
2932 3829 3175 3893 operatur
3203 3821 3256 3874 in
3304 3836 3384 3873 me
3425 3819 3479 3874 in

1878 3921 2063 3974 virtute
2084 3917 2304 3986 (Coloss.
2339 3931 2375 3980 ι,
2407 3913 2522 3984 29).
3407 3909 3410 3912 ’

1948 4007 2079 4062 Car.
2114 4021 2261 4060 xxrv.
2294 4038 2363 4047 ——
2393 4004 2482 4060 58.
2515 4004 2644 4060 llaec
2673 4005 2854 4059 omnia
2887 4003 3114 4058 ﬁdeliter
3135 4011 3296 4072 atque
3326 4001 3478 4057 indu~

1877 4098 2114 4154 bitanter
2137 4104 2400 4161 tenentes,
2426 4097 2543 4152 sine
2565 4095 2806 4166 periculo
2822 4109 3028 4164 sumus,
3052 4094 3266 4149 etiamsi
3287 4109 3476 4165 quem-

1878 4189 2164 4246 admodum
2191 4188 2384 4243 dentur
2407 4188 2600 4242 animzc
2621 4187 2939 4258 corporibus
2961 4187 3284 4244 nesciamus.
3317 4186 3486 4242 Sum;

1878 4282 1954 4338 cit
2023 4289 2205 4336 autem
2261 4280 2402 4334 scire
2467 4293 2568 4333 nos
2636 4279 2809 4348 prima
2870 4267 3150 4333 nativitate
3222 4277 3477 4348 pollutos,

1877 4372 2111 4428 secunda
2181 4369 2461 4426 nativitate
2536 4368 2871 4436 mundatos;
2949 4368 3119 4438 prima
3196 4367 3480 4423 nativitate

1878 4466 2140 4536 captivos,
2188 4463 2427 4519 secunda
2477 4462 2759 4517 nativitate
2802 4463 3033 4530 liberos;
3079 4462 3249 4532 prima
3288 4461 3483 4516 nativi-

1883 4568 1994 4614 tate
2045 4566 2311 4618 terrenos,
2371 4556 2611 4611 secunda
2653 4556 2933 4610 nativitate
2977 4557 3252 4622 caelestes;
3295 4557 3480 4626 primm

197 4654 287 4695 nec
323 4639 457 4708 ignis
503 4640 693 4695 :eterni
748 4642 949 4710 poterit
994 4657 1183 4700 carere
1223 4645 1506 4715 supplicio.
1561 4645 1775 4701 Veritas
1803 4661 1858 4724 D
1885 4652 2178 4708 nativitatis
2214 4650 2346 4703 vitio
2379 4649 2646 4713 carnales,
2675 4648 2925 4703 secundae
2971 4648 3268 4702 nativitatis
3313 4647 3480 4701 bene-

191 4726 379 4800 quippc
417 4732 491 4785 ait
523 4731 653 4800 quia
692 4731 738 4785 si
775 4732 887 4803 quis
916 4748 1020 4786 non
1050 4735 1204 4804 fuerit
1232 4744 1441 4789 renatus
1469 4751 1534 4788 ea:
1563 4752 1696 4804 aqua
1723 4746 1775 4790 et

200 4817 404 4890 Spiritu,
439 4836 543 4875 non
571 4830 735 4891 potest
771 4821 990 4876 introire
1012 4823 1066 4876 in
1096 4840 1306 4895 regnum
1339 4824 1436 4879 Dei
1466 4825 1644 4898 (Joan.
1687 4843 1766 4893 ιιι,

198 4908 266 4979 5).
295 4909 630 4989 Quapropter
658 4912 726 4968 de
751 4912 917 4985 498
939 4915 1191 4969 omnibus
1228 4917 1557 4980 hominibus,
1601 4919 1769 4987 pusil-

199 5002 256 5057 lis
305 5012 357 5058 et
402 5007 628 5073 magnis,
679 5006 994 5074 infantibus,
1051 5008 1259 5078 pueris,
1313 5009 1768 5078 adolescentibus,

197 5093 485 5164 juvenibus,
518 5099 738 5154 senibus
767 5100 1135 5170 accipiendum
1164 5109 1247 5156 est
1275 5102 1419 5172 quod
1451 5102 1538 5157 ille
1579 5103 1769 5159 doctor

203 5187 420 5254 gentium
447 5189 497 5242 in
529 5189 634 5244 ﬁde
661 5200 714 5245 et
746 5193 971 5246 veritate
999 5193 1263 5248 veraciter
1290 5193 1417 5247 dicit
1440 5213 1452 5246 :
1487 5193 1607 5249 Non
1630 5199 1768 5252 enim

201 5287 265 5332 est
291 5279 564 5336 distinctio.
592 5282 785 5337 Omnes
813 5285 952 5338 enim
971 5295 1327 5354 peccaverunt,
1363 5295 1411 5340 et
1431 5297 1580 5357 egent
1601 5289 1770 5358 gloria

201 5366 305 5423 Dei.
334 5368 617 5441 Justiﬁcati
652 5374 813 5444 gratis
853 5391 946 5444 per
991 5377 1213 5445 gratiam
1262 5378 1440 5447 ipsius,
1475 5395 1588 5448 qum
1611 5390 1686 5433 est
1715 5382 1769 5435 in

203 5460 382 5516 Christo
409 5460 530 5516 .Iesu
551 5502 564 5527 ,
600 5481 748 5534 quem
779 5468 1041 5534 proposuit
1069 5466 1206 5521 Dens
1229 5471 1647 5538 propitiationem
1681 5490 1772 5542 per

205 5555 335 5627 fidem
360 5557 413 5610 in
444 5559 696 5628 sanguine
726 5560 906 5628 ipsius,
935 5560 1002 5612 ad
1031 5562 1375 5617 ostensione»:
1399 5565 1616 5633 justititr
1641 5581 1773 5634 sure,

205 5655 388 5715 propter
429 5648 781 5701 remissionem
825 5650 1222 5718 prrecedentium
1265 5653 1770 5723 delictorum(Rom.

203 5752 270 5804 tu,
294 5736 356 5790 ἓξ
393 5747 441 5792 et
482 5738 633 5811 seq.).
669 5738 985 5796 Pnecedens
1015 5752 1192 5802 autem
1242 5745 1496 5802 delictum
1544 5761 1662 5800 cum
1691 5741 1774 5804 ‘in

205 5828 470 5886 infantibus
500 5833 778 5900 quaeritur,
811 5835 939 5890 illud
976 5835 1093 5892 sine
1127 5837 1294 5904 dubio
1335 5836 1567 5908 primum
1613 5839 1774 5907 primi

205 5919 412 5978 hominis
459 5923 746 5991 invenitur,
788 5925 932 5996 quod
959 5940 1056 5996 per
1100 5941 1344 6006 primum
1390 5927 1664 6005 hominem
1711 5930 1772 5993 in

1884 4744 2005 4798 licio
2033 4740 2336 4811 spiritales';
2385 4738 2556 4809 prima
2593 4739 2872 4795 nativitate
2902 4739 3039 4793 ﬁlios
3082 4740 3193 4803 irte,
3245 4737 3480 4794 secunda

1879 4832 2161 4887 nativitate
2183 4829 2320 4884 lilios
2351 4832 2567 4898 gratia);
2602 4829 2774 4899 prima
2803 4831 3084 4885 nativitate
3110 4830 3247 4885 ﬁlios
3273 4830 3476 4896 smculi,

1879 4923 2115 4980 secunda
2143 4921 2428 4976 nativitate
2449 4920 2588 4976 ﬁlios
2614 4920 2729 4977 Dei.
2765 4919 2997 4977 Proinde
3039 4923 3140 4978 etsi
3188 4923 3330 4979 scire
3372 4937 3479 4976 non

1879 5029 2168 5084 possumus
2197 5012 2654 5081 quemadmodum
2701 5013 2878 5068 anima
2917 5015 3074 5069 detur
3115 5014 3434 5083 corporibus
3461 5052 3476 5075 ,

1881 5102 2010 5158 illud
2031 5111 2178 5158 recte
2209 5103 2482 5159 credendo
2506 5111 2561 5159 et
2581 5105 2721 5161 bene
2747 5106 2996 5170 vivendo,
3029 5104 3157 5159 illud
3200 5106 3481 5160 instantis-

1877 5195 2012 5251 sime
2036 5201 2362 5262 satagamus,
2391 5204 2452 5249 ut
2480 5196 2534 5250 in
2556 5210 2724 5265 regno
2755 5197 2918 5267 (.99
2957 5195 3052 5250 Dei
3082 5204 3137 5249 et
3165 5195 3343 5249 anima
3374 5212 3476 5250 no-

1878 5295 1989 5344 stra
2022 5285 2234 5341 laetetur
2263 5293 2318 5341 et
2346 5301 2563 5357 corpus.
2596 5286 2730 5342 Illud
2751 5301 2881 5357 ergo
2913 5287 2956 5341 si
2983 5286 3122 5342 scire
3146 5302 3252 5340 non
3285 5302 3478 5357 possu—

1880 5392 2019 5440 mus,
2087 5377 2357 5447 patienter
2421 5379 2781 5448 ignoremus:
2835 5392 3060 5448 regnum
3127 5386 3307 5434 autem
3375 5379 3474 5434 Dei

1882 5467 2133 5524 ardenter
2160 5477 2322 5538 atque
2353 5471 2616 5524 instanter
2637 5484 2962 5538 quaeramus,
2990 5469 3078 5525 ubi
3103 5471 3290 5540 procul
3311 5470 3474 5526 dubio

1880 5563 2043 5618 etiam
2065 5562 2171 5616 hoc
2199 5561 2341 5616 Deus
2382 5562 2537 5618 nobis
2565 5562 2846 5630 revelabit,
2876 5563 3020 5632 quod
3051 5579 3160 5619 non
3201 5564 3288 5620 hic
3318 5563 3474 5620 nobis

1878 5652 2110 5706 inaniter
2136 5653 2454 5719 occultatur,
2480 5654 2580 5709 nisi
2609 5654 2735 5723 quia
2767 5654 2820 5710 in
2852 5655 2954 5712 hac
2975 5657 3086 5712 vita
3114 5655 3341 5713 forsitan
3362 5670 3472 5714 non

1877 5747 2137 5814 competit
2164 5754 2220 5800 ut
2249 5747 2468 5802 sciatur.

1947 5840 2036 5895 59.
2086 5839 2240 5906 Quod
2288 5842 2333 5896 si
2362 5842 2644 5913 quisquam
2684 5843 2940 5901 divinitus
2977 5846 3330 5913 illuminatns,
3375 5857 3473 5903 aut

1876 5932 2088 5990 indiciis
2118 5936 2430 5992 certissimae
2475 5937 2719 6016 rationis,
2770 5945 2863 5993 aut
2903 5938 3230 5994 testimoniis
3267 5943 3469 5996 sancta
