4046 6530
580 413 679 470 871

1583 409 1642 467 S.
1682 409 2051 468 FULGENTII
2089 408 2397 468 EPISCOPi
2421 409 2795 469 RUSPENSIS

3813 412 3927 467 δἸὶ

578 529 915 586 auctoritatis
945 527 1171 583 valuerit
1206 526 1289 583 vel
1337 539 1647 596 agnoscere,
1679 526 1763 581 vel
1791 525 2008 593 docere,
2056 526 2173 581 ani—
2202 534 2247 588 Α
2278 527 2508 597 quisque
2528 525 2841 597 perdiderat
2870 523 3002 580 vitio
3031 524 3266 597 hominis
3304 526 3633 595 peccatoris,
3665 527 3924 597 recipiat

578 640 695 680 mas
722 623 987 679 humanas
1007 629 1100 677 aut
1120 634 1286 676 novas
1314 619 1537 687 singulis
1565 618 1883 689 corporibus
1908 618 2046 685 dari,
2080 627 2174 674 aut

578 732 701 773 cum
724 716 856 787 ipsis
882 713 1200 785 corporibus
1222 711 1538 783 propagari,
1572 710 1699 766 illud
1724 710 1939 766 interim
1963 719 2175 766 asserat

579 811 725 883 quod
775 809 936 865 habet
976 807 1108 863 fides
1151 805 1518 862 ecclesiastica
1566 801 1928 869 manifestum,
1989 818 2178 859 omnes

578 903 787 959 scilicet
814 899 1060 956 homines
1100 913 1167 955 ex
1199 898 1316 967 ipso
1346 903 1614 967 conceptu
1653 896 1870 951 trahere
1912 895 2178 964 originale

528 996 533 1001 ’
580 1003 883 1070 peccatum,
907 992 1050 1064 quod
1082 992 1153 1047 sit
1176 991 1229 1044 in
1252 990 1475 1059 singulis
1502 990 1848 1045 nascentibus
1878 989 2036 1045 unius
2062 1003 2179 1043 me-

581 1088 807 1144 diatoris
845 1084 1106 1155 sanguine
1133 1082 1538 1148 remittendum,
1572 1090 1633 1137 ut
1661 1080 1953 1151 impietatis
1982 1095 2176 1145 nexus,

580 1182 673 1253 qui
696 1181 866 1253 prima
893 1179 1173 1234 nativitate
1200 1177 1556 1241 contrahitur,
1608 1177 1843 1233 secunda
1892 1177 2177 1232 nativitate

581 1276 847 1340 solvatur;
871 1282 927 1328 et
948 1288 1043 1343 per
1063 1271 1257 1327 Filium
1282 1270 1401 1334 Dei,
1424 1269 1516 1340 qui
1546 1268 1717 1326 factus
1738 1276 1903 1324 estex
1927 1268 2173 1335 muliere,

580 1366 754 1423 factus
781 1366 879 1422 sub
900 1365 1018 1434 lege
1046 1363 1185 1437 (Gal.
1213 1379 1288 1432 tv,
1310 1362 1364 1430 4,
1387 1362 1467 1433 5),
1491 1372 1551 1418 ut
1570 1362 1915 1433 adoptionem
1943 1362 2175 1417 filiorum

580 1458 966 1528 reciperemus,
994 1457 1163 1526 ipsius
1198 1455 1506 1526 adoptionis
1534 1454 1784 1523 gratiam,
1814 1467 1975 1523 quam
2006 1466 2174 1507 unus-

2283 621 2545 679 bencﬁcio
2588 620 2986 693 Redemptoris.
3037 618 3150 676 Hoc
3197 620 3571 678 indubitanter
3619 637 3920 691 asserem,

2283 714 2541 787 quidquid
2589 714 2847 785 deinceps
2897 712 3193 770 secundum
3240 706 3525 771 veritatem
3573 717 3807 787 poterit
3850 716 3925 772 de

2284 808 2586 862 animarum
2611 806 2820 877 origine
2838 806 3237 874 demonstrare,
3259 811 3423 865 recte
3452 809 3625 865 faciet
3662 826 3793 865 non
3836 819 3923 866 ta-

2285 915 2429 956 cere.
2463 898 2618 955 Tunc
2646 907 2829 954 autem
2850 898 3079 969 quaestio
3107 901 3176 954 de
3203 900 3383 955 anima
3415 909 3571 958 recte
3606 910 3918 970 tractatur,

2285 990 2329 1045 si
2352 1005 2459 1045 non
2488 988 2765 1044 dubitatur
2784 988 2853 1045 de
2879 988 3128 1057 originali
3153 999 3382 1060 peccato
3405 991 3633 1047 humani
3655 994 3916 1063 gener-'5,

2282 1092 2342 1140 et
2366 1084 2435 1140 de
2465 1083 2727 1141 beneficio
2748 1081 2919 1140 sancti
2955 1081 3315 1152 baptismatis,
3341 1085 3487 1155 quod
3524 1087 3785 1157 captivis
3823 1087 3917 1144 do-

2283 1186 2470 1233 natum
2499 1186 2583 1251 est
2608 1193 2704 1248 per
2723 1176 2954 1242 gratiam
2980 1176 3303 1246 Salvatoris,
3332 1178 3422 1248 qui
3452 1179 3728 1249 dignatus
3752 1189 3841 1235 est
3858 1189 3917 1237 et

2284 1278 2452 1326 totam
2481 1271 2598 1327 sine
2630 1278 2859 1341 peccato
2888 1276 3136 1325 naturam
3167 1271 3339 1326 nostri
3368 1272 3587 1342 generis
3616 1273 3912 1344 accipere.

2282 1371 2339 1420 et
2366 1379 2582 1421 omnem
2607 1363 2824 1435 culpam
2854 1364 3026 1420 nostri
3055 1364 3294 1420 criminis
3321 1366 3562 1423 abolere.

1606 1650 1747 1764 S.
1830 1646 2826 1764 PULGENTII

866 1851 1025 1953 DE
1104 1848 1431 1988 FIDE,
1516 1814 1830 1951 sEU"
1885 1842 2044 1944 DE
2125 1837 2651 1946 REGULA
2728 1841 3119 1948 VEBZE
3199 1843 3583 1986 FIDE],

1401 2031 1561 2115 AD
1638 2026 2172 2126 PETRUM,
2251 2025 2601 2109 LIBER
2679 2024 3066 2115 UNUS..

657 2232 1242 2308 5oo-Pn0Locus.—
1270 2236 1323 2291 l.
1366 2233 1687 2306 Epistulam,
1730 2231 1805 2290 illi
1846 2235 2027 2300 Petre,
2076 2241 2183 2290 tua:
2212 2238 2262 2301 Β
2358 2232 2414 2289 2.
2447 2233 2831 2291 Verumtamen
2869 2243 2928 2290 ut
2948 2236 3017 2291 de
3043 2232 3147 2293 fide
3166 2234 3438 2293 sufﬁciens
3464 2252 3653 2294 senuo
3676 2254 3894 2310 prem

584 2326 826 2383 caritatis
854 2326 1057 2397 accepi,
1091 2326 1144 2381 in
1173 2341 1278 2398 qua
1307 2334 1363 2382 te
1399 2324 1713 2396 significasti
1751 2326 1891 2382 velle
1919 2325 2177 2384 Hieroso-

584 2415 781 2489 lymam
800 2430 1047 2487 pergere,
1072 2425 1128 2472 et
1155 2416 1449 2488 poposcisti
1482 2424 1534 2472 te
1561 2416 1753 2472 litteris
1771 2417 1969 2473 nostris
1990 2417 2180 2472 instrui

583 2522 745 2578 quam
773 2507 973 2564 debeas
993 2508 1048 2562 in
1076 2508 1183 2563 illis
1205 2508 1449 2579 partibus
1476 2523 1619 2563 verte
1649 2507 1773 2564 fidei
1822 2509 2062 2579 regulam
2101 2519 2182 2565 te-

582 2613 716 2655 nere
735 2598 789 2668 δ,
820 2608 879 2655 ut
907 2600 1087 2656 nullus
1116 2600 1213 2656 tibi
1251 2601 1425 2671 possit
1460 2617 1652 2657 sensus
1681 2602 1947 2659 haeretica:
1988 2602 2182 2659 subre-

582 2707 712 2763 pere
741 2691 988 2749 falsitatis
1016 2704 1060 2748 ο.
1092 2693 1315 2751 Gaudeo
1350 2694 1567 2763 quidem
1610 2695 1754 2766 quod
1792 2711 1891 2767 pro
1922 2695 2026 2751 lide
2053 2710 2183 2751 vera

582 2783 700 2840 sine
748 2783 858 2840 ullo
903 2783 1140 2855 perfidiae
1185 2785 1317 2841 vitio
1364 2785 1719 2841 custodienda
1745 2785 2180 2856 ,‘sollicitudinem

582 2874 747 2944 geris,
771 2875 888 2930 sine
916 2890 1021 2945 qua
1049 2875 1196 2930 nulla
1224 2883 1406 2946 potest
1442 2875 1724 2946 prodesse,
1762 2876 1872 2932 imo
1913 2891 2015 2931 nec
2038 2890 2184 2942 esse,

585 2965 890 3021 conversio.
946 2965 1260 3036 Apostolica
1300 2965 1503 3036 quippe
1540 2964 1671 3020 dicit
1715 2966 2010 3022 auctoritas
2054 2965 2183 3035 quia

580 3055 695 3109 sine
747 3054 1213 3126 fide'impossibile
1253 3064 1329 3109 est
1370 3059 1575 3127 placere
1617 3053 1729 3110 Deo
1775 3055 1962 3127 (Hebr.
1995 3071 2071 3122 χι,
2102 3055 2179 3127 6).

584 3145 747 3203 Fides
776 3154 860 3203 est
888 3161 1121 3216 namque
1142 3148 1410 3203 bonorqu
1431 3145 1671 3202 omnium
1705 3140 2111 3202 fundamentum
2131 3144 2182 3203 ἀ.

584 3239 744 3295 Fides
776 3246 859 3294 est
885 3240 1134 3294 humana:
1162 3238 1352 3293 salutis
1384 3238 1593 3294 initium
1617 3246 1662 3291 ε.
1687 3236 1815 3294 Sine
1844 3238 1947 3294 hac
1978 3236 1995 3275 τ
2024 3252 2184 3293 nemo

584 3333 654 3388 ad
684 3333 914 3389 filiorum
955 3332 1052 3389 Dei
1098 3346 1380 3388 numerum
1413 3339 1595 3402 potest
1636 3332 1959 3403 pertineret!
1999 3351 2011 3386 :
2057 3332 2185 3401 quia

588 3428 706 3483 sine
731 3428 845 3497 ipsa
866 3441 967 3491 nec
994 3426 1047 3481 in
1074 3427 1180 3481 hoc
1206 3425 1402 3481 sarculo
1430 3423 1715 3496 quisquam
1746 3423 2186 3497 501justilica-

589 3519 752 3575 tionis
774 3519 1120 3588 consequitur
1146 3519 1394 3588 gratiam,
1423 3532 1524 3573 nec
1552 3517 1607 3572 in
1650 3516 1832 3572 futuro
1859 3516 2024 3572 vitam
2052 3530 2185 3587 pos-

2286 2333 2396 2393 tur,
2429 2342 2529 2382 nec
2559 2327 2818 2398 temporis
2843 2325 3171 2397 suil'ragatur
3197 2329 3451 2399 spatium,
3482 2331 3613 2402 quia
3639 2331 3897 2387 celeriter

2283 2426 2526 2473 nostrum
2573 2417 2725 2487 cupis
2772 2416 2977 2473 habere
3019 2432 3362 2490 responsum,
3403 2429 3459 2475 et
3488 2428 3602 2474 tam
3631 2434 3888 2490 maguum

2284 2517 2370 2565 est
2397 2508 2555 2579 hujus
2602 2507 2981 2580 disputationis
3025 2524 3183 2580 opus,
3227 2519 3288 2565 ut
3334 2511 3543 2580 magnis
3590 2511 3686 2565 vix
3727 2511 3892 2581 possit

2285 2601 2497 2676 impleri
2532 2598 2547 2638 ί
2580 2600 2944 2657 sermonibus.
2994 2600 3180 2673 Neque
3207 2602 3351 2658 enim
3384 2604 3688 2674 poposcisti
3734 2603 3817 2660 sic
3839 2612 3890 2658 te

2284 2692 2481 2749 debere
2506 2692 2573 2749 de
2602 2689 2706 2749 title
2734 2692 2947 2760 instrui,
2997 2700 3055 2748 ut
3085 2708 3248 2749 unam
3290 2694 3590 2765 quamlibet
3636 2695 3885 2751 haeresim

2284 2786 2599 2857 designares
2632 2786 2680 2853 l,
2708 2795 2899 2843 contra
2927 2800 3094 2857 quam
3129 2788 3441 2858 specialiter
3475 2796 3681 2845 nostra:
3708 2788 3889 2859 dispu-

2287 2878 2509 2935 tationis
2537 2877 2787 2948 vigilaret
2814 2879 3042 2934 intentio
3076 2897 3088 2932 :
3120 2879 3216 2936 sed
3236 2894 3359 2935 cum
3387 2879 3673 2935 indeﬁnite
3700 2879 3889 2935 definio

2289 2971 2490 3027 tionem
2520 2968 2647 3025 lidei
2676 2970 2835 3041 petis,
2864 2984 3096 3040 eamque
3124 2971 3278 3042 cupis
3305 2970 3468 3028 etiam
3496 2970 3600 3025 sub
3622 2958 3888 3026 brevitati

2286 3061 2569 3134 concludi,
2597 3061 2751 3118 vides
2779 3062 2971 3132 procul
3014 3061 3179 3119 dubio
3205 3077 3369 3133 quam
3396 3063 3469 3119 sit
3495 3062 3656 3119 nobis
3685 3064 3886 3134 impos-

2288 3154 2445 3211 sibile
2492 3161 2553 3209 ut
2591 3168 2707 3209 rem
2738 3162 2949 3209 tantam
2976 3154 3031 3210 in
3075 3154 3228 3211 brevi
3255 3154 3418 3226 plene
3454 3154 3888 3227 comprehenda-

2286 3264 2428 3315 mus,
2453 3248 2540 3304 cui
2568 3246 2900 3304 sufﬁcientes
2928 3263 3049 3304 esse
3076 3263 3184 3304 non
3204 3264 3511 3319 possumus,
3540 3249 3757 3305 etiamsi
3780 3258 3889 3304 tan-

2288 3354 2401 3402 tum
2431 3344 2664 3415 spatium
2701 3344 2965 3414 temporis
3003 3352 3061 3400 et
3099 3343 3206 3399 tale
3231 3344 3390 3400 nobis
3417 3353 3563 3400 esset
3590 3344 3886 3413 ingenium,

2288 3444 2347 3491 ut
2376 3434 2545 3490 multa
2572 3434 2848 3491 volumina
2876 3434 2945 3490 de
2972 3434 3078 3491 hoc
3104 3434 3248 3506 quod
3276 3450 3307 3490 a
3356 3435 3515 3491 nobis
3543 3436 3763 3506 expetis
3803 3433 3884 3489 fa-

2287 3542 2413 3583 cere
2439 3526 2745 3582 valeremus
2775 3525 2870 3599 (al.
2905 3526 3221 3597 valeamus).
3253 3525 3362 3583 Sed
3387 3527 3513 3597 quia
3545 3526 3697 3582 Deus
3730 3543 3885 3599 prope

590 3610 785 3668 sidebit
810 3618 1097 3677 aeternam;
1129 3617 1186 3665 et
1212 3610 1256 3666 si
1277 3610 1398 3681 quis
1437 3609 1524 3664 hic
1552 3624 1660 3665 non
1697 3607 2055 3664 ambulaverit
2083 3621 2182 3678 per

2287 3628 2361 3674 est
2386 3617 2622 3673 omnibus
2652 3617 3006 3673 invocantibus
3041 3634 3156 3672 eum
3176 3619 3233 3673 in
3262 3619 3474 3673 ueritate
3503 3614 3689 3691 (Ρωιὶ
3709 3608 3885 3686 culi,

591 3703 769 3771 fidem,
811 3719 919 3758 non
956 3704 1236 3774 perveniet
1276 3701 1344 3757 ad
1381 3702 1638 3773 speciem.
1668 3699 1797 3756 Sine
1852 3699 1959 3755 lide
2005 3700 2183 3755 omnis

588 3796 743 3851 labor
770 3795 1001 3851 hominis
1026 3810 1226 3851 vacuus
1253 3802 1354 3851 est.
1398 3792 1532 3850 Tale
1568 3794 1769 3864 quippe
1813 3799 1916 3860 est,
1958 3799 2018 3846 ut
2065 3791 2184 3847 sine

587 3902 715 3943 vera
762 3886 867 3942 fide
891 3887 1118 3958 quisque
1158 3885 1289 3942 velit
1318 3884 1430 3941 Deo
1459 3900 1558 3955 per
1590 3892 1961 3953 contemptum
2005 3881 2185 3937 saeculi

587 3974 880 4050 placereh;
911 3976 1069 4047 quale
1102 3976 1149 4033 si
1191 3976 1474 4048 quisquam
1505 3974 1600 4047 (al.
1626 3972 1915 4045 quispiam)
1958 3971 2186 4028 tendens

590 4072 656 4127 ad
686 4073 937 4144 patriam,
970 4071 1024 4126 in
1057 4086 1163 4141 qua
1192 4085 1252 4127 se
1279 4069 1380 4126 scit
1407 4069 1569 4125 beate
1611 4083 1732 4125 esse
1780 4067 2071 4133 victurum,
2106 4080 2189 4121 re-

590 4164 797 4236 linquat
826 4164 1031 4219 itineris
1052 4161 1458 4229 rectitudinem,
1487 4167 1542 4216 et
1571 4157 1901 4229 improvidus
1947 4163 2187 4213 sectetur

566 4249 867 4322 errorem,
913 4270 1021 4325 quo
1051 4269 1159 4309 non
1198 4253 1268 4308 ad
1303 4253 1519 4309 beatam
1562 4250 1835 4306 civitatem
1884 4248 2185 4320 perveniat,

591 4346 687 4402 sed
716 4347 768 4401 in
794 4345 1144 4416 praecipitium
1186 4344 1377 4410 cadat;
1422 4342 1513 4398 ubi
1559 4336 1667 4397 non
1708 4340 1958 4411 gaudium
1996 4355 2187 4411 perve-

591 4437 761 4493 nienti
789 4437 971 4504 detur,
996 4434 1095 4492 sed
1123 4435 1339 4492 cadenti
1364 4433 1611 4489 interitus
1637 4432 1915 4488 inferatur.

664 4629 688 4656 ι
716 4616 959 4673 Antehac
1014 4615 1199 4672 excusi
1227 4612 1442 4670 codices
1466 4614 1608 4670 hunc
1628 4610 1841 4665 titulum
1873 4606 2181 4680 praeferunt,

590 4689 671 4744 De
690 4689 846 4757 Fide,
876 4689 945 4743 ad
978 4687 1189 4743 Petrum
1215 4684 1528 4757 Diacgnuni.
1559 4682 1668 4757 Nos
1708 4696 1839 4735 vero
1874 4677 2185 4757 addendum

591 4750 844 4837 duximus
882 4768 939 4816 et
981 4760 1291 4837 hunc,_seu,
1334 4754 1414 4837 De
1456 4750 2183 4837 Iit-gulaaerteﬁdeir‘tum

591 4834 714 4903 quia
735 4835 813 4889 sic
840 4823 1140 4903 appellatur
1164 4823 1303 4903 liber
1349 4828 1450 4903 i_ste
1496 4823 1593 4903 hic
1612 4823 1711 4878 sub
1749 4823 2082 4903 initium_._et_
2129 4823 2183 4874 in

592 4890 820 4977 epistola
852 4890 1113 4977 Ferrandi
1154 4901 1222 4977 ad
1261 4898 1320 4953 S.
1346 4896 1715 4977 .Fulgentiuom,’
1752 4906 1914 4963 supra
1938 4890 2038 4977 Ill,
2067 4898 2183 4977 tum

593 4962 757 5030 eiiam
802 4975 926 5043 quia
973 4975 1052 5043 sic
1099 4973 1303 5043 legitur
1345 4970 1397 5024 in
1435 4962 1810 5037 antiquissimo
1853 4962 2037 5043 codice
2075 4976 2177 5043 ms.

591 5032 925 5102 Corbeieitsi.
968 5032 1400 5117 Erpun'gendum
1426 5032 1667 5117 quoque
1713 5047 1908 5117 nomen
1965 5032 2179 5117 diaconi

590 5118 932 5173 credidimus.
966 5105 1145 5169 Primo
1171 5105 1298 5183 quia
1327 5127 1395 5167 ex
1420 5105 1539 5183 ipso
1564 5105 1881 5183 t‘otius_libri
1912 5111 2175 5183 contextu

589 5188 745 5244 facile
772 5187 1057 5257 conjicitur
1082 5173 1687 5257 divérsumplaneesse
1724 5175 1942 5257 Petrum
1973 5173 2115 5229 hunc
2143 5190 2175 5230 a

588 5260 815 5314 diacono
863 5248 949 5313 cui
998 5256 1305 5311 inscribitur
1358 5248 1495 5307 liber
1539 5250 1606 5305 de
1651 5248 2046 5313 incarnatione,
2077 5259 2175 5301 seu

589 5330 811 5399 epistola
843 5343 1007 5398 supra
1038 5328 1124 5381 l6.
1158 5326 1293 5399 Cum
1320 5324 1461 5378 bene
1492 5321 1657 5377 multa
1684 5319 1755 5399 ibi
1778 5324 2176 5399 pertractentur

588 5387 706 5468 qum
735 5387 929 5454 eidem.
942 5400 1026 5454 hic
1057 5414 1163 5453 non
1197 5396 1420 5468 fuissent
1461 5390 1776 5462 repetenda.
1817 5387 2020 5468 Deinde
2047 5388 2172 5456 quia

588 5465 687 5526 nec
736 5470 990 5538 fratrem,
1030 5486 1131 5525 nec
1172 5467 1561 5540 condiaconum
1606 5468 1800 5524 vocat,
1829 5473 1954 5540 quo
1992 5465 2172 5512 tamen

588 5542 805 5596 nomine
835 5529 1159 5612 compellare
1187 5538 1327 5593 solet
1362 5536 1705 5612 preslivteros
1742 5535 1855 5612 aut
1891 5529 2167 5612 diaconos,

591 5622 650 5668 ut
678 5621 828 5681 patet
847 5630 913 5668 ex
942 5597 1183 5682 epistolis
1206 5597 1377 5678 supra
1409 5607 1462 5672 5,
1497 5597 1582 5668 1'2,
1612 5601 1678 5685 ιρ
1704 5609 1759 5657 et
1789 5600 1875 5685 με
1909 5597 2172 5685 Denique,

588 5672 714 5755 quid
737 5685 780 5740 si
810 5685 937 5740 hinc
962 5672 1177 5755 quoque
1202 5672 1573 5755 argumentum
1604 5672 1820 5755 aliquod
1837 5672 2176 5755 ducere-non

590 5741 786 5826 pigeat,
815 5741 996 5826 quon,”
1016 5741 1170 5814 infra,
1204 5741 1492 5826 (abiisse
1519 5741 1793 5826 (auctoris
1835 5741 2073 5826 licettut
2102 5741 2175 5796 ibi

584 5814 870 5890 dicetur-fa
896 5814 1174 5893 Fulgentio
1196 5814 1414 5893 diversi)
1448 5814 1674 5893 habetur
1700 5834 1712 5869 :
1762 5814 1827 5868 lu
1856 5814 2041 5893 militia
2070 5827 2173 5893 sae-

583 5899 704 5954 culi.
730 5883 912 5953 exhibe
938 5883 1046 5967 regi
1074 5904 1273 5967 terreno
1294 5883 1449 5967 ﬁdele
1465 5890 1758 5955 servilium;
1788 5887 1907 5963 quia
1937 5884 2032 5940 hoc
2061 5883 2177 5938 dili-

584 5972 662 6049 git
689 5968 844 6035 Deus,
878 5968 969 6021 hoc
997 5963 1211 6021 inundat
1237 5963 1534 6037 Apostolus.

2288 3709 2400 3784 18),
2451 3711 2541 3780 qui
2572 3711 2780 3766 verbum
2822 3726 3186 3765 consummans
3212 3720 3263 3766 et
3301 3710 3537 3767 brevions
3582 3713 3711 3783 fecit
3738 3729 3887 3783 super

2288 3813 2482 3858 terram
2523 3801 2701 3875 (Rom.
2735 3818 2808 3869 ix,
2859 3801 2981 3873 28),
3036 3818 3200 3872 spero
3240 3803 3389 3873 quia,
3435 3802 3577 3859 sicut
3618 3804 3717 3859 tibi
3745 3798 3886 3859 dedit

2290 3896 2451 3967 hujus
2480 3894 2603 3951 lidei
2640 3904 2883 3951 sanctam
2913 3894 3351 3960 sollicitudinem,
3399 3894 3479 3951 sic
3519 3896 3691 3951 etiam
3740 3896 3883 3962 mihi,

2289 3996 2348 4043 ut
2375 3996 2468 4045 tuo
2499 3997 2607 4042 tam
2631 3987 2777 4044 bono
2801 3995 3019 4058 tamque
3042 3985 3299 4042 laudabili
3322 3987 3559 4043 serviam
3587 3986 3881 4053 desiderio,

2288 4080 2644 4135 sufﬁcientem
2676 4079 2874 4136 tribuet
2905 4078 3216 4135 facultatem
3251 4097 3263 4133 :
3298 4088 3357 4135 ut
3383 4080 3485 4136 etsi
3516 4096 3627 4137 non
3657 4093 3883 4153 potuero

2292 4172 2387 4244 (al.
2416 4169 2633 4243 potero)
2681 4178 2876 4227 cuncta
2925 4171 3128 4236 dicere,
3180 4185 3248 4226 ex
3274 4171 3471 4240 quibus
3510 4174 3693 4229 omnis
3736 4190 3885 4231 error

2289 4262 2574 4319 hatreticus
2603 4263 2774 4333 possit
2801 4261 3042 4331 agnosci,
3074 4268 3129 4316 et
3156 4261 3369 4331 agnitus
3399 4262 3482 4317 vel
3510 4264 3766 4319 convinci
3795 4279 3882 4319 va-

2288 4357 2400 4414 leat
2425 4357 2511 4413 vel
2543 4357 2728 4424 vitari,
2764 4367 2945 4413 tamen
2967 4356 3020 4411 in
3051 4357 3269 4413 nomine
3291 4365 3455 4428 atquc
3474 4356 3747 4427 adjutorio
3771 4373 3881 4414 san-

2289 4458 2389 4506 ctae
2414 4448 2710 4515 Trinitatis,
2760 4464 2882 4519 qua:
2928 4464 3068 4504 unus
3113 4449 3261 4505 solus
3299 4464 3459 4505 verus
3486 4458 3541 4505 et
3586 4450 3766 4507 bonus
3803 4458 3881 4507 est

2358 4606 2387 4646 ιι
2409 4606 2506 4663 Ms.
2534 4607 2825 4663 Vaticanus
2851 4622 3013 4677 unus,
3030 4607 3088 4677 in
3114 4605 3219 4661 illis
3241 4605 3473 4677 partibus
3500 4606 3658 4677 ﬁdem
3691 4618 3878 4664 tenere.

2286 4679 2479 4735 Creteri
2503 4693 2691 4733 omnes
2713 4693 2841 4734 mss.
2872 4685 2928 4732 et
2954 4676 3107 4749 editi,
3130 4676 3270 4731 vero:
3295 4677 3419 4747 )idei
3450 4676 3702 4749 regulam.

2361 4761 2383 4790 ο
2414 4749 2514 4805 Ms.
2547 4749 2668 4804 Vat.
2703 4764 2861 4813 unus,
2885 4755 2943 4801 ut
2970 4748 3141 4801 nullus
3169 4756 3216 4801 te
3242 4748 3403 4817 possit
3424 4765 3607 4803 sensus
3626 4751 3879 4806 heretica

2286 4820 2873 4901 sub‘reperenpraritatis.
2903 4818 3024 4901 alii.
3049 4818 3176 4884 duo,
3207 4817 3471 4901 subripere
3498 4821 3768 4901 falsitatis.

2361 4892 2393 4971 d_
2410 4888 2507 4945 Ms.
2552 4888 2716 4945 Corb.
2737 4888 3147 4971 ivelustiss-imus
3175 4897 3231 4971 et
3258 4888 3473 4971 optima:
3500 4888 3643 4971 noue
3676 4892 3870 4971 habet:

2286 4962 2447 5017 Fides
2473 4978 2693 5033 namque
2714 4961 2954 5033 divinitus
2987 4959 3265 5033 inspirata.
3296 4959 3413 5033 ipsa
3433 4969 3519 5033 est
3561 4978 3679 5030 qua
3716 4961 3868 5017 bono-

2211 5009 2260 5071 D
2283 5009 3412 5105 ;.'.:.'.;.;;;.;-;;:.;inmanem;esse
3433 5009 3735 5088 ιῖἇιίιέιίῗυί
3749 5009 3868 5103 legi-

2285 5111 2378 5235 t“:
2401 5112 2755 5259 Ιθξιῖἷὲυάιιο,
2792 5183 2842 5228 et
2888 5174 3041 5229 (otius
3089 5172 3335 5228 humanae
3387 5173 3575 5228 salutis
3618 5174 3864 5245 judicium

2280 5255 2725 5383 “‘ﬁi’i‘ff'i'i...
2762 5315 2858 5369 hac
2884 5315 3005 5386 ﬁde.
3038 5314 3202 5371 Abest
3229 5316 3335 5387 ﬁde
3377 5330 3407 5370 τι
3446 5331 3574 5372 mss.
3617 5317 3775 5372 Corb.
3813 5325 3862 5372 et

2278 5386 2402 5441 Vat.
2434 5396 2684 5441 quatuor.

2327 5396 2402 5443 at.
2434 5396 2684 5458 quatuor.

2352 5470 2376 5507 ε
2407 5456 2567 5527 Editi,
2596 5459 2878 5529 pervenire.
2910 5456 3036 5513 Mss.
3069 5456 3323 5528 quinque,
3354 5461 3634 5529 pertinere.

2352 5531 2379 5569 ἰ
2406 5529 2577 5603 Vatic.
2598 5527 2733 5603 duo,
2766 5527 2891 5582 Tale
2911 5527 3099 5603 quippe
3136 5537 3211 5603 est
3238 5527 3363 5583 sine
3382 5547 3501 5603 vero
3542 5530 3650 5601 fide
3685 5546 3853 5603 querna

2278 5617 2433 5685 quam
2460 5597 2742 5685 uellenbeo,
2779 5608 2885 5655 etc.
2924 5597 3111 5655 'Vatic.
3150 5599 3306 5667 alter,
3353 5603 3397 5655 si
3442 5597 3557 5656 sine
3604 5597 3722 5654 reri:
3760 5600 3855 5670 [ide

2279 5672 2488 5744 quisque
2515 5672 2651 5725 velit.

2345 5742 2374 5788 ὅ
2409 5743 2499 5797 Sic
2528 5757 2627 5796 ms.
2648 5740 2816 5798 Vatic.
2849 5757 3003 5796 unus.
3030 5740 3156 5797 Mss.
3182 5741 3273 5797 alii
3292 5750 3350 5798 et
3364 5741 3588 5808 edd.,ut
3610 5759 3642 5796 α
3660 5744 3849 5814 magnis

2280 5815 2364 5867 vix
2393 5816 2555 5899 possit
2584 5814 2809 5897 impleri.
2943 5885 2956 5899 ¹
3026 5885 3052 5899 ﬁ
3078 5883 3091 5899 ⁸
3147 5885 3163 5899 ⁸
3277 5858 3286 5866 .
3320 5885 3331 5899 .
3646 5885 3659 5899 Ι

2354 5889 2366 5935 l
2395 5883 2526 5937 Val.
2557 5900 2713 5948 unus,
2743 5885 2816 5937 sic
2845 5890 2894 5938 te
2921 5885 2985 5938 de
3015 5883 3120 5957 ﬁde
3144 5885 3363 5954 instrui,
3404 5894 3458 5938 ut
3501 5925 3516 5940 .
3536 5924 3548 5938 .
3572 5926 3586 5940 .
3623 5885 3847 5961 designao

2276 5972 2402 6014 rem.
