4046 6496
57 343 204 399 673

1385 338 1472 395 DE
1509 337 1663 396 FIDE
1718 336 1922 396 LIBER
1963 336 2165 395 UNUS.

3310 343 3416 399 671

66 460 274 524 Deus,
339 472 404 514 ea
446 443 623 516 dicam
662 459 716 514 in
745 457 938 530 quibus
965 455 1156 512 saltem
1200 468 1394 524 magna
1443 469 1509 510 ex
1556 462 1712 525 parte
1755 457 1810 518 Α
1833 454 1994 509 etiam
2023 453 2169 524 quod
2196 452 2426 509 Trinitas
2454 461 2560 520 est,
2588 453 2907 510 naturaliter
2933 469 3120 511 verum
3148 463 3262 527 est,
3289 473 3417 530 pro-

67 551 395 606 rationem
426 551 705 607 catholica:
749 549 869 604 fidei
916 557 1129 605 constet
1165 548 1282 603 sine
1310 547 1488 618 aliqua
1518 548 1720 603 erroris

69 644 356 712 caligine
385 644 672 699 contineri.
697 643 902 710 Quibus
929 641 1172 706 retentis,
1205 640 1411 711 poteris
1437 641 1600 695 etiam
1630 641 1720 695 illa

71 736 535 808 deprehendere
561 743 725 807 atque
754 735 959 805 fugere,
1011 749 1130 804 quae
1159 733 1260 788 etsi
1302 733 1354 787 in
1407 734 1510 788 hoc
1556 747 1722 802 opere

75 846 213 885 non
252 829 518 884 videntur
546 829 767 900 speciali
811 826 1177 898 disputatione
1218 825 1485 891 convinci,
1539 832 1720 879 tamen

76 936 163 975 ex
203 921 284 975 iis
319 935 440 990 qum
469 919 558 975 hic
586 919 911 988 generaliter
948 925 1111 988 atque
1140 917 1386 972 absolute
1431 925 1718 987 ponentur,

80 1021 392 1082 appareat
424 1012 516 1080 (at.
552 1009 834 1082 apparent)
866 1011 959 1065 illa
989 1024 1108 1080 quae
1153 1008 1396 1064 inﬁdeles
1425 1008 1672 1064 homines
1695 1019 1721 1046 ι

83 1105 348 1160 auribus
403 1105 594 1160 volunt
644 1105 748 1198 (at.
797 1102 1006 1173 solent)
1058 1103 1398 1163 insusurrare
1444 1100 1722 1164 ﬁdelium,

85 1215 222 1254 non
261 1198 453 1269 regula
487 1192 679 1252 divinae
707 1197 954 1255 veritatis
984 1194 1200 1260 tradita,
1231 1194 1327 1250 sed
1357 1192 1594 1263 nequitia
1624 1193 1725 1246 hu-

87 1292 265 1345 mani
293 1291 498 1345 crroris
529 1290 764 1345 inventa.

178 1384 383 1439 CAPUT
408 1401 446 1439 ι.
476 1416 548 1426 —-
567 1383 621 1438 3.
650 1384 981 1454 Quocunque
1003 1381 1166 1451 igitur
1197 1380 1316 1435 loco
1338 1377 1501 1434 fueris
1521 1376 1724 1433 consti-

95 1485 296 1545 tutus,
327 1476 473 1545 quia,
510 1476 805 1531 secundum
833 1475 1074 1546 regulam
1098 1472 1270 1529 nostri
1298 1471 1592 1527 Salvatoris
1621 1471 1725 1525 im-
1757 1493 1784 1520 ι

94 1568 276 1639 perio
311 1568 729 1638 promulgatam,
775 1568 918 1624 nosti
951 1567 1086 1624 tein
1115 1581 1223 1620 uno
1253 1563 1430 1620 Patris
1459 1563 1485 1602 δ
1520 1572 1576 1619 ει
1606 1562 1726 1618 Filii

1823 554 2009 616 pterea
2059 547 2175 616 ipse
2203 562 2364 601 verus
2393 545 2537 601 Deus
2567 545 2619 600 in
2658 546 2905 616 personis
2936 545 3171 603 Trinitas
3213 557 3314 618 est,
3362 562 3420 608 et

1823 638 1876 693 in
1903 655 2007 693 una
2036 648 2225 694 natura
2249 655 2386 697 unus
2413 648 2497 694 est
2524 649 2571 693 ο.
2601 638 2703 695 Ρει·
2731 639 2874 696 hanc
2901 641 3162 696 unitatem
3189 651 3414 700 natura-

1821 728 1929 784 lem
1961 738 2109 785 totus
2137 728 2299 786 Pater
2346 730 2398 784 in
2437 729 2575 785 Filio
2615 739 2675 785 et
2720 730 2922 802 Spiritu
2972 744 3166 790 saneto
3212 743 3314 798 est,
3366 747 3420 793 et

1827 829 1974 876 totus
2002 821 2169 876 Filius
2203 821 2255 876 in
2287 821 2446 876 Patre
2475 829 2532 876 et
2560 820 2764 892 Spiritu
2793 831 2983 880 sancto
3029 834 3134 892 est,
3171 834 3421 896 totusque

1824 914 2059 985 Spiritus
2086 923 2303 970 sanctus
2331 915 2384 970 in
2418 913 2578 970 Patre
2625 921 2682 971 et
2703 914 2840 972 Filio
2875 927 2977 973 est.
3011 917 3200 973 Nullus
3228 919 3418 975 horum

1825 1015 1978 1062 extra
2000 1006 2301 1077 quemlibet
2345 1006 2586 1077 ipsorum
2613 1015 2696 1062 est
2726 1008 2766 1081 (ι
2795 1007 2970 1076 Sent.,
3003 1010 3127 1065 dist.
3163 1010 3252 1079 i9,
3301 1028 3417 1084 cap.

1826 1096 1895 1153 Et
1923 1097 2070 1168 inde)
2103 1117 2115 1151 :
2149 1098 2272 1168 quia
2303 1112 2464 1154 nemo
2488 1099 2651 1154 alium
2680 1107 2774 1155 aut
2801 1103 3060 1172 praecedit
3093 1104 3418 1173 mternitate,

1827 1199 1923 1246 aut
1941 1191 2157 1247 excedit
2184 1191 2572 1261 magnitudine,
2597 1201 2690 1248 aut
2717 1202 2940 1264 superat
2963 1203 3253 1265 potestate.
3282 1195 3420 1263 Quia
3504 1211 3517 1234 ι

1827 1299 1931 1340 nec
1973 1283 2112 1339 Filio
2143 1299 2243 1342 nec
2281 1283 2485 1355 Spiritu
2529 1293 2738 1352 sancto,
2789 1299 3052 1357 quantum
3099 1286 3169 1342 ad
3215 1301 3420 1345 naturae

1829 1378 2024 1435 divina:
2064 1380 2326 1435 unitatem
2357 1380 2611 1450 pertinet,
2644 1387 2738 1435 aut
2769 1379 3079 1450 anterior‘,
3128 1391 3221 1438 aut
3247 1383 3422 1452 major

1831 1469 1994 1528 Pater
2019 1480 2104 1528 est
2133 1471 2381 1543 (Ibidem,
2411 1489 2530 1544 cap.
2582 1472 2734 1528 Nunc
2777 1473 3114 1544 postquam);
3157 1489 3262 1532 nec
3299 1475 3422 1532 Filii

1829 1569 2103 1624 aeternitas
2118 1576 2279 1638 atque
2300 1568 2654 1637 immensitas,
2675 1568 2825 1623 velut
2845 1569 3087 1624 anterior
3107 1577 3201 1624 aut
3227 1569 3417 1641 major,

101 1671 164 1718 et
197 1661 446 1732 Spiritus
483 1663 655 1717 sancti
693 1662 910 1717 nomine
950 1660 1313 1730 baptizatum,
1360 1657 1729 1729 principaliter
1831 1662 2063 1733 Spiritus
2110 1662 2282 1718 sancti
2331 1661 2690 1717 mternitatem
2745 1661 3274 1731 imtnensitatemque
3329 1671 3422 1718 aut

104 1762 292 1824 atque
324 1753 689 1809 indubitanter
717 1761 832 1809 toto
861 1752 1026 1809 corde
1053 1751 1250 1819 retine,
1284 1749 1502 1805 Patrem
1530 1749 1720 1814 Deum,

1832 1755 2138 1826 praecedere
2163 1763 2257 1810 aut
2275 1753 2539 1811 excedere
2561 1753 2875 1809 naturaliter
2895 1761 3095 1825 potest.
3119 1753 3271 1810 Sicut
3291 1769 3419 1824 ergo

104 1852 169 1901 et
201 1843 410 1898 Filium
442 1843 630 1909 Deum,
671 1851 726 1898 et
753 1842 1011 1914 Spiritum
1051 1849 1295 1898 sanctum
1326 1841 1514 1908 Deum,
1561 1838 1617 1894 id
1643 1847 1728 1894 est
1757 1839 1803 1900 B
1829 1861 1931 1902 nec
1959 1846 2126 1902 Filius
2154 1846 2427 1917 posterior
2445 1853 2539 1902 aut
2565 1846 2744 1902 minor
2767 1854 2850 1902 est
2876 1845 3057 1916 Patre,
3081 1847 3155 1901 ita
3179 1863 3281 1903 nec
3301 1847 3421 1919 Spi-

107 1945 377 1992 sanctam
406 1945 567 2006 atque
597 1936 919 1993 ineﬁ‘abilem
951 1936 1267 1991 Trinitatem
1298 1949 1461 1990 unum
1492 1948 1611 1989 esse
1631 1947 1727 1986 na-

111 2029 382 2086 turaliter
418 2029 606 2095 Deum,
659 2031 726 2086 de
772 2047 880 2102 quo
928 2031 982 2085 in
1027 2029 1447 2085 Deuteronomio
1488 2027 1722 2084 dicitur:

113 2121 287 2187 Audi,
323 2120 517 2190 Israel,
561 2121 816 2177 Dominus
845 2122 988 2177 Deus
1012 2134 1125 2177 tuus
1156 2122 1295 2176 Deus
1328 2122 1419 2194 (al.
1450 2120 1725 2190 Dominus)

115 2228 260 2266 unus
293 2221 372 2267 est
405 2212 580 2284 (Deut.
612 2230 684 2283 vr,
707 2213 783 2285 4).
815 2213 898 2278 Ει,
923 2213 1198 2269 Dominum
1218 2216 1377 2287 502
1396 2212 1564 2268 Deum
1586 2222 1728 2267 tuum

121 2303 401 2367 adorabis,
435 2313 484 2358 et
528 2305 606 2360 illi
633 2306 732 2360 soli
761 2305 1162 2378 servies(1bid.,
1198 2305 1307 2375 15).
1343 2305 1725 2360 Verumtamen

118 2396 256 2465 quia
283 2397 448 2452 istum
477 2413 638 2452 unum
667 2397 856 2464 Deum,
903 2399 992 2469 qui
1033 2398 1180 2453 solus
1209 2406 1292 2452 est
1319 2412 1478 2452 verus
1508 2404 1728 2450 natura-

121 2490 257 2546 liter
289 2490 461 2558 Deus,
491 2506 599 2546 non
630 2489 845 2546 Patrem
875 2491 1072 2558 solum,
1105 2506 1278 2559 neque
1307 2489 1499 2544 Filium
1529 2491 1724 2555 solum,

121 2595 308 2650 neque
337 2581 508 2637 solum
538 2582 795 2651 Spiritum
831 2590 1094 2646 sanctum,
1128 2581 1223 2635 sed
1243 2581 1402 2635 simul
1431 2579 1648 2635 Patrem
1669 2588 1726 2634 et

125 2672 334 2729 Filium
385 2681 442 2728 et
487 2671 745 2742 Spiritum
791 2682 1034 2728 sanctum
1077 2687 1198 2727 esse
1239 2672 1489 2735 diximus,
1533 2685 1727 2726 caven-

125 2765 260 2821 dum
292 2773 375 2822 est
398 2781 467 2820 ne
494 2766 634 2821 sicut
663 2765 878 2821 Patrem
909 2773 962 2820 et
991 2763 1184 2818 Filium
1230 2770 1285 2817 et
1314 2761 1570 2831 Spiritum
1600 2776 1729 2816 san-

127 2866 278 2915 ctum
304 2873 467 2914 unum
483 2857 651 2914 Deum
683 2874 823 2927 esse,
840 2866 1099 2928 quantum
1124 2856 1190 2910 ad
1214 2855 1512 2918 naturalem
1535 2855 1730 2910 attinet

130 2951 397 3007 unitatem
424 2963 469 3016 ο,
497 2952 763 3007 veraciter
789 2951 1044 3016 dicimus,
1077 2951 1155 3005 sic
1175 2964 1298 3004 eum
1320 2949 1410 3018 qui
1441 2947 1602 3003 Pater
1622 2955 1726 3015 est,

127 3047 382 3103 eumdem
417 3047 501 3103 vel
529 3046 742 3110 Filium,
778 3046 862 3101 vel
891 3045 1150 3116 Spiritum
1180 3052 1459 3108 sanctum;
1488 3051 1581 3096 aut
1602 3058 1725 3098 eum

133 3137 228 3208 qui
259 3137 422 3194 Filius
467 3147 571 3206 est,
620 3138 734 3192 sive
757 3136 990 3201 Patrem,
1023 3135 1137 3190 sive
1159 3133 1420 3204 Spiritum
1446 3141 1721 3198 sanctum;

1831 1939 1968 1993 ritus
2001 1945 2220 1994 sanctus
2265 1938 2537 2008 posterior
2577 1948 2670 1992 aut
2716 1938 2896 1993 minor
2925 1947 3008 1994 est
3048 1938 3205 1995 Filio.
3238 1939 3422 1996 {Etet-

1829 2048 1959 2087 num
1988 2032 2187 2103 quippe
2215 2038 2270 2085 et
2298 2031 2416 2086 sine
2444 2031 2596 2087 initio
2626 2038 2728 2096 est,
2773 2030 2919 2102 quod
2947 2031 3113 2088 Filius
3142 2032 3211 2088 de
3247 2032 3422 2090 Patris

1830 2135 2022 2182 natura
2053 2133 2214 2189 natus
2255 2124 2466 2180 exstitit
2491 2134 2546 2188 H;
2597 2133 2653 2180 et
2697 2133 2960 2180 aeternum
3008 2140 3072 2181 ac
3121 2125 3238 2180 sine
3268 2126 3421 2182 initio

1831 2227 1934 2283 est,
1964 2217 2108 2288 quod
2136 2217 2371 2287 Spiritus
2413 2225 2632 2272 sanctus
2676 2215 2745 2272 de
2775 2225 2966 2272 natura
2993 2217 3168 2272 Patris
3195 2217 3424 2289 Filiiduc

1829 2308 2093 2381 procedit.
2119 2305 2200 2362 Ob
2228 2307 2333 2362 hoc
2360 2320 2488 2376 ergo
2545 2315 2654 2362 tres
2703 2323 2867 2363 unum
2891 2316 3044 2365 recte
3071 2309 3341 2366 credimus
3369 2318 3424 2366 et

1830 2401 2054 2456 dicimus
2099 2400 2290 2462 Deum,
2319 2399 2464 2468 'quia
2503 2414 2609 2454 una
2657 2414 2879 2470 prorsus
2920 2400 3078 2473 503
3123 2403 3422 2470 mteruitas,

1831 2508 1936 2546 una
1967 2492 2316 2557 immensitas,
2350 2506 2456 2546 una
2486 2490 2806 2548 naturaliter
2835 2491 2998 2548 trium
3040 2501 3124 2549 est
3164 2493 3420 2550 divinitas

1830 2600 2207 2656 personarum.
2853 2650 2874 2656 _
3429 2628 3436 2636 .

1905 2674 1957 2731 5.
1992 2674 2296 2736 Teneamus
2323 2675 2487 2744 igitur
2514 2676 2728 2732 Patrem
2767 2684 2821 2731 et
2850 2650 3041 2731 Filium
3083 2686 3139 2733 et
3164 2678 3424 2749 Spiritum

1831 2776 2078 2823 sanctum
2127 2783 2292 2822 unum
2337 2782 2456 2822 esse
2504 2768 2825 2823 naturaliter
2864 2767 3066 2837 Deum;
3111 2787 3287 2841 neque
3339 2782 3422 2827 ta-

1831 2874 1955 2914 men
1989 2859 2162 2930 ipsum
2193 2859 2408 2915 Patrem
2439 2874 2560 2914 esse
2585 2861 2677 2928 qui
2703 2859 2870 2916 Filius
2890 2869 2993 2928 est,
3024 2876 3199 2931 neque
3228 2863 3422 2920 Filium

1831 2953 2006 3022 ipsum
2054 2965 2174 3006 esse
2221 2951 2311 3021 qui
2363 2949 2522 3006 Pater
2563 2958 2667 3017 est,
2726 2967 2828 3006 nec
2869 2951 3128 3023 Spiritum
3175 2965 3421 3011 sanctum

1831 3042 2007 3114 ipsum
2034 3059 2156 3099 esse
2183 3044 2277 3113 qui
2304 3042 2468 3099 Pater
2508 3051 2602 3098 aut
2630 3042 2794 3098 Filius
2816 3051 2899 3099 est
2927 3044 2965 3115 (ι
2997 3045 3169 3108 Sent.,
3211 3049 3333 3102 dist.
3366 3047 3420 3114 ‘2,

1830 3154 1947 3207 cep.
1978 3135 2177 3192 Oinnes
2205 3145 2385 3192 autem
2426 3137 2722 3208 catholici).
2778 3136 2894 3192 Una
2941 3141 3082 3194 enim
3124 3149 3209 3195 est
3249 3139 3426 3199 Patris

136 3242 230 3288 aut
257 3251 378 3290 emn
426 3234 517 3303 qui
547 3233 780 3304 Spiritus
807 3239 1028 3288 sanctus
1056 3229 1276 3301 pmprie
1305 3228 1358 3282 in
1387 3227 1728 3283 confessione
1755 3227 1802 3290 C
1831 3238 1888 3284 et
1917 3227 2039 3282 Filii
2062 3234 2119 3283 et
2131 3227 2363 3298 Spiritus
2385 3227 2560 3284 sancti
2586 3229 2841 3293 essentia,
2869 3245 3031 3299 quam
3048 3227 3221 3286 Grarci
3245 3235 3424 3289 οὐσίαν

135 3327 293 3396 huius
321 3325 598 3382 Trinitatis
627 3326 821 3383 dicitur
867 3325 953 3380 vel
1005 3323 1219 3379 Patrem
1251 3322 1335 3378 vel
1376 3321 1568 3378 Filium
1600 3337 1723 3392 per-

135 3417 394 3488 sonaliter
415 3417 596 3473 dicere
622 3417 736 3474 sive
762 3415 1003 3482 credere,
1035 3414 1177 3486 quod
1202 3413 1425 3469 omnino
1447 3413 1598 3470 nefas
1619 3421 1722 3480 est,

139 3509 447 3564 audeamus.

208 3599 261 3653 4.
299 3599 457 3653 Fides
486 3599 628 3654 enim
654 3613 816 3668 quam
857 3595 1027 3652 sancti
1065 3595 1387 3667 patriarcha:
1411 3603 1574 3666 atque
1601 3610 1729 3666 pro-

140 3694 315 3765 pheta:
359 3700 484 3748 ante
531 3692 956 3748 incarnationem
997 3690 1119 3745 Filii
1142 3689 1237 3744 Dei
1279 3689 1533 3744 divinitus
1563 3705 1724 3745 acce-

141 3791 350 3855 perunt,
383 3798 543 3853 quam
587 3782 751 3838 etiam
780 3781 953 3836 sancti
995 3779 1227 3850 apostoli
1256 3779 1322 3834 ab
1349 3779 1466 3850 ipso
1495 3779 1724 3835 Domino

145 3879 198 3933 in
233 3893 389 3933 carne
418 3876 597 3948 posito
627 3875 930 3941 audierunt,
973 3881 1046 3939 et,
1079 3872 1310 3943 Spiritus
1351 3872 1525 3927 sancti
1554 3871 1726 3940 magi-

145 3972 301 4029 sterio
331 3970 598 4034 instructi,
644 3985 750 4025 non
781 3968 955 4023 solum
983 3981 1235 4022 sermone
1277 3964 1725 4036 praedicaverunt,

144 4080 320 4121 verum
347 4065 512 4119 etiam
541 4062 608 4117 ad
635 4047 1044 4116 instructionem
1087 4058 1500 4115 saluberrimam
1542 4065 1725 4128 poste-

145 4174 315 4216 rorum
343 4157 557 4227 scriptis
585 4155 698 4211 suis
726 4154 948 4209 inditam
978 4151 1332 4222 reliquerunt,
1365 4161 1531 4204 unum
1551 4147 1728 4204 Deum

146 4249 386 4322 praedicat
415 4247 754 4312 Trinitatem,
788 4245 838 4299 id
867 4252 952 4299 est
981 4241 1195 4297 Patrem
1219 4249 1273 4296 et
1302 4239 1496 4294 Filium
1525 4247 1582 4294 et
1608 4237 1729 4310 Spi-

147 4341 295 4397 ritum
321 4346 584 4394 sanctum.
616 4335 723 4391 Sed
754 4334 988 4389 Trinitas
1027 4347 1154 4387 vera
1184 4347 1295 4386 non
1339 4338 1500 4396 esset,
1545 4329 1590 4385 si
1619 4344 1726 4384 una

150 4430 427 4500 eademque
463 4442 695 4500 persona
727 4427 997 4482 diceretur
1022 4423 1182 4481 Pater
1203 4432 1258 4480 et
1286 4422 1452 4479 Filius
1479 4431 1535 4478 et
1560 4421 1730 4494 Spiri-

152 4531 230 4577 tus
254 4529 483 4576 sanctus.
524 4520 583 4575 Si
612 4520 755 4575 enim
781 4519 922 4575 sicut
964 4526 1049 4573 est
1077 4517 1258 4573 Patris
1287 4527 1343 4573 et
1367 4517 1487 4573 Filii
1517 4525 1574 4572 et
1602 4516 1726 4588 Spi-

1829 3325 2046 3383 vocant,
2074 3318 2128 3373 in
2157 3333 2264 3388 qua
2296 3333 2403 3374 non
2426 3327 2509 3376 est
2536 3318 2680 3374 aliud
2710 3317 2889 3386 Pater,
2919 3330 2975 3376 et
2996 3321 3139 3376 aliud
3164 3321 3349 3393 Filius,
3372 3333 3429 3381 et

1829 3412 1975 3468 aliud
2004 3411 2238 3484 Spiritus
2265 3420 2507 3482 sanctus,
2536 3413 2782 3482 quamvis
2810 3415 3168 3485 personaliter
3195 3417 3265 3471 sit
3289 3417 3427 3474 alius

1829 3504 2010 3572 Pater,
2042 3506 2180 3562 alius
2203 3505 2390 3570 Filius,
2417 3507 2554 3562 alius
2567 3507 2800 3578 Spiritus
2822 3517 3060 3566 sanctus.
3089 3511 3241 3577 Quod
3270 3513 3425 3570 nobis

1829 3600 2064 3654 maxime
2091 3601 2147 3655 in
2176 3600 2294 3670 ipso
2321 3608 2630 3656 sanctarum
2658 3599 3058 3672 Scripturarum
3087 3603 3426 3660 demonstra-

1828 3695 1919 3743 tur
1961 3689 2136 3756 initio,
2185 3690 2277 3744 ubi
2324 3690 2467 3744 Deus
2511 3690 2686 3746 dicit:
2721 3689 3004 3746 Faciamus
3052 3694 3308 3749 hominem
3355 3699 3426 3752 ad

1828 3769 2106 3852 imaginem
2156 3788 2205 3835 et
2253 3782 2641 3836 similitudinem
2681 3792 2918 3837 nostram
2963 3782 3174 3855 (Cenes.
3221 3803 3256 3852 l,
3309 3787 3420 3860 26).

1828 3868 1965 3926 Cum
1994 3871 2140 3927 enim
2167 3870 2423 3940 singulari
2447 3887 2678 3928 nurnero
2708 3872 2838 3928 dicit
2865 3875 3166 3945 imaginem,
3190 3877 3425 3932 ostendit

1828 3978 1992 4018 unam
2017 3972 2264 4018 naturam
2291 3978 2431 4030 esse,
2457 3963 2524 4018 ad
2549 3964 2702 4032 cujus
2731 3965 3020 4033 imaginem
3050 3965 3214 4022 homo
3245 3967 3419 4025 ﬁeret.

1829 4053 1964 4109 Cum
1990 4069 2123 4110 vero
2151 4054 2280 4110 dicit
2298 4055 2599 4125 pluraliter,
2626 4065 2876 4121 nostram,
2907 4057 3144 4112 ostendit
3167 4059 3418 4116 eumdem

1829 4142 2022 4213 Deum,
2050 4144 2118 4200 ad
2156 4144 2310 4215 cujus
2357 4145 2644 4215 imaginem
2674 4147 2838 4202 homo
2883 4147 3064 4214 ﬁebat,
3117 4130 3418 4207 nonunam

1832 4252 1954 4293 esse
1982 4253 2298 4308 personam.
2341 4238 2399 4292 Si
2439 4238 2583 4294 enim
2625 4239 2679 4293 in
2711 4238 2797 4293 illa
2825 4255 2930 4294 una
2973 4247 3164 4296 natura
3197 4240 3220 4278 δ
3253 4242 3426 4301 Patris

1832 4339 1888 4387 et
1915 4329 2035 4386 Filii
2063 4338 2118 4386 et
2148 4330 2382 4401 Spiritus
2402 4332 2572 4386 sancti
2605 4347 2708 4387 una
2734 4341 2881 4388 esset
2919 4348 3170 4404 persona,
3212 4351 3318 4391 non
3343 4335 3425 4392 di-

1831 4432 2067 4491 ceretur,
2116 4423 2186 4477 ad
2225 4424 2504 4495 imaginem
2536 4434 2799 4492 nostram,
2850 4423 2978 4492 sed,
3027 4425 3094 4481 ad
3136 4426 3423 4496 imaginem

1831 4530 2038 4580 meam;
2086 4530 2186 4570 nec
2217 4515 2441 4570 dixisset
2471 4517 2746 4587 faciamus,
2796 4515 2910 4582 sed,
2962 4513 3178 4571 faciam.
3211 4515 3266 4571 Si
3297 4532 3425 4573 vero

151 4613 274 4671 ritus
297 4612 464 4668 sancti
495 4626 600 4667 una
647 4609 965 4673 substantia,
1022 4609 1100 4664 sic
1129 4616 1275 4665 esset
1317 4624 1423 4664 una
1470 4623 1727 4679 persona,
1759 4603 1890 4679 Din
1916 4604 2020 4659 illis
2048 4604 2218 4659 tribus
2254 4604 2502 4674 personis
2549 4613 2662 4660 tres
2706 4613 2887 4660 essent
2934 4604 3292 4674 intelligenda:
3339 4607 3425 4662 vel

157 4707 278 4765 nihil
315 4706 533 4761 omnino
564 4712 708 4760 esset
734 4703 788 4757 in
831 4717 939 4771 quo
965 4701 1230 4757 veraciter
1257 4701 1490 4756 Trinitas
1519 4701 1727 4758 dicere-

161 4811 254 4856 tur.
284 4801 482 4856 Rursus
512 4798 749 4854 Trinitas
791 4795 1008 4866 quidem
1048 4811 1175 4850 vera
1204 4803 1351 4850 esset
1379 4791 1427 4859 ἀ,
1468 4795 1565 4850 sed
1590 4811 1728 4852 unus

157 4892 282 4948 Deus
308 4891 536 4947 Trinitas
565 4891 678 4960 ipsa
701 4904 808 4943 non
831 4895 995 4953 esset,
1027 4887 1073 4942 si
1095 4885 1546 4956 quemadmodum
1566 4886 1728 4944 Pater

157 4993 206 5040 et
228 4985 378 5040 Filius
406 4992 462 5040 et
480 4983 711 5054 Spiritus
739 4989 957 5041 sanctus
996 4994 1349 5050 personarum
1376 4988 1503 5036 sunt
1543 4980 1612 5036 ab
1643 4981 1724 5036 in-

157 5076 311 5134 vicem
336 5076 666 5148 proprietate
712 5072 977 5136 distincti,
1026 5071 1104 5127 sic
1155 5069 1379 5126 fuissent
1409 5078 1723 5128 naturarum

160 5183 350 5239 quoque
373 5169 686 5225 diversitate
711 5165 948 5223 discreti.
977 5163 1081 5221 Sed
1105 5164 1230 5235 quia
1261 5163 1314 5218 in
1340 5163 1434 5218 illo
1462 5179 1570 5219 uno
1591 5180 1724 5220 vero

161 5257 258 5315 Deo
284 5257 558 5324 Trinitate,
605 5273 715 5314 non
757 5257 932 5314 solum
961 5255 1105 5328 quod
1144 5245 1283 5310 unus
1311 5253 1452 5311 Deus
1480 5263 1582 5324 est,
1626 5255 1724 5312 sed

123 5433 131 5461 ι

227 5494 250 5524 ³
272 5483 360 5542 Ms.
391 5499 530 5541 unus
554 5482 704 5540 addit
730 5490 778 5538 et
799 5484 1074 5539 increduli.

228 5555 251 5595 δ
274 5555 388 5612 Mss.
417 5557 544 5621 duo,
576 5557 632 5610 in
661 5556 869 5611 nomine
892 5553 1092 5624 Patris,
1125 5564 1230 5613 etc.

232 5637 251 5666 ε
274 5626 359 5683 Ms.
390 5626 575 5692 Corb.,
607 5628 888 5680 veritatem.

229 5696 250 5736 (ι
273 5696 387 5753 Mss.
416 5698 522 5754 duo
550 5697 706 5753 aliter
737 5698 852 5752 haec
879 5697 1099 5761 habent,
1123 5697 1320 5758 Rursus
1351 5732 1372 5753 Δ
1393 5701 1578 5754 rmitas
1603 5711 1724 5750 vera

172 5787 258 5827 non
279 5780 419 5835 esset,
451 5771 494 5824 si
533 5785 663 5823 unus
689 5768 831 5824 Deus
863 5767 1086 5824 Trinitas
1115 5772 1230 5835 ipsa
1273 5786 1377 5827 non
1419 5776 1589 5833 esset;
1635 5767 1725 5820 sed

175 5792 258 5827 non
279 5792 419 5835 εδιει,
451 5792 494 5824 δι
533 5792 663 5823 unus
689 5792 831 5824 usus
865 5792 1086 5824 ιτιηιιασ
1115 5792 1130 5826 Ι
1170 5795 1230 5835 δα
1273 5792 1377 5827 non
1419 5792 1588 5833 esset;
1635 5792 1722 5820 seu

175 5840 606 5968 zumadtmodum,
654 5849 752 5897 etc.
814 5837 962 5896 Unus
1008 5855 1074 5898 ex
1126 5792 1234 5921 εἰς,
1288 5850 1346 5899 ut
1390 5837 1724 5921 quemadmo-

209 5929 294 5968 ttm.
323 5927 350 5968 ε
379 5928 425 5968 c.
1341 5957 1350 5966 .

209 5919 425 5978 nancte.
1221 5917 1228 5921 ⁷
1341 5917 1410 5966 .’

1834 4695 2119 4750 credenda:
2157 4695 2487 4759 substantiae,
2537 4709 2644 4749 non
2696 4694 2990 4759 diceretur,
3035 4697 3106 4750 ad
3147 4699 3426 4769 imaginem

1835 4799 2086 4855 nostram,
2119 4787 2237 4857 sed,
2267 4787 2334 4843 ad
2365 4788 2625 4858 imagines
2653 4797 2870 4845 nostras
2899 4808 2911 4843 :
2943 4806 3046 4845 una
3075 4791 3218 4846 enim
3248 4791 3425 4860 imago

1835 4879 1997 4933 trium
2038 4886 2348 4932 naturarum
2396 4877 2738 4948 inrequalium
2770 4894 2890 4935 esse
2930 4895 3039 4936 non
3083 4890 3286 4952 posset.
3318 4881 3426 4939 Sed

1835 4969 1964 5024 dum
1987 4968 2054 5023 ad
2083 4983 2246 5023 unam
2270 4968 2556 5037 imaginem
2583 4970 2744 5026 unius
2773 4971 2868 5027 Dei
2909 4972 3075 5029 homo
3097 4973 3270 5031 factus
3294 4973 3427 5030 dici-

1838 5071 1942 5130 tur,
1974 5077 2079 5118 una
2109 5070 2307 5118 sancta:
2332 5060 2616 5119 Trinitatis
2640 5065 3005 5122 essentialiter
3025 5067 3275 5122 divinitas
3296 5067 3425 5122 inti-

1827 5167 2023 5214 matur.
2075 5157 2279 5213 Deinde
2326 5157 2422 5230 (at.
2449 5158 2714 5231 Denique)
2745 5169 2802 5216 et
2843 5161 3004 5231 paulo
3046 5170 3170 5231 post
3217 5175 3317 5231 pro
3355 5174 3423 5215 eo

1825 5251 1970 5324 quod
2000 5251 2141 5308 Deus
2169 5251 2415 5322 superius
2455 5253 2667 5308 dixerat
2700 5271 2712 5308 :
2749 5252 3030 5308 Faciamus
3060 5254 3320 5308 hominem
3359 5251 3427 5305 ad
3477 5293 3484 5297 .

1910 5490 1931 5517 ο
1965 5480 2062 5535 Ms.
2097 5477 2290 5544 Corb.,
2326 5476 2558 5531 Trinitas
2587 5486 2682 5542 est,
2707 5477 2762 5530 in
2794 5486 2984 5531 natura
3005 5493 3136 5533 unus
3166 5489 3260 5532 est.

1914 5550 1931 5589 ί
1961 5551 2058 5607 Ms.
2092 5549 2262 5603 Vatic.
2298 5563 2456 5614 unus,
2482 5545 2642 5599 Haud
2672 5548 2802 5601 mim
2825 5548 2995 5619 major
3025 5548 3300 5613 estPater,
3333 5567 3426 5605 nec

1837 5621 1997 5691 Filio,
2029 5639 2121 5676 nec
2147 5620 2349 5689 Spiritu
2379 5625 2580 5679 sancto,
2630 5627 2878 5689 quantum
2908 5620 2976 5672 ad
3012 5629 3212 5675 natura'
3236 5621 3424 5678 divina!

1833 5696 2081 5748 unitatem
2105 5693 2343 5762 pertinet,
2375 5698 2463 5762 aut
2489 5691 2739 5762 anterior:

1910 5775 1932 5810 ε
1961 5759 2233 5825 Μεδζδεκ,
2285 5769 2340 5814 ει
2382 5759 2633 5826 Magister
2665 5777 2679 5814 ι
2710 5759 2862 5815 Sent.
2903 5762 3028 5821 dist.
3072 5763 3158 5828 l9,
3206 5765 3423 5823 exstitit.

1837 5835 1996 5895 Editi,
2027 5843 2081 5888 et
2108 5833 2258 5900 Angl.
2294 5848 2420 5896 ms.,
2453 5831 2645 5885 existit.

1911 5905 1936 5946 ιι
1969 5905 2064 5963 Ms.
2095 5903 2286 5970 Corb.,
2318 5903 2372 5958 in
2403 5902 2496 5959 illa
2523 5919 2630 5957 una
2655 5906 2896 5964 essentia.
