4046 6500
597 363 701 424 675
927 373 944 382 “
1626 349 1684 407 S.
1725 343 2088 405 FULGENTH
2129 339 2434 400 EPISCOPI
2476 337 2854 396 BUSPENSIS
3798 331 3904 388 ωδ

597 483 878 556 imaginem
905 486 954 535 et
980 472 1370 533 similitudinem
1397 478 1651 534 nostram,
1696 466 1775 522 sic
1801 464 2078 520 hominem
2101 461 2182 516 fa-
2209 465 2262 526 Α
2288 461 2456 529 ipsum
2485 456 2675 556 (ltiti,
2707 455 2819 526 l7).
2857 454 2970 556 Nec
2989 454 3190 556 beatus
3225 451 3455 510 dixisset.
3480 451 3732 509 Joannes
3755 466 3775 503 :
3803 447 3905 512 Qui

577 545 748 632 etum
775 573 1050 642 Scriptura
1096 566 1356 631 narravit,
1406 570 1466 616 ut
1509 561 1756 615 diceret:
1791 555 1856 609 Et
1901 558 2021 627 fecit
2044 554 2186 609 Deus
2289 551 2457 622 diligit
2503 547 2800 619 genitorem,
2853 546 3024 617 diligit
3069 554 3118 599 et
3159 561 3278 598 eunt
3316 545 3404 615 qui
3440 551 3598 596 natus
3627 549 3712 595 est
3743 555 3816 592 ex
3842 555 3902 591 eo

605 667 862 720 hominem
892 678 909 715 :
935 661 1004 713 ad
1031 659 1310 729 imaginem
1340 652 1438 706 Dei
1467 653 1586 722 fecit
1614 665 1727 704 eum
1756 646 1970 716 (Cenes.
1997 663 2033 711 ι,
2066 645 2180 714 27).

673 759 725 812 6.
761 757 910 811 Hanc
961 753 1278 807 Trinitatem
1318 758 1670 817 personarum
1717 749 1880 811 atque
1925 739 2186 794 unitatem

604 859 812 911 naturae
840 846 1105 919 propheta
1144 843 1308 897 Isaias
1349 837 1643 893 revelatam
1672 851 1793 891 esse
1821 833 1924 888 sibi
1965 849 2072 887 non
2105 840 2187 885 ta-

603 945 716 1000 cuit
741 953 788 1008 ⁸,
812 955 934 996 cum
955 953 1017 994 se
1037 937 1165 992 dicit
1192 931 1457 1002 Seraphin
1474 930 1672 984 vidisse
1701 926 1986 983 clamantia
2014 943 2028 978 :
2055 924 2190 979 San-

605 1044 736 1099 ctus,
767 1039 992 1093 sanctus,
1021 1037 1234 1084 canente
1261 1024 1516 1079 Dominus
1546 1021 1688 1076 Deus
1717 1018 1933 1073 sabaoth
1957 1016 2184 1089 (Ira.vt,

604 1127 682 1200 3).
738 1125 838 1181 Ubi
885 1137 1106 1194 prorsus
1143 1121 1199 1174 in
1245 1133 1312 1174 eo
1350 1116 1496 1188 quod
1524 1115 1720 1170 dicitur
1745 1113 1907 1167 tertio
1937 1111 2190 1177 Sanctus,

604 1229 956 1288 personarum
986 1211 1337 1273 Trinitatem;
1370 1209 1424 1262 in
1453 1221 1523 1262 eo
1548 1220 1678 1260 vero
1701 1203 1845 1274 quod
1874 1201 2070 1256 dicitur
2097 1215 2188 1256 se-

605 1311 712 1364 mel
739 1308 993 1363 Dominus
1021 1305 1163 1360 Deus
1189 1303 1424 1367 sabaoth,
1451 1302 1645 1356 divina:
1670 1307 1876 1355 natura
1902 1296 2190 1367 cognosci-
2237 1338 2244 1344 ,

607 1420 724 1461 mus
751 1404 1034 1458 unitatem.
1084 1400 1142 1454 ln
1191 1398 1282 1452 illa
1323 1398 1486 1465 igitur
1525 1401 1711 1450 sancta
1739 1392 2024 1456 Trinitate,
2070 1404 2193 1461 qua:

605 1497 728 1552 ideo
754 1511 784 1550 a
809 1495 962 1551 nobis
989 1492 1255 1563 repetitur
1279 1490 1334 1554 ιι,
1381 1499 1442 1543 ut
1478 1495 1659 1542 vestro
1700 1485 1852 1542 cordi
1889 1491 1912 1524 ε
1949 1483 2192 1538 tenacius

605 1588 876 1656 inligatur,
905 1600 1045 1640 unus
1073 1592 1156 1640 est
1177 1581 1340 1636 Pater
1365 1578 1416 1648 ά,
1443 1579 1534 1648 qui
1565 1578 1714 1633 solus
1739 1575 2098 1631 essentialiter
2119 1575 2194 1630 de

605 1681 783 1750 seipso
813 1693 976 1733 unum
1003 1676 1196 1730 Filium
1225 1673 1440 1744 genuit;
1495 1679 1552 1726 et
1578 1685 1714 1725 unus
1758 1667 1943 1730 Filius,
1989 1667 2082 1736 qui
2120 1666 2192 1723 de

606 1785 714 1826 uno
741 1768 901 1822 Patre
929 1766 1075 1822 solus
1102 1773 1186 1820 est
1213 1761 1574 1818 essentialiter
1603 1767 1763 1815 natus
1790 1758 1896 1828 (at.
1915 1757 2186 1826 genitus);

2289 643 2342 714 (ι
2365 643 2524 698 Joan.
2556 653 2608 706 v.
2644 641 2724 711 l);
2779 655 2878 695 nec
2904 640 3018 710 ipse
3043 638 3211 693 Filius
3247 637 3513 692 dixisset:
3553 635 3728 690 Pater
3760 650 3906 690 ω

2286 752 2444 806 usque
2473 735 2626 789 modo
2647 742 2909 805 operatur,
2937 741 2984 786 et
3006 748 3100 802 ego
3131 745 3318 800 aperor
3341 727 3520 797 (Joau.
3542 744 3600 792 v,
3634 725 3764 798 Π).
3786 725 3906 796 Ipse

2287 830 2432 885 enim
2461 829 2554 898 qui
2578 827 2745 882 Filius
2773 825 2990 888 dicitur,
3022 824 3070 879 si
3100 822 3238 878 idem
3282 829 3430 876 esset
3468 829 3524 875 et
3548 817 3748 882 Pater,
3797 832 3906 874 non

2287 920 2554 976 veraciter
2581 917 2677 973 Dei
2710 916 2879 972 Filius
2907 916 3202 980 diceretur,
3232 914 3359 984 quia
3389 928 3497 967 non
3525 911 3598 966 de
3628 910 3780 971 Deo.
3812 909 3906 966 sed

2288 1013 2356 1069 de
2383 1012 2499 1068 sola
2527 1010 2736 1080 virgine
2787 1016 3124 1066 nasceretur.
3172 1005 3253 1062 Ad
3281 1013 3585 1060 extremum
3616 1016 3763 1056 vero
3803 1015 3904 1056 nec

2288 1106 2405 1177 ipse
2452 1105 2611 1160 Pater
2651 1103 2721 1159 de
2765 1101 2905 1159 ccelo
2953 1106 3270 1166 testaretur,
3319 1105 3376 1152 et
3410 1110 3568 1150 suum
3611 1093 3899 1162 corporali

2289 1213 2426 1255 voce
2456 1195 2624 1253 ﬁlium
2648 1197 3066 1259 demonstraret,
3082 1192 3269 1249 dicens
3291 1207 3306 1244 :
3330 1188 3433 1243 Hic
3460 1186 3734 1242 estFitiu
3761 1201 3904 1238 mea:

2291 1292 2527 1358 dilectus,
2549 1291 2602 1344 in
2625 1307 2726 1362 quo
2749 1289 2875 1343 mihi
2898 1286 3024 1340 bene
3051 1284 3337 1355 complacui
3357 1280 3386 1319 ιι
3409 1279 3630 1352 (Matth.
3662 1295 3754 1344 ιιι,
3789 1278 3900 1348 Π).

2293 1383 2588 1454 Apostolus
2613 1396 2832 1451 quoque
2853 1379 3054 1434 Paulus
3086 1393 3194 1432 non
3218 1375 3446 1431 dixisset
3464 1373 3529 1429 de
3553 1373 3675 1428 Deo
3698 1370 3898 1426 Patre:

2265 1473 2398 1538 .Qui
2425 1473 2636 1545 proprio
2680 1471 2820 1526 Filio
2851 1487 2945 1526 suo
2993 1486 3099 1524 non
3133 1467 3365 1540 pepercit
3398 1464 3442 1534 ί,
3489 1465 3583 1519 sed
3622 1481 3724 1534 pro
3749 1463 3898 1517 nobis

2292 1567 2528 1622 omnibus
2557 1564 2776 1620 tradidit
2798 1564 2945 1620 illum
2977 1561 3158 1634 (Rom.
3185 1575 3300 1624 vni,
3326 1558 3444 1630 ⁸52).

2362 1660 2416 1716 8.
2448 1657 2554 1716 Sed
2582 1658 2838 1728 quoniam
2867 1657 2978 1735 ista
2991 1655 3178 1712 omnia
3195 1659 3254 1709 et
3273 1651 3532 1708 divinitus
3551 1649 3624 1704 ad
3647 1656 3898 1705 nostram

2291 1751 2597 1808 doctrinam
2620 1749 2765 1806 dicta
2807 1757 2952 1813 sunt,
3003 1754 3062 1802 et
3103 1745 3232 1816 quia
3260 1743 3444 1800 divina
3489 1741 3638 1798 dicta
3689 1747 3822 1795 sunt
3849 1740 3902 1807 ἰ,

605 1870 662 1916 et
700 1876 840 1916 unus
867 1857 1097 1928 Spiritus
1140 1863 1378 1919 sanctus,
1426 1852 1518 1921 qui
1564 1850 1710 1906 solus
1739 1848 2096 1905 essentialiter
2124 1847 2192 1903 de
2222 1843 2270 1906 Β
2295 1844 2480 1912 utique
2525 1857 2654 1898 vera
2698 1849 2854 1908 sunt,
2904 1854 3090 1896 verum
3140 1848 3226 1915 est
3267 1836 3410 1908 quod
3463 1835 3900 1892 ﬁdescathnlica

607 1953 768 2008 Patre
794 1951 1036 2021 Filioque
1062 1947 1325 2020 procedit.
1369 1943 1484 1999 Hoc
1513 1950 1694 1998 autem
1743 1949 1917 1995 totum
1945 1955 2050 1995 una
2075 1954 2193 2010 per-

606 2060 742 2102 sona
767 2059 874 2098 non
904 2048 1109 2112 posset,
1142 2038 1196 2093 id
1224 2044 1306 2094 est
1335 2044 1390 2091 et
1409 2035 1630 2104 gignere
1657 2047 1736 2096 se,
1767 2038 1824 2087 et
1855 2031 2001 2086 nasci
2021 2030 2089 2085 de
2108 2046 2191 2098 se,

605 2145 660 2193 et
693 2133 984 2205 procedere
1011 2132 1079 2186 de
1119 2145 1200 2186 se.
1249 2129 1384 2194 Quia
1431 2127 1594 2194 igitur
1630 2122 1776 2179 aliud
1817 2131 1900 2178 est
1941 2122 2192 2199 genuisse

607 2243 769 2298 quam
796 2232 978 2280 natum
1009 2237 1150 2282 esse.
1197 2218 1452 2289 aliudque
1500 2226 1582 2273 est
1605 2215 1902 2286 procedere
1940 2215 2032 2285 (al.
2067 2229 2192 2284 pro-

606 2317 852 2387 cessisse)
877 2331 1041 2386 quam
1067 2313 1318 2383 genuisse
1343 2309 1427 2365 vel
1453 2320 1640 2363 natum
1671 2323 1809 2370 esse,
1851 2306 2192 2362 manifestum

606 2420 689 2468 est
719 2409 975 2481 quoniam
1005 2406 1142 2462 alius
1171 2411 1254 2460 est
1275 2402 1456 2468 Pater,
1483 2401 1619 2456 alius
1647 2399 1833 2464 Filius,
1865 2399 2002 2454 alius
2025 2398 2193 2469 Spiri-

607 2512 695 2560 tus
737 2511 971 2558 sanctus.
1006 2499 1240 2554 Trinitas
1280 2498 1464 2566 itaque
1509 2494 1577 2550 ad
1622 2506 1879 2564 personas
1922 2489 2094 2545 Patris
2139 2495 2196 2544 et

606 2594 727 2649 Filii
755 2601 809 2648 et
831 2592 1062 2662 Spiritus
1091 2589 1263 2645 sancti
1294 2587 1546 2650 refertur,
1581 2586 1756 2640 unitas
1787 2583 1854 2638 ad
1885 2590 2152 2637 naturam.

677 2683 805 2740 CAP.
838 2698 894 2738 ιι.
938 2680 1256 2735 Humanitas
1283 2677 1494 2732 Christi.
1539 2706 1612 2718 -—
1643 2675 1700 2730 7.
1745 2673 1897 2730 Sicut
1921 2687 2070 2742 ergo,
2106 2687 2192 2726 se-

605 2775 834 2832 cundum
899 2773 1046 2828 illam
1091 2771 1429 2826 divinitatem
1471 2783 1576 2839 qna
1633 2782 1800 2824 unum
1855 2773 1980 2821 sunt
2029 2765 2192 2819 Pater

607 2865 770 2938 5M
797 2871 850 2922 et
867 2864 1034 2920 Filius
1061 2869 1115 2919 et
1129 2861 1362 2933 Spiritus
1387 2867 1624 2924 sanctus,
1651 2874 1828 2928 neque
1849 2856 2062 2913 Patrem
2093 2872 2193 2912 na-

605 2968 718 3015 tum
741 2957 1030 3024 credimus,
1078 2969 1254 3025 neque
1289 2953 1548 3025 Spiritum
1577 2959 1842 3016 sanctum,
1872 2951 1968 3006 sed
2013 2950 2192 3005 solum

603 3050 796 3106 Filium
825 3066 838 3102 :
868 3048 947 3104 sic
983 3047 1148 3103 etiam
1191 3044 1486 3101 secundum
1535 3057 1753 3098 carnem
1783 3041 1959 3098 solmn
2001 3039 2195 3095 Filium

604 3153 790 3198 natum
821 3139 1088 3197 catholica
1119 3138 1254 3193 lides
1292 3145 1350 3192 et
1389 3134 1566 3191 credit
1588 3143 1643 3190 et
1681 3133 1961 3204 praedicat.
2005 3132 2198 3202 Neque

2291 1933 2568 2005 praedicat,
2615 1939 2672 1988 et
2697 1931 2993 1988 secundum
3021 1930 3359 1986 divinitatem
3389 1928 3456 1984 de
3485 1927 3652 1984 Patre
3706 1939 3895 1985 natum

2294 2042 2413 2082 esse
2440 2026 2614 2081 solum
2637 2024 2830 2081 Filium
2857 2032 3122 2079 aeternum
3143 2039 3264 2078 cum
3293 2021 3472 2084 Patre,
3501 2021 3894 2089 immortalem,

2293 2118 2699 2189 impassibilem,
2744 2127 2908 2187 atque
2940 2116 3435 2172 incommutabilem
3457 2115 3665 2182 Deum;
3719 2124 3775 2170 et
3810 2132 3898 2172 se-

2295 2211 2530 2266 cundum
2557 2225 2780 2284 carnem
2830 2225 2940 2264 non
2968 2207 3207 2275 Patrem,
3255 2205 3351 2262 sed
3392 2206 3734 2276 unigenitum
3784 2207 3895 2277 ejus

2295 2303 2510 2369 Filium,
2553 2302 2701 2356 salva
2727 2299 3034 2355 aeternitate
3071 2315 3167 2354 sua
3196 2298 3245 2363 κ,
3276 2299 3654 2369 temporaliter
3687 2308 3894 2364 natum,

2295 2395 2443 2450 salva
2470 2393 2897 2464 impassibilitate
2917 2407 3013 2446 sua
3038 2406 3279 2461 passum,
3303 2389 3454 2444 salva
3484 2389 3894 2446 immortalitate

2295 2502 2391 2541 sua
2422 2494 2714 2550 mortuum,
2749 2485 2900 2540 salva
2939 2483 3481 2540 incommutabilitate
3508 2499 3629 2545 sua,
3659 2500 3770 2553 qua
3801 2486 3890 2554 (ei.

2295 2582 2442 2652 quia)
2473 2581 2615 2637 Deus
2645 2595 2805 2635 verus
2832 2589 2889 2634 et
2913 2579 3023 2634 vita
3044 2586 3245 2633 (eterna
3274 2586 3377 2642 est,
3422 2577 3700 2632 veraciter
3726 2578 3894 2632 susci-

2298 2682 2489 2728 tatum.
2527 2673 2632 2740 Qui
2662 2680 2833 2727 totum
2864 2671 3029 2726 habet
3073 2684 3364 2725 commune
3391 2684 3513 2726 cum
3545 2667 3712 2723 Patre
3756 2668 3892 2738 quod

2296 2773 2532 2820 :eternus
2554 2765 2873 2820 naturaliter
2899 2763 3017 2819 sine
3046 2762 3201 2818 initio
3231 2762 3451 2828 habuit,
3481 2769 3538 2818 et
3569 2761 3708 2815 nihil
3737 2761 3894 2818 habet

2297 2875 2586 2915 commune
2615 2875 2738 2914 cum
2762 2857 2926 2913 Patre
2955 2872 3147 2912 eorum
3172 2870 3292 2926 qute
3321 2854 3374 2908 in
3403 2869 3560 2910 suam
3602 2868 3894 2924 personam

2298 2952 2668 3021 temporaliter
2711 2959 2874 3020 atque
2901 2949 3184 3004 humiliter
3213 2948 3304 3002 ille
3327 2956 3566 3004 aeternus
3592 2955 3761 3018 atque
3803 2961 3892 3001 ex-

2297 3044 2475 3101 celsus
2496 3045 2714 3114 accepit
2751 3043 2792 3097 ι.

2371 3136 2532 3207 50-5
2580 3137 2633 3190 9.
2673 3134 2881 3192 Rursus
2921 3135 2966 3190 si
2997 3150 3106 3189 non
3161 3133 3252 3188 ille
3297 3131 3391 3202 qui
3436 3130 3693 3201 proprius
3738 3137 3898 3200 atque

604 3235 748 3290 enim
794 3233 848 3288 in
895 3232 986 3288 illa
1012 3230 1272 3286 Trinitate
1309 3229 1589 3299 proprium
1628 3235 1774 3282 esset
1821 3225 1990 3282 solius
2018 3222 2195 3281 Patris
2220 3230 2266 3296 (ζ
2298 3227 2606 3295 unigenitus
2633 3225 2730 3281 Dei
2762 3223 2936 3280 Patris
2967 3223 3135 3280 Filius
3157 3231 3259 3289 est,
3283 3220 3382 3279 sed
3409 3221 3646 3292 Spiritus
3676 3230 3896 3276 sancms

605 3325 751 3396 quod
780 3340 885 3380 non
915 3333 998 3382 est
1039 3332 1195 3378 natus
1225 3322 1358 3391 ipse,
1387 3321 1481 3377 sed
1508 3336 1673 3375 unum
1705 3330 1727 3358 °
1754 3319 1947 3374 Filium
1977 3319 2191 3386 genuit;

608 3432 782 3487 neque
809 3415 1088 3486 proprium
1115 3413 1284 3469 solius
1320 3413 1460 3477 Filii,
1507 3411 1652 3482 quod
1680 3427 1789 3468 non
1830 3410 2016 3480 genuit
2057 3411 2192 3480 ipse,

609 3508 706 3566 sed
731 3507 879 3563 solus
912 3505 979 3561 de
1013 3503 1186 3560 Patris
1225 3505 1459 3560 essentia
1488 3511 1646 3559 natus
1683 3511 1794 3568 est;
1843 3517 2018 3571 neque
2065 3518 2193 3572 pro-

607 3601 786 3673 prium
806 3598 1037 3669 Spiritus
1078 3597 1272 3661 sancti,
1317 3596 1462 3666 quod
1491 3611 1593 3651 nec
1621 3603 1780 3650 natus
1806 3603 1891 3650 est
1929 3595 2065 3665 ipse,
2095 3609 2197 3652 nec

517 3701 520 3703 λ
607 3693 811 3764 genuit,
862 3691 958 3747 sed
1000 3689 1148 3748 solus
1183 3689 1250 3745 de
1279 3686 1438 3744 Patre
1480 3687 1726 3758 Filioque
1765 3686 2010 3758 procedit
2045 3686 2098 3752 f;
2149 3687 2196 3744 si

605 3783 903 3846 secundum
945 3781 1178 3838 divinam
1219 3781 1437 3851 quidem
1485 3788 1733 3836 naturam
1775 3779 1916 3836 Deus
1940 3779 2100 3836 Pater
2127 3779 2198 3838 de

605 3879 752 3935 nullo
781 3886 1096 3934 nasceretur
1124 3877 1258 3943 Deo,
1290 3874 1584 3932 secundum
1611 3889 1832 3930 carnem
1861 3881 2045 3930 tamen
2077 3872 2192 3943 ipse

605 3981 921 4029 nasceretur
947 3971 1015 4026 de
1047 3969 1144 4042 (at.
1173 3970 1265 4041 ex)
1300 3969 1526 4037 virgine.
1551 3966 1608 4023 Si
1627 3968 1779 4046 enim
1805 3965 1963 4024 Pater
1987 3967 2056 4021 de
2082 3967 2195 4021 vir-

608 4064 732 4133 gine
759 4069 1091 4127 nasceretur,
1133 4077 1238 4117 una
1265 4075 1494 4131 persona
1535 4067 1682 4116 esset
1711 4057 1872 4114 Pater
1900 4066 1957 4114 et
1985 4058 2152 4115 Filius
2179 4075 2191 4110 :

606 4159 724 4228 ipsa
753 4149 932 4212 autem
962 4171 1068 4210 una
1107 4169 1362 4226 persona,
1407 4169 1506 4224 pro
1535 4169 1604 4209 eo
1643 4153 1790 4223 quod
1831 4168 1942 4207 non
1967 4151 2036 4208 de
2061 4151 2196 4220 Deo,

608 4248 702 4306 sed
733 4255 940 4302 tantum
978 4247 1047 4302 de
1093 4246 1298 4314 virgine
1344 4251 1680 4310 nasceretur,
1727 4260 1836 4300 non
1884 4244 1980 4299 Dei
2008 4243 2194 4309 Filius,

608 4337 703 4394 sed
731 4344 939 4396 tantum
981 4337 1215 4392 hominis
1245 4335 1385 4392 ﬁlius
1433 4336 1699 4391 veraciter
1739 4336 2044 4401 diceretur;
2096 4351 2202 4392 nec

608 4431 725 4502 ipse
753 4430 848 4485 Dei
875 4429 1041 4487 Filius
1065 4429 1271 4485 diceret
1301 4439 1326 4477 δ
1361 4447 1374 4482 :
1408 4429 1497 4484 Sic
1535 4429 1670 4486 Deus
1711 4429 1893 4485 dilexit
1925 4430 2196 4497 mandunt,

2297 3328 2610 3378 nasceretur
2648 3335 2718 3375 ex
2747 3320 2977 3389 virgine,
3005 3335 3115 3376 non
3156 3319 3332 3389 ipsum
3361 3317 3554 3373 Filium
3577 3319 3674 3390 qui
3720 3315 3894 3372 factos

2295 3422 2380 3469 est
2419 3429 2487 3469 ex
2516 3413 2761 3479 muliere,
2793 3413 2968 3470 factus
3016 3413 3117 3468 sub
3157 3413 3296 3482 lege,
3348 3420 3534 3467 natum
3593 3411 3666 3467 de
3694 3410 3898 3482 Spiritu

2293 3517 2481 3563 sancto
2511 3524 2578 3562 ex
2629 3507 2796 3562 Maria
2827 3506 3068 3576 Virgine,
3111 3506 3166 3560 in
3195 3504 3444 3578 symbolo
3493 3513 3807 3573 acceptum,
3839 3513 3896 3558 et

2295 3600 2462 3657 corde
2489 3603 2556 3654 ad
2577 3599 2842 3669 justitiam
2863 3599 3131 3664 crederet,
3154 3605 3212 3655 et
3233 3613 3332 3653 ore
3355 3596 3423 3654 ad
3449 3595 3685 3651 salutem
3714 3605 3893 3652 sancta

2295 3691 2643 3748 conﬁteretur
2671 3691 2930 3746 Ecclesia.
2963 3689 3070 3746 Sed
3096 3697 3155 3746 et
3179 3689 3226 3746 si
3256 3689 3374 3760 ipse
3399 3687 3635 3759 Spiritus
3655 3694 3898 3752 sanctus,

2295 3785 2388 3854 qui
2417 3784 2591 3839 Patris
2620 3792 2676 3839 et
2698 3783 2822 3838 Filii
2849 3782 3087 3853 Spiritus
3117 3789 3221 3848 est,
3252 3780 3479 3836 formam
3507 3779 3658 3835 servi
3685 3779 3898 3849 accipe

2294 3887 2402 3946 ret,
2426 3893 2533 3934 non
2557 3877 2671 3947 ipse
2691 3877 2923 3947 Spiritus
2943 3884 3162 3932 sanctus
3181 3889 3343 3945 super
3357 3873 3593 3944 seipsum
3616 3872 3896 3930 hominem

2296 3970 2497 4027 factum
2527 3971 2580 4024 in
2610 3970 2875 4026 columba:
2922 3969 3102 4039 specie
3127 3967 3341 4024 caelitus
3369 3965 3672 4022 adveniret.

2369 4063 2458 4118 l0.
2500 4061 2660 4118 Pater
2688 4062 2851 4130 igitur
2881 4061 3028 4116 Deus
3064 4061 3132 4116 de
3161 4061 3310 4117 nullo
3330 4060 3543 4129 genitus
3568 4060 3706 4126 Deo,
3731 4061 3900 4117 semel

2297 4157 2365 4212 de
2413 4169 2510 4212 sua
2545 4162 2736 4210 natura
2765 4154 2883 4210 sine
2929 4153 3082 4210 initio
3111 4154 3298 4222 genuit
3337 4152 3533 4208 Filium
3574 4152 3748 4208 Deum
3798 4152 3900 4208 sibi

2297 4249 2560 4320 aequalem
2599 4259 2657 4312 ηι,
2688 4256 2744 4302 et
2793 4246 2983 4303 eadem
3022 4261 3130 4316 qua
3171 4246 3286 4316 ipse
3315 4245 3636 4300 naturaliter
3663 4253 3900 4304 atterens

2299 4351 2382 4396 est
2409 4339 2691 4396 divinitate
2739 4346 3090 4396 coaeternum.
3122 4337 3228 4393 Sed
3258 4335 3404 4392 idem
3442 4337 3540 4393 Dei
3572 4335 3742 4392 Filius
3773 4353 3896 4392 cum

2300 4431 2369 4485 sit
2397 4431 2539 4486 Deus
2565 4439 2800 4486 aeternus
2827 4438 2882 4484 et
2909 4444 3067 4484 verus
3096 4437 3146 4493 ιι,
3169 4437 3370 4484 etcum
3397 4427 3561 4483 Patre
3589 4428 3894 4484 secundum

605 4532 664 4577 ut
685 4520 882 4576 Filium
919 4538 1069 4577 suum
1111 4522 1430 4592 unigenitum
1476 4521 1623 4575 daret
1663 4521 1844 4591 (Joan.
1877 4537 1954 4604 ιιι,
2008 4523 2094 4590 6);
2143 4529 2204 4580 et
2301 4521 2638 4577 divinitatem
2691 4521 3008 4578 naturaliter
3050 4534 3187 4576 unus
3231 4520 3394 4589 Deus,
3441 4518 3744 4578 secundum
3796 4519 3895 4578 hoc

606 4615 801 4671 iterum
827 4634 840 4669 :
886 4613 1011 4671 Non
1038 4616 1174 4670 enim
1196 4615 1337 4668 misit
1363 4612 1502 4670 Deut
1533 4613 1730 4670 Filium
1769 4631 1917 4670 suum
1947 4616 2003 4668 in
2038 4631 2192 4669 mnn-
2227 4619 2280 4679 1)
2303 4612 2447 4684 quod
2476 4612 2605 4669 dicit
2637 4632 2649 4666 :
2676 4610 2790 4684 Ego
2819 4621 2869 4667 et
2898 4612 3060 4666 Pater
3085 4628 3244 4666 unum
3268 4627 3443 4667 smnus
3475 4609 3656 4682 (Joan.
3689 4627 3746 4673 ι,
3781 4610 3894 4680 50),

606 4709 727 4764 dum
751 4717 807 4762 ut
830 4710 1031 4780 judicet
1066 4707 1334 4774 mundum,
1368 4707 1460 4762 sed
1502 4715 1557 4761 ut
1585 4707 1810 4762 salvetur
1847 4706 2072 4761 mundus
2099 4723 2194 4777 per

679 4911 704 4941 ι
736 4901 860 4957 Mss.
893 4910 1020 4963 tres.
1053 4902 1332 4956 revelatam
1354 4899 1452 4955 sibi
1473 4903 1684 4956 notavit.

677 4973 704 5012 ιι
736 4972 902 5040 Editi,
928 4974 1172 5035 repetitur
1196 4974 1364 5026 toties.
1396 4972 1562 5027 Abest
1584 4973 1730 5027 toties
1759 4987 1789 5026 a
1813 4986 1940 5027 mss.
1974 4985 2093 5028 sex.

684 5056 706 5084 ε
739 5043 864 5098 Mss.
899 5043 1031 5109 duo,
1058 5052 1223 5096 vestro
1252 5043 1426 5106 cordi;
1455 5043 1601 5110 edd.,
1628 5051 1822 5098 nostra.

679 5115 703 5152 J
735 5114 897 5179 Editi,
930 5112 1066 5167 Deus
1091 5112 1274 5167 Pater.
1306 5113 1432 5167 Mss.
1458 5119 1568 5168 tres
1599 5116 1852 5169 omittunt
1880 5113 2041 5169 Deus.

680 5197 704 5224 ε
735 5186 831 5239 Ms.
866 5200 1024 5252 unus,
1056 5184 1146 5238 sed
1175 5185 1398 5237 unicum.

607 5327 640 5381 ά
665 5256 700 5380 ιτ
735 5256 832 5378 bis.
865 5251 1029 5310 Corb.
1070 5254 1192 5310 add.
1235 5251 1646 5310 incommutabili
1676 5257 1964 5313 wternitate
2008 5275 2194 5329 proce-

644 5345 661 5381 t
689 5369 703 5381 .
731 5341 758 5378 e
787 5344 835 5381 c.

644 5345 680 5381 ti
731 5345 835 5381 CIC.

647 5467 654 5468 ί
687 5369 826 5468 ἰδίᾳ
851 5396 1023 5468 νειῐίιξζ
1054 5412 1210 5459 unus,
1247 5395 1543 5468 etquidem
1572 5397 1767 5452 melius
1789 5413 1947 5468 quam
1980 5401 2184 5465 caeteri,

607 5467 696 5521 ubi
729 5466 923 5532 legitur
949 5484 961 5520 :
993 5465 1114 5538 Ipse
1141 5476 1314 5522 autem
1344 5464 1452 5522 ’Dei
1476 5464 1645 5523 Fiiius
1689 5464 1822 5523 dicit
1841 5472 1963 5542 quia
2000 5472 2075 5526 sic
2102 5471 2188 5526 di-

607 5537 729 5591 lexit
762 5533 917 5590 Deus.

608 5605 912 5734 du:tVatic.
941 5622 1041 5664 ms.
1073 5607 1239 5675 addit,
1284 5611 1453 5682 ipsum
1489 5613 1682 5668 audite.
1713 5609 1907 5668 Caeteri
1941 5627 2046 5668 non
2093 5612 2193 5668 ad-

686 5749 701 5827 ξ
885 5749 1018 5827 filio.
1051 5753 1260 5823 proprio
1289 5753 1429 5810 Filio
1456 5773 1559 5811 non
1588 5756 1834 5827 pepercit.

652 5825 710 5904 .l.
730 5819 818 5876 Sic
838 5821 984 5904 editi.
1019 5819 1073 5876 et
1093 5819 1220 5904 mss.
1241 5835 1502 5904 quatuor.
1543 5819 1608 5879 At
1639 5819 1756 5904 ins.
1781 5825 1966 5904 φοι-δη
1999 5838 2047 5879 et
2075 5845 2189 5900 qua:

609 5890 784 5951 divina
816 5891 957 5948 dicta
988 5902 1124 5948 sunt.
1156 5890 1286 5950 Vat:
1301 5913 1455 5966 unus,
1487 5906 1534 5952 et
1563 5897 1682 5970 quia
1705 5897 1878 5953 divina
1904 5908 2040 5954 sunt.

2305 4705 2446 4761 idem
2470 4721 2568 4776 pro
2609 4705 2766 4760 nobis
2792 4713 2876 4761 est
2901 4705 3068 4761 homo
3093 4703 3268 4761 factus
3308 4719 3471 4760 verus
3493 4710 3550 4759 et
3587 4703 3808 4776 plenus.
3842 4701 3894 4759 In

2375 4897 2400 4948 ί
2429 4908 2604 4963 Vatic.
2640 4924 2795 4972 unus,
2837 4917 2888 4962 et
2933 4908 3217 4963 secundum
3256 4923 3466 4962 carnem
3495 4923 3601 4962 non
3640 4907 3707 4961 de
3739 4905 3895 4961 Patre

2299 4981 2390 5036 sed
2420 4981 2482 5036 de
2509 4990 2674 5052 matre
2698 4981 3019 5052 unigenitum
3051 4977 3482 5052 PutrisFitium,
3511 4978 3661 5034 salua
3686 4978 3892 5044 teter-ni.

2301 5061 2406 5106 tate
2427 5069 2540 5106 sua.
2568 5051 2760 5106 Creteri
2788 5049 2972 5118 legunt
3002 5049 3362 5106 unilﬁrmiter.

2379 5121 2395 5161 ι
2429 5121 2656 5176 Additur
2688 5123 2739 5175 in
2762 5117 3081 5192 quihusdam
3105 5121 3211 5186 hic,
3244 5120 3308 5174 de
3335 5121 3552 5192 virgine,
3577 5118 3674 5192 sed
3701 5117 3891 5192 redun-

2299 5193 2431 5248 dare
2459 5192 2670 5246 videtur
2695 5211 2706 5244 :
2743 5187 2840 5246 nec
2872 5193 3066 5260 legitur
3095 5193 3145 5246 in
3188 5206 3317 5246 mss.
3345 5187 3516 5245 tribus
3551 5198 3606 5244 et
3636 5190 3765 5243 Ant.
3785 5187 3890 5260 ﬁe-

2297 5263 2546 5319 dundant
2574 5277 2789 5332 quoque
2829 5257 2996 5334 hicjn
3023 5263 3346 5334 quibusdam
3375 5262 3490 5318 h:cc
3538 5261 3727 5323 verba,
3780 5257 3894 5312 Line

2298 5335 2436 5389 enim
2465 5331 2685 5403 persona
2723 5348 2855 5387 esset
2897 5331 3059 5387 Patet:
3097 5343 3144 5387 et
3179 5332 3383 5398 Filius;
3406 5334 3541 5400 ipsa
3581 5341 3754 5403 autem
3791 5344 3888 5381 una

2299 5401 2519 5474 persona
2543 5421 2634 5474 pro
2661 5421 2720 5457 eo
2741 5405 2987 5474 quianon
3017 5405 3081 5457 de
3105 5403 3234 5471 Deo,
3265 5404 3355 5458 sed
3383 5413 3584 5457 tantum
3613 5401 3681 5455 de
3703 5403 3888 5474 virgine

2299 5471 2596 5600 uagaretur
2621 5491 2720 5528 non
2746 5471 2846 5528 Dei
2874 5471 3066 5530 Filius.
3092 5475 3300 5530 Absunt
3329 5475 3474 5530 enim
3501 5489 3532 5527 a
3562 5489 3694 5528 mss.
3724 5472 3888 5530 tribus

2300 5555 2353 5600 et
2432 5555 2509 5600 nt.

2300 5555 2353 5600 et
2384 5555 2509 5600 Ant.

2293 5688 2312 5740 Ι
2369 5627 2407 5654 ω
2434 5616 2603 5741 Ybatic.
2639 5632 2760 5682 ms.,
2795 5618 3104 5687 cowqualem
3126 5615 3245 5672 sibi.
3268 5616 3336 5672 At
3361 5615 3449 5674 alii
3481 5629 3692 5680 omnes,
3723 5629 3882 5685 (equa-

2315 5705 2393 5741 em
2413 5706 2456 5741 8t
2492 5707 2530 5741 ι.

2315 5705 2393 5743 em
2413 5705 2530 5744 8101.

2368 5769 2392 5795 η
2433 5759 2524 5814 Sic
2553 5775 2651 5813 ms.
2682 5757 2843 5814 Corb.
2871 5760 2938 5814 At
2965 5756 3140 5815 Vatic.
3176 5774 3336 5822 unus,
3361 5773 3477 5812 cum
3497 5757 3563 5813 sit
3590 5755 3686 5814 Dei
3719 5753 3878 5809 Filius

2295 5840 2512 5886 azternus
2537 5840 2584 5884 et
2605 5846 2770 5885 verus.
