4046 6578
186 377 306 437 677
1481 366 1568 426 DE
1604 363 1758 426 FIDE
1793 363 1998 424 “BER
2035 361 2238 424 UNUS.
3394 366 3499 426 678

187 510 266 552 eo
306 506 494 557 verus,
517 490 645 562 quia
669 504 859 548 veram
906 487 1073 546 habet
1095 487 1244 546 Deus
1287 485 1381 543 ille
1427 493 1456 523 ⁸
1505 484 1804 542 humanam
1835 487 1882 546 Α
1907 480 2058 542 idem
2083 481 2311 554 quippe,
2334 478 2478 538 sicut
2499 480 2634 536 dicit
2651 481 2966 551 Apostolus,
3013 491 3247 544 mortuus
3266 496 3346 545 est
3377 489 3400 528 ιι
3431 507 3499 548 οε

191 593 486 651 naturam;
511 583 566 641 in
607 597 674 639 eo
695 597 825 638 vero
846 580 1062 652 plenus,
1091 578 1218 649 quia
1259 585 1316 634 et
1360 590 1582 632 carnem
1612 573 1806 629 huma-
1905 572 2239 645 inﬁrmitate,
2266 576 2358 630 sea'
2381 573 2502 630 vivit
2529 592 2595 630 ea:
2619 576 2804 630 virtute
2835 575 2932 632 Dei
2959 577 3060 646 (II
3087 580 3208 638 Cor.
3242 600 3356 652 xm,
3384 587 3455 659 4)
3481 605 3498 642 :

194 695 332 734 nam
383 676 640 748 suscepit,
695 685 751 732 et
779 674 1016 730 animam
1070 672 1414 727 rationalem.
1445 669 1593 724 Idem
1620 676 1806 724 tamen

194 769 526 840 Unigenitus
549 753 692 824 Deus
730 765 970 823 secundo
999 763 1028 803 δ
1059 773 1217 820 natus
1245 771 1350 830 est,
1399 760 1568 818 semel
1601 776 1667 817 ex
1699 759 1804 814 Pa-

196 871 311 926 tre,
336 859 503 915 semel
540 874 608 915 ex.
647 866 819 914 matre
861 875 874 911 :
915 864 1076 912 natus
1105 862 1191 910 est
1221 853 1366 910 enim
1390 851 1457 906 de
1481 850 1642 905 Patre
1665 849 1808 905 Deus

197 951 465 1015 Verbum,
498 958 656 1005 natus
684 957 769 1005 est
796 947 863 1004 de
885 955 1059 1002 matre
1079 945 1318 1000 Verbum
1356 957 1485 998 caro
1510 939 1732 996 factum.

280 1041 370 1095 11.
415 1038 564 1096 Unus
620 1040 782 1110 igitur
830 1047 913 1094 est
960 1042 1127 1106 atque
1163 1034 1308 1091 idem
1338 1034 1480 1089 Deus
1515 1031 1610 1088 Dei
1641 1030 1808 1090 Filius

202 1142 371 1190 natus
397 1142 522 1188 ante
569 1132 784 1194 saecula,
833 1139 889 1185 et
928 1137 1084 1185 natus
1111 1129 1166 1182 in
1205 1126 1444 1191 smculo;
1476 1133 1533 1180 et
1577 1132 1809 1191 utraque

201 1226 465 1282 nativitas
493 1226 654 1281 unius
683 1232 766 1280 est
789 1223 908 1278 Filii
935 1223 1030 1278 Dei
1057 1245 1068 1274 ;
1093 1221 1296 1283 divina,
1327 1217 1622 1274 secundum
1646 1230 1808 1286 quam

204 1328 432 1374 creator
453 1318 508 1372 in
539 1315 712 1373 forma
756 1315 847 1370 Dei
879 1322 1181 1370 coaeternus
1213 1309 1359 1365 Patri
1389 1310 1529 1365 Deus
1557 1315 1674 1374 est;
1707 1307 1809 1362 hu-

204 1426 394 1477 mana,
443 1408 737 1465 secundum
785 1422 947 1478 quam
1001 1405 1353 1476 semetipsum
1385 1402 1724 1466 exinanicns,
1757 1407 1815 1456 et

207 1504 444 1559 formam
467 1503 611 1559 servi
636 1501 927 1572 accipiens,
963 1515 1071 1554 non
1101 1497 1277 1554 solum
1308 1497 1361 1551 i-i
1391 1502 1659 1565 conceptu
1689 1509 1809 1550 ma-

207 1599 353 1652 terni
379 1597 517 1653 uteri
539 1595 912 1666 semetipsum,
941 1593 1068 1648 dum
1093 1592 1260 1647 homo
1290 1590 1463 1652 tieret,
1488 1587 1681 1644 eadem
1701 1603 1818 1643 scr-

207 1689 334 1745 vilis
381 1685 567 1744 forma:
595 1690 938 1758 susceptione
986 1686 1275 1750 formavit,
1329 1699 1516 1740 verum
1557 1683 1721 1738 etiam
1749 1681 1818 1737 de

209 1778 408 1834 eodem
439 1779 627 1834 matris
649 1788 805 1835 utero
837 1790 860 1819 ο
896 1779 1038 1835 idem
1069 1777 1213 1834 Deus
1241 1777 1405 1833 homo
1434 1774 1608 1832 factus
1629 1774 1816 1842 exivit,

1908 680 2048 721 unus
2089 675 2253 736 atque
2288 667 2456 736 idem,
2483 667 2576 739 qui
2623 668 2918 725 secundum
2967 673 3308 742 prophetiam
3358 678 3503 736 beati

1909 757 2078 814 David
2112 755 2156 824 ι,
2186 768 2236 814 et
2282 759 2435 814 homo
2461 762 2628 831 factus
2666 768 2743 816 est
2775 762 2828 816 in
2857 761 3010 829 Sion,
3040 773 3092 818 et
3127 765 3238 836 ipse
3267 769 3506 837 fundauit

1908 868 2026 908 eam
2044 851 2343 907 Altissimus
2374 849 2548 923 (Psal.
2583 869 2803 917 Lxxxvr,
2831 853 2907 927 5).

1984 943 2074 1000 14.
2111 942 2300 1015 itaque
2321 959 2423 1002 nec
2448 945 2699 1003 divinitas
2717 946 2914 1004 Christi
2942 949 3118 1005 aliena
3147 960 3231 1008 est
3252 967 3282 1008 a
3311 962 3506 1011 natura

1913 1031 2112 1100 Patris,
2137 1033 2433 1090 secundum
2460 1033 2512 1089 id
2542 1037 2688 1105 quod
2734 1038 2790 1092 in
2821 1039 3080 1110 principio
3113 1054 3226 1097 erat
3265 1043 3506 1113 Verbum,

1912 1136 1962 1180 et
1998 1124 2223 1182 Verbum
2238 1137 2352 1182 erat
2379 1128 2517 1200 apud
2537 1127 2722 1196 Deunt,
2745 1140 2794 1184 et
2816 1129 2956 1186 Deus
2978 1144 3091 1186 erat
3123 1133 3358 1191 Verbum.
3393 1137 3511 1194 Hoc

1914 1221 2107 1274 eratin
2137 1221 2393 1291 principio
2421 1220 2563 1291 apud
2608 1219 2795 1276 Deum.
2831 1218 3022 1277 Omnia
3059 1241 3150 1294 per
3177 1226 3346 1296 ipsum
3370 1230 3513 1300 facta

1914 1321 2056 1382 sunt,
2087 1323 2137 1368 et
2166 1315 2278 1368 sine
2305 1314 2418 1385 ipso
2467 1316 2662 1385 factum
2696 1324 2773 1368 est
2797 1315 2928 1368 nihil
2978 1315 3177 1388 (Joan.
3209 1334 3246 1383 r,
3273 1319 3295 1372 1
3321 1320 3379 1388 );
3412 1336 3514 1378 nec

1915 1406 2228 1462 humanitas
2254 1405 2372 1476 ejus
2400 1406 2578 1462 aliena
2595 1413 2679 1462 est
2699 1421 2730 1460 a
2760 1413 2952 1462 natura
2981 1409 3192 1473 matris,
3216 1411 3515 1468 secundum

1917 1497 1972 1552 id
1999 1497 2144 1566 quod
2183 1494 2408 1551 Verbum
2430 1513 2552 1552 caro
2574 1498 2770 1568 factum
2789 1507 2886 1563 est,
2912 1509 2962 1552 et
2991 1498 3239 1554 habitavit
3284 1501 3339 1556 in
3368 1501 3515 1558 nobis

1924 1590 2114 1662 (Ibid.,
2146 1589 2214 1644 14
2236 1591 2276 1660 ).
2308 1589 2402 1652 illa
2429 1591 2572 1646 enim
2596 1600 2788 1646 natura
2817 1606 2938 1662 qua:
2959 1606 3176 1663 semper
3193 1594 3373 1661 genita
3403 1610 3519 1652 ma-

1921 1692 2015 1740 net
2043 1699 2111 1740 ex
2140 1682 2320 1750 Patre,
2353 1692 2603 1739 naturam
2633 1693 2878 1740 nostram
2915 1686 3036 1742 sine
3071 1696 3302 1757 peccato
3335 1704 3522 1748 susce-

1923 1775 2024 1846 pit,
2076 1782 2138 1829 ut
2177 1783 2490 1831 nasceretur
2517 1789 2586 1832 ex
2631 1775 2858 1844 virgine.
2907 1775 3094 1848 Neque
3135 1779 3278 1833 enim
3325 1788 3521 1837 natura

212 1867 348 1923 etin
368 1883 528 1924 cruce
557 1869 699 1925 idem
737 1869 882 1926 Deus
910 1869 1078 1925 homo
1107 1868 1281 1925 factus
1309 1866 1570 1939 pependit
1596 1864 1644 1933 ά,
1676 1873 1732 1922 et
1760 1866 1813 1921 in
1841 1873 1894 1940 Β
1919 1874 2124 1922 acterna
2147 1875 2310 1936 atque
2331 1866 2510 1922 divina
2536 1868 2908 1937 temporaliter
2925 1870 3140 1940 concipi
3169 1879 3225 1926 et
3255 1880 3523 1943 tempora-

215 1961 468 2030 sepulcro
491 1971 514 1998 °
539 1962 678 2017 idem
703 1962 846 2018 Deus
863 1963 1029 2018 homo
1049 1961 1224 2018 factus
1237 1960 1434 2031 jacuit,
1459 1967 1506 2014 et
1541 1957 1610 2014 ab
1629 1957 1816 2014 inferis

215 2050 363 2107 idem
393 2051 534 2108 Deus
561 2051 725 2107 homo
771 2053 946 2107 factus
975 2052 1137 2107 tertio
1166 2051 1254 2106 die
1287 2049 1618 2116 resurrexit;
1647 2049 1741 2105 sed
1765 2048 1821 2104 in

218 2141 470 2212 sepulcro
499 2142 793 2198 secundum
823 2148 996 2198 solam
1027 2156 1248 2198 carnem
1279 2141 1422 2196 idem
1451 2140 1594 2196 Deus
1621 2138 1816 2210 jacuit,

220 2243 276 2290 et
306 2234 357 2288 in
407 2233 674 2290 infernum
703 2233 1003 2290 secundum
1035 2232 1207 2288 solam
1253 2231 1488 2287 animant
1517 2228 1818 2286 descendit.

220 2327 337 2395 Qua
363 2327 430 2384 de
477 2326 662 2383 inferis
691 2329 756 2382 ad
802 2341 1045 2391 carnem,
1085 2324 1173 2381 die
1215 2324 1393 2387 tertia,
1436 2330 1744 2379 revertente
1773 2320 1818 2386 ί,

220 2421 364 2478 idem
394 2421 536 2477 Deus
562 2421 855 2480 secundum
883 2435 1106 2477 carnem
1130 2434 1236 2489 qua
1263 2418 1357 2489 (al.
1389 2416 1534 2487 qum)
1566 2417 1621 2472 in
1640 2415 1824 2487 sepul-

223 2530 316 2572 cro
347 2514 538 2585 jacuit,
569 2515 637 2570 de
662 2514 914 2585 sepulcro
943 2512 1270 2578 resurrexit;
1303 2520 1361 2567 et
1407 2509 1824 2580 quadragesimo

223 2619 349 2682 post
393 2611 846 2666 resurrectionem
895 2607 1000 2672 die,
1027 2606 1171 2662 idem
1201 2605 1344 2662 Deus
1370 2603 1536 2659 homo
1565 2601 1736 2658 factus
1767 2601 1824 2656 in

225 2700 422 2756 etclam
477 2698 794 2765 ascendens,
843 2698 900 2753 in
934 2697 1160 2754 dextera
1215 2695 1311 2754 Dei
1357 2694 1497 2750 sedit
1527 2703 1574 2759 π,
1607 2693 1732 2749 inde
1769 2693 1825 2748 in

225 2791 332 2848 iine
387 2791 676 2848 saeculi-ad
731 2789 1054 2862 jndicandos
1099 2788 1256 2844 vivos
1313 2795 1668 2855 mortuosque
1693 2800 1824 2840 vena-

229 2892 400 2940 turus.

298 2978 382 3034 19..
415 2977 653 3034 Verbum
680 2992 810 3047 ergo
839 2992 968 3034 caro
1015 2975 1217 3033 factum
1245 2990 1385 3030 unus
1411 2982 1493 3031 est
1525 2972 1695 3028 Filius
1728 2971 1827 3029 Dei

229 3073 488 3128 Dominus
508 3069 535 3109 ιι
560 3070 716 3129 .lesus
733 3070 998 3137 Christus,
1027 3069 1297 3126 mediator
1319 3067 1417 3124 Dei
1440 3075 1497 3124 et
1522 3066 1821 3124 hominum.
1867 3117 1874 3128 ,

230 3164 431 3221 idcirco
455 3173 636 3220 autem
665 3164 952 3229 mediator,
979 3163 1106 3235 quia
1137 3162 1280 3219 idem
1300 3161 1442 3217 Deus
1471 3169 1635 3232 atque
1662 3160 1826 3218 homo

1922 1959 2048 2015 liter
2077 1959 2226 2015 nasci
2255 1973 2326 2014 ex
2373 1968 2564 2016 natura
2591 1960 2826 2016 humana
2857 1962 3128 2020 ullatenus
3175 1974 3381 2034 posset,
3415 1965 3519 2022 nisi

1923 2049 2224 2106 secundum
2278 2050 2684 2119 susceptionem
2729 2051 2975 2108 veritatis
3029 2053 3278 2109 humana:
3333 2069 3519 2112 teram

1923 2140 2296 2212 temporaliter
2310 2141 2725 2212 conceptionem
2743 2149 2906 2214 atque
2927 2144 3262 2201 nativitatem
3282 2146 3537 2204 inell'abi-

1923 2234 1992 2292 lis
2021 2235 2078 2290 in
2097 2249 2160 2293 se
2177 2234 2434 2292 divinitas
2461 2236 2782 2306 accepisset.
2814 2235 2904 2293 Sic
2930 2246 3015 2294 est
3035 2237 3180 2296 Deus
3196 2247 3432 2299 internus
3459 2256 3526 2300 ac

1927 2340 2093 2382 verus
2114 2336 2178 2394 ιη,
2207 2326 2477 2384 veraciter
2504 2328 2800 2384 secundum
2834 2335 3048 2400 tempus
3075 2339 3130 2387 et
3155 2342 3452 2404 conceptus
3471 2342 3527 2392 et

1931 2423 2096 2474 natus
2112 2432 2181 2473 ex
2211 2412 2436 2486 virgine.
2463 2417 2599 2472 Dum
2630 2420 2773 2474 enim
2803 2421 2939 2476 venit
2969 2423 3236 2491 plenitudo
3263 2427 3528 2496 temporis,

1925 2511 2068 2564 misit
2089 2509 2232 2565 Deus
2260 2508 2457 2566 Filium
2483 2527 2631 2566 suum
2659 2513 3180 2585 factum(al.natum)
3202 2531 3268 2570 ea:
3293 2517 3527 2583 muliere,

1929 2604 2127 2675 factum
2164 2601 2256 2656 sub
2279 2605 2411 2673 lege,
2443 2612 2500 2657 ut
2522 2620 2609 2660 eos
2654 2604 2742 2674 qui
2767 2605 2858 2659 sub
2887 2605 2998 2678 lege
3023 2616 3174 2662 erant
3225 2609 3525 2679 redimeret,

1927 2702 1985 2747 ut
2013 2693 2345 2762 adoptionem
2391 2693 2625 2762 ﬁliorum
2652 2703 2680 2732 η
2729 2695 3068 2765 reciperentus
3109 2697 3310 2769 (Galat.
3342 2717 3416 2768 tv,
3446 2700 3527 2773 4),

1929 2782 2026 2838 illo
2053 2782 2263 2838 scilicet
2308 2782 2420 2839 Deo
2449 2782 2593 2839 facto
2643 2785 2965 2842 naturaliter
3011 2789 3121 2843 tilio
3150 2790 3406 2859 hominis,
3435 2792 3530 2862 qui

1929 2888 2073 2930 unus
2121 2879 2208 2929 est
2254 2873 2574 2929 naturaliter
2619 2872 2788 2931 Filius
2818 2875 2910 2932 Dei
2939 2875 3133 2933 Patris.
3185 2877 3303 2936 Hoc
3341 2885 3528 2951 utique

1929 2961 2170 3020 Joannes
2197 2964 2530 3032 evangelista
2579 2964 2928 3033 conﬁrmans,
2961 2977 3248 3039 postquam
3282 2972 3434 3038 dixit,
3464 2975 3534 3030 Et

1942 3053 2168 3110 Verbum
2197 3072 2320 3111 caro
2344 3058 2540 3128 factum
2567 3068 2663 3123 est,
2675 3066 2724 3112 et
2740 3058 2990 3115 habitavit
3017 3063 3071 3116 in
3093 3061 3242 3118 nobis
3268 3067 3287 3136 (
3302 3065 3459 3121 Joan.
3495 3084 3531 3135 ι,

1937 3144 2057 3217 14),
2087 3147 2480 3217 subsequenter
2526 3148 2621 3214 ait,
2664 3146 2735 3202 Et
2764 3148 2981 3206 vidimus
3010 3151 3234 3223 gloriam
3255 3156 3387 3226 ejus,
3417 3158 3503 3229 glo
3592 3203 3600 3213 .

231 3273 410 3324 verus,
442 3258 645 3314 habens
686 3273 810 3314 cum
838 3256 1002 3314 Patre
1033 3271 1196 3312 unam
1225 3254 1524 3310 divinitatis
1551 3261 1818 3321 naturam,

1941 3241 2070 3296 riam
2097 3241 2246 3311 quasi
2277 3237 2544 3311 Unigeniti
2569 3257 2603 3295 α
2645 3239 2826 3306 Patre,
2854 3242 3065 3312 plenum
3112 3249 3300 3318 gratia:
3325 3259 3372 3303 et
3399 3253 3536 3306 veri-

233 3358 288 3405 et
311 3350 656 3406 humanitatis
679 3365 840 3405 unam
868 3364 991 3405 cum
1014 3355 1188 3404 matre
1209 3346 1603 3411 substantiam;
1626 3345 1834 3400 habens

234 3455 300 3498 ex
332 3441 486 3496 nobis
501 3457 670 3512 usque
691 3441 758 3498 ad
786 3450 1017 3498 mortem
1049 3439 1348 3510 iniquitatis
1380 3447 1830 3508 nostrazptcnam;

182 3607 184 3610 ι
234 3532 441 3587 habens
487 3531 978 3588 incommutabilem
1008 3532 1077 3588 de
1112 3531 1226 3587 Deo
1275 3529 1439 3586 Patre
1475 3540 1492 3570 ι
1526 3529 1831 3601 justitiam;

234 3633 458 3696 propter
486 3623 824 3692 iniquitatem
844 3632 1086 3680 nostram
1109 3621 1657 3696 506temporaliter
1683 3637 1834 3676 mor-

238 3723 380 3778 tuus,
423 3721 645 3783 propter
669 3712 931 3782 justitiam
958 3728 1132 3776 suam,
1165 3719 1222 3766 et
1249 3711 1365 3782 ipse
1413 3725 1631 3781 semper
1657 3727 1835 3779 vivus,

241 3810 294 3859 et
316 3802 774 3858 immortalitatem
804 3802 1122 3858 mortalibus
1149 3802 1460 3870 largiturus.
1493 3799 1597 3868 Qui
1626 3801 1837 3872 periec-

242 3905 346 3950 tam
378 3896 598 3966 quidem
647 3896 1038 3952 humanitatem
1091 3910 1246 3951 suam
1292 3895 1348 3949 in
1395 3895 1513 3965 ipsa
1540 3894 1839 3950 divinitatis

242 4003 351 4044 sua:
379 3987 713 4058 perfectione
738 3987 1004 4052 servavit;
1038 3986 1324 4042 veritatem
1365 3999 1498 4040 vero
1526 3984 1834 4039 mortalita-

242 4077 308 4132 tis
346 4092 456 4132 sua:
491 4080 534 4143 i,
565 4091 664 4147 per
691 4077 1099 4147 susceptionem
1146 4075 1359 4140 mortis,
1399 4073 1633 4129 veritate
1673 4083 1840 4144 atque

243 4166 780 4223 inconimutabilitate
809 4182 918 4222 sua:
948 4164 1368 4222 immortalitatis
1399 4163 1697 4220 absorbuit.

314 4259 400 4313 15.
444 4258 559 4314 lloc
605 4268 690 4314 est
736 4259 882 4329 quod
927 4266 1155 4313 testatur
1209 4257 1405 4312 beatus
1456 4254 1672 4324 Petrus,
1711 4257 1842 4326 quia

247 4349 478 4404 Christus
509 4349 773 4422 deglutivit
802 4359 1040 4415 mortem,
1069 4357 1126 4400 ut
1174 4348 1292 4402 vita:
1334 4356 1544 4402 aeterna:
1603 4346 1838 4403 literedes

245 4443 642 4517 eniteremur-(1
684 4445 826 4500 Petr.
860 4461 940 4512 in,
982 4443 1097 4514 22).
1131 4443 1330 4498 Beatus
1373 4456 1592 4514 quoque
1642 4441 1843 4499 Paulus

246 4538 404 4594 docet
430 4538 574 4610 quod
603 4535 848 4593 Christus
868 4545 1100 4592 mortem
1129 4535 1461 4606 deglutierit,
1499 4535 1842 4592 illuminare-

1935 3333 2060 3388 tatis
2092 3332 2143 3405 (Ι
2151 3332 2364 3404 bidem).
2388 3332 2480 3389 Sic
2506 3333 2598 3390 ille
2619 3334 2860 3392 omnium
2880 3337 3162 3407 spirituum
3189 3343 3538 3414 omniumque

1936 3443 2248 3498 corporum,
2296 3426 2351 3482 id
2387 3435 2470 3483 est
2491 3429 2734 3484 omnium
2762 3438 3075 3488 naturarum
3104 3444 3321 3491 creator
3348 3445 3401 3492 ct
3429 3439 3536 3493 Do-

1937 3519 2140 3586 minus,
2192 3520 2400 3575 creavit
2451 3520 2742 3590 virginem,
2791 3523 3060 3580 creandus
3096 3540 3165 3581 cx
3208 3504 3450 3596 virgine;
3483 3538 3540 3586 et

1938 3609 2092 3680 cujus
2114 3609 2230 3679 ipse
2259 3607 2432 3665 factor
2454 3618 2559 3676 est,
2589 3619 2818 3667 matrem
2849 3611 2951 3668 sibi
2987 3611 3136 3682 fecit,
3182 3618 3400 3684 quando
3436 3619 3534 3689 (al.

1939 3702 2236 3772 quomodo)
2267 3701 2337 3757 de
2361 3701 2479 3771 ejus
2525 3717 2689 3758 carne
2714 3704 3102 3774 concipiendas
3141 3714 3303 3777 atque
3325 3711 3540 3779 parien-

1940 3794 2040 3851 dus
2076 3809 2260 3850 veram
2299 3795 2586 3850 materiam
2615 3795 2709 3867 (al.
2741 3795 3013 3866 naturam)
3053 3799 3233 3856 carnis
3263 3800 3402 3857 Dens
3432 3803 3535 3857 ini-

1941 3903 2160 3944 mensus
2198 3904 2262 3944 ac
2283 3887 2646 3958 sempiternus
2665 3889 2874 3958 accepit
2907 3907 2920 3943 :
2953 3898 3091 3945 utet
3126 3893 3417 3947 secundum
3443 3911 3538 3950 ve-

1943 3981 2164 4036 ritatem
2210 3979 2397 4036 fomite
2451 3980 2664 4038 servilis
2705 3980 2848 4036 Deus
2903 3981 3067 4038 homo
3115 3983 3542 4042 misericorditer

1945 4073 2121 4137 ﬁeret,
2173 4081 2230 4135 et
2255 4087 2555 4129 secundum
2574 4071 2814 4130 't‘ormam
2841 4072 2971 4139 Dei,
3027 4074 3257 4129 naturali
3311 4076 3543 4133 veritate

1946 4165 2054 4238 (al.
2090 4165 2331 4234 virtute)
2385 4163 2528 4220 idem
2559 4163 2703 4219 Deus
2728 4163 2892 4220 homo
2940 4177 3265 4233 permanens
3309 4181 3417 4221 non
3447 4181 3539 4223 ca-

1947 4265 2116 4314 reret.

2019 4349 2107 4406 15.
2149 4349 2240 4406 Sic
2269 4362 2400 4418 ergo
2427 4347 2699 4406 Christum
2724 4346 2821 4403 Dei
2846 4346 3064 4414 Filium,
3097 4347 3148 4403 id
3175 4356 3261 4404 est
3289 4363 3452 4404 unam
3473 4364 3542 4408 ex

1949 4441 2214 4498 Trinitate
2235 4455 2523 4512 personam
2550 4439 2708 4511 507
2731 4439 2900 4495 Deum
2932 4453 3117 4496 verum
3146 4439 3344 4508 crede,
3360 4448 3418 4496 ut
3445 4442 3541 4514 (at.

1948 4540 2040 4612 et)
2082 4540 2416 4596 divinitatem
2460 4539 2577 4608 ejus
2632 4540 2701 4596 de
2756 4547 2948 4595 natura
2995 4537 3173 4596 Patris
3215 4549 3395 4596 natam
3426 4557 3548 4598 esse

246 4629 316 4684 rit
337 4637 517 4685 autem
547 4628 711 4684 vitam
757 4639 811 4684 et
851 4629 1310 4699 incorruptionem
1336 4629 1354 4700 ζ
1361 4625 1426 4682 ΙΙ
1459 4626 1592 4682 Tim.
1625 4644 1677 4695 ι,
1727 4629 1839 4700 10).
1871 4633 1924 4696 D
1952 4648 2058 4689 non
2088 4631 2328 4698 dubites;
2373 4639 2432 4688 et
2459 4631 2539 4688 sic
2580 4645 2706 4686 eum
2735 4645 2922 4687 verum
2971 4631 3242 4688 hominem
3270 4633 3458 4696 crede,
3489 4641 3550 4687 ut

246 4717 489 4775 Christus
510 4733 639 4789 ergo
670 4727 899 4775 mortem
918 4720 1174 4788 gustavit,
1202 4720 1330 4788 quia
1359 4733 1519 4774 verus
1544 4719 1711 4776 homo
1733 4730 1840 4789 est;

249 4812 497 4885 idemque
551 4819 784 4868 mortem
824 4811 1124 4881 degiutivit,
1181 4811 1307 4881 quia
1338 4823 1501 4865 verus
1550 4809 1692 4867 Deus
1737 4820 1840 4868 est.

322 4959 347 4986 °
386 4950 488 5007 Ms.
520 4966 662 5008 unus
685 4949 888 5006 omittit
915 4948 1030 5003 haec
1057 4949 1244 5010 verba,
1273 4947 1413 5002 Deus
1436 4948 1550 5003 ille.

321 5019 349 5060 δ
389 5021 516 5077 Mss.
540 5023 807 5092 quinque,
839 5018 1066 5076 secundo
1114 5029 1268 5074 natus
1309 5028 1404 5078 est.
1431 5017 1574 5074 Editi
1604 5033 1714 5076 non
1740 5021 1842 5078 ha-

249 5093 380 5149 bent
408 5093 655 5148 secundo.

330 5177 350 5200 τ’
394 5163 565 5221 Vatic.
593 5179 750 5226 unus,
783 5163 846 5216 de
867 5161 1097 5233 ejusdem
1125 5160 1308 5233 matris
1329 5168 1496 5214 utero.

326 5233 350 5272 ἀ
391 5235 568 5292 Vatic.
609 5251 770 5301 unus,
799 5229 950 5287 horno
975 5235 1142 5303 [actus
1170 5229 1313 5286 obiit.

256 5377 304 5433 Β
329 5315 351 5344 ο
395 5304 565 5363 Vatic.
598 5300 762 5367 unus,
796 5314 846 5358 et
894 5305 950 5358 in
975 5300 1226 5370 sepulcro
1258 5300 1420 5357 tribus
1475 5301 1652 5358 diebus
1702 5305 1842 5360 idem

308 5394 414 5432 eus.

308 5394 414 5432 8118.

173 5456 195 5515 ξ
333 5447 350 5486 τ
395 5447 566 5502 Vatic.
600 5460 756 5511 unus,
803 5443 903 5509 Qui
933 5444 998 5498 ab
1037 5445 1219 5515 inferis
1249 5445 1318 5497 aa'
1345 5461 1552 5499 carnem
1581 5444 1664 5499 die
1696 5447 1845 5502 tertio

238 5519 432 5573 anima
452 5525 750 5572 reuertente.

315 5588 522 5714 ἑΙΜςς.
543 5595 792 5658 quatuor,
815 5587 871 5641 in
894 5585 1108 5640 dextera
1122 5583 1217 5644 Dei
1243 5587 1404 5648 sedet.
1435 5585 1646 5659 Reliqui
1664 5587 1818 5644 codd.
1831 5627 1848 5654 ,

351 5679 364 5714 l
398 5701 410 5713 .

239 5661 388 5716 .sedit
398 5701 410 5713 .

330 5730 354 5767 ιι
397 5729 494 5784 Ms.
529 5745 686 5792 unus,
724 5726 972 5782 Dominus
993 5736 1185 5784 noster.

246 5871 254 5884 ο
297 5800 351 5884 Δί
526 5799 722 5866 Corb.,
753 5798 1212 5863 incommutabilem
1263 5815 1330 5878 de
1371 5804 1484 5862 Deo
1526 5799 1686 5854 Patre
1725 5799 1851 5854 sub-

249 5873 531 5933 ittantiam.

338 5943 353 5996 ἓ
402 5942 492 6000 Sic
512 5957 639 6000 mss.
673 5943 926 6015 quinque.
961 5939 1122 6014 Editi,
1165 5945 1522 6054 mormutatis
1551 5949 1760 5999 nostr-te.
1794 5941 1856 6000 In

1954 4724 2071 4795 ejus
2099 4739 2318 4780 carnem
2350 4739 2458 4780 non
2507 4722 2768 4788 caelestis,
2813 4738 2922 4780 non
2952 4723 3134 4791 serite,
3166 4739 3275 4779 non
3323 4724 3548 4782 alterius

1953 4816 2272 4886 cujusquam
2292 4824 2449 4886 putes
2470 4829 2591 4872 esse
2619 4823 2847 4885 naturai,
2869 4815 2967 4872 sed
2993 4816 3112 4886 ejus
3138 4815 3292 4887 cujus
3319 4826 3403 4874 est
3439 4833 3551 4874 orn-

1955 4955 2129 5011 Vatic.
2155 4972 2262 5012 uno
2284 4966 2398 5030 aut
2439 4957 2611 5013 altero
2641 4959 2718 5014 sic
2761 4968 2933 5014 totum
2965 4959 3216 5030 habetur,
3255 4961 3540 5018 Veritatem

1955 5041 2073 5081 rero
2101 5029 2439 5102 mortalitatis
2487 5045 2596 5084 sua:
2628 5032 2681 5083 in
2722 5033 3046 5102 susceptione
3073 5034 3287 5099 mortis;
3333 5044 3550 5090 mortem

1955 5113 2074 5170 vero
2096 5099 2329 5170 ueritate,
2356 5109 2527 5170 atque,
2561 5107 2663 5155 etc.

2094 5168 2192 5251 llis.
2224 5167 2732 5251 Corb.,'Cruciﬁ.1:us
2760 5181 2856 5227 est.
2888 5172 3063 5230 Vatic.
3105 5189 3267 5242 unus,
3295 5191 3360 5230 ea;
3389 5175 3550 5246 inﬁr-

1953 5248 2024 5293 mi
2033 5248 2135 5294 tate
2164 5250 2365 5296 nostra.

2036 5307 2049 5347 ¹
2091 5311 2268 5385 Ῡῖιῃο.
2301 5328 2458 5382 unus,
2494 5315 2775 5369 secundum
2795 5316 3097 5385 praphetam
3131 5315 3323 5370 David.

2028 5391 2066 5418 ηι
2091 5381 2146 5436 In
2179 5382 2350 5439 Vatic.
2385 5381 2490 5460 uno
2513 5386 2723 5460 plenior
2743 5381 2826 5440 est
2852 5381 3012 5440 lectio
3039 5405 3051 5438 :
3081 5386 3240 5460 Sicut
3257 5405 3378 5460 ergo
3407 5387 3551 5446 Deus

1957 5461 2268 5528 atteritus‘ac
2298 5459 2545 5528 veraciter
2573 5458 2684 5528 sine
2731 5465 2962 5528 tempore
2987 5466 3066 5510 est
3103 5459 3159 5512 in
3203 5458 3430 5516 Deitatis
3465 5477 3549 5515 es-

1955 5526 2121 5577 sentia
2176 5525 2537 5601 immortaliter
2588 5527 2768 5590 rivus;
2813 5525 2859 5582 si
2906 5529 3184 5584 secundum
3238 5539 3436 5601 tempus
3484 5544 3550 5586 es

1957 5604 2124 5667 matre
2153 5597 2348 5667 uirgine
2366 5606 2416 5651 et
2436 5607 2709 5667 conceptus
2738 5607 2833 5664 est,
2864 5609 2912 5652 et
2943 5607 3095 5655 natus
3125 5601 3278 5660 homo
3300 5597 3549 5657 veraciter

1958 5664 2122 5721 Deus.
2155 5664 2288 5720 Dum
2319 5669 2472 5733 enim,
2506 5664 2613 5724 etc.

2029 5745 2059 5772 ι·
2093 5735 2823 5813 Editihabent,_atlol)tionem
2845 5740 3071 5812 ﬁliorum
3106 5741 3224 5801 Dei.
3257 5742 3554 5813 Mss.quin-

1964 5821 2197 5886 quonon
2231 5809 2430 5863 habent
2461 5809 2575 5877 Dei,
2599 5810 2753 5886 juxta
2777 5809 3019 5868 illiscum
3051 5822 3255 5872 textum
3277 5809 3550 5886 Apes—teli,

1968 5878 2059 5933 ubi
2086 5879 2280 5960 legitur
2309 5897 2412 5936 una
2434 5896 2588 5948 voce,
2605 5878 2877 5940 sesimul.
