4046 6500
589 387 694 444 679
1644 381 1699 437 S.
1743 378 2105 436 FllLGENTll
2133 377 2437 436 EPISCOPI
2477 376 2846 436 RUSPENSIS
3800 374 3904 429 680

590 509 736 563 nium
759 507 1039 562 hominum
1077 517 1207 559 caro
1239 517 1252 556 :
1284 499 1338 556 id
1361 508 1445 555 est
1473 511 1634 568 quam
1662 496 1774 565 ipse
1806 494 1948 548 Deus
1969 491 2174 547 homini
2207 496 2252 554 Λ
2281 494 2576 548 amiserint.
2611 493 2771 548 Solus
2803 492 2965 561 igitur
2989 492 3208 549 abstulit
3240 499 3522 564 peccatum
3552 497 3901 566 conceptio-

589 600 763 670 primo
813 605 838 633 '|
889 595 957 650 de
985 603 1129 649 terra
1159 590 1472 664 plasmavit,
1503 597 1559 642 et
1606 586 1815 641 caeteris
1866 583 2176 640 hominibus
2279 587 2362 643 nis
2392 588 2554 659 508
2575 595 2738 656 atque
2765 586 3063 641 nativitatis
3087 587 3338 641 humana:
3359 586 3502 642 Deus
3531 585 3898 657 Unigenitus,

590 690 996 760 plasmat,quos
1016 679 1561 755 perpropagationem
1586 692 1649 732 ex
1674 674 1979 729 hominibus
2003 683 2174 728 creat.
2277 679 2370 749 qui
2402 678 2528 733 dum
2567 679 2946 750 conciperetur
2987 680 3274 734 veritatem
3329 681 3507 736 carnis
3567 681 3798 752 accepit
3827 698 3897 737 ex

589 781 696 837 Sed
735 779 862 834 licet
890 793 1018 832 caro
1066 774 1264 830 Christi
1313 783 1368 828 et
1417 770 1655 826 omnium
1701 769 1978 823 hominum
2017 768 2176 823 unius
2277 766 2510 837 virgine,
2545 777 2599 823 et
2627 784 2750 824 cum
2795 778 3108 825 nasceretur
3147 769 3511 839 integritatem
3547 772 3896 840 virginitatis

589 873 937 942 ejusdemque
986 877 1186 923 natura:
1214 867 1304 934 sit,
1335 865 1448 920 hzcc
1477 873 1658 918 tamen
1688 877 1849 933 quam
1876 861 2019 916 Deus
2041 860 2175 916 Ver—
2276 863 2512 918 servavit
2542 864 2593 918 in
2632 871 2823 919 matre.
2856 862 2963 918 Ista
2985 879 3147 918 causa
3179 873 3262 919 est
3290 879 3395 933 qua
3421 865 3566 920 Deus
3599 865 3894 921 factus'est

589 967 716 1021 bum
746 980 813 1020 ex
860 963 1025 1018 Maria
1054 961 1273 1028 Virgine
1301 958 1403 1014 sibi
1430 958 1584 1012 unire
1625 957 1874 1027 dignatus
1918 965 2024 1024 est,
2056 957 2174 1012 sine
2280 955 2419 1010 ﬁlius
2450 956 2674 1024 virginis
2718 956 2920 1026 Mariae,
2948 965 3002 1012 et
3032 957 3199 1012 Maria
3238 958 3391 1026 virgo
3420 959 3562 1014 facta
3595 968 3680 1014 est
3713 970 3893 1015 mater

587 1068 810 1130 peccato
836 1055 1096 1126 concepta
1123 1053 1171 1119 δ,
1224 1053 1340 1108 sine
1379 1061 1604 1122 peccato
1647 1063 1771 1107 nata
1803 1061 1885 1107 est
1918 1071 1928 1105 :
1961 1061 2016 1106 ut
2045 1059 2174 1122 pote

587 1152 879 1209 secundum
908 1163 1068 1218 quam
1095 1147 1237 1201 Deus
1258 1155 1491 1202 aeternus
1525 1154 1579 1200 et
1611 1145 1787 1214 justus
1812 1144 2173 1200 misericordi-

587 1253 690 1306 ter,
741 1251 795 1299 et
817 1247 1128 1310 conceptus,
1163 1245 1218 1293 et
1250 1246 1405 1293 natus
1433 1246 1532 1302 est,
1592 1246 1645 1292 ct
1676 1237 1936 1294 Dominus
1985 1237 2171 1306 gloria:

584 1337 866 1393 cruciﬁxus
891 1343 990 1390 est.

655 1429 741 1485 16.
784 1427 967 1481 Libido
1025 1425 1346 1480 concubitus.
1405 1452 1474 1462 -—-
1515 1422 1718 1489 Quibus
1774 1429 1953 1476 autem
1992 1420 2172 1476 verbis

582 1519 941 1592 explicabitur
962 1518 1139 1573 carnis
1166 1517 1307 1570 illius
1336 1514 1655 1569 excellentia
1679 1513 1985 1581 singularis,
2016 1512 2170 1582 cujus

579 1612 760 1667 divina
806 1619 891 1666 est
939 1626 1003 1664 ex
1036 1610 1150 1679 ipsa
1177 1608 1260 1663 sui
1289 1606 1644 1676 conceptione
1686 1616 1706 1643 ε
1738 1621 1990 1675 persona,
2016 1604 2170 1673 cujus

577 1705 731 1774 origo
762 1702 1056 1758 nativitatis
1082 1700 1315 1762 insolita,
1345 1714 1447 1768 qua
1464 1698 1541 1753 sic
1564 1697 1795 1751 Verbum
1816 1712 1942 1752 caro
1969 1697 2166 1752 factum

576 1805 678 1863 est,
713 1805 772 1851 ut
800 1812 905 1850 una
936 1809 1168 1865 persona
1195 1800 1340 1848 esset
1378 1807 1499 1847 cum
1529 1806 1693 1846 carne
1723 1805 1816 1845 sua
1849 1789 2165 1860 Unigenitus

2278 1044 2549 1116 Unigeniti
2580 1047 2674 1103 Dei
2709 1066 2721 1101 :
2753 1056 2811 1103 ut
2833 1064 2996 1118 quem
3022 1048 3186 1104 Pater
3223 1050 3408 1118 genuit
3445 1066 3513 1105 ex
3543 1051 3886 1117 aeternitate,

2276 1142 2451 1212 ipsum
2500 1141 2654 1213 virgo
2702 1152 3024 1214 conceptum
3055 1143 3321 1213 proferret
3366 1144 3418 1198 in
3460 1153 3722 1215 tempore
3753 1163 3766 1196 :
3801 1145 3887 1199 illa

2275 1234 2460 1304 utique
2483 1235 2654 1304 virgo,
2684 1249 2845 1304 quam
2867 1235 3027 1301 Deus,
3046 1236 3136 1304 qui
3161 1234 3228 1290 de
3259 1251 3320 1290 ea
3344 1235 3522 1291 fuerat
3544 1236 3889 1302 nasciturus,

2275 1325 2346 1378 ita
2375 1325 2630 1394 singulari
2657 1325 2827 1392 gratia
2849 1325 3109 1396 pnevenit
3139 1334 3302 1394 atque
3328 1325 3580 1395 replevit,
3617 1335 3678 1378 ut
3705 1325 3886 1393 ipsum

2273 1415 2497 1470 haberet
2523 1415 2724 1470 ventris
2773 1415 2857 1471 sui
2907 1415 3157 1480 fructum,
3191 1430 3353 1484 quem
3403 1431 3470 1469 ex
3513 1415 3675 1469 initio
3713 1414 3886 1468 habet

2271 1506 2594 1561 universitas
2621 1505 2905 1560 Dominum
2932 1522 2943 1557 :
2975 1512 3029 1559 et
3051 1504 3226 1575 ipsum
3251 1504 3351 1558 sibi
3376 1504 3586 1558 videret
3616 1505 3881 1558 nascendi

2271 1595 2612 1650 solemnitate
2633 1595 2925 1662 subditum,
2955 1609 3116 1665 quem
3148 1595 3202 1648 in
3237 1594 3442 1648 unitate
3475 1601 3728 1664 paterna:
3752 1595 3881 1647 sub-

2271 1689 2482 1744 stantia:
2512 1705 2620 1744 non
2647 1688 2821 1754 solum
2845 1687 3102 1754 humana,
3127 1685 3223 1743 sed
3251 1687 3416 1742 etiam
3444 1685 3695 1754 angelica
3724 1701 3877 1740 crea-

2273 1794 2390 1841 ttra
2432 1786 2713 1854 cognoscit
2742 1794 2797 1840 et
2831 1785 3020 1840 adorat
3051 1784 3407 1841 Altissimum.

576 1903 640 1943 ac
687 1888 1046 1958 sempiternus
1087 1885 1250 1950 Deus,
1281 1884 1394 1954 ipsa
1444 1898 1553 1938 suae
1581 1883 1758 1938 carnis
1805 1883 2164 1952 conceptione
2195 1883 2244 1943 B
2342 1874 2429 1929 i8.
2471 1875 2562 1932 Sic
2583 1890 2714 1945 ergo
2741 1882 3024 1944 peccatum
3053 1882 3110 1929 et
3132 1889 3290 1944 pmua
3320 1875 3555 1944 peccati,
3609 1891 3736 1945 qum
3781 1891 3875 1944 per

575 1987 884 2049 conceptus.
918 1977 1082 2032 Istam
1112 1991 1243 2031 vero
1274 1983 1591 2030 cretei-orum
1621 1974 1902 2029 hominum
1945 1989 2166 2030 carnem

574 2086 675 2142 per
721 2071 1013 2152 humanlum
1070 2075 1280 2122 certum
1321 2073 1405 2119 est
1445 2065 1593 2120 nasci
1640 2065 2009 2131 concubitum,
2046 2067 2166 2121 viro

539 2193 548 2203 -
577 2162 902 2228 seminante,
935 2159 1135 2215 femina
1161 2173 1292 2212 vero
1315 2156 1654 2227 concipiente
1704 2165 1867 2226 atque
1895 2157 2162 2226 pariente.

575 2253 645 2309 Et
671 2254 796 2324 quia
851 2252 978 2308 dum
1009 2251 1112 2306 sibi
1154 2250 1383 2306 invicem
1413 2249 1496 2303 vir
1532 2249 1832 2318 mulierque
1869 2249 2167 2304 miscentur

576 2354 635 2402 ut
682 2347 819 2402 ﬁlios
845 2353 1138 2415 generent,
1167 2345 1283 2398 sine
1333 2342 1554 2397 libidine
1603 2359 1710 2398 non
1758 2351 1841 2397 est
1880 2351 2164 2413 parentum

574 2437 915 2501 concubitus,
949 2438 1019 2492 ob
1045 2437 1149 2490 hoc
1190 2433 1420 2489 ﬁliorum
1445 2449 1511 2488 ex
1538 2448 1726 2488 eorum
1747 2448 1910 2488 carne
1940 2447 2165 2488 nascen-

575 2531 710 2585 tium
741 2545 848 2584 non
877 2535 1058 2598 potest
1093 2526 1211 2582 sine
1261 2533 1484 2596 peccato
1531 2539 1652 2580 esse
1704 2531 2022 2594 conceptus,
2073 2522 2164 2578 ubi

573 2627 858 2693 peccatum
888 2620 941 2674 in
966 2618 1216 2689 parvulos
1240 2632 1347 2672 non
1371 2615 1686 2672 transmittit
1707 2614 2044 2686 propagatio,
2068 2614 2164 2670 sed

572 2710 776 2776 libido;
805 2725 908 2765 nec
930 2707 1230 2764 fecunditas
1260 2715 1464 2762 natura;
1492 2706 1742 2760 humanae
1763 2705 1889 2760 facit
1915 2705 2164 2761 homines

571 2817 693 2860 cum
723 2808 944 2872 peccato
973 2801 1142 2866 nasci,
1174 2799 1270 2855 sed
1301 2798 1517 2854 foeditas
1566 2797 1834 2863 libidinis,
1868 2813 2030 2868 quam
2058 2798 2161 2853 ho-

573 2895 746 2950 mines
772 2893 972 2949 habent
1016 2908 1085 2948 ex
1130 2892 1273 2947 illius
1298 2891 1456 2961 primi
1495 2891 1789 2960 justissima
1830 2891 2194 2946 condemna—.

570 2989 718 3045 tione
738 2987 963 3059 peccati.
987 2985 1114 3042 Ideo
1139 2986 1330 3040 beatus
1356 2983 1542 3049 David,
1567 2983 1816 3052 quamvis
1832 2982 1899 3037 de
1919 2981 2162 3049 legitimo

569 3090 884 3139 nasceretur
907 3082 1163 3150 justoque
1191 3078 1465 3148 conjugio,
1497 3078 1548 3132 in
1577 3093 1684 3148 quo
1713 3077 1920 3132 scilicet
1950 3093 2052 3132 nec
2080 3077 2162 3131 in-

571 3175 844 3231 ﬁdelitatis
866 3175 1023 3246 culpa
1049 3213 1064 3239 ,
1091 3188 1190 3228 nec
1216 3171 1590 3227 fornicationis
1618 3170 1827 3224 macula
1847 3177 2059 3240 poterat
2089 3169 2164 3224 in-

2267 1965 2442 2021 scelus
2469 1972 2738 2034 corruptae
2783 1963 3025 2018 mulieris
3070 1964 3293 2018 intravit
3336 1963 3388 2018 in
3439 1963 3730 2033 mundum,
3779 1982 3875 2035 per

2267 2056 2538 2112 inviolata:
2587 2056 2810 2125 virginis
2863 2065 3075 2127 partum
3125 2056 3366 2111 aufertur
3414 2073 3443 2110 a
3474 2057 3685 2112 mundo
3721 2068 3768 2110 ε.
3809 2058 3871 2112 Et

2263 2149 2390 2220 quia
2416 2150 2471 2203 in
2499 2149 2810 2204 conditione
2839 2149 3051 2218 generis
3072 2149 3290 2204 humani
3314 2164 3413 2219 per
3433 2149 3723 2204 mulierem
3753 2165 3869 2219 qua:

2265 2239 2334 2294 de
2362 2239 2481 2294 solo
2511 2239 2628 2294 viro
2658 2236 2802 2294 facta
2832 2246 2936 2306 est,
2965 2239 3194 2308 contigit
3233 2247 3295 2294 ut
3314 2239 3508 2294 mortis
3537 2239 3763 2294 vinculo
3786 2249 3866 2296 te-

2265 2348 2522 2388 neremur
2551 2333 2827 2397 obstricti,
2869 2333 2975 2388 hoc
3021 2333 3075 2387 in
3115 2333 3492 2403 redemptione
3519 2333 3750 2389 humani
3778 2349 3865 2404 ge-

2266 2426 2412 2480 neris
2450 2424 2629 2479 divina
2671 2424 2883 2480 bonitas
2930 2426 3060 2494 egit,
3112 2433 3172 2479 ut
3198 2441 3297 2496 per
3322 2427 3494 2481 virum
3535 2427 3628 2496 qui
3658 2425 3730 2480 de
3752 2425 3864 2480 sola

2267 2518 2501 2578 muliere
2531 2517 2550 2555 ί
2584 2526 2744 2574 natus
2769 2526 2873 2584 est,
2897 2519 3007 2573 vita
3039 2520 3345 2574 hominibus
3377 2519 3719 2575 redderetur.
3753 2519 3860 2575 lllic

2256 2601 2558 2667 humanam
2580 2620 2826 2668 naturam
2850 2613 3178 2682 nequissima
3200 2613 3522 2684 deceptione
3549 2614 3651 2668 sibi
3683 2614 3858 2669 diabo-

2265 2710 2350 2766 lus
2385 2710 2439 2764 in
2484 2711 2689 2782 peccati
2719 2709 3125 2766 similitudinem
3177 2710 3435 2775 sociavit;
3467 2709 3555 2764 hic
3581 2709 3729 2763 Deus
3759 2710 3855 2764 hu-

2264 2815 2482 2854 manam
2529 2811 2778 2854 naturam
2820 2799 2872 2854 in
2904 2799 3169 2854 unitatem
3199 2813 3446 2868 persona:
3495 2800 3755 2869 suscepit.
3785 2799 3856 2855 lbi

2264 2891 2464 2948 femina
2495 2891 2722 2961 decepta
2753 2898 2857 2960 est,
2889 2898 2948 2945 ut
2978 2890 3133 2946 ﬁeret
3163 2889 3271 2944 ﬁlia
3314 2890 3514 2945 diaboli
3542 2908 3554 2943 :
3591 2891 3682 2946 hic
3710 2893 3857 2962 virgo

2266 2986 2438 3057 gratia
2469 2986 2673 3056 repleta
2703 2993 2806 3053 est,
2837 2993 2899 3039 ut
2928 2983 3082 3038 ﬁeret
3109 2991 3284 3038 mater
3329 2984 3525 3038 summi
3575 2991 3737 3052 atque
3779 2985 3854 3038 in-

2265 3078 2665 3135 commutabilis
2694 3076 2963 3146 Unigeniti
2993 3076 3109 3132 Dei.
3145 3075 3224 3131 lbi
3246 3075 3468 3145 angelus
3496 3075 3741 3146 dejectus
3764 3093 3856 3148 per

2266 3171 2598 3242 superbiam,
2631 3170 2866 3226 seducta:
2891 3170 3136 3226 mulieris
3157 3170 3397 3224 animum
3427 3170 3668 3225 obtinuit
3694 3181 3749 3235 8;
3772 3170 3857 3224 hic

570 3266 741 3322 veniri
775 3283 787 3319 :
819 3271 1041 3336 propter
1069 3262 1329 3332 originale
1374 3269 1556 3316 tamen
1586 3267 1890 3330 peccatum,
1923 3273 2031 3328 quo
2064 3274 2160 3313 na-
2186 3277 2234 3339 ο
2267 3264 2408 3319 Deus
2454 3263 2742 3318 humilians
2784 3277 2844 3320 se
2894 3277 2994 3333 per
3037 3263 3483 3329 misericordiam,
3531 3264 3857 3334 incorrupta:

569 3359 816 3413 turaliter
844 3356 1089 3413 obstricti
1113 3364 1238 3411 sunt
1268 3355 1360 3408 ﬁlii
1391 3356 1512 3420 iras,
1543 3369 1650 3408 non
1677 3353 1851 3408 solum
1874 3353 2159 3423 impiorum

572 3454 688 3518 ﬁlii,
720 3452 814 3508 sed
841 3466 1032 3505 omnes
1077 3449 1242 3504 etiam
1290 3448 1379 3516 qui
1411 3447 1478 3503 de
1509 3446 1776 3515 justorum
1827 3445 2159 3501 sanctiﬁcata

571 3562 735 3604 carne
781 3552 1093 3608 nascuntur,
1136 3541 1402 3596 exclamat
1441 3548 1497 3595 et
1523 3539 1699 3595 dicit:
1759 3538 1895 3592 Ecce
1939 3541 2075 3593 enim
2103 3542 2158 3594 in

569 3637 924 3710 iniquitatibus
954 3643 1228 3706 conceptus
1252 3651 1383 3697 sum,
1416 3641 1465 3686 et
1493 3635 1549 3686 in
1578 3632 1777 3686 delictis
1806 3634 2001 3702 peperit
2030 3650 2111 3686 me
2131 3629 2156 3670 ἀ

569 3737 736 3783 mater
791 3741 904 3781 mea
945 3723 1117 3793 (Psai.
1165 3740 1215 3788 L,
1277 3723 1350 3793 7).
1409 3721 1641 3777 Sanctus
1681 3723 1843 3776 etiam
1873 3720 1974 3777 Job
2004 3721 2156 3791 dicit,

569 3821 826 3874 mundum
872 3833 903 3871 a
948 3815 1112 3873 sorde
1141 3831 1247 3870 non
1279 3829 1400 3870 esse
1452 3815 1749 3877 hominem,
1782 3830 1883 3869 nec
1927 3815 1971 3869 si
2001 3815 2158 3869 unius

567 3911 672 3968 diei
699 3911 769 3967 sit
789 3909 897 3963 vita
923 3908 1038 3978 ejus
1059 3923 1222 3978 super
1245 3914 1442 3962 terram
1468 3903 1589 3977 μοι)
1617 3922 1724 3970 xw,
1750 3905 1805 3970 4,
1823 3922 1925 3960 sec.
1957 3904 2152 3974 LXX).

638 4003 724 4056 l7.
768 4001 863 4057 Dei
887 4015 1017 4070 ergo
1045 3999 1214 4055 Filius
1242 3999 1568 4067 unigenitus,
1601 3999 1690 4067 qui
1717 4005 1801 4052 est
1824 3997 1876 4051 in
1906 3998 2026 4052 sinu
2056 3997 2158 4053 Pa-

567 4097 684 4160 tris,
717 4106 774 4150 ut
813 4108 1030 4150 carnem
1059 4093 1293 4148 hominis
1322 4092 1665 4160 animamque
1696 4091 1999 4152 mundaret,
2033 4108 2154 4148 sus-

564 4185 817 4256 ceptione
867 4183 1046 4239 carnis
1088 4191 1251 4252 atque
1298 4182 1491 4236 animae
1534 4181 1815 4236 rationalis
1848 4181 2155 4238 incarnatus

567 4287 680 4347 est;
709 4288 764 4334 et
802 4278 892 4348 qui
931 4286 1015 4332 est
1063 4277 1206 4332 Deus
1229 4291 1406 4342 verus,
1440 4277 1605 4331 homo
1647 4290 1808 4330 verus
1847 4275 2019 4331 factus
2047 4285 2149 4340 est,

565 4387 676 4427 non
703 4377 762 4425 ut
787 4369 922 4423 alter
941 4367 1084 4423 Deus
1111 4375 1256 4423 esset
1284 4367 1425 4420 alter
1465 4365 1661 4432 homo;
1693 4366 1788 4421 sed
1821 4365 1958 4421 idem
1988 4366 2147 4431 Deus,

565 4461 706 4516 idem
734 4459 918 4514 homo.
937 4458 1040 4524 Qui
1063 4465 1121 4512 ut
1147 4457 1276 4511 illud
1300 4465 1582 4527 peccatum
1611 4457 1755 4527 quod
1784 4461 1836 4512 in
1863 4459 2149 4515 concubitu

563 4552 808 4610 mortalis
831 4552 1009 4607 carnis
1034 4551 1311 4620 generatio
1329 4551 1569 4606 humana
1587 4552 1858 4607 contraxit
1889 4551 2144 4617 auferret,

561 4651 854 4715 conceptus
881 4652 965 4700 est
992 4659 1134 4698 novo
1183 4659 1354 4712 more,
1387 4644 1529 4699 Deus
1558 4645 1867 4707 incarnatus
1890 4645 1944 4700 in
1972 4654 2144 4702 matre
2173 4674 2227 4735 Β

559 4736 785 4805 virgine,
816 4737 932 4791 sine
959 4736 1105 4816 coitu
1127 4737 1246 4800 viri,
1275 4735 1396 4794 sine
1417 4737 1637 4793 libidine
1659 4739 2015 4809 concipientis
2038 4740 2145 4795 vir-

557 4828 695 4896 ginis
729 4846 740 4879 :
768 4835 827 4881 ut
853 4843 950 4898 per
978 4827 1150 4884 Deum
1177 4829 1473 4896 hominem,
1503 4846 1666 4900 quem
1696 4831 1899 4900 absque
1929 4831 2147 4888 libidine

557 4927 878 4988 conceptum
909 4919 1197 4974 inviolatus
1226 4920 1395 4976 edidit
1431 4921 1654 4990 virginis
1694 4930 1914 4989 uterus,
1957 4924 2145 4979 ablue-

557 5019 706 5067 retur
733 5021 1016 5083 peccatum
1057 5013 1200 5082 quod
1229 5024 1518 5071 nascentes
1566 5015 1787 5069 trahunt
1815 5031 2005 5070 omnes
2042 5017 2144 5071 ho-

556 5105 728 5161 mines
764 5123 776 5158 :
801 5105 1069 5176 quibusin
1098 5121 1332 5176 corpore
1356 5108 1547 5162 mortis
1577 5108 1736 5177 hujus
1766 5108 1890 5162 talis
1919 5118 2141 5164 estnas-

554 5197 710 5252 oendi
755 5196 1012 5263 conditio,
1064 5205 1124 5252 ut
1152 5207 1353 5254 matres
1404 5214 1592 5254 eorum
1622 5199 1963 5256 fecunditatis
2009 5217 2144 5272 opus

557 5284 777 5356 implere
800 5303 908 5343 non
955 5289 1190 5359 possint,
1225 5289 1325 5344 nisi
1357 5290 1504 5361 prius
1544 5290 1906 5359 virginitatem
1963 5291 2143 5347 carnis

628 5513 652 5582 ξι
691 5504 790 5582 ξιξ.
820 5522 976 5574 unus,
1009 5510 1062 5562 in
1092 5511 1298 5582 homine
1325 5513 1513 5582 primo.

627 5574 654 5613 ¹³
693 5575 785 5652 _S_ic
812 5592 938 5632 mss.
972 5587 1100 5636 tres.
1133 5581 1202 5636 At
1227 5574 1373 5643 editi,
1393 5583 1506 5635 sine
1534 5591 1740 5652 peccato
1766 5591 2020 5652 suscepta.

631 5658 652 5686 ε
694 5645 816 5702 Vat.
850 5664 1004 5714 unus,
1038 5653 1119 5705 sui
1139 5653 1452 5707 conditione.

626 5717 766 5800 “ulta
792 5735 922 5777 mss.
953 5730 1206 5790 quatuor.
1249 5723 1318 5777 At
1346 5724 1475 5779 editi
1525 5733 1578 5779 ct
1606 5724 1778 5780 Vatic.
1813 5740 1970 5791 unus,
2003 5741 2128 5780 con-

555 5799 686 5857 cepit
732 5808 830 5845 me.

626 5868 653 5939 τί
691 5860 786 5916 Ms.
809 5880 962 5927 unus,
989 5867 1199 5939 contigit
1223 5875 1276 5918 ut
1301 5885 1391 5935 per
1413 5867 1673 5920 inviolata:
1694 5868 1909 5939 virginis
1929 5877 2131 5938 partum

555 5930 844 6002 auferretur
865 5952 896 5988 a
927 5930 1148 6000 mundo}
1173 5930 1454 6006 mssItrcs,
1479 5955 1567 6006 per
1589 5930 1908 5995 inrioluvlum.

2265 3356 2489 3424 virginis
2516 3364 2729 3410 uterum
2759 3371 2826 3410 ex
2856 3370 2920 3411 ea
2960 3356 3267 3411 nasciturus
3297 3350 3557 3427 implevit'.
3594 3357 3691 3411 Dei
3717 3357 3854 3412 enim

2264 3449 2432 3503 Filius
2460 3447 2617 3505 Jesus
2643 3448 2890 3504 Christus
2929 3449 3021 3518 qui
3069 3450 3122 3503 in
3183 3449 3352 3503 forma
3380 3450 3474 3505 Dei
3503 3459 3625 3505 erat
3677 3452 3856 3521 (quod

2264 3540 2364 3594 nisi
2391 3555 2460 3594 ex
2488 3550 2679 3595 natura
2707 3539 2886 3596 Patris
2914 3551 3071 3596 natus
3095 3550 3260 3605 esset,
3293 3558 3412 3598 esse
3439 3559 3545 3598 non
3571 3555 3758 3614 posset
3783 3545 3855 3614 ιι),

2263 3633 2396 3703 ipse,
2429 3633 2724 3689 secundum
2756 3632 3110 3702 apostolicam
3151 3632 3477 3701 doctrinam,
3525 3638 3854 3706 semetipsum

2261 3726 2547 3780 exinanivit
2571 3727 2795 3796 formam
2817 3727 2950 3779 servi
2980 3727 3240 3795 accipiens
3270 3725 3493 3797 (Philip.
3527 3745 3584 3793 ιι,
3612 3728 3690 3797 7).
3726 3728 3855 3784 For-

2261 3831 2403 3870 mam
2435 3830 2564 3885 ergo
2591 3817 2752 3882 servi,
2788 3816 2836 3872 id
2862 3825 2946 3871 est
2975 3811 3221 3871 naturam
3264 3819 3405 3872 servi
3439 3819 3491 3873 in
3515 3835 3671 3874 suam
3703 3837 3856 3876 acce-

2259 3909 2338 3979 pit
2361 3908 2503 3963 Deus
2546 3909 2636 3963 ille
2668 3925 2972 3980 personam,
3026 3917 3190 3980 atque
3236 3911 3307 3964 ita
3357 3911 3640 3967 hominum
3683 3913 3855 3970 factor

2260 4002 2313 4056 in
2337 4002 2740 4057 similitudinem
2759 4003 3033 4058 hominum
3057 4002 3250 4070 factus,
3281 4004 3466 4060 habitu
3493 4015 3575 4060 est
3603 4007 3854 4063 inventus

2257 4102 2317 4147 ut
2347 4094 2530 4160 homo,
2594 4095 2707 4164 ipse
2755 4095 3055 4149 humiliavit
3101 4095 3468 4166 semetipsum,
3518 4097 3696 4154 factus
3726 4101 3854 4155 obe-

2256 4183 2408 4239 diens
2430 4182 2577 4239 Patri
2608 4201 2775 4255 usque
2802 4183 2868 4239 ad
2918 4193 3170 4254 mortem,
3200 4195 3428 4242 mortem
3463 4197 3644 4244 autem
3679 4193 3852 4248 crucis

2255 4275 2445 4345 (me,
2474 4277 2550 4348 δ).

2329 4371 2414 4426 19,
2442 4371 2650 4426 lntcnte
2678 4372 2839 4440 igitur
2865 4373 3004 4428 hanc
3027 4373 3272 4444 Apostoli
3294 4376 3618 4430 sententiam
3645 4379 3844 4448 cogita,

2253 4472 2309 4518 et
2337 4463 2388 4518 in
2420 4481 2482 4519 ea
2505 4480 2803 4534 cognosces
2833 4465 3106 4535 quomodo
3152 4466 3437 4520 Dominum
3467 4465 3652 4522 Jesum
3691 4469 3846 4524 Chri-

2251 4567 2391 4613 stum
2423 4558 2671 4613 eumdem
2721 4557 2889 4614 Deum
2931 4567 3094 4629 atque
3149 4559 3422 4614 hominem
3481 4561 3693 4616 credas.
3738 4561 3844 4618 Nec

2252 4657 2433 4704 tamen
2465 4649 2605 4706 ineo
2635 4651 2920 4704 veritatem
2952 4651 3232 4720 utriusque
3260 4660 3466 4706 natum
3498 4653 3549 4706 in
3584 4670 3691 4706 una
3723 4670 3840 4723 per-

2251 4757 2404 4807 sona,
2428 4751 2520 4796 aut
2550 4741 2866 4805 confundas,
2898 4750 2988 4796 aut
3017 4741 3243 4797 dividas.
3269 4742 3401 4797 Cum
3440 4758 3571 4811 ergo
3609 4746 3838 4814 primum

2250 4834 2403 4889 audis
2447 4834 2513 4889 de
2562 4834 2788 4890 Domino
2817 4833 2944 4889 Jesu
2984 4832 3200 4890 Christo
3246 4835 3371 4904 quia
3419 4836 3473 4890 in
3523 4837 3698 4891 forma
3746 4836 3837 4892 Dei

2250 4936 2385 4994 erat,
2417 4935 2635 4997 oportet
2661 4935 2717 4983 te
2745 4941 3046 4997 agnoscere
3096 4928 3509 4999 ﬁrmissimeque
3543 4937 3751 4994 tenere,
3785 4931 3833 4984 in

2248 5020 2342 5075 illo
2384 5019 2567 5076 formze
2612 5021 2830 5076 nomine
2879 5021 3181 5077 naturalem
3232 5022 3619 5093 plenitudinem
3645 5023 3835 5077 debere

2251 5112 2494 5182 intelligi.
2526 5113 2584 5168 In
2614 5112 2784 5168 forma
2807 5113 2970 5183 igitur
2990 5114 3085 5169 Dei
3126 5115 3382 5170 Dominus
3409 5113 3565 5170 Jesus
3595 5113 3833 5170 Christus

2251 5213 2394 5271 erat,
2428 5205 2552 5275 quia
2579 5205 2631 5259 in
2665 5213 2857 5260 natura
2887 5206 2982 5261 Dei
3010 5206 3185 5262 Patris
3211 5222 3425 5277 semper
3454 5215 3594 5273 erat,
3633 5206 3703 5261 de
3729 5221 3830 5276 quo

2249 5305 2408 5353 natus
2429 5305 2565 5354 erat.
2599 5296 2766 5354 Unius
2789 5313 2918 5368 ergo
2944 5307 3151 5355 natura:
3183 5315 3304 5355 cum
3335 5299 3494 5355 Patre
3513 5309 3616 5367 est,
3650 5314 3828 5373 aequa-

2324 5519 2342 5558 '
2521 5524 2733 5597 unicus,
2769 5525 2982 5580 muliere
3011 5527 3228 5597 virgine.

2314 5602 2338 5640 ι
2379 5593 2501 5659 Ms.,
2527 5594 2742 5670 dejecta;
2772 5597 3005 5651 mulieris
3034 5593 3253 5652 mentem
3282 5601 3542 5667 corrupit;
3585 5606 3644 5654 et
3675 5599 3825 5670 paulo

2237 5675 2360 5740 post
2383 5681 2516 5740 mss.
2550 5673 2678 5740 tres,
2714 5667 3027 5740 incorrupta:
3055 5670 3284 5740 mulieris
3312 5670 3544 5740 virginis.

2312 5734 2337 5773 ιι
2362 5735 2469 5813 _Sic
2491 5751 2592 5792 ms.
2620 5727 2788 5813 Corb.
2815 5738 2885 5792 At
2915 5727 3087 5813 Vatic.
3125 5727 3265 5806 tres,
3296 5727 3463 5812 quivi"
3507 5745 3682 5813 [arma
3709 5743 3824 5808 Dei,

2237 5808 2372 5878 quod
2399 5815 2511 5878 erat
2531 5850 2545 5874 ,
2578 5809 2676 5862 nisi
2719 5825 2783 5862 ea:
2823 5819 3011 5864 natura
3040 5809 3217 5865 Patris
3258 5808 3413 5865 notus
3436 5808 3568 5866 esset
3591 5830 3702 5868 esse
3727 5829 3824 5872 non

2237 5877 2426 5949 posset.
2460 5877 2579 5934 Vat.
2614 5880 2769 5949 alter,
2800 5882 2887 5956 qui
2916 5883 3085 5955 {arma
3109 5881 3226 5951 Dei,
3256 5882 3394 5954 quod
3420 5895 3552 5952 erat,
3579 5894 3685 5941 etc.
