4046 6496
1541 391 1597 447 S.
1639 385 2006 447 FULGENTI!
2043 383 2350 442 EPISCOPI
2389 379 2766 439 RUSPENSIS

3711 385 3814 443 68l

521 513 602 569 lus
623 521 677 568 et
718 525 874 567 verus
896 518 982 568 est
1009 508 1326 566 naturaliter
1353 507 1494 562 Deus
1511 546 1526 574 ,
1577 514 1839 578 quantum
1867 505 2107 564 brevitas
2134 507 2189 568 Α
2214 509 2334 556 tore
2362 506 2506 566 sunt,
2527 507 2726 568 utpote
2755 514 2864 552 non
2892 498 3097 567 prolata
3122 499 3190 554 de
3216 501 3355 570 ipso,
3379 503 3473 556 sed
3496 503 3640 558 facta
3661 521 3820 575 pror-

522 603 776 673 tomporis
822 611 878 658 et
915 601 1194 658 sermonis
1237 599 1519 670 permisit,
1571 598 1792 653 inserui.
1848 596 2000 652 Nunc
2043 596 2112 652 de

519 705 762 749 creatura
791 691 925 763 quid
948 692 1154 760 absque
1177 689 1516 745 dubitatione
1534 687 1760 744 credere
1782 686 2004 754 debeas,
2029 686 2110 740 in-

518 789 744 844 timabo.

589 878 719 934 CAP.
760 892 834 932 ιιι.
867 907 938 919 —
964 875 1056 931 25.
1092 875 1244 932 Unde
1284 883 1489 930 natura:
1529 882 1722 930 creatae
1746 874 2034 945 proﬁciant
2061 883 2116 927 et

521 969 785 1039 deﬁciant.
815 998 887 1009 —
915 965 1294 1038 Principaliter
1321 966 1506 1036 itaque
1539 973 1666 1021 tene
1703 978 1921 1021 omnem
1966 973 2117 1020 natu-

522 1075 636 1114 ram
667 1059 759 1128 (at.
801 1043 1129 1130 creaturam)
1169 1072 1294 1128 quae
1339 1073 1448 1113 non
1474 1065 1560 1114 est
1589 1056 1824 1113 Trinitas
1853 1056 2014 1120 Deus,
2046 1056 2117 1112 ab

522 1150 638 1221 ipsa
683 1161 872 1206 sancta
919 1149 1184 1206 'h-initste
1231 1165 1356 1221 qua
1379 1151 1529 1206 solus
1572 1165 1736 1207 verus
1782 1159 1838 1206 et
1881 1157 2116 1206 aeternus

523 1243 668 1300 Deus
697 1252 782 1300 est
807 1251 1047 1300 creatam
1068 1258 1138 1300 es
1166 1243 1357 1299 nihilo.
1391 1242 1470 1299 Ac
1503 1243 1584 1299 sic
1612 1243 1861 1298 universa
1881 1242 1936 1298 in
1965 1241 2118 1298 cmlis

525 1343 582 1390 et
605 1335 660 1389 in
687 1343 849 1402 terra,
879 1335 1114 1391 visibilis
1139 1342 1197 1390 et
1224 1335 1534 1401 invisibilia,
1555 1335 1670 1390 sive
1695 1333 1946 1389 Turonos
1961 1373 1977 1398 ,
2001 1333 2117 1388 sive

524 1427 950 1496 Dominationes,
971 1427 1086 1483 sive
1105 1426 1465 1497 Principatus,
1490 1427 1604 1482 sive
1627 1424 1952 1493 Potestates,
1981 1439 2120 1495 opus

523 1527 688 1589 atque
726 1527 1030 1576 creaturam
1059 1533 1180 1574 esse
1207 1527 1408 1574 sancta:
1439 1517 1718 1573 Trinitatis
1740 1559 1755 1584 ,
1809 1518 1967 1589 511
1998 1532 2120 1588 qua:

523 1619 608 1667 est
635 1628 774 1666 unus
815 1611 960 1667 Deus
987 1626 1170 1667 rerum
1200 1611 1444 1666 omnium
1488 1619 1706 1667 creator
1733 1618 1789 1665 et
1836 1610 2116 1678 Dominus,

524 1717 759 1764 aeternus
787 1748 803 1772 ,
851 1707 1216 1778 omnipotens,
1266 1706 1444 1775 justus
1496 1714 1546 1771 ³,
1577 1713 1634 1761 et
1672 1705 1865 1769 bonus,
1915 1704 2122 1759 habens

523 1800 847 1857 naturaliter
892 1807 956 1853 ut
993 1812 1211 1869 semper
1245 1796 1350 1863 sit,
1393 1805 1451 1853 et
1497 1804 1558 1851 ut
1589 1796 1789 1851 mutari
1829 1793 2122 1864 aliquando

2219 607 2312 647 sus
2339 606 2407 645 ex
2450 589 2618 644 nihilo
2651 607 2663 641 :
2702 603 2886 642 verum
2914 591 3078 644 etiam
3108 591 3252 645 inter
3289 608 3348 648 se
3379 610 3490 648 non
3533 599 3822 665 :equaliter

2219 689 2367 748 sunt,
2390 681 2485 736 sed
2527 694 2864 750 unaquaeque
2893 695 2980 734 res
3017 681 3089 736 ita
3120 693 3401 752 permanet
3439 687 3587 742 sicut
3632 704 3664 742 a
3707 691 3824 745 Deo

2219 767 2432 844 accepit
2455 782 2515 828 ut
2562 782 2711 828 esset
2737 784 2792 840 ο,
2835 774 2938 828 alia
2967 774 3186 843 quidem
3215 777 3320 842 sic,
3352 779 3454 833 alia
3487 789 3675 837 alitem
3719 784 3818 838 sic.

2220 864 2407 934 Neque
2436 864 2580 920 enim
2609 864 2689 918 sic
2718 864 2906 919 datum
2933 873 3019 919 est
3066 867 3390 936 corporibus
3418 877 3478 923 ut
3507 871 3618 924 sint
3637 913 3652 936 ,
3681 872 3826 927 sicut

2220 957 2441 1027 spiritus
2470 965 2796 1026 acceperunt
2828 975 2840 1009 :
2873 972 2994 1012 cum
3041 957 3158 1026 ipsa
3185 974 3404 1030 quoque
3436 976 3672 1032 corpora
3715 981 3826 1020 non

2220 1049 2504 1118 aequaliter
2531 1049 2660 1115 sint,
2689 1058 2752 1104 et
2774 1050 2826 1104 in
2858 1049 2989 1120 ipsis
3015 1051 3327 1108 omlestibus
3350 1063 3518 1124 atque
3544 1061 3830 1113 terrestri-

2222 1143 2324 1196 bus
2349 1141 2654 1196 inveniatur
2683 1141 2950 1196 nonnulla.
2963 1143 3252 1198 diversitas
3286 1163 3300 1196 :
3332 1160 3454 1200 cum
3486 1154 3598 1201 tam
3628 1150 3830 1205 celes-

2224 1233 2297 1286 tia
2323 1247 2483 1302 quam
2517 1233 2814 1297 terrestria,
2843 1248 2954 1288 non
2979 1234 3154 1290 solum
3193 1236 3386 1308 impari
3412 1238 3618 1294 distent
3647 1259 3832 1312 quan-

2223 1321 2390 1376 titate-
2405 1321 2585 1389 molis,
2614 1337 2801 1378 verum
2831 1323 2994 1380 etiam
3022 1323 3268 1380 dissimili
3309 1326 3634 1396 splendeant
3662 1333 3834 1385 clari-

2225 1419 2357 1466 tate.
2388 1409 2505 1464 Alia
2533 1426 2770 1480 namque
2793 1420 2878 1466 est
2897 1452 2912 1479 ,
2943 1411 3086 1467 sicut
3110 1413 3406 1483 Apostolus
3427 1416 3577 1483 dicit,
3605 1420 3836 1476 claritas

2225 1499 2525 1556 emicatium
2553 1515 2864 1570 corporum,
2895 1502 2996 1555 alia
3025 1504 3384 1559 terrestrium.
3422 1506 3480 1560 In
3523 1509 3660 1578 ipsis
3683 1527 3832 1580 quo-

2226 1606 2332 1660 que
2360 1592 2672 1648 celestibus
2700 1593 2808 1646 alia
2857 1593 3072 1648 claritas
3096 1594 3244 1663 solis,
3274 1596 3384 1650 alia
3410 1598 3632 1654 claritas
3661 1602 3829 1669 huc,

2225 1693 2274 1738 et
2302 1685 2410 1742 alia
2439 1685 2651 1739 claritas
2697 1685 2968 1740 stellarum
2999 1702 3017 1739 :
3043 1687 3196 1741 stella
3240 1690 3382 1742 enim
3408 1706 3442 1742 a
3466 1691 3621 1746 stella
3649 1694 3842 1762 dilat-

2227 1783 2282 1834 is
2307 1781 2545 1835 claritate
2572 1779 2628 1852 (I
2658 1768 2780 1835 cor.
2811 1796 2902 1849 xv,
2925 1779 3038 1849 ll).
3069 1780 3441 1852 Corporalium
3472 1786 3646 1856 igitur
3667 1798 3836 1844 natu-

524 1905 633 1949 non
680 1890 868 1962 possit.
914 1887 981 1944 Et
1029 1889 1119 1944 hic
1170 1888 1314 1944 Deus
1335 1927 1351 1952 ,
1403 1887 1497 1958 qui
1547 1887 1666 1942 sine
1702 1887 1856 1941 initio
1904 1900 2125 1955 semper
2154 1904 2205 1966 Β
2230 1889 2410 1928 mrum
2439 1874 2728 1929 divorsius
2753 1873 2994 1929 οοιειιάίι
3030 1888 3466 1946 “nimiminus
3494 1892 3687 1936 ear-tim
3723 1897 3831 1937 non

523 1991 640 2050 est,
697 1981 822 2050 quia
869 1994 1078 2035 summe
1123 1986 1238 2044 est,
1289 1977 1439 2032 dedit
1491 1978 1655 2032 rebus
1725 1992 1755 2030 a
1811 1990 1872 2031 se
1928 1975 2126 2030 creatis

525 2082 587 2128 ut
642 2073 750 2128 sint
802 2089 815 2123 :
853 2086 962 2125 non
1013 2073 1194 2124 tamen
1234 2069 1352 2123 sine
1390 2067 1574 2132 initio,
1615 2065 1742 2134 quia
1784 2065 1931 2119 nulla
1970 2079 2124 2120 crea-

523 2174 650 2220 tura
703 2160 947 2230 ejusdem
1003 2168 1206 2215 natura:
1245 2168 1331 2214 est
1368 2158 1522 2227 cujus
1565 2167 1647 2212 est
1699 2155 1934 2212 Trinitas
1986 2173 2125 2214 unus

525 2269 688 2312 verus
715 2264 774 2310 et
792 2256 967 2310 bonus
996 2253 1138 2308 Deus
1161 2291 1176 2318 ,
1207 2267 1236 2306 a
1266 2267 1375 2322 quo
1421 2257 1602 2306 creata
1640 2257 1768 2304 sunt
1807 2249 2006 2303 omnia.
2057 2248 2126 2303 Et

527 2349 652 2419 quia
682 2362 891 2403 summe
919 2347 1094 2401 bonus
1124 2354 1206 2400 est
1231 2387 1246 2414 ,
1287 2343 1436 2399 dedit
1476 2343 1726 2398 omnibus
1761 2332 1967 2398 naturis
2016 2343 2120 2413 (al.

528 2438 711 2508 rebus)
755 2453 892 2506 quas
921 2436 1048 2492 fecit
1089 2447 1143 2490 ut
1183 2435 1339 2490 home
1384 2434 1531 2488 sint:
1564 2449 1673 2488 non
1703 2441 1884 2488 tamen
1914 2440 2122 2487 tantum

527 2531 688 2585 bona
714 2536 976 2598 quantum
1017 2535 1231 2582 creator
1270 2526 1510 2581 omnium
1553 2525 1822 2580 bonorum
1845 2566 1859 2590 ,
1891 2525 1984 2594 qui
2013 2540 2125 2579 non

530 2622 706 2676 solum
735 2634 944 2674 summe
982 2619 1188 2682 bonus,
1229 2617 1323 2671 sed
1351 2617 1514 2671 etiam
1543 2631 1807 2671 summum
1842 2624 2002 2684 atque
2036 2616 2125 2670 in-

530 2711 912 2768 commutabile
937 2710 1139 2765 bonum
1168 2717 1273 2777 est,
1324 2709 1454 2778 quia
1480 2716 1742 2762 aeternum
1771 2707 1974 2762 bonum
2001 2716 2120 2775 est;

529 2804 736 2863 nullum
762 2804 969 2859 habens
988 2801 1275 2866 defectum,
1312 2801 1438 2869 quia
1467 2815 1576 2856 non
1597 2815 1665 2855 ex
1689 2800 1860 2856 nihilo
1887 2799 2121 2867 factum;

529 2895 734 2955 nullum
761 2895 972 2950 habens
995 2892 1316 2963 profectum,
1347 2891 1472 2960 quia
1499 2906 1610 2946 non
1633 2891 1795 2946 habet
1826 2889 1854 2929 δ
1887 2891 2120 2946 initium.

528 2985 655 3046 Ideo
698 2988 900 3058 quippe
937 2995 1146 3042 natura:
1178 3001 1210 3040 a
1240 2985 1352 3040 Deo
1382 2983 1536 3039 facta:
1583 2985 1847 3054 proiicere
1874 2991 2125 3054 possunt,

531 3079 657 3151 quia
685 3093 806 3134 esse
834 3086 1150 3148 cmperuut;
1194 3075 1317 3132 ideo
1364 3073 1635 3143 deiicere,
1679 3077 1804 3144 quia
1846 3092 1913 3132 ex
1956 3077 2126 3132 nihilo

527 3173 683 3231 factae
710 3181 852 3228 sunt.
885 3171 966 3226 Ad
1005 3171 1272 3226 defectum
1301 3185 1396 3225 eas
1427 3168 1670 3224 conditio
1706 3169 1855 3224 ducit
1882 3170 2122 3238 originis,

529 3266 600 3322 ad
626 3265 930 3336 proiectum
950 3279 1081 3318 vero
1109 3263 1360 3332 provehit
1385 3263 1630 3334 operatio
1655 3260 1946 3318 Creatoris.
1980 3262 2036 3316 lu
2059 3277 2126 3318 eo

528 3357 696 3427 igitur
723 3356 956 3426 primum
985 3353 1296 3419 Trinitatis,
1329 3367 1450 3422 quae
1474 3353 1616 3407 Deus
1640 3367 1801 3408 verus
1829 3359 1941 3416 est,
1971 3360 2129 3407 mter-

530 3449 678 3504 nitas
714 3448 833 3503 sine
865 3447 1019 3502 initio
1050 3444 1308 3500 naturalis
1337 3444 1680 3512 agnoscitur,
1721 3443 1846 3512 quia
1881 3441 2128 3511 quaedam

531 3538 612 3596 ita
642 3538 788 3605 fecit,
819 3544 878 3592 ut
915 3551 1036 3592 cum
1076 3550 1196 3592 esse
1235 3536 1454 3604 quidem
1494 3535 1774 3606 coeperint,
1809 3543 1988 3588 tamen
2019 3549 2129 3588 non

535 3643 658 3686 esse
683 3627 971 3698 aliquando
1000 3643 1109 3682 non
1138 3629 1364 3698 possint.
1406 3627 1462 3682 In
1493 3644 1561 3683 eo
1591 3643 1720 3682 vero
1743 3625 1859 3695 ejus
1883 3627 2130 3696 omnipo-

539 3719 715 3778 tentia
752 3717 1097 3788 intelligitur,
1135 3719 1259 3788 quia
1291 3733 1506 3774 omnem
1534 3727 1836 3773 creaturam
1863 3717 2130 3772 visibilem

535 3821 702 3882 atque
727 3811 1070 3878 invisibilem,
1099 3810 1152 3865 id
1170 3820 1253 3866 est
1277 3810 1616 3880 corporalem
1645 3817 1806 3877 atque
1832 3810 2130 3879 spiritalem

535 3905 605 3959 de
631 3902 800 3958 nihilo
825 3901 976 3968 fecit,
999 3903 1054 3957 in
1080 3902 1276 3972 quibus
1304 3903 1418 3971 ipsa
1445 3915 1626 3955 rerum
1651 3899 1934 3954 diversitas
1959 3901 2130 3955 multo

535 3994 706 4062 magis
747 3992 1092 4048 commendat
1131 3992 1432 4046 bonitatem
1483 3997 1648 4058 atque
1684 3989 2130 4058 omnipotentiam

537 4083 834 4145 Creatoris.
881 4083 992 4138 Nisi
1021 4083 1165 4139 enim
1193 4083 1540 4152 omnipotens
1565 4089 1726 4144 esset,
1759 4096 1866 4135 non
1900 4096 2003 4135 una
2033 4097 2128 4136 ea-

537 4173 771 4241 demque
809 4170 1066 4227 facilitate
1111 4173 1207 4244 (at.
1239 4171 1519 4242 facultate)
1571 4185 1781 4226 summa
1823 4179 1986 4239 atque
2025 4174 2130 4226 ima

541 4263 790 4328 fecisset;
837 4273 894 4318 et
932 4265 1035 4320 nisi
1063 4280 1272 4320 summe
1309 4266 1484 4320 bonus
1509 4273 1674 4334 esset,
1708 4280 1817 4320 non
1845 4281 1904 4320 se
1933 4267 2130 4335 guber-

537 4352 733 4413 ttlndis
761 4353 922 4408 rebus
947 4369 1164 4424 quoque
1192 4355 1389 4410 inlimis
1418 4355 1774 4424 praestitisset.

509 4453 522 4512 ί
577 4497 587 4506 .
614 4451 703 4507 26.
733 4452 965 4523 Corpora
992 4455 1217 4508 calestia
1244 4464 1292 4508 et
1313 4455 1583 4509 terrsstria
1603 4454 1949 4524 differunt.—
1967 4454 2134 4525 Igitur

543 4551 658 4600 tam
689 4544 742 4600 in
769 4545 976 4613 magnis
997 4559 1160 4614 quam
1197 4546 1254 4599 in
1278 4545 1460 4616 parvis
1486 4545 1787 4616 quibusque
1810 4546 1971 4603 rebus
1999 4565 2134 4605 con.-

539 4641 687 4709 ditis,
721 4653 916 4712 magna
937 4649 1023 4697 est
1049 4642 1261 4699 bonitas
1283 4649 1446 4714 atque
1469 4643 1860 4715 omnipotentis
1882 4643 2138 4705 Condito-

541 4745 640 4801 ris.
669 4745 862 4802 Omnia
891 4746 1034 4801 enim
1064 4746 1334 4816 sapienter
1361 4746 1491 4802 fecit
1533 4763 1742 4803 summa
1785 4764 2020 4819 veraque
2045 4766 2136 4806 sa-

539 4847 764 4921 pientia,
795 4846 882 4901 cui
939 4845 1254 4904 naturaliter
1283 4848 1386 4904 hoc
1415 4856 1498 4903 est
1547 4863 1689 4917 esse,
1721 4850 1869 4920 quod
1921 4851 2133 4922 sapien-

545 4947 661 5008 tem
689 4964 835 5013 esse;
859 4948 966 5005 hoc
989 4947 1188 5016 facere,
1220 4950 1366 5021 quod
1390 4951 1666 5022 sapienter
1689 4951 1884 5008 facere.
1910 4952 2132 5024 Simpli-

543 5041 678 5112 citas
699 5049 882 5122 itaque
909 5048 1220 5122 multiplicis
1245 5052 1526 5124 sapientia:
1553 5052 1685 5122 Dei,
1709 5054 2134 5125 magnitudinem

542 5139 875 5236 celsitudinis
900 5169 1008 5209 suae
1028 5195 1043 5221 ,
1078 5167 1186 5210 non
1235 5153 1412 5209 solum
1461 5153 1516 5210 in
1544 5155 1919 5224 magnitudine
1961 5157 2130 5213 subli-

539 5253 708 5308 mium
750 5260 1141 5321 creaturarum,
1171 5268 1361 5310 verum
1391 5254 1558 5309 etiam
1588 5255 1644 5310 in
1670 5254 1978 5312 inﬁmarum
2005 5273 2134 5328 par-

540 5355 712 5414 vitate
753 5353 1092 5412 commendat
1119 5371 1132 5406 :
1156 5354 1282 5410 dum
1329 5355 1473 5412 bona
1523 5357 1703 5412 omnia
1743 5372 1866 5426 quae
1908 5359 2131 5427 creavit,

541 5468 654 5512 non
682 5454 858 5512 solum
885 5455 1057 5512 multo
1105 5457 1327 5514 inferius
1380 5458 1801 5532 dissimiliusth
1849 5476 1950 5520 suo
1977 5477 2134 5521 crea-

585 5669 640 5732 Ἥ
668 5658 800 5732 μω.
829 5664 1064 5728 quatuor
1087 5675 1198 5732 n_on
1222 5661 1426 5716 habent
1442 5661 1637 5732 justus.

590 5729 642 5771 -δ
661 5729 754 5804 δίο
801 5727 929 5785 mss.
947 5746 1078 5804 ser.
1102 5729 1241 5804 Editi
1269 5727 1483 5804 autem,
1513 5733 1633 5804 quia
1680 5727 1878 5785 nullam
1905 5729 2118 5788 habens.

617 5812 641 5842 ε
665 5802 756 5857 Sic
781 5818 885 5858 ms.
935 5801 1094 5856 Corb.
1126 5802 1194 5854 At
1221 5803 1343 5856 edd.
1366 5842 1380 5866 ,
1412 5801 1534 5856 cum’
1555 5819 1656 5855 non
1706 5811 1860 5873 esset,
1903 5805 2118 5873 accepit.

547 5869 670 5939 Mss.
715 5873 804 5933 alii
842 5873 972 5940 duo,
999 5889 1114 5926 cum
1154 5883 1303 5935 esset,
1339 5873 1476 5927 forte
1517 5872 1802 5940 referendo
1833 5874 1901 5928 ad
1931 5869 2115 5929 Deum.

614 5945 639 5983 ά
662 5942 834 6000 Vatis.
859 5939 988 6009 duo,
1014 5939 1149 6007 Quia
1170 5944 1234 5997 si.
1266 5943 1493 6014 Reliqui,
1523 5939 1671 6007 Quod
1695 5943 1761 5999 si.

2229 1969 2337 2022 boc
2376 1982 2496 2022 esse
2543 1967 2690 2037 quod
2729 1983 2799 2022 ex
2842 1982 2904 2023 se
2928 1982 3148 2038 semper
3189 1968 3392 2026 habere
3434 1975 3703 2042 potuerit,
3736 1975 3838 2030 sed-

2229 2058 2373 2128 quod
2402 2060 2498 2130 (al.
2529 2059 2678 2128 quia)
2709 2074 2775 2113 ex
2804 2059 3160 2129 dispositione
3186 2069 3348 2131 atque
3376 2079 3546 2134 opere
3568 2069 3830 2138 omnipo-

2230 2150 2518 2205 tentissimi
2577 2158 2742 2219 atque
2807 2150 3261 2207 incommutabilis
3316 2161 3373 2208 et
3437 2156 3829 2226 sapientissimi

2231 2241 2504 2299 Creatoris
2545 2243 2778 2313 accepit.

2303 2339 2464 2408 512
2490 2335 2582 2390 27.
2601 2335 2741 2390 Deus
2771 2334 2977 2404 ubique.
3000 2335 3238 2406 —Quod
3260 2341 3308 2396 si
3327 2338 3355 2379 δ
3377 2343 3540 2399 unius
3560 2343 3828 2415 ejusdem-

2230 2443 2336 2498 que
2364 2435 2569 2490 naturae
2598 2435 2746 2484 esset
2780 2427 3036 2497 quaelibet
3092 2439 3340 2487 creatura
3370 2437 3699 2505 corporalis,
3733 2454 3827 2493 cu-

2225 2518 2315 2588 jus
2335 2526 2419 2573 est
2446 2527 2632 2574 sancta
2653 2517 2910 2582 Trinitas,
2938 2534 3060 2592 quae
3081 2537 3220 2578 unus
3239 2533 3325 2578 est
3345 2523 3516 2592 Deus;
3546 2543 3652 2584 nec
3676 2529 3826 2586 loca-

2227 2609 2352 2664 liter
2407 2609 2462 2663 in
2510 2609 2633 2666 loco
2679 2619 2841 2677 esset,
2874 2625 2976 2668 nec
3004 2615 3267 2684 temporis
3315 2619 3678 2676 mutationem
3729 2621 3825 2675 ali-

2230 2700 2450 2770 quando
2471 2702 2719 2770 sentiret,
2747 2718 2848 2760 nec
2875 2705 2945 2760 de
2973 2705 3094 2761 loco
3116 2706 3187 2761 ad
3211 2707 3391 2763 locum
3420 2711 3701 2777 transiret,
3732 2728 3828 2768 nee

2231 2794 2767 2850 ciemuscriberetur
2793 2795 3098 2866 quantitate
3143 2799 3304 2855 molis
3328 2815 3457 2856 suae.
3483 2801 3618 2868 Qua:
3646 2805 3828 2862 omnia

2231 2889 2524 2946 ostendunt
2551 2890 2928 2960 hujuscemodi
2957 2901 3273 2947 naturarum
3322 2894 3474 2950 illum
3501 2911 3625 2952 esse
3664 2897 3826 2967 opill-

2230 2995 2372 3046 cem,
2403 2982 2489 3036 cui
2520 2982 2696 3037 nullus
2742 2983 2884 3038 latus
2927 2993 3022 3038 aut
3051 2994 3310 3054 angustus
3352 2987 3506 3043 locus
3551 2998 3666 3054 est,
3701 2991 3827 3062 quia

2230 3087 2340 3128 non
2368 3073 2546 3128 minus
2568 3073 2623 3127 in
2652 3075 2893 3142 angustis
2935 3090 3097 3145 quam
3125 3077 3178 3130 in
3224 3077 3348 3134 latis
3376 3086 3523 3134 totus
3568 3089 3693 3147 est;
3728 3097 3829 3138 nec

2230 3172 2472 3219 mutatur
2499 3173 2765 3235 tempore,
2795 3165 2921 3236 quia
2943 3167 3090 3222 solus
3112 3177 3294 3238 potest
3315 3169 3590 3226 volumina
3623 3180 3827 3244 tempo-

2232 3273 2372 3319 rum,
2397 3273 2506 3312 non
2530 3258 2813 3328 temporali
2843 3257 3181 3314 volubilitate
3206 3271 3230 3299 ε
3251 3301 3266 3327 ,
3301 3259 3400 3316 sed
3429 3272 3635 3318 ater-na
3655 3265 3826 3320 stabi-

2234 3348 2383 3403 litate
2429 3347 2758 3403 mirabiliter
2775 3349 3066 3404 ordinare:
3101 3366 3278 3420 neque
3327 3353 3472 3408 enim
3492 3354 3550 3408 in
3581 3363 3829 3426 tempore

2234 3441 2436 3509 cogitat
2463 3440 2921 3511 quemadmodum
2961 3449 3269 3514 temporum
3316 3446 3485 3501 series
3512 3462 3700 3502 rerum
3734 3448 3829 3503 de—

2235 3531 2482 3588 cessione
2509 3548 2572 3588 ac
2593 3534 2938 3590 successione
2960 3543 3326 3604 transcurrat;
3358 3553 3460 3594 nec
3499 3539 3682 3610 aliqua
3712 3557 3828 3596 mo-

2236 3622 2304 3676 lis
2334 3623 2637 3691 quantitate
2661 3625 3000 3690 terminatur,
3031 3627 3156 3694 quia
3187 3627 3336 3682 nullo
3363 3627 3382 3665 ί
3417 3628 3524 3684 line
3553 3629 3828 3685 concludi-

2234 3722 2350 3779 tur;
2379 3729 2558 3784 neque
2583 3729 2680 3784 per
2708 3715 2893 3770 mundi
2936 3724 3122 3788 partes
3169 3718 3415 3788 partibus
3453 3719 3568 3774 suis
3596 3729 3684 3776 est
3714 3721 3830 3791 ipse

2234 3802 2479 3872 difusus,
2503 3812 2561 3859 ut
2585 3804 2820 3874 majores
2840 3807 3025 3862 mundi
3047 3817 3230 3878 partes
3255 3811 3366 3864 suis
3395 3811 3692 3880 majoribus
3730 3812 3829 3865 im-

2233 3894 2398 3965 pleat,
2431 3904 2487 3950 et
2514 3895 2753 3952 minores
2781 3899 3079 3954 minoribus
3108 3900 3404 3970 implendo,
3431 3917 3700 3972 nusquam
3744 3913 3828 3956 ta-

2234 4002 2359 4042 men
2384 3996 2530 4044 totus
2573 4004 2632 4044 se
2663 3987 2927 4046 infundat.
2955 3990 3076 4062 ipse
3104 3992 3249 4047 enim
3288 4002 3370 4049 est
3397 3993 3538 4049 Deus
3568 3994 3661 4065 qui
3704 3993 3782 4048 ait
3812 4012 3825 4046 :

2237 4079 2430 4134 Caelum
2457 4090 2506 4134 et
2535 4088 2727 4134 terram
2757 4097 2850 4151 ego
2889 4082 3077 4151 impleo
3122 4081 3256 4154 (Jer.
3293 4099 3444 4147 mn,
3473 4083 3589 4152 ει).
3633 4083 3829 4138 Omnia

2237 4171 2403 4240 igitur
2431 4187 2550 4242 quae
2580 4172 2728 4239 fecit,
2761 4172 2814 4226 id
2863 4181 2946 4227 est
2973 4174 3195 4244 spiritus
3225 4184 3280 4229 et
3327 4189 3586 4246 corpora,
3615 4191 3832 4231 summa

2239 4272 2294 4318 et
2315 4264 2441 4326 ima,
2475 4263 2715 4318 caelestia
2745 4273 2905 4334 atque
2933 4266 3235 4335 terrestria,
3260 4268 3494 4323 viventia
3511 4309 3525 4334 ,
3552 4277 3610 4324 et
3635 4270 3832 4338 quibus

2239 4353 2549 4408 facultatem
2599 4353 2813 4408 vivendi
2863 4370 2972 4410 non
3019 4355 3205 4422 dedit,
3239 4357 3582 4414 inell'abiliter
3631 4361 3830 4432 ubique

2241 4458 2385 4505 totus
2408 4449 2667 4504 Dominus
2695 4451 2838 4505 Deus
2860 4457 2917 4506 et
2946 4451 3132 4520 implet
3160 4460 3214 4507 et
3236 4454 3512 4519 continet;
3543 4470 3648 4510 nec
3680 4456 3734 4509 in
3766 4456 3830 4512 iis

2240 4555 2362 4610 quae
2387 4541 2700 4596 dividuntur
2726 4542 2840 4611 ipse
2868 4542 3143 4609 dividitur,
3176 4559 3276 4599 nec
3299 4545 3351 4599 in
3375 4535 3440 4602 iis
3469 4562 3591 4615 qua:
3620 4556 3829 4604 mutan-

2244 4640 2334 4686 tur
2375 4632 2484 4686 ulla
2531 4633 2832 4688 mutatione
2884 4633 3143 4689 variatur.
3173 4634 3284 4690 Nisi
3315 4637 3459 4690 enim
3509 4638 3828 4696 naturaliter

2244 4723 2701 4779 incommutabilis
2727 4725 2844 4796 ipse
2868 4733 3033 4790 esset,
3066 4741 3341 4796 nunquam
3371 4728 3426 4781 in
3455 4728 3620 4784 rebus
3648 4737 3825 4786 muta-

2239 4815 2436 4871 bilibus
2459 4816 2594 4872 ordo
2619 4816 2838 4886 quidam
2861 4817 3076 4874 consilii
3112 4834 3175 4874 ac
3203 4819 3573 4890 dispositionis
3602 4819 3722 4889 ejus
3749 4821 3828 4875 in-

2236 4909 2632 4965 commutabilis
2659 4918 3024 4980 permaneret.

2305 5001 2394 5056 28.
2437 5002 2575 5057 Deus
2603 5005 2832 5058 omnium
2857 5005 2978 5058 vita.
3011 5035 3082 5045 —
3109 5003 3252 5060 Deus
3293 5003 3455 5076 igitur
3485 4991 3682 5061 rerum.
3709 5020 3829 5063 cor-

2241 5110 2527 5167 porearum
2558 5102 2722 5165 atque
2749 5095 3196 5166 incorporearum
3245 5103 3459 5154 creator
3506 5095 3822 5164 immensus,

2242 5203 2308 5242 eo
2349 5187 2580 5258 primum
2611 5203 2669 5242 se
2723 5188 2922 5242 nullum
2972 5203 3092 5244 esse
3138 5203 3334 5260 corpus
3389 5188 3661 5255 ostendit,
3703 5191 3828 5262 quia

2243 5280 2562 5348 quibusdam
2593 5281 2910 5350 corporibus
2930 5281 3095 5335 vitam
3117 5297 3224 5336 non
3253 5279 3422 5350 dedit,
3453 5296 3575 5336 cum
3599 5295 3827 5352 corpora

2244 5373 2425 5427 omnia
2446 5375 2562 5443 ipse
2587 5373 2871 5428 creaverit.
2898 5372 3019 5443 ipse
3041 5381 3222 5428 autem
3247 5371 3570 5428 naturaliter
3585 5373 3696 5426 vita
3725 5381 3824 5438 est,

2245 5466 2444 5543 quia’si
2469 5468 2578 5524 vita
2603 5482 2714 5523 non
2733 5475 2898 5534 esset,
2931 5481 3038 5522 non
3058 5467 3293 5522 viventia
3317 5481 3549 5537 corpora
3575 5467 3698 5537 ipse
3721 5480 3824 5522 non

2302 5673 2326 5738 ξ
2356 5663 2454 5738 Ms.
2482 5665 2668 5738 Gorb.,
2692 5681 2798 5720 non
2827 5669 3098 5738 temporali
3129 5667 3414 5738 voluntate.

2304 5734 2322 5773 π
2353 5734 2444 5792 Sic
2471 5736 2708 5810 βαίη-»μ
2732 5753 2862 5810 mss.
2885 5734 3140 5806 quatuor,
3157 5736 3446 5810 quiaaalla
3468 5734 3819 5810 οοιξοᾱιᾱὲωτς

2225 5810 2416 5934 ειιρρὲῗ
2441 5811 2593 5864 mole.
2627 5806 2796 5863 Vatic.
2830 5803 2996 5874 unus,
3021 5803 3141 5881 quia
3169 5803 3314 5864 nullo
3342 5808 3500 5872 loco;
3530 5806 3689 5872 alter,

2227 5893 2261 5931 a
2291 5893 2360 5936 nu
2406 5894 2455 5936 0.
