4050 6466
615 394 721 453 687

1671 390 1726 445 S.
1758 386 2121 446 FULGENTII
2159 385 2466 447 EPISCOPI
2503 389 2877 453 RUSPENSIS
3754 412 3836 472 ω

617 509 819 579 angelis
845 507 1064 581 quidem
1093 509 1197 564 hoc
1226 505 1492 578 disposuit
1519 511 1574 560 et
1605 503 1848 573 implevit
1871 543 1887 568 ,
1926 511 1985 558 ut
2012 519 2059 558 ει
2087 505 2209 574 quis
2235 508 2288 566 Α
2314 512 2529 560 catores
2557 508 2781 577 angelos
2805 550 2823 576 ,
2869 517 2925 565 et
2954 509 3023 565 ad
3042 509 3360 581 judicandos
3387 515 3624 574 homines
3640 519 3767 579 vivos
3793 538 3836 585 ei

616 619 804 660 eorum
829 601 1128 656 bonitatem
1154 598 1447 654 voluntatis
1476 595 1747 668 perderet,
1780 609 2052 666 nunquam
2084 609 2204 653 eam

616 694 796 749 rlivino
825 706 1052 746 munere
1081 701 1103 728 ⁸
1136 697 1435 760 repararet.

684 784 771 839 51.
815 784 946 838 Pars
993 782 1174 851 itaque
1212 780 1526 848 angelorum
1575 793 1696 849 quae
1739 793 1770 833 a
1812 793 1911 834 suo
1957 786 2205 835 creatore

615 877 747 941 Deo,
778 889 886 944 quo
913 873 1030 929 solo
1060 873 1204 928 bono
1234 872 1390 926 beata
1421 870 1523 924 fuit
1555 870 1615 935 ι»,
1649 869 1950 926 voluntaria
1981 883 2204 940 prorsus

611 967 895 1027 aversione
925 964 1172 1020 discessit
1198 1006 1213 1031 ,
1253 963 1524 1034 mquitatis
1553 978 1798 1034 superna:
1822 962 2025 1032 judicio
2050 1004 2066 1030 ,
2103 962 2206 1016 ini-

611 1060 747 1115 tium
777 1071 884 1112 sua:
924 1055 1286 1111 damnationis
1335 1055 1388 1109 in
1438 1055 1554 1125 ipsa
1603 1055 1884 1110 aversione
1911 1053 2205 1111 voluntatis

609 1152 818 1208 invenit
851 1169 863 1205 :
896 1159 955 1205 ut
983 1165 1091 1205 non
1121 1148 1262 1203 aliud
1296 1148 1347 1202 ei
1390 1156 1535 1203 esset
1565 1148 1804 1218 incipere
1846 1147 1956 1217 jam
2004 1147 2200 1219 puniri,

603 1259 773 1315 quam
803 1243 943 1298 illius
968 1240 1206 1297 beatiﬁci
1238 1240 1365 1294 boni
1394 1239 1684 1295 dilectione
1728 1239 1947 1294 destitui
1975 1257 1990 1305 ;
2042 1255 2205 1309 quam

609 1335 754 1392 Deus
780 1337 831 1391 in
861 1343 1062 1390 aeterno
1091 1333 1171 1388 sic
1198 1341 1369 1387 totam
1399 1332 1658 1403 praecepit
1689 1346 1967 1387 remanere
1996 1331 2204 1403 suppli-

607 1429 726 1494 cio,
759 1438 818 1483 ut
847 1429 1007 1484 etiam
1036 1427 1213 1495 ignem
1243 1427 1293 1481 ei
1321 1410 1584 1480 mternum
1615 1432 1829 1496 pararet
1862 1443 1873 1477 :
1906 1425 1959 1478 in
1989 1439 2096 1495 quo
2127 1424 2205 1478 illi

603 1535 800 1576 omnes
853 1520 1298 1590 praevaricatores
1356 1519 1532 1588 angeli
1580 1534 1679 1575 nec
1733 1518 1874 1573 mala
1925 1519 2206 1573 voluntate

603 1611 820 1684 possint
844 1626 1078 1680 unquam
1109 1625 1325 1674 carere,
1357 1625 1459 1665 nec
1482 1625 1642 1680 poena
1668 1628 1684 1677 ;
1734 1609 1829 1665 sed
1855 1617 2206 1680 permanente

603 1703 662 1758 in
708 1702 787 1758 eis
839 1702 1049 1771 injustze
1096 1702 1395 1757 aversionis
1442 1702 1623 1767 malo,
1674 1710 1992 1772 permaneat
2038 1700 2206 1756 etiam

537 1806 554 1820 ‘
603 1793 762 1865 iusta:
784 1793 1152 1848 retributionis
1168 1801 1370 1848 :cterna
1391 1791 1688 1848 damnatio.
1713 1791 1919 1847 Horum
1939 1791 2204 1846 malorum

2306 605 2550 654 mortuos
2577 598 2810 656 ﬁdeliter
2831 612 3230 674 exspectamus.
3263 606 3511 665 Testatur
3534 613 3663 668 enim
3687 617 3835 678 beatus

2307 683 2501 778 Petrus
2533 688 2660 758 quia
2700 689 2841 746 Deus
2889 693 3093 761 angelis
3126 697 3467 764 peccantibus
3501 715 3601 756 non
3627 710 3835 778 pepercit,

2306 776 2402 832 sed
2432 779 2736 834 carceribus
2764 781 3008 850 caliginis
3036 781 3228 839 inferni
3253 785 3558 854 detrudens,
3590 793 3776 850 tradidit
3796 776 3835 854 ii

2302 867 2508 940 judicio
2535 872 2836 942 puniendos
2863 877 3128 931 reservari
3160 876 3247 946 (11
3271 877 3418 934 Petr.
3451 881 3592 952 πμ).
3611 882 3677 938 De
3696 885 3834 943 homi-

2308 964 2465 1020 nibus
2492 981 2707 1036 quoque
2734 967 2868 1024 vivis
2895 983 2960 1024 ac
2985 971 3211 1024 mortuis
3234 971 3530 1040 judicandis
3552 976 3718 1032 beatus
3737 979 3836 1036 Pau-

2309 1053 2393 1110 lus
2420 1055 2525 1110 hoc
2553 1057 2630 1112 ait
2656 1075 2670 1110 :
2698 1057 2974 1130 Testiﬁcor
3002 1077 3178 1115 coram
3206 1060 3315 1118 Deo
3343 1074 3394 1118 et
3423 1063 3613 1121 Christo
3635 1068 3756 1135 Iesu,
3773 1074 3836 1140 qui

2301 1148 2632 1220 judicaturus
2678 1164 2758 1206 est
2804 1155 2941 1209 vivos
2983 1163 3032 1209 et
3070 1166 3301 1212 mortuos
3326 1197 3341 1223 ,
3381 1168 3430 1212 et
3457 1177 3546 1231 per
3573 1172 3595 1210 tt
3620 1163 3835 1218 adventant

2307 1241 2472 1312 ipsius
2499 1250 2549 1296 et
2592 1260 2807 1314 regnum
2843 1245 2956 1316 ejus
2995 1244 3088 1316 (II
3115 1245 3248 1300 Tim.
3279 1264 3352 1310 tv,
3382 1248 3455 1318 l).
3503 1249 3557 1304 In
3601 1250 3733 1319 cujus
3767 1251 3837 1305 ad-

2309 1341 2472 1387 ventu
2501 1333 2570 1389 ab
2611 1334 2703 1389 illo
2728 1335 2887 1406 primi
2915 1337 3149 1393 hominis
3179 1354 3410 1410 corpore
3431 1342 3570 1410 quod
3596 1343 3679 1408 (at.
3697 1344 3836 1415 quem)

2311 1420 2453 1478 Deus
2471 1422 2538 1478 de
2560 1431 2704 1479 terra
2734 1425 3040 1496 plasmavit,
3061 1443 3232 1497 usque
3259 1429 3328 1483 ad
3357 1430 3588 1486 omnium
3615 1432 3835 1488 hominum

2311 1527 2542 1584 corpora
2566 1555 2582 1579 ,
2620 1529 2740 1584 qua:
2779 1517 3015 1572 animata
3045 1518 3373 1588 quandoque
3399 1520 3574 1576 vivere
3597 1530 3834 1592 eruperunt,

2311 1602 2382 1656 ab
2407 1603 2500 1658 illo
2527 1605 3023 1672 resuscitabuntur,
3062 1623 3094 1663 a
3122 1625 3230 1680 quo
3259 1619 3517 1679 operante
3540 1620 3702 1667 creata
3725 1621 3830 1668 sunt.

2311 1695 2534 1766 Singula
2560 1715 2693 1755 vero
2722 1715 2954 1772 corpora
2983 1701 3087 1756 illis
3133 1703 3358 1771 singulis
3392 1705 3500 1759 suis
3527 1705 3765 1759 animabus
3797 1706 3835 1761 in

2312 1790 2709 1845 resurrectione
2739 1790 3032 1847 reddentur
3049 1833 3064 1858 ,
3087 1807 3222 1862 quas
3244 1793 3300 1848 in
3331 1794 3611 1860 maternis,
3634 1802 3684 1848 ut
3701 1794 3836 1850 vivere

605 1887 861 1958 princeps
889 1885 1138 1941 diabolus
1167 1886 1371 1956 primos
1398 1885 1646 1941 homines
1670 1925 1685 1950 ,
1733 1900 1870 1955 quos
1900 1884 1967 1940 ad
1997 1883 2208 1955 peccati
2241 1897 2287 1959 Β
2315 1877 2654 1949 inciperent,
2691 1881 2969 1937 ventribus
3007 1882 3210 1938 habere
3246 1893 3526 1955 eruperunt
3562 1903 3574 1936 :
3603 1892 3657 1938 ut
3684 1885 3835 1940 scilicet

603 1979 966 2051 praecipitium
1000 1989 1022 2016 ο
1054 1977 1264 2032 invidus
1291 1977 1477 2040 duxit,
1511 1993 1620 2032 non
1649 1977 1728 2033 eis
1758 1984 1994 2042 tantum,
2027 1975 2123 2031 sed
2151 1983 2208 2030 et

609 2073 875 2127 universae
898 2071 1180 2140 propagini
1201 2085 1389 2124 eorum
1419 2085 1542 2124 cum
1568 2070 1700 2124 vitio
1729 2069 1936 2141 peccati
1958 2069 2208 2124 meritum

604 2163 802 2218 mortis
851 2161 1094 2215 inseruit.
1145 2160 1285 2215 Deus
1336 2169 1517 2215 autem
1567 2160 1872 2216 misericors
1916 2168 1972 2214 et
2011 2160 2206 2229 justus,

607 2255 750 2312 sicut
777 2253 994 2309 diabolo
1025 2260 1082 2307 et
1114 2252 1321 2321 angelis
1363 2251 1479 2321 ejus
1507 2253 1726 2323 propria
1755 2251 2070 2307 cadentibus
2107 2267 2208 2306 vo-

608 2345 836 2410 luntate,
863 2352 1089 2399 cznteros
1117 2343 1340 2412 angelos
1367 2343 1420 2397 in
1447 2359 1557 2397 sua:
1580 2343 1883 2398 dilectionis
1906 2343 2210 2398 mternitate

613 2435 880 2503 ﬁrmavit,
913 2435 992 2490 sic
1021 2435 1185 2489 etiam
1227 2434 1448 2487 humani
1483 2435 1696 2502 generis
1730 2449 1964 2488 massam
1995 2448 2103 2488 non
2133 2441 2212 2488 to-

608 2535 724 2584 tam
771 2529 822 2580 in
853 2526 1242 2596 sempiternum
1269 2525 1450 2595 perire
1475 2525 1740 2596 permisit,
1769 2524 1863 2580 sed
1891 2540 2027 2593 quos
2056 2521 2083 2561 ά
2114 2539 2208 2578 vo-

609 2617 712 2676 luit
739 2617 855 2688 ejus
881 2618 1115 2686 gratuita
1140 2618 1378 2684 bonitas,
1409 2617 1639 2687 repulsis
1671 2618 1906 2673 tenebris
1934 2617 1988 2671 in
2013 2616 2208 2685 quibus

607 2709 786 2766 omnis
808 2709 1041 2762 humana
1068 2707 1318 2761 nativitas
1343 2708 1553 2776 peccati
1580 2708 1854 2776 originalis
1882 2706 2209 2762 condemna-

606 2800 761 2854 tione
805 2807 1072 2864 versatur,
1115 2795 1452 2854 reducendos
1492 2800 1651 2869 515
1700 2796 2098 2868 praedestinavit
2140 2794 2208 2849 ad

609 2888 789 2946 lucem
822 2907 835 2941 :
870 2890 923 2943 in
953 2903 1020 2944 co
1051 2889 1322 2959 praecipue
1349 2887 1732 2944 demonstrans
1763 2889 1909 2958 quod
1939 2888 2071 2943 istos
2099 2887 2208 2942 ori-

610 2981 802 3051 ginalis
848 2980 1055 3051 peccati
1105 2980 1333 3036 vinculis
1396 2979 1634 3034 indebita
1683 2981 1857 3048 gratia
1907 2979 2210 3035 liberatoris

609 3073 950 3138 absolveret;
999 3088 1120 3127 cum
1165 3073 1302 3126 alios
1327 3113 1342 3138 ,
1384 3079 1442 3127 et
1473 3087 1634 3143 quam
1673 3072 1907 3126 maxime
1934 3071 2206 3142 parvulos,

613 3165 810 3236 quibus
845 3163 989 3218 nulla
1029 3172 1257 3233 possunt
1286 3163 1367 3217 vel
1411 3162 1551 3217 bona
1585 3163 1669 3217 vel
1701 3163 1838 3216 mala
1871 3163 2048 3218 inesse
2083 3179 2210 3234 pro-

2318 1971 2512 2027 animae
2539 1972 2591 2027 in
2616 1973 2710 2029 illo
2735 1975 2982 2031 examine
3005 1975 3138 2045 justi
3167 1975 3372 2032 iudicis
3394 1976 3651 2033 in'eisdem
3668 1976 3835 2046 singulis

2315 2063 2634 2132 corporibus
2673 2064 2784 2118 suis
2825 2065 3094 2135 accipiant
3133 2067 3560 2133 retributionem,
3587 2068 3685 2124 sive
3709 2066 3835 2138 regni,

2312 2151 2428 2206 sive
2449 2152 2722 2222 supplicii,
2747 2154 2800 2208 in
2825 2155 3020 2223 quibus
3039 2156 3154 2212 sive
3174 2157 3374 2212 bonam
3387 2198 3402 2223 ,
3425 2158 3536 2214 sive
3556 2159 3726 2214 malam
3744 2173 3834 2228 qua-

2313 2245 2522 2300 litatem
2545 2246 2669 2301 vitae
2699 2248 2983 2318 praesentis
3007 2247 3334 2305 habuerunt.

2388 2336 2476 2391 3d.
2513 2337 2674 2410 Origo
2706 2341 2824 2394 vita:
2852 2341 3026 2396 malae.
3055 2371 3128 2382 —
3146 2340 3392 2409 Qualitas
3415 2350 3585 2398 autem
3605 2342 3735 2399 male:
3750 2342 3834 2397 vita.

2311 2430 2380 2484 ab
2404 2430 2714 2486 infidelitate
2742 2431 2946 2502 incipit,
2978 2445 3098 2505 qua:
3118 2434 3186 2489 ab
3216 2435 3493 2502 originalis
3525 2435 3704 2504 peccati
3724 2441 3833 2488 reatu

2312 2519 2525 2575 initium
2553 2523 2736 2576 sumit.
2785 2521 2842 2576 ln
2880 2538 2990 2592 quo
3020 2524 3264 2594 quisquis
3301 2525 3485 2594 incipit
3515 2525 3583 2578 ita
3612 2525 3773 2587 vivere,
3795 2530 3833 2578 ut

2313 2621 2442 2667 ante
2470 2611 2620 2667 ﬁniat
2640 2614 2807 2669 vitam
2828 2631 2989 2686 quam
3011 2617 3078 2671 ab
3101 2616 3218 2686 ejus
3237 2618 3562 2686 obligatione
3579 2618 3786 2682 solvatur,
3801 2617 3832 2672 si

2311 2703 2472 2757 unius
2505 2703 2613 2758 diei
2651 2705 2736 2760 vel
2775 2705 2935 2761 unius
2967 2707 3116 2762 hora:
3144 2709 3323 2777 spatio
3345 2709 3520 2764 anima
3556 2709 3636 2763 illa
3672 2707 3776 2762 vixit
3793 2705 3833 2761 in

2312 2810 2565 2866 corpore,
2597 2812 2821 2854 necesse
2851 2807 2934 2854 est
2961 2813 3081 2853 eam
3109 2815 3232 2855 cum
3256 2800 3452 2856 eodem
3487 2815 3692 2872 corpore
3714 2799 3834 2853 inter-

2311 2887 2584 2942 minabilia
2608 2888 2868 2956 gehennae
2909 2890 3170 2960 supplicia
3211 2891 3513 2958 sustinere,
3545 2891 3626 2946 ubi
3650 2886 3834 2943 diabolus

2311 2993 2434 3035 cum
2463 2979 2669 3047 angelis
2696 2979 2807 3034 suis
2835 2979 2889 3036 in
2917 2988 3178 3036 aeternum
3206 2997 3431 3036 arsurus
3459 2989 3570 3048 est,
3592 2979 3670 3049 qui
3693 2987 3736 3034 et
3757 2976 3834 3047 pri-

2312 3085 2432 3123 mus
2456 3071 2717 3140 peccavit,
2754 3078 2809 3124 et
2836 3079 3116 3140 peccatum
3142 3071 3334 3142 primis
3361 3070 3647 3126 hominibus
3672 3080 3833 3138 persua-

2312 3161 2384 3216 sit
2417 3179 2428 3212 :
2465 3161 2551 3214 ubi
2583 3176 2701 3216 cum
2733 3176 2798 3216 eo
2838 3161 2998 3216 etiam
3041 3161 3319 3217 fornicarii
3342 3201 3358 3226 ,
3399 3161 3549 3216 idolis
3584 3159 3833 3225 servientes,

610 3255 743 3326 prim
772 3255 966 3308 merita
999 3264 1023 3291 ο
1054 3253 1380 3320 voluntatis,
1409 3253 1682 3308 insolubili
1711 3269 1857 3309 nexu
1883 3264 2086 3310 :cterna
2114 3257 2211 3310 da-
2239 3267 2284 3331 ρ
2316 3253 2578 3320 adulteri,
2623 3253 2848 3318 molles,
2897 3253 3260 3310 masculorum
3306 3253 3678 3316 concubitores,
3713 3247 3833 3310 fures.

612 3347 820 3400 mnatiu
849 3345 1127 3398 retineret.

689 3434 777 3488 '52.
800 3433 962 3488 Bona:
983 3449 1201 3503 quoque
1220 3433 1518 3490 voluntatis
1538 3442 1594 3489 et
1615 3434 1958 3502 cogitationis
1981 3435 2210 3502 initium,

615 3541 729 3582 non
755 3525 964 3580 homini
990 3540 1058 3579 ex
1083 3526 1264 3596 seipse
1293 3526 1460 3588 nasci,
1494 3523 1589 3580 sed
1618 3525 1890 3590 divinitus,
1921 3534 1974 3579 et
2005 3541 2214 3595 praepa-

615 3619 759 3684 rari,
800 3626 855 3673 et
886 3619 1047 3673 tribui
1074 3619 1130 3673 in
1165 3633 1232 3674 eo
1275 3618 1416 3674 Deus
1455 3617 1737 3672 evidenter
1766 3617 2040 3684 ostendit,
2070 3618 2215 3687 quod

615 3726 794 3779 neque
834 3708 1078 3766 diabolus
1103 3750 1118 3775 ,
1160 3724 1336 3780 neque
1375 3709 1572 3778 aliquis
1613 3709 1925 3777 angelorum
1963 3708 2077 3777 ejus
2100 3750 2114 3773 ,
2148 3723 2217 3763 ex

615 3817 727 3872 quo
752 3801 920 3856 ruinas
950 3801 1094 3856 illius
1123 3801 1321 3856 merito
1352 3799 1406 3854 in
1431 3800 1571 3854 hanc
1600 3808 1726 3854 sunt
1765 3797 2079 3854 inferiorem
2117 3797 2214 3854 de-

618 3891 754 3946 trusi
797 3890 1084 3957 caliginem
1109 3927 1123 3952 ,
1157 3888 1354 3943 bonam
1384 3887 1559 3957 potuit
1587 3895 1679 3941 aut
1719 3887 1918 3956 poterit
1946 3902 2218 3943 resumere

557 4035 562 4040 .
617 3981 972 4037 voluntatem.
1026 3978 1183 4044 Quod
1229 3978 1276 4033 si
1319 3976 1338 4015 ί
1382 3976 1638 4048 possibile
1685 3985 1831 4031 esset
1879 3983 1937 4030 ut
1986 3977 2216 4031 humana

619 4078 831 4133 natura,
872 4076 1156 4138 postquam
1186 4082 1218 4120 a
1246 4065 1358 4122 Deo
1407 4079 1596 4122 aversa
1642 4066 1940 4121 bonitatem
1985 4066 2219 4136 perdidit

620 4158 915 4214 voluntatis
938 4197 953 4223 ,
995 4171 1063 4217 ex
1092 4156 1270 4226 seipsa
1307 4171 1492 4211 rursus
1533 4170 1654 4212 eam
1681 4156 1884 4211 habere
1929 4157 2214 4226 potuisset,

620 4250 792 4306 multo
828 4249 1141 4319 possibilius
1175 4249 1281 4304 hoc
1314 4258 1506 4304 natura
1536 4248 1765 4304 haberet
1793 4250 2032 4318 angelica
2053 4289 2068 4316 ,
2100 4265 2218 4319 qua:

622 4350 824 4412 quanto
868 4341 1046 4394 minus
1094 4347 1347 4411 gravatur
1408 4340 1613 4395 terreni
1654 4341 1900 4410 corporis
1945 4341 2215 4410 pondere,

624 4440 778 4488 tanto
801 4431 970 4499 magis
999 4431 1103 4486 hac
1130 4438 1273 4486 esset
1299 4430 1521 4501 prmdita
1549 4430 1823 4486 facultate.
1849 4430 1956 4486 Sed
1984 4432 2218 4488 ostendit

625 4524 769 4580 Deus
796 4523 936 4578 unde
962 4523 1103 4578 bona
1132 4523 1380 4578 voluntas
1410 4522 1718 4578 hominibus
1745 4522 1922 4588 detur,
1950 4539 2114 4592 quam
2141 4524 2218 4580 sic

2317 3348 2492 3414 avari,
2537 3348 2770 3413 ebriosi,
2807 3348 3087 3414 maledici,
3141 3351 3306 3421 516
3335 3365 3579 3421 rapaces,
3617 3355 3664 3402 et
3695 3357 3833 3401 omnes

2316 3441 2409 3510 qui
2439 3455 2604 3510 opera
2629 3441 2805 3496 carnis
2827 3450 2994 3510 agunt
3033 3441 3122 3514 [de
3156 3443 3356 3514 quibus
3385 3444 3566 3499 beatus
3596 3441 3704 3496 dicit
3726 3439 3832 3508 Δρο-

2317 3531 2504 3597 stolus,
2523 3530 2643 3603 quia
2664 3548 2878 3604 regnum
2899 3531 2999 3586 Dei
3021 3550 3125 3588 non
3147 3545 3517 3608 consequentur
3539 3534 3664 3607 (Gal.
3679 3528 3830 3600 v,2l)].

2321 3622 2368 3675 si
2392 3630 2518 3677 ante
2543 3621 2701 3690 hujus
2721 3621 2844 3676 vita:
2872 3623 3157 3678 terminum
3180 3640 3210 3679 a
3230 3625 3336 3681 viis
3364 3626 3473 3681 suis
3492 3625 3633 3680 malis
3649 3618 3832 3679 conversi

2319 3727 2429 3766 non
2459 3712 2678 3777 fuerint,
2719 3713 2936 3768 aeternis
2966 3714 3178 3782 ignibus
3206 3725 3519 3771 exurentur.
3549 3713 3709 3769 Omnis
3729 3709 3832 3766 enim

2319 3803 2482 3858 homo
2509 3803 2600 3872 qui
2627 3803 2681 3856 in
2706 3802 2813 3858 hoc
2840 3805 3037 3860 saeculo
3066 3820 3235 3875 usque
3266 3807 3336 3861 ad
3365 3805 3522 3862 ﬁnem
3557 3806 3606 3862 in
3643 3801 3832 3873 iniquita-

2320 3901 2432 3948 tum
2462 3893 2822 3949 delectatione
2851 3895 2880 3931 ιι
2911 3902 2966 3949 et
3006 3896 3184 3952 cordis
3218 3897 3569 3953 obduratione
3594 3903 3832 3968 permanse-

2320 3985 2420 4049 rit,
2453 3984 2590 4038 sicut
2620 3983 2709 4038 hic
2737 4000 2860 4040 eum
2895 3985 3057 4041 noxia
3082 3987 3370 4042 criminum
3397 3987 3662 4043 delectatio
3691 3978 3832 4045 tenuit,

2319 4076 2398 4132 sic
2423 4091 2544 4130 eum
2570 4076 2688 4130 sine
2717 4077 2823 4132 line
2851 4079 3177 4148 sempiterna
3202 4081 3464 4138 crnciatio
3491 4077 3728 4135 retinebit.

2393 4165 2481 4220 55.
2513 4165 2744 4234 Corpora
2773 4167 3070 4238 impiorum.
3103 4197 3175 4208 —
3195 4168 3314 4224 Erit
3344 4170 3483 4225 enim
3512 4168 3658 4224 etiam
3677 4164 3832 4231 iniquo-

2322 4273 2440 4311 rum
2477 4257 2800 4312 resurrectio
2823 4297 2839 4323 ,
2871 4258 2966 4334 sed
2994 4259 3111 4314 sine
3152 4258 3522 4315 immutatione
3543 4301 3558 4325 ,
3585 4268 3722 4326 quam
3741 4246 3832 4305 solii

2322 4349 2567 4405 fidelibus
2587 4356 2642 4402 et
2661 4363 2730 4402 ex
2752 4345 2857 4404 ﬁde
2883 4347 2899 4386 ί
2921 4348 3064 4418 juste
3080 4349 3386 4406 viventibus
3405 4349 3613 4404 daturus
3630 4351 3699 4400 est
3714 4341 3830 4397 Dens.

2321 4437 2437 4495 Hoc
2463 4448 2546 4494 est
2574 4440 2717 4494 enim
2759 4439 2909 4510 quod
2942 4441 3016 4495 ait
3057 4441 3249 4497 beatus
3289 4441 3517 4498 Paulus:
3557 4438 3720 4494 Omnes
3755 4428 3832 4505 τύ·

2323 4529 2441 4588 dem
2463 4544 2812 4606 resurgentus,
2840 4529 2932 4589 sed
2953 4545 3058 4590 non
3088 4545 3266 4590 omnes
3296 4529 3658 4591 immutabiinur
3689 4518 3831 4594 (ἶσον.

625 4617 926 4679 amiserunt
949 4617 1125 4693 angeli
1149 4632 1272 4678 cum
1293 4616 1575 4691 haberent,
1598 4623 1660 4678 ut
1681 4616 1934 4679 amissam
1961 4616 2218 4694 deinceps
2242 4641 2298 4704 D
2321 4642 2410 4691 xv,
2441 4625 2554 4693 51).
2587 4625 2886 4684 Ostendens
2915 4633 3095 4680 autem
3114 4627 3288 4695 justos
3311 4625 3491 4680 divino
3513 4631 3708 4678 munere
3728 4625 3832 4704 αξη·

626 4715 826 4770 habere
856 4730 966 4770 non
994 4715 1220 4785 possint.

698 4805 788 4859 55.
819 4804 1082 4872 Quoniam
1113 4806 1272 4874 igitur
1298 4805 1457 4874 digna
1486 4812 1570 4860 cst
1592 4805 1781 4861 eadem
1807 4806 2054 4861 voluntas
2074 4805 2218 4861 bona

629 4911 728 4968 per
755 4894 852 4949 Dei
881 4897 1106 4964 gratiam
1135 4903 1348 4951 ueterum
1377 4895 1724 4951 beatitudinis
1750 4896 2002 4966 prtemio,
2033 4905 2088 4950 et
2117 4896 2219 4951 ini-

627 4989 806 5061 quitas
837 4988 1077 5057 angelica
1106 4999 1266 5060 atque
1295 4989 1527 5044 humana
1557 5005 1678 5044 esse
1717 5005 1823 5044 non
1852 4989 2014 5044 debet
2042 4989 2216 5058 impu-

629 5083 763 5148 nita,
796 5093 1110 5155 propterea,
1141 5082 1437 5139 secundum
1473 5082 1751 5152 catholica;
1793 5081 1915 5137 fidei
1957 5081 2213 5150 regulam,

629 5183 913 5232 venturum
944 5190 1065 5232 esse
1095 5173 1289 5230 Filium
1319 5173 1416 5230 Dei
1448 5172 1515 5229 ad
1540 5171 1845 5245 puniendos
1874 5187 2064 5228 omnes
2091 5187 2218 5243 pec-

705 5372 730 5400 ι
768 5361 1011 5417 Vaticani
1041 5367 1171 5426 tres,
1199 5360 1314 5416 sine
1342 5355 1514 5412 divino
1536 5371 1768 5411 munere.
1798 5353 1918 5410 Sed'
1937 5353 2115 5426 verior
2141 5353 2220 5408 le-

633 5430 740 5487 ctio
768 5433 1095 5500 reliquorum
1121 5425 1304 5494 codd.,
1333 5428 1422 5483 ubi
1449 5428 1566 5500 haec
1594 5441 1707 5500 vox_
1725 5427 1836 5478 sine
1862 5440 1970 5500 non
2000 5425 2215 5492 legitur.

707 5502 732 5541 δ
771 5495 941 5556 Vatic.
975 5518 1146 5573 unus,
1177 5518 1276 5573 quo
1311 5500 1421 5555 solo
1451 5498 1584 5573 bona
1611 5504 1660 5549 et
1689 5495 1839 5573 beata
1871 5495 1988 5573 fuit.

711 5583 733 5611 ο
774 5573 864 5628 Sic
891 5583 1018 5626 mss.
1048 5563 1286 5626 duo.'At
1316 5586 1416 5624 ms.
1444 5567 1606 5622 Corb.
1629 5607 1644 5632 ,
1685 5565 1754 5619 ad
1785 5563 1979 5636 peccati
2005 5563 2219 5634 partici-

635 5643 792 5711 pium.
817 5641 974 5712 Editi,
1007 5642 1076 5694 ad
1103 5640 1299 5712 peccati
1325 5640 1655 5710 principium.

707 5712 733 5751 ἀ
773 5713 869 5768 Ms.
901 5711 1207 5776 Corb.,sed
1233 5713 1276 5766 si
1305 5727 1449 5782 quos.

711 5793 734 5856 9
773 5783 941 5856 Abest
965 5774 1190 5856 propria:
1227 5797 1257 5836 a
1309 5774 1426 5856 ins.‘
1459 5780 1658 5856 Corb.;
1702 5779 1896 5856 legitur
1937 5776 1989 5856 in
2041 5774 2216 5856 Ertio.

637 5853 826 5908 tribus.
859 5843 1027 5909 Vatic.
1059 5843 1212 5918 alter,
1253 5853 1476 5921 propria:
1519 5853 1698 5906 merito
1728 5843 2026 5904 voluntatis.
2059 5843 2219 5911 Editi,

637 5925 849 5997 propria
875 5926 1076 5978 merita.

2319 4715 2628 4782 mutandos,
2659 4716 2734 4770 ait
2767 4733 2780 4768 :
2815 4715 2882 4768 Et
2909 4732 3002 4770 nos
3030 4714 3418 4770 immutabimur
3446 4705 3732 4784 (Ibid.,52).
3760 4698 3833 4754 lla-

2323 4807 2528 4864 bebunt
2555 4821 2682 4876 ergo
2711 4807 2880 4877 iniqui
2916 4823 3037 4863 cum
3062 4807 3222 4878 justis
3259 4805 3682 4863 resurrectionem
3707 4789 3832 4850 carni!

2321 4915 2680 4965 communem,
2708 4901 3097 4956 immutationis
3117 4909 3294 4956 tamen
3322 4902 3336 4950 l
3365 4900 3583 4969 gratiam
3607 4908 3699 4949 non
3718 4885 3831 4942 bal»

2326 4992 2478 5056 bunt,
2511 5007 2630 5062 quae
2658 4991 2873 5048 dabitur
2889 4992 3047 5062 justis
3080 5011 3093 5046 :
3128 4995 3381 5063 quoniam
3412 5009 3442 5048 a
3470 4983 3744 5060 corporibus
3764 4978 3830 5034 im-

2325 5083 2537 5152 piorum
2559 5098 2666 5139 non
2697 5081 2968 5139 auferetur
2996 5086 3291 5156 corruptio,
3318 5093 3372 5141 et
3397 5081 3691 5153 ignobilitas,
3715 5078 3757 5126 et
3777 5066 3830 5119 Ῐη·

2326 5173 2547 5231 ﬁrmitas
2593 5175 2646 5231 in
2679 5177 2872 5246 quibus
2907 5177 3244 5233 seminantur
3273 5195 3286 5230 :
3318 5191 3436 5249 qua:
3472 5174 3537 5230 ob
3577 5173 3665 5226 hoc
3704 5165 3830 5218 morte

2404 5354 2424 5394 ί
2467 5355 2592 5427 Mss.
2625 5366 2872 5427 quatuor,
2900 5355 3036 5424 Quia
3063 5360 3129 5413 si.
3640 5419 3650 5427 ,

2400 5435 2424 5473 8
2465 5408 2570 5483 Sic
2582 5408 3376 5498 Vaﬁcirun‘ugjuthavGrmcum
3407 5432 3599 5481 textum
3626 5408 3826 5488 Apostoli.

2327 5496 2517 5570 (Σῖριςνὶ
2547 5513 2655 5553 non
2687 5498 2888 5570 habent
2915 5496 3234 5569 particulam
3261 5515 3369 5570 per.
3416 5569 3422 5570 ί
3696 5559 3706 5570 ο
3764 5549 3807 5570 ﬂ,

2402 5566 2425 5604 h
2458 5568 2871 5642 Mss.__qui_nque,
2900 5566 3231 5642 iniquitatum
3257 5566 3578 5624 dilectione...
3603 5566 3733 5615 nocte
3755 5566 3824 5605 m-

2330 5641 2523 5693 minum
2543 5639 2767 5695 dilectio.

2406 5710 2420 5783 ξ
2458 5709 2631 5783 Ῐίιιὶο.
2663 5726 2820 5778 unus,
2851 5722 2900 5766 et
2927 5714 2982 5766 in
3007 5714 3131 5783 ﬁde.

2406 5780 2417 5830 i
2458 5764 2628 5836 Valic.
2663 5764 2820 5848 unus,
2849 5764 3256 5840 immutationem
3282 5791 3448 5836 tamen
3477 5776 3668 5840 cernit;
3709 5764 3811 5819 amr

2331 5853 2734 5907 immutationem
2765 5861 2956 5909 autem.
