4046 6518
193 457 308 513 689

1444 455 1531 518 DE
1569 461 1724 517 FIDE
1764 458 1966 517 LIBER
2006 461 2206 518 UNUS.

3374 461 3477 518 690

193 579 368 631 etiam
416 591 523 632 non
573 579 982 648 exstinguentur
1005 565 1037 645 ,
1061 585 1122 634 ut
1150 577 1283 634 illud
1309 567 1436 649 juge
1465 585 1790 634 tormentum
1819 582 1869 639 Α
1899 592 2040 648 pore
2062 580 2222 631 homo
2251 576 2441 644 egerit,
2473 572 2765 644 quamlibet
2792 574 3026 644 iniquus,
3059 575 3349 644 quamlibet
3378 590 3477 630 an-

191 669 418 737 corpori
464 675 624 739 atque
661 671 852 725 animae
879 672 947 726 sit
985 673 1176 726 mortis
1204 680 1419 727 aeternae
1447 671 1788 742 supplicium.

189 756 362 814 Justm
393 776 520 816 vero
551 763 741 818 anima:
766 804 782 831 ,
823 779 956 834 quas
981 764 1072 820 hic
1100 763 1432 835 Redemptor
1457 765 1598 820 Deus
1625 765 1804 835 gratis

190 865 265 906 ex
298 851 400 907 fide
425 852 768 924 justillcavit,
798 864 853 910 et
875 853 1181 925 justiﬁcatis
1208 857 1349 912 bene
1375 855 1588 911 vivendi
1621 871 1791 925 usque

189 939 250 996 in
282 941 442 997 linem
474 946 927 1014 perseverantiam
955 945 1142 1001 tribuit
1165 955 1214 1011 ⁸,
1241 946 1295 1001 ἰιι
1317 946 1447 1017 ipsis
1474 945 1791 1016 corporibus

189 1031 252 1088 in
289 1034 483 1103 quibus
519 1035 604 1090 hic
637 1036 1033 1105 justilicationis
1069 1037 1297 1105 gratiam
1335 1037 1590 1092 divinitus
1632 1052 1790 1092 acce-

189 1137 412 1198 perunt,
442 1137 495 1182 et
521 1129 575 1182 in
605 1130 797 1208 quibus
820 1129 1126 1199 justilicata:
1153 1145 1251 1200 per
1280 1129 1460 1199 fidem,
1491 1131 1543 1183 in
1565 1129 1791 1185 caritate

191 1216 294 1274 Dei
323 1221 660 1292 proximique
682 1223 953 1286 vixerunt,
980 1224 1134 1292 regni
1163 1224 1398 1280 cmlestis
1427 1233 1626 1278 aeterna
1655 1222 1788 1278 bea-

193 1311 424 1367 titudine
444 1291 756 1382 potientur:
780 1291 1089 1384 gloriﬁcatis
1114 1291 1278 1371 etiam
1305 1315 1625 1386 corporibus
1653 1315 1786 1381 suis,

189 1417 312 1472 qua:
339 1404 456 1459 sine
484 1403 678 1471 dubio,
719 1407 896 1462 carnis
935 1414 1125 1462 natura
1149 1447 1164 1473 ,
1207 1423 1365 1478 quam
1396 1406 1534 1462 Deus
1562 1409 1785 1474 creavit,

187 1493 461 1547 veraciter
499 1507 850 1563 permanente
874 1535 890 1562 ,
927 1513 1036 1552 non
1066 1498 1206 1553 sicut
1243 1498 1330 1554 hic
1356 1499 1609 1554 animalia
1633 1542 1649 1568 ,
1693 1499 1789 1556 sed

187 1579 455 1649 Spiritalia
478 1590 603 1638 tunc
619 1583 915 1640 habebunt.
941 1586 1261 1643 Sanctorum
1281 1589 1422 1644 enim
1444 1591 1739 1646 seminatur
1756 1590 1785 1630 ι)

190 1683 392 1740 corpus
419 1672 653 1728 animale
675 1715 691 1741 ,
732 1685 916 1745 surget
943 1692 1140 1748 corpus
1182 1678 1440 1748 spiritale.
1492 1678 1550 1733 In
1581 1680 1662 1736 his
1687 1696 1789 1751 per

188 1761 343 1818 illam
381 1765 836 1838 immutationem,
859 1786 978 1840 qua:
1002 1772 1132 1827 solis
1151 1771 1364 1828 dabitur
1385 1772 1566 1842 justis,
1589 1774 1784 1845 imple-

187 1854 339 1910 bitur
366 1859 510 1927 quod
531 1869 784 1930 oportere
803 1862 932 1918 dicit
947 1864 1236 1935 Apostolus
1252 1864 1305 1935 (Ι
1324 1864 1442 1921 Cor.
1470 1883 1558 1933 xv,
1585 1866 1698 1938 53),
1724 1875 1783 1922 ut

1899 685 2080 734 nosus,
2114 670 2158 726 si
2190 677 2304 724 toto
2325 668 2488 724 corde
2508 669 2897 724 renuntiaverit
2918 668 3153 740 peccatis
3173 670 3478 740 praeteritis,

1897 770 1952 816 et
1982 777 2080 831 pro
2110 762 2189 816 eis
2218 761 2269 814 in
2301 769 2596 831 cormpectu
2618 761 2714 816 Dei
2743 775 2853 816 non
2880 763 3054 818 solum
3091 761 3355 832 corporis,
3387 764 3481 818 sed

1896 852 2062 907 etiam
2090 851 2268 907 cordis
2295 853 2560 924 lacrymas
2605 851 2821 919 fuderit,
2879 860 2935 908 et
2962 853 3228 909 malorum
3257 867 3484 924 operum

1895 944 2134 1000 maculas
2161 945 2322 1000 bonis
2365 938 2624 1015 epe'ribus
2664 944 2874 1001 diluere
2903 947 3189 1013 curaverit,
3243 947 3484 1002 omnium

1894 1045 2240 1107 peccatorum
2268 1052 2486 1091 suorum
2516 1037 2902 1105 indulgentiam
2933 1053 3060 1093 mox
3086 1037 3325 1092 habebit.
3370 1036 3487 1094 Hoc

1895 1127 2040 1182 enim
2078 1127 2234 1182 nobis
2276 1126 2534 1182 Dominus
2577 1128 2895 1198 prophetico
2943 1128 3213 1198 promittit
3261 1128 3482 1199 eloquio

1893 1219 2080 1275 dicens
2106 1239 2118 1272 :
2152 1220 2214 1276 Si
2237 1237 2507 1275 conversus
2538 1223 2718 1292 fueris,
2751 1232 2798 1276 et
2824 1224 3158 1294 ingemueris,
3183 1223 3352 1278 salvus
3381 1225 3486 1278 eris

1894 1310 2052 1384 (Isai.
2087 1329 2214 1383 xxx,
2247 1312 2334 1381 15,
2365 1331 2468 1368 sec.
2493 1312 2688 1385 LXX).
2722 1313 2790 1369 Et
2810 1316 2916 1371 alio
2943 1317 3066 1372 loco
3087 1316 3283 1371 dicitur
3309 1335 3321 1368 ε
3351 1314 3482 1382 Fili,
3537 1326 3540 1329 ’

1892 1404 2155 1475 peccasti;
2188 1420 2252 1458 ne
2281 1404 2503 1475 adjicias
2533 1408 2736 1471 iterum,
2781 1406 2874 1460 sed
2903 1414 2954 1460 et
2999 1406 3062 1460 de
3085 1408 3362 1474 praeteritis
3391 1407 3484 1460 de-

1892 1510 2127 1564 precare,
2157 1503 2213 1546 ut
2236 1492 2327 1547 tibi
2355 1493 2682 1548 dimittantur
2714 1492 2902 1566 (Eccli.
2933 1510 3046 1560 xxx,
3077 1495 3151 1565 1);
3194 1495 3483 1564 Nunquam

1889 1587 2140 1656 peccanti
2167 1597 2310 1642 esset
2337 1582 2533 1642 indicta
2562 1601 2660 1656 pro
2691 1587 2929 1656 peccatis
2948 1585 3277 1656 deprecatio,
3312 1586 3358 1640 si
3386 1585 3484 1640 de—

1889 1677 2137 1748 precanti
2181 1693 2290 1732 non
2319 1685 2465 1733 esset
2491 1677 2739 1733 remissio
2781 1676 3148 1732 concedenda.
3186 1674 3291 1731 Sed
3321 1675 3485 1732 etiam

1889 1768 2214 1838 poenitentia
2243 1769 2518 1839 peecatori
2548 1776 2676 1823 tunc
2705 1761 2962 1838 prodest,‘
2985 1768 3031 1822 si
3059 1781 3178 1822 eam
3219 1766 3272 1820 in
3303 1763 3484 1819 Eccle-

1889 1861 1969 1915 sia
2001 1857 2267 1915 catholica
2297 1867 2486 1928 gerat:
2521 1859 2606 1915 cui
2636 1859 2778 1914 Deus
2802 1858 2853 1912 in
2884 1872 3116 1927 persona
3158 1855 3303 1910 beati
3333 1851 3482 1909 Petri

188 1948 545 2017 corruptibile
582 1951 686 2006 hoc
724 1952 911 2008 induat
938 1954 1397 2026 incorruptionem
1421 1995 1437 2022 ,
1478 1965 1534 2012 et
1556 1959 1787 2015 mortale
1816 1949 1865 2010 Β
1891 1949 2095 2019 ligandi
2124 1940 2475 2018 solvendique
2506 1949 2691 2004 tribuit
2718 1955 3062 2019 potestatem,
3096 1947 3317 2000 dicens:
3355 1941 3484 2008 Quae

188 2034 298 2092 hoc
327 2039 512 2094 induat
540 2040 1020 2100 immortalitatem.
1072 2043 1132 2100 In
1163 2047 1356 2117 quibus
1381 2063 1542 2104 sexus
1569 2065 1784 2107 mascu-

191 2130 329 2186 linus
366 2133 449 2188 vel
476 2132 756 2203 femineus,
787 2137 928 2193 sicut
955 2138 1143 2194 eadem
1173 2155 1401 2211 corpora
1428 2151 1609 2198 creata
1637 2153 1781 2210 sunt,

190 2225 528 2294 permanebit
560 2245 572 2279 :
602 2241 833 2295 quorum
862 2226 1032 2296 gloria
1062 2229 1164 2284 erit
1189 2245 1289 2301 pro
1318 2229 1582 2288 factorum
1608 2235 1784 2289 bono-

190 2321 310 2366 rum
337 2313 647 2371 diversitate
674 2317 908 2372 diversa.
953 2315 1146 2374 Omnia
1179 2329 1358 2376 tamen
1390 2337 1643 2393 corpora,
1671 2324 1786 2380 sive

187 2405 549 2461 masculorum
571 2448 586 2472 ,
627 2408 742 2463 sive
781 2404 1098 2465 feminarum
1124 2451 1139 2479 ,
1171 2427 1507 2481 qumcnnque
1535 2413 1587 2467 in
1618 2427 1784 2483 regno

191 2493 284 2552 illo
315 2508 496 2568 erunt,
527 2501 762 2569 gloriosa
790 2513 947 2558 erunt
979 2523 992 2558 :
1027 2505 1115 2560 ille
1147 2515 1328 2561 autem
1367 2507 1462 2576 (al.
1493 2509 1660 2578 enim)
1691 2508 1782 2577 ju-

190 2588 297 2644 dex
341 2591 490 2646 novit
527 2600 784 2662 quantam
820 2595 1108 2665 unicuique
1155 2598 1224 2652 sit
1263 2597 1485 2653 daturus
1521 2599 1778 2666 gloriam,

189 2679 317 2749 quia
346 2680 398 2734 in
421 2680 523 2736 hac
546 2682 655 2736 vita
677 2699 776 2754 per
799 2685 1223 2740 misericordiam
1252 2688 1418 2756 gratis
1438 2687 1782 2756 justilicando

189 2771 470 2839 praevenit,
505 2787 642 2840 quos
671 2773 778 2830 illic
809 2790 905 2846 per
928 2775 1189 2845 justitiam
1219 2775 1520 2846 glorificare
1546 2778 1784 2850 disponit

192 2855 288 2927 (al.
321 2857 626 2930 disposuit).
817 2868 820 2870 '

263 2946 350 3001 36.
382 2945 618 3020 Tempus
640 2965 772 3005 vero
792 2951 1103 3020 acquirendi
1126 2951 1292 3007 vitam
1319 2962 1574 3010 :eternam
1598 2955 1651 3010 in
1678 2955 1783 3011 ista

193 3045 402 3092 tantum
431 3038 540 3093 vita
570 3039 710 3095 Deus
737 3040 1044 3097 hominibus
1081 3041 1265 3109 dedit,
1316 3042 1407 3099 ubi
1450 3044 1619 3100 voluit
1661 3059 1784 3101 esse

193 3129 351 3184 etiam
380 3131 752 3199 paenitentiam
788 3131 1136 3188 fructuosam.
1185 3132 1312 3190 Ideo
1339 3143 1520 3191 autem
1545 3135 1633 3192 hic
1660 3151 1780 3206 pte-

191 3220 415 3276 nitentia
445 3220 718 3278 fructuosa
741 3231 844 3290 est,
867 3225 993 3293 quia
1023 3232 1203 3295 potest
1228 3225 1317 3281 hic
1344 3225 1510 3282 homo
1536 3225 1780 3298 deposita

1895 2039 1990 2113 (a1.
2025 2038 2374 2110 Qutecunque)
2398 2039 2694 2111 alligaveris
2719 2055 2874 2109 super
2902 2047 3112 2098 terram,
3143 2043 3290 2088 erunt
3321 2035 3484 2105 ligata

1889 2139 1942 2184 et
1968 2129 2021 2183 in
2047 2131 2185 2184 caelis
2209 2146 2228 2195 ;
2259 2139 2309 2183 et
2330 2146 2442 2201 qua:
2468 2129 2683 2184 solveris
2713 2144 2866 2199 super
2888 2136 3099 2190 terram,
3131 2135 3281 2180 erunt
3311 2125 3482 2179 soluta

1891 2228 1944 2276 et
1971 2221 2024 2275 in
2055 2221 2209 2280 caelis
2249 2219 2461 2292 (Matth.
2495 2237 2605 2287 xvi,
2637 2219 2713 2289 9).
2755 2218 2815 2273 In
2841 2233 3160 2289 quacunque
3188 2218 3348 2286 igitur
3376 2217 3481 2272 ho:

1889 2329 1983 2369 mo
2010 2322 2168 2370 :etate
2200 2329 2385 2369 veram
2437 2324 2784 2384 peccatorum
2834 2329 3053 2370 suorum
3104 2312 3481 2383 pmnitentiam

1889 2406 2082 2477 egerit,
2112 2414 2169 2462 et
2186 2407 2350 2462 vitam
2370 2423 2519 2464 suam
2538 2407 2649 2462 Deo
2666 2405 3000 2461 illuminante
3027 2407 3345 2471 correxerit,
3368 2420 3482 2460 non

1889 2499 2191 2570 privabitur
2219 2499 2559 2568 indulgentia:
2589 2514 2813 2553 munere
2837 2537 2851 2562 ,
2885 2502 3008 2568 quia
3038 2497 3198 2562 Deus,
3229 2498 3365 2552 sicut
3386 2510 3481 2566 per

1889 2592 2211 2662 prophetam
2239 2591 2387 2658 dicit,
2419 2607 2526 2647 non
2548 2591 2662 2645 vult
2681 2598 2913 2646 mortem
2936 2591 3216 2647 morientis
3240 2588 3288 2655 ἀ,
3312 2602 3481 2660 quan-

1891 2686 2009 2734 tum
2054 2688 2113 2734 ut
2160 2688 2463 2735 revertatur
2491 2697 2521 2734 a
2550 2681 2637 2735 via
2663 2697 2762 2736 sua
2791 2681 2952 2747 mala,
3004 2689 3060 2736 et
3107 2681 3480 2746 vivatanima

1888 2767 2010 2844 "ejus
2038 2772 2256 2842 (Ezeclt.
2285 2790 2476 2839 xxxiii,
2506 2773 2616 2841 ll).

1961 2863 2052 2920 58.
2085 2864 2472 2924 Verumtamen
2498 2864 2676 2919 nullus
2719 2865 3000 2920 hominum
3045 2864 3209 2920 debet
3255 2864 3355 2920 sub
3383 2878 3482 2934 spe

1888 2950 2280 3011 misericordiae
2310 2956 2407 3011 Dei
2448 2957 2502 3011 in
2536 2955 2647 3012 suis
2685 2956 2886 3011 diutius
2905 2971 3190 3012 remanere
3219 2957 3480 3027 peccatis,

1890 3061 2018 3101 cum
2047 3045 2210 3102 etiam
2235 3047 2288 3102 in
2318 3047 2436 3117 ipso
2463 3061 2693 3118 corpore
2713 3061 2873 3103 nemo
2899 3047 3030 3102 velit
3053 3047 3150 3102 sub
3170 3061 3267 3116 spe
3292 3047 3481 3106 futura

1888 3136 2080 3193 salutis
2107 3137 2306 3193 diutius
2332 3147 2614 3208 aegrotare.
2658 3134 2814 3194 Tales
2843 3138 2986 3194 enim
3016 3139 3108 3210 qui
3127 3139 3194 3194 ab
3223 3138 3481 3208 iniquita-

1890 3229 2036 3286 tibus
2055 3229 2165 3286 suis
2193 3231 2448 3286 recedere
2476 3231 2774 3300 negligunt,
2806 3239 2861 3286 et
2889 3230 2990 3286 sibi
3017 3229 3085 3286 de
3107 3229 3220 3286 Deo
3242 3231 3337 3302 (at.
3362 3229 3484 3301 Dei)

194 3315 394 3370 malitia
426 3318 564 3373 bene
592 3319 774 3374 vivere
799 3361 815 3385 ,
858 3328 913 3375 et
950 3329 1158 3376 mutata
1186 3320 1466 3377 voluntate
1503 3321 1699 3390 injusta
1731 3334 1781 3392 ε,
1812 3331 1861 3400 C
1891 3321 2276 3392 indulgentiam
2306 3324 2714 3392 repromittunt,
2743 3337 3129 3392 nonnunquam
3170 3324 3243 3378 ita
3274 3337 3482 3394 prawe~

193 3407 384 3461 merita
410 3407 569 3463 simul
600 3425 876 3480 operaque
906 3419 1118 3467 mutare
1137 3454 1153 3480 ,
1184 3419 1241 3466 et
1284 3412 1340 3467 in
1373 3413 1564 3470 timore
1592 3413 1690 3470 Dei
1718 3429 1783 3472 ea

195 3509 381 3564 gerere
410 3513 528 3568 qua:
556 3499 807 3568 placeant
835 3499 968 3556 Deo.
1021 3501 1174 3568 Quod
1203 3503 1296 3572 qui
1324 3503 1377 3557 in
1407 3504 1509 3560 hac
1536 3505 1646 3560 vita
1675 3521 1786 3561 non

193 3583 399 3651 fecerit,
423 3586 642 3641 habebit
665 3589 882 3659 quidem
905 3591 1278 3660 ptenitentiam
1307 3593 1362 3648 in
1390 3592 1570 3650 futuro
1591 3597 1786 3653 smculo

195 3676 266 3732 de
295 3676 453 3732 malis
480 3678 591 3733 suis
615 3719 628 3743 ,
687 3680 782 3735 sed
829 3681 1216 3752 indulgentiam
1261 3683 1317 3737 in
1355 3694 1647 3754 conspectu
1692 3686 1787 3742 Dei

195 3785 304 3824 non
334 3768 570 3824 inveniet
596 3789 607 3823 :
633 3772 758 3840 quia
790 3773 947 3844 517
979 3773 1078 3828 etsi
1108 3773 1212 3828 erit
1240 3774 1313 3829 ibi
1339 3777 1589 3831 stimulus
1613 3779 1789 3846 poeni-

198 3860 418 3927 tudinis,
441 3861 586 3917 nulla
608 3871 784 3919 tamen
810 3865 884 3919 ibi
913 3865 1018 3920 erit
1044 3865 1275 3935 amplius
1299 3869 1567 3923 correctio
1596 3869 1788 3925 volun-

197 3953 340 4008 tatis.
382 3951 429 4006 A
459 3954 654 4012 talibus
685 3955 828 4011 enim
858 3956 932 4010 ita
963 3955 1268 4026 culpabitur
1297 3957 1550 4027 iniquitas
1578 3974 1694 4025 sua,
1729 3967 1791 4015 ut

196 4045 499 4104 nullatenus
543 4047 610 4102 ab
659 4048 736 4103 eis
781 4049 952 4119 possit
999 4048 1085 4104 vel
1125 4049 1310 4119 diligi,
1361 4051 1448 4105 vel
1494 4051 1790 4107 desiderari

194 4135 416 4208 iustitia.
446 4137 711 4195 Voluntas
740 4141 882 4195 enim
912 4156 1102 4196 eorum
1131 4141 1254 4197 talis
1281 4141 1402 4208 erit,
1428 4150 1489 4197 ut
1513 4143 1712 4198 habeat
1731 4143 1790 4199 in

197 4245 254 4286 se
282 4246 498 4301 semper
524 4233 868 4302 malignitatis
895 4249 1006 4288 suae
1035 4232 1374 4304 supplicium,
1401 4248 1675 4304 nunquam
1699 4243 1789 4290 ta-

197 4337 319 4378 men
364 4323 610 4393 recipere
648 4326 820 4394 possit
856 4325 1113 4380 bonitatis
1149 4323 1422 4381 all‘ectum.
1473 4323 1610 4392 Quia
1648 4326 1791 4382 sicut

199 4412 273 4468 illi
303 4415 394 4484 qui
442 4431 562 4469 cum
612 4414 827 4472 Christo
869 4417 1170 4485 regnabunt
1219 4417 1391 4472 nullas
1437 4417 1490 4472 in
1547 4432 1606 4472 se
1630 4418 1788 4474 malm

196 4504 485 4560 voluntatis
530 4505 784 4575 reliquias
825 4506 1134 4571 habebunt,
1187 4507 1261 4565 ita
1305 4508 1383 4562 illi
1423 4508 1517 4578 qui
1545 4517 1704 4564 erunt
1731 4509 1788 4564 in

197 4594 463 4665 supplicio
493 4596 631 4662 ignis
675 4599 861 4651 :eterni
891 4614 1014 4652 cum
1060 4597 1274 4654 diabolo
1319 4608 1375 4654 et
1418 4599 1535 4670 ejus
1580 4601 1786 4671 angelis

1889 3413 2114 3469 niuntur
2162 3413 2445 3484 repentino
2473 3413 2570 3468 Dei
2611 3413 2815 3478 furore,
2865 3421 2925 3468 ut
2970 3428 3072 3468 nec
3113 3411 3484 3470 conversionis

1891 3514 2124 3578 tempus,
2171 3522 2273 3562 nec
2300 3505 2618 3563 beneficium
2647 3505 2984 3587 remissionis
3007 3505 3304 3561 inveniant.
3357 3503 3485 3560 ideo

1890 3615 2327 3670 unumquemque
2348 3607 2593 3654 nostrum
2621 3606 2774 3654 Sacra
2796 3597 3074 3669 Scriptura
3089 3598 3321 3666 benigne
3341 3610 3485 3666 prte-

1888 3699 2079 3747 monet
2106 3691 2328 3745 dicens:
2362 3689 2450 3744 Ne
2479 3690 2766 3743 tardaveris
2795 3689 2892 3760 (al.
2929 3689 3127 3759 tardes)
3159 3689 3384 3743 converti
3415 3686 3485 3741 ad

1889 3781 2080 3846 Deum,
2123 3792 2173 3836 et
2203 3799 2266 3835 ne
2291 3782 2505 3851 differas
2530 3781 2592 3834 de
2627 3781 2711 3835 die
2732 3783 2788 3834 in
2820 3782 2954 3834 diem
2977 3797 2996 3835 :
3042 3779 3211 3834 subito
3237 3781 3374 3834 enin't
3402 3795 3485 3835 ve-

1891 3873 1998 3927 niet
2028 3874 2109 3926 ira
2131 3874 2262 3943 ejus,
2289 3880 2336 3927 et
2359 3875 2414 3927 in
2437 3883 2661 3944 tempore
2685 3873 2924 3928 vindicta:
2943 3872 3206 3942 disperdet
3227 3881 3275 3925 te
3292 3870 3482 3941 (Eccli.

1889 3977 1948 4029 v,
1971 3960 2058 4031 8).
2100 3961 2239 4018 Dicit
2266 3963 2428 4018 etiam
2449 3963 2640 4018 beatus
2668 3963 2836 4018 David
2861 3982 2874 4017 :
2907 3963 3080 4017 Hodie
3105 3963 3152 4016 si
3176 3978 3344 4016 vocem
3372 3963 3484 4033 ejus

1893 4053 2182 4117 audieritis,
2225 4055 2386 4108 nolite
2427 4053 2684 4108 obdurare
2725 4055 2884 4108 corda
2929 4063 3098 4108 vestra
3131 4051 3302 4124 (Psal.
3336 4067 3482 4119 xcrv,

1892 4140 1970 4212 8).
2011 4140 2110 4196 Cui
2139 4144 2330 4198 beatus
2361 4159 2578 4214 quoque
2601 4142 2800 4199 Paulus
2829 4143 3125 4201 concordat
3149 4144 3233 4199 bis
3258 4143 3480 4199 verbis:
3543 4165 3548 4168 ·

1900 4229 2103 4301 Videte,
2135 4235 2345 4304 fratres,
2379 4251 2442 4288 ne
2472 4237 2604 4304 forte
2631 4236 2700 4289 sit
2728 4236 2783 4290 in
2812 4237 2986 4308 aliqua
3002 4244 3226 4290 vestrum
3247 4253 3336 4291 cor
3364 4251 3482 4290 ma-

1891 4322 1998 4377 lum
2029 4325 2403 4380 incredulitatis
2432 4334 2455 4362 °
2487 4326 2785 4380 discedendi
2821 4327 2983 4398 518
3012 4344 3046 4380 a
3070 4326 3182 4382 Deo
3211 4328 3320 4382 vivo
3343 4343 3361 4380 :
3391 4324 3484 4381 sed

1894 4415 2248 4471 adhortamini
2276 4420 2609 4488 vosmetipsos
2634 4437 2727 4489 per
2753 4421 2985 4492 singulos
3011 4420 3118 4476 dies
3133 4416 3154 4487 ,’
3181 4421 3341 4476 donec
3361 4419 3483 4476 Ho-

1894 4508 1978 4562 die
2007 4511 2420 4580 cognominatur,
2448 4521 2504 4564 ut
2532 4528 2634 4567 non
2666 4511 2944 4567 obduretur
2971 4515 3084 4584 quis
3116 4530 3182 4567 ea:
3209 4513 3348 4568 vobis
3378 4514 3483 4583 fal-

1893 4596 2031 4654 lacia
2071 4602 2265 4670 peccati
2298 4600 2485 4679 (Hebr.
2537 4618 2615 4669 ιιι,
2666 4601 2753 4666 12,
2803 4602 2913 4672 l5).
2968 4600 3271 4658 Obdut‘atus
3317 4603 3483 4672 igitur

200 4683 472 4754 deputati,
501 4685 639 4739 sicut
687 4685 888 4739 nullam
934 4687 1158 4742 ulterius
1205 4687 1480 4743 habebunt
1516 4691 1783 4758 requiem,
1813 4707 1870 4770 ι)
1894 4690 2026 4744 vivit
2059 4689 2078 4729 ί
2112 4692 2225 4746 sive
2263 4692 2354 4760 qui
2385 4708 2493 4746 non
2529 4693 2882 4758 convertitur,
2940 4693 3233 4763 desperans
3279 4693 3346 4748 de
3395 4693 3481 4749 in-

199 4775 276 4830 sic
313 4774 511 4830 bonam
553 4775 857 4830 nullatenus
896 4776 1096 4831 habere
1137 4786 1390 4845 poterunt
1429 4777 1782 4834 voluntatem.

152 4907 154 4909 ›
203 4867 264 4923 Ει
289 4870 428 4926 sicut
456 4869 824 4925 cohaeredibus
847 4867 1043 4924 Christi
1071 4868 1282 4923 dabitur
1312 4868 1572 4939 perfectio
1601 4871 1786 4938 gratia:

201 4963 267 5017 ad
294 4973 550 5019 aeternam
583 4964 839 5034 gloriam,
869 4964 948 5026 sic
976 4964 1319 5019 consortibus
1361 4965 1560 5020 diaboli
1598 4981 1788 5021 cumu-

201 5053 330 5120 labit
380 5054 493 5126 ipsa
540 5055 843 5124 malignitas
884 5069 1131 5126 pinnam,
1174 5053 1389 5122 quando
1428 5054 1787 5110 exterioribus

201 5144 444 5216 deputati
474 5148 712 5204 tenebris
733 5191 747 5216 ,
789 5147 936 5203 nullo
965 5147 1374 5202 illustrabuntur
1403 5147 1657 5204 interiore
1698 5149 1783 5204 lu-

201 5238 345 5292 mine
368 5239 631 5293 veritatis.

271 5330 358 5386 57.
393 5331 568 5386 Ctavcs
599 5331 1080 5386 Petri-Proinde
1101 5331 1248 5386 omni
1269 5329 1470 5386 homini
1490 5331 1542 5385 in
1557 5329 1659 5387 hac
1675 5331 1786 5386 vita

203 5437 320 5481 esse
348 5434 528 5495 potest
555 5425 699 5480 utilis
726 5423 1042 5493 poenitentia
1062 5466 1076 5488 ,
1106 5438 1269 5492 quam
1296 5437 1618 5493 quocunque
1643 5431 1784 5477 tem-

279 5635 302 5662 δ
344 5624 442 5678 Ms.
475 5639 633 5686 unus,
667 5623 789 5675 bene
815 5623 1014 5677 vivendi
1036 5623 1258 5692 gratiam
1279 5631 1328 5675 et
1348 5620 1783 5692 perseverantiam

279 5713 358 5744 me
382 5697 435 5744 in
462 5695 614 5744 ﬁnem
644 5695 852 5744 tribuit:
892 5693 1046 5744 alter.
1073 5691 1238 5744 dedit.

206 5713 358 5804 usque
382 5697 435 5749 in
460 5695 614 5765 ﬁnem
644 5695 852 5755 tribuit;
892 5693 1046 5754 alter,
1073 5693 1238 5746 dedit.
1619 5761 1629 5772 ο

343 5764 470 5819 Mss.
501 5780 638 5819 unus
667 5779 772 5818 non
800 5764 961 5818 habet
987 5760 1296 5820 Sanctorum
1315 5802 1331 5829 ,
1361 5762 1455 5816 sed
1489 5760 1789 5815 Semmatur

209 5852 468 5976 “imbus.
500 5905 736 5976 quinque
750 5921 881 5976 _non
912 5905 1111 5964 habent
1138 5909 1359 5976 iniusta.

279 5976 303 6019 ά
333 5974 424 6037 Sic
445 5971 573 6033 mss.
605 5971 721 6033 séx.
749 5971 891 6035 E’diti
920 5983 1128 6043 autem,
1155 5971 1265 6058 η’ξηι
1297 5976 1403 6039 vult
1431 5981 1646 6032 mortem
1675 5986 1795 6034 vec-
1847 6037 1852 6040 _

1891 4779 2165 4848 dulgentia
2195 4789 2542 4849 peccatorum
2565 4797 2784 4836 suorum
2818 4793 2867 4850 Β,
2922 4783 3035 4837 sive
3063 4782 3153 4851 qui
3205 4782 3282 4838 sic
3310 4783 3478 4838 mise-

1889 4869 2176 4924 ricordiam
2204 4867 2301 4922 Dei
2331 4877 2531 4939 sperat,
2578 4879 2636 4924 ut
2662 4887 2831 4940 usque
2875 4871 2926 4925 in
2956 4871 3116 4926 finem
3163 4871 3288 4926 vita:
3334 4886 3472 4942 prte-

1889 4960 2158 5024 sentis,in
2200 4975 2420 5014 suorum
2464 4961 2745 5018 criminum
2799 4962 3154 5033 perversitate
3198 4969 3478 5018 remaneat

1891 5052 1986 5123 (at.
2017 5056 2374 5122 permaneat).
3383 5072 3394 5077 ·

1965 5140 2054 5194 '59.
2089 5141 2362 5194 Peccatum
2389 5142 2443 5195 in
2465 5140 2720 5212 Spiritum
2741 5153 2997 5196 sanctum.
3015 5172 3086 5184 —-
3103 5141 3337 5197 Proinde
3353 5139 3479 5196 dili-

1895 5241 2083 5305 gentes
2111 5232 2539 5289 misericordiam
2569 5233 2682 5300 Dei,
2737 5243 3146 5302 metuentesque
3187 5231 3474 5303 justitiam,

1895 5343 1999 5384 nec
2024 5326 2092 5382 de
2120 5327 2437 5384 remissione
2466 5335 2810 5398 peccatorum
2839 5327 3209 5396 desperemus,
3247 5340 3348 5379 nec
3389 5338 3476 5378 re-

1898 5437 2212 5477 maneamus
2242 5422 2294 5476 in
2323 5422 2596 5492 peccatis:
2643 5419 2874 5476 scientes
2920 5419 3043 5488 quia
3097 5418 3186 5472 illa
3235 5418 3475 5473 omnium

1889 5621 2100 5686 caloris,
2124 5621 2228 5674 sive
2249 5621 2530 5683 morientis,
2556 5619 2647 5674 sed
2674 5621 2861 5691 magis.
2889 5617 3059 5676 Vatic.
3082 5619 3211 5687 duo,
3240 5618 3333 5676 sed
3353 5628 3472 5674 tan-

1891 5702 1996 5744 tum
2024 5701 2097 5743 ut.

1968 5772 1989 5798 θ
2027 5760 2193 5815 Vatic.
2225 5777 2381 5823 unus,
2409 5760 2694 5814 carnalium
2718 5761 3022 5830 inﬁdelitas.

1972 5830 2109 5902 fSic.
2153 5831 2301 5886 editi.
2345 5831 2412 5902 At
2465 5846 2590 5902 mss.
2635 5830 2762 5897 duo,
2817 5830 3083 5886 Obdurato
3123 5833 3282 5902 igitur
3315 5833 3469 5887 corde

1893 5903 2030 5968 vivit.
2064 5901 2159 5955 lls.
2192 5903 2345 5967 alter,
2376 5901 2440 5954 In
2463 5901 2799 5954 obduratione
2827 5904 2983 5968 igitur
3012 5904 3147 5957 vivit.

1972 5983 1995 6021 Β
2027 5971 2124 6030 Ms.
2149 5959 2343 6039 Corb.,'
2367 5973 2687 6038 desperando
2714 5959 3087 6040 indulgentiam
3116 5980 3465 6039 peccatorum.
