4050 6468
615 413 720 486 (691

1661 410 1717 469 s.
1759 412 2114 469 FULGENTII
2153 413 2456 476 EPISCOPI
2495 416 2866 486 ausaausa

617 510 902 579 hominum
927 523 1107 580 debita
1133 525 1203 579 sit
1230 535 1486 582 exactura
1517 535 1742 595 :eqtntas
1771 526 2052 606 justissimi
2071 527 2214 595 judi—
2242 527 2298 588 Α
2327 528 2458 582 bona
2497 533 2723 600 fecerunt
2768 535 2820 585 in
2847 533 3270 588 resurrectionem
3300 534 3414 588 uiue
3436 575 3452 600 ,
3491 534 3571 605 qui
3605 551 3704 590 uero
3727 540 3832 591 mals

609 609 721 681 ‘cis,
766 633 885 687 qua:
927 633 1035 672 non
1083 618 1347 674 dimiserit
1397 619 1758 673 misericordia
1810 619 2212 673 clementissimi

613 707 1028 778 FRedemptoris.
1070 709 1220 765 Sicut
1251 713 1392 765 enim
1425 710 1791 765 misericordia
1844 712 2067 780 suscipit
2120 703 2214 765 ab-

629 801 900 871 solvitque
932 817 1245 870 conversos,
1302 804 1374 857 ita
1413 802 1619 871 justitia
1659 803 1883 872 repellet
1930 812 1984 857 et
2029 805 2216 875 puniet

625 891 940 946 obduratos.
983 890 1047 946 Hi
1079 902 1204 947 sunt
1247 895 1338 964 qui
1369 902 1659 963 peccantes
1703 895 1753 947 in
1803 895 2059 964 Spiritum
2091 911 2214 950 sau-

625 991 792 1049 ctum,
821 999 994 1053 neque
1023 984 1076 1038 in
1104 985 1208 1040 hoc
1236 987 1454 1050 saeculo,
1502 1001 1678 1054 neque
1709 987 1760 1040 in
1797 985 1975 1040 futuro
2025 988 2214 1043 remis-

608 1065 832 1128 'sionem
883 1075 1147 1144 accipient
1186 1086 1553 1145 peccatorum.
1595 1075 1720 1131 ldeo
1770 1085 1948 1132 autem
1980 1078 2214 1132 hominis

624 1167 801 1219 anima
819 1167 1200 1223 intellectualis
1226 1169 1446 1238 spiritus
1470 1178 1570 1232 est,
1605 1179 1662 1223 ut
1684 1177 1909 1239 quzcrat,
1933 1178 2210 1240 agnoscat,

623 1263 785 1324 atque
815 1255 1084 1311 discernat
1115 1267 1171 1312 et
1201 1270 1410 1332 tempus
1440 1277 1662 1330 operum
1694 1276 1932 1322 suorum,
1964 1275 2062 1330 pro
2092 1260 2213 1330 qui-

623 1344 724 1400 bus
753 1357 1032 1416 receptura
1075 1358 1159 1404 est
1188 1350 1241 1404 in
1279 1350 1487 1418 judicio
1518 1351 1660 1422 quod
1715 1350 1986 1406 ordinavit
2035 1351 2214 1406 divina

621 1434 845 1505 justitia,
892 1448 946 1492 et
988 1439 1230 1508 ejusdem
1280 1443 1650 1498 retributionis
1676 1452 1908 1513 tempus,
1959 1459 2067 1512 quo
2108 1461 2215 1518 non

625 1529 785 1582 etiam
831 1530 1033 1595 licebit,
1078 1541 1170 1588 aut
1216 1548 1381 1603 opera
1425 1541 1655 1600 mutare,
1703 1542 1796 1590 aut
1841 1533 2216 1590 remissionem

623 1627 972 1688 peccatorum
1003 1638 1220 1678 suorum
1253 1624 1320 1680 de
1364 1624 1543 1682 divina
1593 1625 1958 1681 misericordia
2012 1626 2217 1680 utiliter

615 1711 918 1780 postulare.
951 1710 1143 1769 Cmteri
1190 1731 1318 1770 vero
1369 1717 1588 1786 spiritus
1629 1717 1866 1771 omnium
1906 1717 2216 1772 animalium

615 1799 817 1868 quibus
857 1819 962 1857 non
1003 1813 1085 1859 est
1115 1806 1451 1871 intellectus,
1485 1808 1610 1877 quia
1654 1808 1870 1880 quidam
1916 1825 2104 1864 eorum
2149 1809 2218 1864 de

2319 631 2530 691 egerunt
2573 625 2626 676 in
2686 626 3112 686 resurrectionem
3139 626 3323 697 judicii
3355 627 3528 696 (Joan.
3566 644 3614 692 v,
3642 627 3717 695 28,
3747 629 3830 700 29).

2321 708 2390 765 Ut
2434 713 2640 768 scilicet
2669 715 2760 783 qui
2791 715 2933 767 mala
2965 722 3194 783 egerunt
3223 724 3349 773 eant
3376 716 3431 770 in
3473 715 3833 774 combustiouem

2318 812 2574 857 aeternam
2599 820 2814 874 semper
2829 807 3004 860 arsuri
3027 823 3148 864 cum
3171 807 3385 863 diabolo
3405 808 3631 879 principe
3649 813 3832 868 omnium

2320 893 2621 961 malorum,
2673 894 2763 962 qui
2808 911 2940 950 vero
2989 895 3134 954 bona
3182 898 3423 954 fecerunt
3467 906 3586 954 eant
3626 899 3673 954 in
3711 901 3833 956 vitam

2320 991 2578 1038 aeternam
2618 985 2893 1053 regnaturi
2924 986 3042 1041 sine
3079 985 3186 1042 ﬁne
3223 1002 3347 1044 cum
3377 985 3581 1044 Christo
3612 1001 3720 1057 rege
3753 1005 3838 1046 om-

2321 1075 2467 1128 nium
2495 1076 2835 1132 saeculorum.
2870 1076 2950 1130 llli
2982 1085 3161 1140 autem
3194 1092 3316 1132 cum
3359 1078 3566 1133 Christo
3595 1079 3834 1146 regnabant

2321 1182 2458 1236 quos
2494 1165 2637 1222 Dens
2682 1168 2913 1237 gratuita
2951 1169 3194 1224 bonitate
3240 1185 3337 1224 sua
3392 1168 3756 1244 praedestinavit
3788 1172 3834 1226 ad

2321 1269 2568 1324 regnum.
2608 1255 2742 1322 Quia
2779 1257 2922 1310 enim
2953 1273 3049 1312 eos
3080 1257 3216 1313 tales
3243 1257 3656 1328 praedestinando
3681 1274 3835 1332 parpa-

2321 1346 2459 1400 ravit
2488 1354 2546 1400 ut
2565 1360 2732 1416 regno
2753 1345 2899 1418 digni
2915 1355 3098 1402 essent
3120 1389 3134 1414 ,
3165 1347 3486 1419 praeparavit
3505 1348 3670 1418 utique
3689 1363 3832 1402 secun-

2321 1435 2449 1490 dum
2477 1438 2814 1506 propositum
2844 1439 3120 1514 vocandos
3149 1448 3208 1492 ut
3244 1439 3497 1494 obediant
3521 1457 3534 1504 ;
3581 1440 3832 1509 praeparavit

2317 1524 2709 1600 just-iﬁcandos,
2747 1537 2805 1582 ut
2833 1535 3055 1599 accepta
3085 1527 3256 1598 gratia
3285 1538 3433 1584 recte
3463 1528 3681 1594 credant,
3706 1537 3748 1584 et
3770 1529 3834 1584 be-

2323 1634 2392 1673 ne
2421 1619 2632 1686 vivant;
2667 1621 2993 1691 prmparavit
3021 1621 3184 1676 etiam
3215 1619 3602 1692 gloriiicandos,
3630 1629 3695 1684 ut,
3719 1620 3831 1676 Chri-

2323 1709 2392 1764 sti
2422 1709 2731 1767 cohscredes
2755 1709 2951 1777 eliecti,
2987 1726 3210 1782 regnum
3240 1711 3496 1768 caelorum
3515 1712 3620 1768 sine
3641 1710 3725 1766 line
3742 1725 3831 1781 pos-

2317 1800 2548 1855 'sideant.

623 1900 789 1956 terra,
836 1895 1051 1962 quidam
1095 1897 1163 1952 de
1194 1899 1347 1968 aquis
1391 1900 1653 1968 originem
1684 1900 1883 1955 ducunt
1919 1900 2016 1971 (de
2062 1901 2212 1968 aquis

2391 1889 2482 1945 41.
2518 1889 2573 1943 Ν
2577 1908 2642 1945 οη
2674 1893 2979 1962 repetendus
3002 1892 3310 1964 baptismus.
3325 1925 3399 1937 -—
3421 1892 3502 1948 Ad
3521 1892 3648 1966 quod
3665 1907 3829 1963 regnum

625 1982 767 2034 enim
798 1994 921 2038 sunt
948 1987 1153 2060 reptilia
1178 1997 1232 2042 et
1254 1989 1514 2054 volatilia,
1544 1989 1611 2045 de
1642 1999 1785 2067 terra
1814 2006 1944 2045 vero
1971 1991 2213 2061 quaedam

625 2087 744 2140 qum
771 2086 981 2144 repunt,
1030 2080 1272 2150 quaedam
1303 2096 1435 2134 vero
1467 2096 1586 2150 qua:
1639 2082 1974 2152 gradiuntur,
2025 2090 2214 2136 exorta

610 2163 806 2236 sunt),
834 2167 1012 2220 tandiu
1040 2169 1259 2240 spiritus
1283 2179 1410 2230 sunt
1453 2170 1693 2241 quandiu
1720 2171 1772 2224 in
1797 2172 2112 2241 corporibus
2137 2173 2216 2227 vi-

625 2265 776 2309 vunt.
829 2257 1019 2313 Anima
1060 2261 1260 2331 quippe
1304 2278 1423 2336 quae
1473 2263 1699 2318 rationis
1747 2280 1918 2342 capax
1962 2264 2217 2319 divinitus

623 2347 766 2404 facta
810 2367 916 2405 non
944 2361 1062 2420 est,
1094 2369 1217 2408 cum
1258 2371 1423 2411 carne
1448 2371 1544 2412 sua
1575 2364 1628 2409 et
1677 2356 1866 2430 incipit
1913 2366 1968 2411 et
2019 2357 2217 2432 desinit

623 2440 844 2495 vivere:
874 2443 998 2511 quia
1026 2444 1240 2513 quando
1281 2447 1499 2516 corpori
1538 2447 1703 2501 vitam
1747 2463 1856 2502 non
1906 2447 2109 2514 tribuit,
2161 2457 2216 2502 ct

625 2528 740 2598 ipsa
770 2547 878 2586 non
899 2533 1058 2587 vivit:
1093 2543 1255 2604 atque
1285 2536 1359 2610 ita
1390 2539 1526 2591 miro
1555 2537 1719 2592 modo
1749 2553 1867 2592 cum
1892 2539 2038 2592 omni
2064 2541 2214 2594 carni

625 2624 804 2677 anima
833 2625 902 2678 sit
930 2641 1090 2682 causa
1123 2637 1149 2665 ﬂ
1179 2628 1412 2695 vivendi,
1444 2630 1663 2699 spiritus
1686 2638 1865 2684 tamen
1890 2629 2216 2694 irrationalis

622 2713 810 2768 tandiu
843 2715 975 2768 vivit
1003 2716 1239 2785 quandiu
1291 2718 1344 2771 in
1392 2733 1554 2774 carne
1585 2734 1807 2773 manere
1859 2719 2116 2789 potuerit,
2161 2727 2217 2773 et

623 2803 749 2858 dum
787 2821 819 2859 a
866 2821 1031 2861 carne
1076 2823 1173 2862 sua
1203 2818 1506 2878 separatur,
1555 2811 1916 2878 exstinguitur
1945 2809 1993 2863 δ.
2037 2808 2115 2864 lta
2157 2807 2218 2860 ﬁt

621 2893 711 2960 ‘ut,
771 2910 892 2949 cum
938 2897 1052 2966 ipse
1099 2898 1207 2957 vita
1255 2900 1433 2954 carnis
1482 2915 1591 2958 suae
1639 2901 1746 2966 sit,
1796 2901 1979 2954 vivere
2035 2907 2214 2970 tamen

621 2993 890 3053 nequeat,
957 2987 1173 3062 quando
1236 2990 1402 3043 vitam
1451 2991 1598 3043 carni
1652 2991 2064 3046 subministrare
2117 2982 2210 3044 de-

618 3075 859 3143 stiterit;
913 3086 969 3133 et
1014 3080 1059 3133 si
1108 3096 1218 3134 non
1246 3081 1316 3134 sit
1344 3096 1472 3135 caro
1513 3081 1599 3136 cui
1642 3082 1806 3134 vitam
1837 3081 1967 3135 dare
2013 3080 2215 3162 valeat,

620 3166 736 3236 ipse
784 3183 1003 3237 quoque
1053 3185 1172 3224 eam
1219 3172 1467 3240 protinus
1515 3188 1622 3226 non
1673 3172 1913 3227 habebit.
1955 3171 2080 3225 ldeo
2115 3187 2217 3226 nec

2323 1979 2550 2035 diversis
2582 1983 2915 2052 temporibus
2953 1999 3051 2053 per
3096 1991 3456 2050 sacramenta,
3499 1997 3607 2054 quze
3640 1983 3696 2038 ad
3716 1983 3828 2038 ﬁdem

2313 2073 2710 2130 incarnationis
2737 2091 2848 2130 sua:
2878 2074 3123 2130 Christus
3152 2074 3405 2137 instituit,
3446 2073 3518 2128 illi
3543 2078 3830 2144 pervenerunt

2327 2181 2468 2234 quos
2508 2166 2648 2222 Deus
2693 2166 2862 2235 gratis
2910 2167 3057 2226 nullo
3107 2166 3263 2222 bonae
3309 2166 3592 2221 voluntatis
3638 2165 3709 2218 vel
3741 2164 3830 2219 boni

2323 2260 2503 2328 operis
2532 2260 2725 2314 merito
2749 2258 3088 2328 praacedente
3105 2258 3350 2314 salvavit.
3372 2255 3776 2325 Quemadmodum
3794 2264 3831 2308 et

2323 2367 2392 2405 ex
2421 2352 2514 2406 illo
2537 2359 2782 2422 tempore
2819 2367 2928 2422 quo
2951 2352 3202 2420 Salvator
3251 2359 3438 2424 noster
3487 2351 3642 2406 dixit:
3673 2347 3720 2405 Si
3750 2349 3827 2420 quis

2322 2451 2533 2496 renatus
2555 2460 2657 2496 non
2691 2444 2848 2514 fuerit
2871 2459 2936 2496 ea:
2979 2459 3113 2513 aqua
3139 2451 3189 2495 et
3222 2441 3423 2514 Spiritu
3452 2449 3634 2506 sancto,
3669 2455 3750 2492 non
3771 2454 3831 2508 po-

2326 2543 2421 2586 test
2449 2534 2664 2587 introire
2692 2535 2744 2586 in
2776 2549 2990 2603 regnum
3025 2531 3118 2588 Dei
3155 2530 3338 2605 (Joan.
3371 2546 3446 2597 ιιι,
3477 2529 3553 2603 5),
3583 2530 3750 2600 absque
3771 2541 3830 2581 sa-

2323 2633 2601 2679 cramento
2631 2620 2656 2660 ἀ
2688 2624 3048 2694 baptismatis,
3090 2631 3291 2694 prteter
3331 2639 3428 2678 eos
3454 2623 3542 2693 qui
3581 2622 3628 2676 in
3652 2618 3831 2674 Ecclesia

2324 2714 2591 2769 catholica
2647 2716 2764 2772 sine
2814 2716 3141 2783 baptismate
3185 2731 3293 2784 pro
3341 2714 3550 2770 Christo
3590 2713 3832 2782 sanguinem

2322 2805 2571 2872 fundunt,
2604 2820 2702 2862 nec
2729 2820 2951 2874 regnum
2981 2805 3238 2861 caelorum
3275 2814 3453 2876 potest
3473 2805 3718 2875 quisquam
3734 2800 3832 2856 acci-

2323 2911 2477 2974 pere,
2523 2911 2621 2950 nec
2649 2897 2815 2950 vitam
2843 2905 3123 2952 aeternam.
3167 2895 3310 2964 Quia
3341 2898 3453 2951 sive
3481 2895 3532 2950 in
3558 2893 3781 2950 Catholica
3800 2899 3830 2955 ',

2325 2987 2439 3041 sive
2468 2987 2520 3042 in
2551 2987 2741 3042 haeresi
2771 3003 3092 3058 quacunque
3123 2989 3204 3043 vel
3241 2989 3531 3046 schismate
3550 2983 3834 3058 quisquamin

2319 3061 2544 3134 nomine
2576 3077 2750 3132 Patris
2778 3085 2834 3132 et
2863 3079 2982 3134 Filii
3005 3088 3060 3134 et
3085 3079 3324 3150 Spiritus
3353 3079 3519 3136 sancti
3541 3075 3750 3150 baptismi
3772 3088 3834 3130 sa-

2325 3164 2661 3226 eramentum
2681 3172 2968 3242 acceperit,
2987 3172 3250 3244 integrum
3281 3181 3654 3229 sacramentum
3668 3167 3835 3237 accipit;

618 3258 892 3312 aeternitas
941 3259 1347 3315 irrationalibus
1404 3261 1680 3330 spiritibus
1742 3263 1866 3316 data
1925 3269 2038 3325 est,
2113 3275 2215 3314 nec
2246 3277 2296 3346 Ω
2326 3259 2420 3314 sed
2449 3262 2697 3326 salutem,
2732 3275 2850 3330 qua:
2872 3262 3040 3317 virtus
3061 3270 3141 3316 est
3162 3264 3510 3332 sacramenti,
3539 3277 3634 3317 non
3652 3257 3832 3322 habebit,

620 3346 844 3415 aliquod
893 3349 971 3404 eis
1013 3348 1273 3418 judicium
1320 3358 1680 3420 praeparatur,
1732 3351 1786 3404 in
1837 3365 1945 3420 quo
1992 3351 2071 3404 eis
2127 3349 2218 3405 vel

619 3435 901 3493 beatitudo
951 3453 1050 3508 pro
1079 3440 1257 3508 bonis,
1309 3441 1396 3496 vel
1442 3441 1718 3499 damnatio
1758 3457 1858 3511 pro
1897 3441 2055 3496 malis
2091 3440 2219 3495 red-

619 3527 782 3585 datur
827 3524 1099 3600 operibus.
1149 3532 1275 3588 Ideo
1335 3534 1428 3604 (at.
1472 3534 1621 3604 Inde)
1663 3543 1845 3590 autem
1896 3535 1948 3588 in
1992 3533 2071 3588 eis
2098 3533 2219 3588 nul-

619 3623 671 3698 la
720 3637 943 3693 operum
995 3623 1252 3680 discretio
1299 3626 1646 3696 requiretur,
1699 3627 1826 3699 quia
1877 3625 2079 3680 nullam
2128 3626 2215 3679 in-

618 3714 896 3782 telligendi
924 3713 1232 3770 facultatem
1263 3717 1519 3773 divinitus
1540 3730 1891 3789 acceperunt.
1918 3718 2215 3795 PrOpterea

617 3813 747 3872 ergo
776 3819 962 3858 eorum
990 3819 1219 3875 corpora
1249 3816 1617 3864 resurrectura
1647 3826 1756 3865 non
1787 3821 1931 3880 sunt,
1963 3816 2090 3884 quia
2115 3833 2218 3874 nec

616 3890 674 3946 in
701 3892 830 3961 ipsis
853 3893 1138 3950 animabus
1173 3909 1383 3962 eorum,
1413 3905 1507 3950 ant
1532 3899 1782 3968 aequitas,
1835 3909 1928 3955 aut
1957 3903 2216 3974 iniquitas

615 3986 734 4051 fuit,
752 4003 850 4057 pro
875 4003 980 4057 qua
997 3989 1075 4046 eis
1101 3997 1322 4056 mterna,
1344 3991 1429 4046 vel
1446 3991 1728 4048 beatitudo
1750 3994 1820 4050 sit
1837 3996 2210 4061 retribuenda,

622 4076 704 4131 vel
728 4092 905 4146 paena.

627 4195 632 4200 ς
689 4164 778 4219 ιθ.
809 4166 902 4221 llla
934 4168 1099 4236 igitur
1132 4181 1153 4208 ο
1179 4172 1430 4226 animalia
1465 4173 1747 4242 praesentis
1784 4177 1967 4232 saeculi
1995 4194 2214 4236 cursum

619 4263 788 4324 atque
816 4266 1064 4311 ornatum
1103 4262 1401 4316 secundum
1429 4260 1705 4318 Creatoris
1744 4265 2211 4337 incomprehensie

617 4345 780 4399 bilem
805 4359 1067 4424 peragunt
1093 4352 1454 4421 voluntatem,
1478 4369 1598 4422 qua:
1613 4355 1682 4410 de
1707 4357 1818 4411 suis
1835 4357 1989 4414 factis
2013 4361 2214 4415 nullam

619 4438 886 4494 rationem
934 4440 1210 4497 redditura
1251 4453 1394 4510 sunt,
1437 4446 1563 4514 quia
1600 4448 1887 4504 rationalia
1917 4467 2024 4506 non
2063 4459 2210 4506 sunt.

616 4527 872 4602 Nunquid
897 4532 1033 4586 enim
1057 4533 1121 4588 de
1155 4535 1314 4590 bobus
1343 4553 1468 4590 cura
1506 4549 1583 4593 est
1617 4539 1724 4595 Deo
1757 4541 1813 4614 (Ι
1840 4540 1960 4597 Cor.
1992 4560 2046 4611 v,
2072 4543 2210 4613 l0)?

616 4621 873 4678 Homines
898 4639 1026 4679 vero
1052 4625 1179 4694 quia
1206 4627 1500 4684 rationales
1527 4631 1690 4702 519
1713 4630 1841 4686 facti
1873 4640 2018 4701 sunt,
2049 4641 2104 4687 et
2132 4633 2200 4688 de

614 4728 695 4781 se,
727 4722 782 4769 et
807 4714 876 4770 de
897 4715 1146 4772 omnibus
1174 4717 1336 4773 rebus
1362 4732 1496 4789 quas
1519 4721 1572 4774 in
1594 4736 1749 4777 usum
1772 4723 1897 4776 vitae
1922 4725 2204 4792 praesentis

614 4817 958 4878 acceperunt,
985 4811 1254 4866 rationem
1283 4811 1542 4868 reddituri
1566 4821 1692 4868 sunt
1721 4814 1855 4884 Deo,
1877 4822 1932 4871 et
1952 4831 2050 4886 pro
2073 4832 2202 4872 suo-

612 4909 732 4952 rum
785 4907 1000 4954 actuum
1047 4903 1307 4972 qualitate
1355 4904 1636 4974 recipient,
1687 4914 1782 4960 aut
1831 4921 2066 4976 poenam,
2110 4917 2204 4962 aut

613 4988 862 5058 gloriam.
911 4989 1104 5046 Omnes
1131 4995 1270 5047 enim
1312 5010 1408 5049 nos
1449 4997 1783 5067 manifestari
1831 5007 2034 5071 oportet
2083 5009 2205 5054 ante

613 5078 838 5135 tribunal
866 5080 1082 5152 Christi,
1123 5093 1180 5138 ut
1222 5087 1437 5156 recipiat
1461 5089 1810 5159 unusquisque
1846 5092 2059 5160 propria
2095 5108 2203 5148 cor-

513 5199 516 5204 ·
610 5175 774 5242 poris,
803 5186 956 5245 prout
985 5177 1164 5246 gessit,
1203 5178 1306 5231 sive
1335 5177 1546 5244 bonum,
1597 5180 1702 5234 sive
1733 5181 1923 5234 malum
1948 5180 2038 5254 (II
2077 5181 2202 5237 Cor.

610 5277 664 5328 v,
703 5262 793 5334 10)
821 5283 833 5318 :
866 5275 995 5322 tunc
1023 5267 1230 5322 scilicet
1277 5282 1419 5330 cum,
1474 5268 1769 5324 secundum
1815 5271 1980 5339 ipsius
2030 5274 2203 5328 nostri

613 5353 891 5413 Creatoris
925 5374 991 5414 ac
1018 5357 1398 5430 Redemptoris
1445 5359 1718 5430 eloquium
1754 5379 1766 5414 :
1803 5360 1994 5416 Omnes
2023 5366 2108 5431 qui
2147 5365 2206 5418 in

611 5450 958 5504 monumentis
981 5459 1101 5506 sunt
1127 5451 1341 5506 audient
1377 5467 1548 5506 vocem
1569 5451 1710 5522 ejus;
1742 5462 1791 5506 et
1812 5454 2092 5523 procedent
2118 5454 2207 5524 qui

636 5659 640 5662 ~
689 5639 715 5668 ⁸
743 5626 842 5685 Ms.
877 5629 1075 5698 Vatic.,
1104 5649 1220 5686 cum
1262 5633 1429 5688 omnis
1458 5632 1638 5687 anima
1675 5631 1730 5685 in
1761 5645 1918 5686 carne
1950 5629 2016 5683 sit
2045 5644 2204 5683 causa

611 5701 830 5760 vivendi.
2020 5731 2021 5734 η

687 5774 712 5812 b
739 5772 865 5828 Mss.
901 5783 1030 5841 tres,
1061 5783 1388 5828 extenuatur.

641 5863 652 5891 ε
690 5856 711 5884 ο
743 5843 910 5898 Abest
938 5846 1097 5916 igitur
1122 5859 1151 5897 a
1178 5859 1306 5899 mss.
1340 5851 1593 5968 quatuor.

686 5912 713 5953 ἀ
744 5911 915 5968 Vatia.
945 5931 1089 5968 unus
1132 5915 1186 5968 id
1215 5923 1288 5968 est
1318 5929 1348 5968 α
1387 5927 1507 5968 sane
1533 5928 1591 5968 sa

686 5912 713 5953 ἀ
744 5911 915 5973 Vatis.
945 5911 1096 5981 unus,
1132 5915 1186 5969 id
1215 5923 1288 5972 est
1318 5911 1507 5979 absque
1533 5920 1877 5971 sacramento.

2255 5563 2272 5601 ὁ

2327 3349 2373 3404 si
2402 3357 2554 3418 extra
2598 3351 2919 3404 catholicam
2946 3349 3240 3407 Ecclesiam
3297 3354 3470 3424 ipsum
3517 3358 3834 3408 sacramentum

2330 3439 2596 3494 habuerit.
2642 3437 2783 3509 Ergo
2815 3441 2934 3496 ideo
2961 3441 3121 3498 debet
3150 3442 3217 3495 ad
3246 3441 3544 3498 Ecclesiam
3572 3440 3736 3504 redire,
3759 3451 3834 3490 non

2325 3539 2387 3585 ut
2414 3541 2806 3586 sacramentum
2838 3532 3171 3602 baptismatis
3214 3534 3416 3588 iterum
3468 3533 3691 3602 accipiat,
3731 3523 3836 3596 quod

2327 3637 2488 3676 nemo
2517 3621 2675 3676 debet
2703 3623 2757 3676 in
2786 3623 3026 3693 quolibet
3057 3623 3282 3679 homine
3319 3625 3582 3694 baptizato
3608 3626 3836 3692 repetere.

2323 3709 2421 3766 sed
2446 3719 2504 3766 ut
2531 3712 2584 3766 in
2607 3713 2865 3767 societate
2895 3713 3158 3768 catholica
3187 3714 3356 3770 vitam
3385 3723 3623 3770 aeternam
3649 3707 3834 3777 accipiat,

2324 3799 2395 3855 ad
2423 3815 2586 3872 quam
2618 3803 2963 3857 obtinendam
2993 3819 3274 3872 nunquam
3304 3821 3424 3860 esse
3449 3813 3614 3876 potest
3647 3801 3832 3858 idoneus,

2323 3892 2419 3962 qui
2447 3908 2568 3949 cum
2597 3901 2933 3948 sacramento
2961 3893 3300 3963 baptismatis
3327 3895 3394 3949 ab
3414 3892 3636 3948 Ecclesia
3661 3883 3834 3943 catholi-

2323 3996 2391 4036 ca
2419 3983 2742 4037 remanserit
2769 3983 2992 4050 alienus.
3035 3983 3135 4049 Qui
3159 3984 3203 4038 si
3234 3983 3334 4053 (at.
3362 3983 3510 4050 Quod
3537 3981 3647 4050 etsi)
3667 3985 3712 4032 et
3734 3975 3837 4028 elec-

2323 4087 2578 4142 mosynas
2619 4073 2805 4140 largas
2833 4071 3012 4138 faciat,
3053 4081 3108 4127 et
3143 4088 3242 4142 pro
3276 4073 3494 4128 nomine
3518 4067 3692 4126 Christi
3717 4063 3836 4118 etiam

2319 4162 2642 4230 sanguinem
2671 4161 2878 4241 fundat,
2922 4177 3022 4234 pro
3051 4178 3118 4218 eo
3147 4163 3295 4233 quod
3326 4164 3377 4218 in
3409 4164 3506 4218 hac
3546 4162 3643 4215 vita
3670 4171 3755 4210 non
3778 4161 3835 4205 te-

2318 4253 2448 4306 nuit
2475 4251 2729 4308 Ecclesiae
2757 4252 3034 4308 catholica:
3065 4253 3350 4318 unitatem,
3376 4270 3481 4309 non
3509 4249 3703 4306 habebit
3722 4252 3836 4299 mter-

2320 4355 2451 4396 nam
2479 4343 2726 4398 salutem.
2772 4340 2873 4397 Ubi
2901 4344 3044 4397 enim
3077 4344 3273 4412 cuique
3309 4343 3561 4414 prodesse
3594 4343 3745 4409 potest
3765 4332 3834 4386 ba-

2324 4433 2570 4501 ptismus,
2620 4432 2693 4487 ibi
2717 4439 2898 4504 potest
2921 4440 2979 4487 et
3017 4432 3362 4504 eleemosyna
3391 4431 3648 4505 prodesse.
3676 4419 3836 4493 Baptis-

2323 4535 2446 4577 mus
2473 4529 2652 4576 autem
2680 4529 2833 4577 extra
2865 4519 3159 4578 Ecclesiam
3185 4522 3404 4591 quidem
3432 4537 3552 4577 esse
3574 4522 3744 4592 potest:
3768 4505 3835 4566 θαι

2320 4611 2428 4668 nisi
2457 4613 2597 4668 intra
2617 4612 2910 4669 Ecclesiam
2937 4612 3196 4683 prodesse
3223 4629 3331 4669 non
3361 4620 3555 4684 potest.

2388 4723 2477 4778 42.
2509 4721 2746 4778 Ecclesia
2776 4723 3049 4778 catholica.
3081 4754 3151 4766 —
3179 4723 3238 4778 in
3285 4723 3524 4780 Ecclesia
3567 4720 3708 4790 igitur
3743 4720 3830 4768 tan-

2313 4815 2597 4873 tummodo
2646 4815 2910 4872 catholica
2961 4824 3142 4886 potest
3189 4816 3476 4887 unicuique
3518 4810 3756 4884 prodesse,
3791 4805 3834 4852 el

2316 4906 2594 4976 perceptio
2621 4905 2977 4975 baptismatis,
3007 4913 3062 4959 et
3085 4920 3251 4976 opera
3288 4900 3670 4960 misericordia,
3698 4903 3742 4948 et
3759 4902 3831 4944 no-

2315 4999 2478 5054 minis
2513 4997 2712 5053 Christi
2742 4997 2975 5067 gloriosa
3017 4995 3282 5073 confessio
3310 5015 3324 5048 :
3353 4996 3396 5056 si
3427 5003 3597 5048 tamen
3626 4988 3672 5078 in
3692 4977 3833 5078 Eccle-

2313 5091 2395 5143 sia
2425 5088 2688 5144 catholica
2735 5087 2873 5141 bene
2919 5087 3148 5141 vivatur.
3199 5085 3364 5157 520
3405 5082 3548 5139 Sicut
3590 5075 3834 5170 enim

2314 5178 2569 5235 Ecclesia:
2590 5177 2866 5234 catholicae
2891 5177 3150 5231 societate
3175 5190 3274 5229 nec
3301 5173 3589 5242 baptismus
3613 5163 3746 5218 alicui
3769 5167 3835 5224 po-

2316 5278 2422 5325 test
2450 5269 2726 5340 prodesse,
2759 5283 2858 5322 nec
2890 5280 3055 5336 opera
3085 5261 3465 5318 misericordiae
3491 5296 3505 5320 9
3539 5253 3628 5310 ιιῖεί
3657 5247 3832 5348 ίθτξθμθξ

2317 5362 2502 5417 mitius
2527 5361 2620 5433 (at.
2667 5359 2866 5428 minus)
2917 5364 3250 5426 torqueatur,
3301 5367 3405 5408 non
3434 5359 3603 5404 tamen
3646 5340 3831 5437 ιιι-ξηίεξ

2318 5453 2416 5508 Dei
2445 5428 2580 5509 ﬁlios
2609 5451 2898 5522 deputetur
2924 5467 2935 5501 :
2978 5449 3058 5505 sic
3083 5448 3220 5501 intra
3248 5442 3538 5499 Ecclesiam
3567 5428 3835 5492 catholicam

2393 5637 2417 5664 ο
2446 5626 2536 5682 Sic
2565 5640 2695 5680 mss.
2730 5633 2859 5679 tres.
2894 5625 2962 5677 At
3003 5623 3154 5688 editi,
3186 5624 3238 5676 in
3267 5616 3515 5688 catholica
3539 5611 3650 5688 ﬁde.
3694 5596 3823 5688 νξξξξ·

2243 5701 2248 5707 ’
2316 5677 2856 5762 ιιηιιέξ-ἶηῄὲᾘιὶιόιὶἷά
2890 5677 3154 5747 Ecclesia:
3178 5690 3416 5762 Priorem
3440 5677 3831 5762 lectionem

3441 5735 3660 5831 estsolo.

2713 5811 3012 5889 Ecclesiam
3039 5833 3342 5900 designare,
3368 5837 3476 5882 tum
3513 5821 3625 5896 quia
3651 5811 3830 5871 infert“!

2317 5908 2467 5968 dicit,
2496 5909 2539 5961 si
2564 5917 2711 5962 extra
2740 5904 3023 5963 Ecclesiam
3053 5903 3380 5960 catholicam.
