4046 6498
159 383 301 444 693

1461 383 1551 441 DE
1583 383 1742 442 FIDE
1778 381 1982 442 LIBER
2021 381 2222 441 UNUS.

3380 351 3484 444 tot

163 517 288 572 per
323 502 501 557 solum
530 502 859 574 baptismum
888 503 998 558 vita
1027 513 1227 558 interna
1256 515 1360 555 non
1385 499 1699 569 acquiritur,
1737 502 1782 554 sl
1809 501 1865 564 Α
1889 499 2060 551 solum
2088 495 2134 549 si
2163 493 2534 549 fornicationis
2555 491 2835 550 mortifero
2861 477 3084 551 crimine
3110 495 3203 566 (al.
3236 495 3455 552 vulnere
3460 514 3479 568 )

167 602 322 662 post
358 581 684 664 baptismum
711 594 853 649 male
895 593 1126 648 vivatur.
1177 587 1311 646 Nam
1342 597 1396 644 et
1425 589 1500 644 illi
1528 589 1620 659 qui
1649 588 1800 650 bene,

164 682 386 738 vivunt
429 683 625 738 debent
673 684 925 754 operibus
984 678 1370 739 misericordiae
1420 675 1786 733 indesinenter

159 772 491 829 insistere:
542 775 773 831 scientes
816 789 877 831 se
922 775 1048 830 licet
1095 773 1254 839 levia,
1305 770 1564 827 nonnulla
1602 777 1784 823 tamen

161 863 448 932 quotidie
477 864 799 920 contrahere
826 874 1068 935 peccata,
1108 877 1208 935 pro
1237 861 1431 933 quibus
1459 861 1622 916 etiam
1656 873 1783 913 san-

163 953 257 1008 cti
292 962 355 1007 et
381 952 511 1022 justi
541 969 756 1024 semper
786 956 839 1009 in
877 955 980 1010 hac
1007 954 1118 1009 vita
1149 954 1261 1009 Deo
1290 952 1473 1007 dicere
1503 950 1734 1006 debeant
1766 967 1778 1002 :

170 1043 416 1099 Dimitte
437 1045 583 1100 nobis
605 1046 779 1100 debita
801 1057 1002 1114 nostra,
1025 1049 1157 1101 sicut
1183 1053 1232 1100 et
1261 1059 1353 1098 nos
1371 1044 1672 1097 dimittimus
1695 1042 1783 1096 de-

167 1134 445 1188 bitoribus
473 1137 667 1189 nostris
699 1134 914 1206 (Hatth.
944 1151 1015 1200 vi,
1050 1135 1157 1206 12).
1189 1133 1320 1200 Quae
1345 1139 1562 1204 peccata
1579 1137 1784 1200 quanto

167 1224 358 1279 etiam
409 1234 434 1262 ιι
477 1226 531 1279 in
576 1226 743 1280 rebus
794 1227 955 1281 licitis
1001 1235 1058 1282 et
1115 1241 1146 1279 a
1200 1218 1311 1280 Deo
1361 1223 1638 1280 concessis
1685 1225 1786 1277 fre-

165 1322 426 1383 quenter
449 1315 756 1370 hominibus
787 1318 1104 1385 subrepunt,
1154 1323 1210 1371 et
1237 1321 1444 1384 quanto
1471 1313 1641 1382 magis
1669 1309 1782 1367 for-

163 1404 421 1459 tioribus
448 1405 581 1460 cibis
609 1420 809 1476 corpus
838 1405 1113 1476 impletur,
1149 1413 1204 1459 et
1233 1403 1540 1460 carnalibus
1559 1399 1656 1457 cor
1685 1401 1784 1457 ho-

167 1492 354 1546 minis
384 1493 593 1548 actibus
617 1503 783 1564 atque
808 1493 1088 1550 affectibus
1134 1493 1460 1564 implicatur,
1493 1500 1645 1548 tanto
1672 1489 1782 1547 the.

169 1584 448 1653 quentior
473 1585 638 1656 culpa
661 1587 714 1640 in
735 1587 838 1642 hac
865 1587 1197 1642 mortalitate
1226 1586 1582 1642 contrahitur.

256 1672 356 1726 43.
388 1673 734 1729 Abstinentia.
759 1708 830 1718 -—
860 1674 1155 1745 Pr0pterea
1188 1676 1422 1731 humiles
1458 1676 1599 1731 servi
1627 1675 1784 1730 Chri-

172 1765 274 1830 sti,
329 1766 422 1834 qui
472 1767 696 1836 cupiunt
742 1766 972 1822 Domino
999 1783 1098 1822 suo
1135 1767 1253 1823 sine
1293 1767 1679 1838 impedimento
1727 1774 1784 1822 et

1891 587 2212 650 inaculetur,
2245 599 2429 638 verum
2462 585 2627 639 etiam
2658 585 2701 639 si
2732 593 2824 639 aut
2852 584 2933 639 vir
2961 600 3184 640 uxorem
3212 587 3481 658 accipere,

1893 671 2050 745 521
2084 681 2182 728 aut
2211 675 2405 728 mulier
2427 673 2630 729 nubere
2651 675 2902 738 voluerit,
2925 675 3217 730 secundum
3239 675 3484 746 Apostoli

1889 764 2212 819 sententiam
2233 764 2285 836 (I
2307 763 2442 819 Tim.
2463 781 2518 834 v,
2549 763 2656 837 12),
2674 765 3073 822 damnationem
3098 765 3338 833 habebit,
3359 769 3484 836 quia

1887 856 2117 926 primam
2135 855 2292 911 ﬁdem
2309 857 2514 911 irritam
2533 857 2677 914 fecit.
2698 857 2848 913 Sicut
2867 871 3019 928 ergo,
3037 860 3330 914 secundum
3349 860 3488 931 Apo-

1889 946 2014 1000 stoli
2044 947 2364 1001 sententiam
2385 947 2437 1018 (Ι
2460 945 3014 1021 Cor.vu,5),dignum
3039 958 3200 1005 estut
3228 952 3384 1006 uxori
3407 951 3487 1006 vir

1889 1039 2129 1096 debitum
2169 1041 2382 1108 reddat,
2412 1042 2659 1098 similiter
2689 1050 2743 1098 et
2767 1057 2905 1099 uxor
2934 1044 3068 1111 viro,
3119 1045 3246 1113 quia
3289 1045 3334 1099 si
3364 1043 3486 1113 quis

1890 1132 2165 1202 acceperit
2193 1147 2420 1186 uxorem
2453 1148 2560 1188 non
2606 1140 2814 1204 peccat,
2865 1141 2921 1189 et
2962 1135 3008 1189 si
3058 1135 3210 1204 virgo
3241 1135 3488 1204 nupserit

1892 1233 2001 1276 non
2031 1226 2242 1290 peccat,
2269 1221 2367 1289 ita,
2401 1221 2696 1277 secundum
2722 1222 2961 1291 ejusdem
2984 1222 3227 1294 Apostoli
3257 1223 3482 1290 dictum,

1889 1313 1984 1382 'qui
2011 1314 2259 1369 statuerit
2288 1314 2341 1366 in
2375 1313 2537 1368 corde
2565 1329 2662 1368 suo
2692 1313 2876 1369 ﬁrmus
2905 1329 3012 1369 non
3050 1311 3254 1368 habens
3297 1328 3487 1369 neces-'

1889 1407 2124 1474 sitatem,
2173 1413 2500 1477 potestatem
2531 1415 2712 1464 autem
2742 1407 2950 1464 habens
2997 1424 3108 1464 sua:
3158 1409 3482 1478 voluntatis,

1887 1505 1946 1552 et
1971 1497 2180 1552 voverit
2222 1497 2609 1553 continentiam
2641 1497 2770 1564 Deo,
2819 1497 2979 1554 debet
3029 1513 3149 1553 eam
3200 1515 3368 1568 usque
3418 1487 3474 1554 in
3546 1503 3558 1518 ‘

1891 1588 2054 1644 tinem
2079 1594 2193 1643 tota
2224 1589 2419 1644 mentis
2444 1589 2804 1645 sollicitudine
2834 1590 3125 1654 custodire,
3163 1605 3232 1645 ne
3260 1589 3486 1644 damnaé

1892 1685 2095 1740 tionem
2137 1683 2364 1750 habeat,
2397 1683 2442 1738 si
2470 1683 2699 1754 primam
2729 1681 2886 1738 iidem
2925 1678 3131 1737 irritam
3163 1681 3371 1737 fecerit.
3407 1681 3487 1735 Si-‘

1892 1775 2093 1830 militer
2121 1782 2176 1830 et
2202 1775 2476 1844 conjugati
2506 1775 2630 1842 viri,
2672 1773 2759 1829 vel
2787 1774 3087 1843 coniugata!
3116 1773 3391 1834 mulieres,
3438 1772 3486 1827 si

173 1857 399 1952 absque
432 1858 600 1912 animi
644 1859 803 1914 ποιίι
851 1859 1208 1929 occupauit”
1252 1859 1475 1919 δθτνίπθσ
1529 1857 1781 1926 οοηὶιιςῑει
1811 1887 1864 1952 Β
1891 1883 1961 1921 ex
1985 1882 2253 1922 consensu
2283 1880 2574 1936 perennem
2615 1865 2726 1920 Deo
2774 1865 3025 1920 voverint
3072 1863 3484 1926 continentiam,

175 1946 414 2003 omnino
444 1959 553 2002 non
601 1957 882 2018 appetunt,
930 1957 986 2003 et
1013 1963 1046 2002 a
1075 1948 1324 2003 carnibus
1351 1962 1416 2003 ac
1441 1948 1568 2002 vino
1612 1946 1780 2001 absti-

178 2049 343 2108 nent,
376 2042 432 2096 in
459 2050 723 2111 quantum
755 2044 1002 2113 corporis
1037 2042 1296 2098 valetudo
1337 2041 1621 2112 permittit.
1663 2040 1784 2096 Non

179 2135 316 2205 quia
347 2143 629 2205 peccatum
658 2142 742 2191 est
769 2143 863 2190 aut
890 2136 1172 2205 coniugem
1209 2135 1427 2199 habere,
1478 2139 1572 2188 aut
1600 2134 1804 2188 vinum-

179 2242 451 2283 carnesve
479 2228 758 2298 percipere
784 2246 796 2281 :
830 2241 955 2282 nam
983 2234 1039 2282 et
1062 2228 1255 2282 beatus
1283 2225 1576 2296 Apostolus
1605 2225 1739 2280 dicit
1765 2241 1778 2277 :

184 2319 330 2383 Quid
355 2322 524 2375 omnis
553 2329 792 2374 creatura
821 2316 919 2373 Dei
946 2317 1083 2373 bona
1109 2325 1208 2380 est,
1257 2327 1308 2373 et
1355 2316 1486 2371 nihil
1531 2315 1777 2386 rejieien-

180 2409 310 2466 dum
339 2409 476 2482 quod
495 2425 610 2464 eum
640 2410 928 2482 gratiarum
957 2409 1158 2462 actione
1186 2406 1465 2478 percipitur
1485 2420 1504 2459 :
1541 2403 1784 2473 sanctifi-

181 2507 338 2555 eatur
363 2501 504 2554 enim
543 2517 636 2570 per
669 2499 873 2554 verbum
903 2498 1033 2566 Dei,
1063 2506 1113 2552 et
1134 2498 1421 2553 orationem
1449 2494 1504 2566 (I
1537 2495 1672 2549 Tim.
1704 2509 1780 2561 Iv,

183 2593 247 2662 4,
278 2593 359 2664 5).
399 2592 720 2664 Conjugium
750 2605 966 2662 quoque
993 2592 1048 2646 in
1087 2589 1276 2661 primis
1304 2587 1613 2643 hominibus
1640 2585 1785 2640 Deus

185 2693 245 2742 οι
270 2684 524 2749 instituit,
553 2691 611 2738 et
637 2682 916 2737 benedixit
946 2680 1098 2752 (Gen.
1125 2696 1183 2745 ιι,
1213 2677 1329 2749 22).
1371 2675 1600 2748 Propter
1636 2673 1783 2745 quod

185 2773 483 2846 Apostolus
510 2773 587 2828 ait
611 2790 622 2826 :
663 2771 986 2828 Honorabile
1016 2768 1325 2824 connubium
1356 2769 1413 2821 in
1434 2765 1692 2827 omnibus,
1732 2771 1784 2817 et

189 2877 338 2924 torus
381 2865 748 2921 immaculata:
785 2863 972 2934 (Hebr.
997 2877 1110 2927 xm,
1143 2859 1220 2931 4).
1253 2859 1419 2928 Igitur
1450 2857 1476 2896 δ
1513 2855 1655 2912 servi
1686 2853 1783 2908 Dei

189 2961 248 3018 in
276 2975 344 3016 eo
363 2959 508 3028 quod
528 2974 560 3012 a
584 2957 834 3014 carnibus
853 2969 911 3012 et
932 2957 1059 3010 vino
1079 2954 1368 3018 abstinent,
1392 2967 1502 3006 non
1525 2959 1781 3017 tanquam

187 3067 277 3109 res
304 3050 607 3108 immundus
627 3050 920 3129 refugiunt,
953 3049 1048 3104 sed
1069 3046 1367 3102 mundioris
1387 3046 1512 3099 vitae
1537 3042 1782 3100 instituta

186 3151 483 3210 sectantur,
512 3150 569 3198 et
600 3141 655 3196 in
701 3155 768 3196 eo
807 3139 949 3210 quod
981 3137 1230 3206 coniugia
1275 3150 1384 3190 non
1416 3133 1640 3200 habent,
1670 3145 1781 3186 non

1892 1959 2146 2014 noverint
2185 1973 2244 2014 se
2273 1959 2388 2014 voti
2422 1959 2504 2014 sui
2551 1957 2818 2013 obnoxios
2846 1956 3075 2013 detineri
3110 1965 3132 1993 ο
3158 1998 3173 2023 ,
3223 1971 3324 2011 nec
3373 1955 3485 2024 jam

1888 2051 1991 2108 sibi
2017 2051 2215 2106 debere
2240 2053 2683 2107 commixtionetu
2719 2051 2918 2119 carnis,
2949 2066 3110 2120 quam
3137 2050 3338 2104 licitam
3370 2039 3490 2124 prif

1889 2143 2052 2197 mitus
2081 2142 2403 2208 habuerunt,
2436 2142 2530 2197 sed
2560 2142 2670 2196 Deo
2699 2155 2759 2196 se
2789 2141 2992 2196 debere
3034 2141 3423 2202 continentiam
3461 2137 3480 2176 ε

1888 2239 2050 2302 quam
2098 2239 2381 2287 voverunt.
2444 2230 2595 2286 Tene
2641 2230 2782 2285 enim
2831 2229 3199 2299 unusquisque
3260 2217 3488 2295 regnum

1889 2324 2179 2392 calorum,
2227 2323 2370 2392 quod
2417 2323 2616 2379 sanctis
2666 2321 3017 2393 promittitur,
3069 2321 3385 2392 possidebit,
3438 2313 3490 2377 si.

1889 2409 2214 2468 obliviscens
2242 2427 2362 2482 quae
2389 2420 2537 2467 retro
2563 2419 2706 2476 sunt,
2734 2419 2789 2466 et
2813 2411 2868 2464 in
2891 2410 3164 2466 anteriora
3191 2409 3484 2464 extendens
3585 2457 3590 2461 .

1887 2505 2148 2574 seipsum,
2179 2503 2472 2560 secundum
2501 2503 2646 2572 quod
2677 2503 2730 2556 in
2761 2501 2988 2556 Psalmis
3016 2501 3240 2555 dicitur:
3281 2499 3482 2563 Vovete,

1887 2604 1938 2650 et
1966 2595 2163 2649 reddite
2192 2594 2417 2650 Domino
2439 2593 2550 2649 Deo
2579 2603 2749 2648 vestro
2777 2592 2952 2662 (Psal.
2983 2608 3145 2659 Lxxv,
3175 2591 3264 2661 12)
3291 2633 3304 2657 ,
3339 2589 3483 2660 quod

1889 2687 1990 2742 scit
2018 2701 2138 2742 esse
2166 2687 2388 2752 licitum,
2427 2693 2482 2741 et
2510 2685 2577 2739 ad
2605 2684 2908 2755 profectum
2937 2683 3176 2738 melioris
3207 2682 3330 2736 vitae
3356 2698 3482 2752 per-

1891 2780 2064 2834 tinere
2092 2780 2393 2848 cognoscit,
2423 2786 2478 2833 et
2499 2778 2732 2832 libenter
2751 2785 2969 2843 voveat,
2997 2785 3052 2831 et
3079 2777 3330 2830 celeriter
3359 2775 3480 2829 red-

1889 2871 1984 2925 dat
2013 2881 2063 2938 8,
2090 2878 2145 2924 et
2169 2871 2220 2925 in
2252 2871 2358 2925 hoc
2385 2869 2529 2938 quod
2560 2877 2744 2924 votum
2775 2867 2974 2934 reddit,
3008 2868 3232 2921 meliore
3259 2880 3482 2934 semper

1888 2969 2088 3017 conatu
2120 2961 2386 3031 proficiat.
2409 2959 2567 3015 Omni
2593 2959 2737 3015 enim
2763 2958 2976 3013 voventi
2995 2956 3128 3018 Deo,
3154 2961 3208 3010 et
3239 2953 3481 3009 reddenti

1887 3053 2034 3122 quod
2061 3054 2223 3119 vovit,
2273 3052 2388 3122 ipse
2413 3065 2632 3122 quoque
2659 3047 2802 3106 Deus
2842 3049 3033 3105 reddet
3060 3047 3295 3104 etnlestis
3326 3045 3479 3114 regni

1889 3145 2109 3214 praemia
2137 3157 2256 3215 qua:
2283 3143 2550 3214 promisit.

190 3235 496 3304 nuptiarum
524 3232 728 3289 bonum
764 3232 968 3286 crimen
997 3244 1117 3284 esse
1145 3227 1489 3290 existimant,
1527 3221 1624 3278 sed
1651 3235 1781 3278 con-

1957 3235 2088 3292 Car.
2124 3253 2198 3306 tv,
2221 3254 2308 3292 seu
2332 3237 2554 3292 REGULL
2585 3249 2762 3290 rain.
2804 3230 3015 3286 Natura
3043 3230 3238 3283 divina.
3271 3260 3342 3271 -
3379 3223 3478 3279 45.

190 3325 472 3382 tinentlam
518 3323 698 3393 iugem
746 3321 902 3378 bonis
949 3319 1150 3390 nuptiis
1189 3317 1471 3372 meliorem
1505 3328 1630 3369 esse
1666 3323 1778 3368 non

189 3416 436 3473 dubitant
460 3434 474 3469 :
515 3416 620 3471 isto
647 3427 808 3485 quam
841 3413 1074 3470 maxime
1104 3419 1369 3480 tempore,
1400 3406 1618 3477 quando
1645 3405 1779 3460 dici-

191 3520 276 3568 tur
300 3512 368 3568 de
395 3509 728 3566 continentia
755 3525 768 3562 :
803 3505 906 3570 Qui
929 3514 1091 3576 potest
1117 3519 1321 3574 capere,
1351 3501 1524 3572 capiat
1555 3497 1773 3570 (Matth.

191 3622 302 3671 nx,
333 3602 458 3674 i2);
491 3603 559 3658 de
589 3600 791 3671 nuptiis
819 3613 950 3653 vero
977 3597 1175 3651 dicitur
1199 3613 1212 3648 :
1261 3593 1361 3657 Qui
1390 3609 1446 3646 se
1475 3607 1578 3646 non
1604 3592 1774 3644 conti-

191 3706 294 3764 net,
343 3696 503 3751 nubat
543 3691 594 3764 (ι
627 3691 865 3754 Comm,
891 3687 969 3758 9).
1019 3687 1079 3742 In
1125 3699 1236 3741 uno
1277 3684 1420 3739 enim
1467 3681 1777 3737 hortatione

191 3793 358 3848 virtus
383 3788 608 3858 erigitur
644 3797 690 3851 °,
721 3785 776 3838 iu
811 3783 982 3838 altero
1011 3779 1296 3835 inﬁrmitas
1323 3774 1564 3832 reedio
1590 3773 1774 3829 suble-

193 3892 361 3942 vatur.
403 3879 560 3936 Unde
599 3878 726 3948 quia
753 3872 1054 3943 aegritudini
1094 3881 1313 3940 semper
1355 3876 1440 3924 est
1484 3865 1773 3922 consulen-

194 3976 333 4039 dum,
377 3981 665 4042 propterea
695 3968 740 4024 si
769 3967 856 4022 cui
883 3966 1063 4035 primo
1099 3960 1388 4030 contigerit
1414 3957 1614 4030 privari
1642 3971 1774 4012 con-

197 4069 352 4141 iugio,
382 4068 427 4121 si
453 4063 686 4121 voluerit
731 4059 1015 4124 secundas,
1063 4057 1152 4114 vel
1191 4055 1355 4111 etiam
1397 4053 1589 4109 tertias
1636 4052 1776 4106 inire

197 4158 420 4229 nuptias,
450 4156 653 4211 nullum
681 4151 750 4208 de
771 4151 876 4206 illis
903 4157 1186 4221 peccatum
1216 4145 1458 4208 habebit,
1487 4144 1533 4200 si
1557 4159 1650 4200 eas
1678 4158 1774 4199 ca-

197 4258 275 4305 ste
299 4247 615 4309 servaverit,
665 4243 719 4299 id
758 4249 861 4307 est,
894 4241 940 4296 si
967 4253 1104 4294 unus
1131 4245 1189 4294 et
1217 4251 1344 4302 una,
1379 4234 1618 4303 legitime
1643 4233 1778 4289 dun-

198 4349 340 4399 taxat
365 4340 660 4409 conjuncti,
691 4337 850 4392 [idem
880 4339 1119 4398 servant,
1170 4337 1232 4386 ut
1277 4343 1378 4386 uec
1424 4327 1515 4384 ille
1559 4326 1775 4383 mulieri

199 4443 386 4506 praeter
413 4447 659 4498 uxorem,
692 4445 796 4485 nec
824 4427 914 4483 illa
945 4426 1062 4482 viro
1088 4431 1284 4495 preter
1311 4422 1564 4477 maritum
1590 4419 1776 4476 ullate-

202 4548 296 4587 nus
321 4531 628 4586 misceatur.
668 4525 726 4580 ln
755 4523 952 4579 talibus
978 4521 1082 4577 etsi
1108 4518 1272 4575 fuerit
1295 4517 1489 4587 aliquis
1512 4515 1776 4585 coniuga-

201 4627 264 4682 lis
309 4637 592 4688 excessus,
637 4621 730 4690 qui
774 4627 954 4674 tamen
990 4615 1291 4685 legitimum
1331 4629 1440 4670 non
1479 4613 1648 4670 violet
1684 4620 1772 4668 ιο-
1804 4651 1830 4690 i

203 4733 330 4784 rum,
357 4713 575 4772 habebit
603 4710 918 4768 nonnullum
947 4706 996 4774 ⁸,
1033 4706 1131 4763 sed
1156 4705 1370 4763 veniale
1396 4713 1698 4775 peccatum.

268 4807 352 4862 M.
383 4803 727 4861 Contineant:
752 4810 944 4856 votum.
976 4823 1048 4842 ---
1072 4796 1182 4853 Sed
1223 4797 1339 4852 haec
1384 4795 1599 4851 illorum
1651 4803 1780 4852 sunt

203 4901 288 4972 qui
325 4898 522 4954 nullam
567 4899 834 4951 voverunt
882 4887 1269 4946 continentiam
1315 4885 1449 4942 Deo.
1509 4886 1778 4944 Caeterum

204 4989 440 5062 quisquis
480 4985 717 5057 seipsum
743 4979 1062 5040 castraverit
1088 4986 1314 5050 propter
1349 4991 1574 5048 regnum
1603 4980 1777 5036 calo-

204 5095 333 5145 rum,
360 5086 421 5136 et
448 5079 501 5134 in
523 5075 695 5134 corde
716 5089 818 5132 suo
845 5070 1237 5131 continentiam
1263 5069 1376 5126 Deo
1405 5073 1636 5140 voverit,
1668 5090 1776 5130 non

277 5287 300 5316 ι
327 5275 417 5331 Sic
444 5274 591 5331 editi.
631 5275 700 5328 At
740 5282 842 5330 ms.
883 5271 1074 5343 Corb.,
1109 5273 1353 5345 quoniam
1382 5272 1557 5327 etiam.
1598 5269 1771 5328 Vatic.

209 5364 349 5411 unus,
381 5345 686 5416 quandoque

271 5418 295 5458 δ
322 5413 481 5487 Editi,
510 5413 751 5487 ideoque.
783 5414 910 5470 Mss.
939 5423 1176 5487 septem,
1204 5413 1396 5487 Igitur.

275 5501 293 5528 ε
321 5485 376 5542 in
415 5484 594 5554 editis,
634 5483 699 5538 In
730 5502 833 5540 una
871 5483 1016 5540 enim
1057 5483 1487 5554 rationegvirtusi
1515 5483 1772 5554 exoritur.

212 5559 304 5615 Sed
328 5559 517 5614 melius
538 5552 680 5626 quod
701 5555 1034 5626 restituimus
1055 5570 1122 5609 ex
1138 5571 1238 5609 ms.
1260 5552 1422 5609 Corb.
1449 5553 1618 5626 vatic.
1644 5552 1774 5621 duo,

215 5630 272 5696 In
291 5647 387 5684 una
413 5625 811 5682 enim’oratione
839 5625 951 5697 (alii
979 5625 1106 5697 duo,
1151 5627 1426 5693 orationis)
1457 5625 1615 5678 virtus
1645 5639 1773 5678 exo-

213 5702 344 5755 ritur.
374 5699 522 5766 Angl.
561 5697 688 5761 duo,
713 5695 945 5766 oratione
970 5695 1128 5750 virtus
1157 5697 1404 5751 exeritur.

273 5773 291 5805 ά
325 5771 414 5823 Ms.
449 5763 604 5826 unus,
631 5765 830 5820 habebit
853 5784 955 5822 non
986 5768 1222 5831 mortale,
1251 5767 1341 5820 sed
1370 5763 1586 5818 veniale.

279 5852 297 5877 ε
329 5839 491 5894 Vntic.
529 5853 682 5902 unus,
715 5839 876 5890 sesui
892 5839 993 5891 voti
1021 5853 1154 5894 nexu
1185 5835 1423 5893 detineri.

283 5909 486 5967 'Yatic.
539 5925 707 5968 unus.
756 5908 846 5964 sed
890 5907 1012 5967 Dn
1048 5921 1112 5968 te
1148 5909 1338 5976 debere
1375 5913 1580 5962 servare
1614 5903 1783 5960 conti-

1890 3326 1918 3364 ¹ι
1952 3328 2284 3384 Firmissime
2308 3330 2489 3398 itaque
2511 3334 2657 3394 tene,
2682 3331 2738 3381 et
2768 3325 3074 3380 nullatenus
3107 3321 3340 3388 dubites,
3374 3319 3488 3374 Pa-i

1885 3433 2026 3478 trem
2054 3429 2108 3477 et
2127 3421 2318 3477 Filium
2349 3428 2404 3476 et
2433 3420 2693 3491 Spiritum
2713 3425 2955 3473 sanctum
2987 3429 3152 3470 unum
3177 3428 3297 3468 esse
3325 3419 3484 3467 natu:

1883 3516 2071 3570 raliter
2097 3516 2286 3581 Deum,
2317 3515 2373 3570 in
2403 3513 2555 3584 cujus
2584 3514 2804 3569 nomine
2832 3509 3089 3582 baptizati
3111 3521 3313 3562 sumus.
3346 3505 3484 3560 Cum‘

1883 3607 2029 3660 enim
2062 3607 2205 3660 aliud
2234 3621 2434 3661 nomen
2458 3606 2531 3661 sit
2558 3606 2738 3671 Pater,
2771 3603 2914 3659 aliud
2951 3593 3136 3667 Filius,
3170 3597 3313 3654 aliud
3353 3596 3483 3667 Spid

1883 3700 2020 3754 ritus
2053 3708 2298 3766 sanctus,
2331 3701 2436 3756 hoc
2468 3707 2553 3757 est
2594 3701 2782 3768 utique
2811 3713 2974 3753 unum
3027 3704 3230 3750 natura:
3283 3699 3482 3752 nomen

1883 3793 2076 3846 horum
2105 3793 2288 3856 trium,
2313 3791 2459 3860 quod
2488 3790 2686 3846 dicitur
2707 3790 2866 3854 Deus,
2899 3789 2992 3858 qui
3022 3787 3152 3842 dicit
3198 3787 3253 3840 in
3284 3785 3481 3839 Dente-

1883 3885 2170 3940 ronomio:
2208 3883 2414 3948 Videte,
2456 3882 2471 3920 ί
2506 3883 2673 3938 videte
2700 3883 2948 3952 quoniam
2983 3897 3077 3952 ego
3101 3891 3213 3934 sum
3243 3878 3402 3943 Deus,
3434 3879 3484 3932 et

1881 3984 2074 4028 nonest
2096 3974 2228 4028 alius
2258 3975 2272 4024 ἱ
2297 3982 2486 4044 prteter
2505 3989 2586 4027 me
2611 3972 2964 4044 (Deut.xxxu,
2986 3971 3074 4040 9);
3098 3978 3154 4025 et
3175 3968 3243 4024 de
3264 3983 3372 4037 quo
3393 3967 3480 4022 di-

1881 4067 2024 4120 citur
2050 4083 2062 4117 :
2096 4065 2254 4133 Audi,
2287 4065 2480 4132 Israel,
2510 4064 2766 4119 Dominus
2795 4062 2938 4117 Deus
2969 4071 3082 4115 tuus
3104 4059 3360 4114 Dominus
3383 4058 3478 4126 (al.

1880 4155 2046 4226 Deus)
2093 4171 2225 4211 unus
2271 4166 2348 4210 est
2397 4155 2572 4229 (Deut.
2624 4172 2698 4219 vr.
2749 4154 2835 4227 4);
2888 4162 2960 4218 et,
2993 4151 3274 4208 Dominum
3315 4147 3484 4204 Deum
3573 4193 3582 4200 .

1883 4259 2024 4303 tuum
2048 4249 2316 4316 adorabis,
2350 4257 2398 4303 et
2426 4249 2504 4304 illi
2533 4250 2630 4303 soli
2659 4249 2847 4303 servies
2871 4244 3060 4318 (Ibid.,
3091 4243 3200 4316 15).

1951 4337 2079 4395 Car.
2112 4353 2166 4405 v,
2200 4356 2286 4393 seu
2317 4338 2449 4394 Rsc.
2485 4355 2540 4394 ιι.
2579 4337 2724 4393 Unus
2745 4335 2906 4391 Deus.
2929 4369 3000 4379 —
3029 4333 3117 4389 46.
3150 4331 3484 4388 Firmissime

1879 4439 2028 4500 tene,
2057 4439 2114 4487 et
2142 4430 2450 4487 nullatenus
2477 4430 2710 4493 dubites,
2733 4428 2949 4484 Patrem
2979 4435 3035 4484 et
3064 4425 3256 4482 Filium
3279 4433 3334 4482 et
3363 4425 3484 4496 Spi-

1878 4522 2042 4578 ritum
2064 4530 2331 4589 sanctum,
2363 4523 2418 4578 id
2439 4531 2523 4579 est
2550 4531 2791 4578 sanctam
2820 4515 3139 4577 Trinitatem
3169 4533 3289 4574 esse
3307 4519 3484 4574 solum

1879 4615 2201 4673 naturaliter
2225 4631 2414 4673 verum
2442 4614 2631 4671 Deum.
2677 4613 2813 4681 Quia
2855 4619 3116 4670 cumtres
3155 4611 3288 4667 deos
3326 4609 3483 4664 nobis

1884 4711 2068 4766 colere
2089 4725 2201 4766 non
2228 4709 2409 4772 liceat,
2439 4707 2542 4762 nisi
2566 4721 2732 4762 unum
2771 4706 2945 4762 solum
2984 4717 3172 4759 verum
3220 4703 3388 4757 Deum
3429 4699 3480 4765 ε,

1883 4809 2088 4869 tamen,
2122 4801 2264 4857 sicut
2290 4799 2452 4854 Pater
2479 4799 2620 4855 Deus
2650 4814 2807 4854 verus
2826 4798 3042 4864 dicitur,
3074 4799 3309 4852 testante
3332 4794 3480 4864 Apo‘

1885 4895 2048 4960 stolo,
2077 4893 2169 4962 qui
2198 4893 2274 4947 ait
2305 4909 2317 4944 :
2343 4890 2582 4946 Conversi
2620 4893 2742 4946 estis
2791 4890 2864 4944 ad
2899 4889 3066 4944 Deum
3103 4903 3136 4942 a
3166 4887 3478 4949 simulacris,

1885 4983 2078 5041 servire
2098 4982 2210 5038 Deo
2236 4983 2346 5039 vivo
2372 4990 2422 5038 et
2441 4997 2578 5050 vero,
2610 4991 2660 5037 et
2687 4989 2987 5054 exspectare
3014 4979 3214 5035 Filium
3259 4977 3371 5047 ejus
3417 4975 3482 5029 de

1886 5077 2050 5142 caelis,
2079 5077 2228 5148 quem
2247 5076 2516 5131 suscitavit
2541 5092 2574 5130 a
2593 5077 2809 5132 mortuis
2829 5075 3009 5132 Iesum
3031 5067 3085 5144 (1
3113 5068 3291 5126 Thess.
3320 5085 3358 5137 ι,
3381 5066 3437 5140 9)
3463 5083 3479 5121 :

1885 5274 2140 5327 nentiam.

1960 5352 1987 5414 ε
2016 5342 2186 5414 Ϊδῑὶο.
2207 5359 2364 5406 unus,
2388 5352 2437 5397 et
2468 5344 2694 5414 ﬁdeliter
2719 5341 2922 5414 reddat.
2971 5410 2983 5414 Α
3101 5410 3112 5414 Δ
3267 5369 3276 5376 -

1901 5474 1910 5480 ,γ
1959 5412 1988 5451 δ
2017 5411 2288 5470 Hactenus
2326 5407 2583 5470 continua
2613 5413 2861 5469 oratiOne
2882 5410 3078 5479 legitur
3099 5410 3152 5464 in
3183 5425 3285 5466 ms.
3308 5407 3474 5465 Corb.

1885 5483 2023 5540 Hinc
2042 5501 2173 5540 vero
2195 5488 2262 5539 ad
2286 5485 2444 5540 linem
2474 5499 2642 5553 usque
2669 5483 2892 5551 singula:
2918 5480 2986 5552 i0
3012 5481 3209 5551 regula:
3238 5497 3337 5536 suo
3379 5497 3480 5536 nu-

1891 5570 2043 5610 mero
2071 5554 2437 5623 designantur.

1968 5624 1984 5662 ί
2013 5623 2140 5680 Mss.
2175 5619 2290 5682 (res
2305 5624 2478 5680 Vatic.
2506 5632 2564 5680 et
2594 5619 2781 5690 Corb.,
2821 5621 3022 5692 Videte,
3052 5623 3236 5678 videte.
3278 5619 3480 5681 Castori

1885 5695 2054 5751 semel
2079 5703 2306 5750 tantum.
3130 5751 3132 5753 ,

1965 5768 1977 5814 i
2016 5765 2185 5820 Vatic.
2212 5766 2339 5830 duo,
2368 5783 2470 5819 non
2501 5775 2576 5819 est
2601 5765 2736 5818 alius
2766 5763 2925 5821 Deus.

1966 5836 1987 5872 ι
2024 5835 2193 5893 Vatic.
2229 5852 2387 5906 unus,
2417 5853 2586 5893 verum
2606 5845 2656 5892 et
2675 5837 3073 5908 onmipotentem
3099 5831 3286 5894 Deum.
3390 5879 3394 5884 .

1850 6018 1904 6037 κ.
1981 6029 2018 6035 ..-
