4046 6532
517 379 621 434 695

1548 371 1605 445 S.
1644 367 2009 428 FULGENTII
2047 367 2350 427 EPISCOPI
2389 363 2761 426 RUSPENSIS

518 503 596 560 ita
620 516 836 573 quoque
866 502 1058 558 Filium
1087 515 1276 557 verum
1309 500 1475 557 Deum
1502 500 1739 555 Joannes
1759 496 2107 555 commendat
2135 493 2188 554 Α
2211 492 2503 549 secundum
2533 505 2749 547 carnem
2795 488 3095 561 baptizatus
3135 495 3220 545 est
3272 485 3595 559 Unigenitus
3642 487 3816 553 Deus,

470 606 481 614 ‘
519 595 799 668 apostolus
819 594 1007 655 dicens
1032 614 1042 648 :
1070 592 1275 650 Scimus
1300 594 1421 666 quia
1443 590 1615 648 Filius
1644 591 1742 646 Dei
1770 591 1928 659 venit,
1949 597 2001 645 et
2020 589 2115 643 de-
2202 585 2308 679 ⁸(ιιιί
2338 598 2556 639 carnem
2582 582 2732 639 solus
2765 581 3002 653 accepit;
3030 590 3087 637 et
3131 578 3393 653 Spiritum
3412 587 3693 679 ‘sanctum
3726 575 3825 633 Ps.

517 685 596 742 dit
635 687 785 742 nobis
824 685 1159 752 intellectum,
1189 695 1243 739 ut
1284 702 1653 755 cognoscamus
1702 700 1876 740 verum
1923 680 2111 748 Deum,

518 786 568 834 et
591 780 753 835 simus
780 779 837 833 in
864 795 982 834 vero
1013 777 1152 833 Filio
1192 779 1304 850 ejus
1327 777 1451 832 Iesu
1475 777 1698 832 Christo.
1735 775 1836 830 llic
1862 783 1938 830 est
1980 772 2117 829 Deus

519 886 690 936 verus,
722 879 773 924 et
791 871 894 924 vita
923 879 1116 925 aeterna
1150 868 1203 940 (I
1229 868 1388 924 Joan.
1412 886 1468 933 v,
1489 867 1582 939 ‘20)
1610 886 1623 922 :
1654 868 1748 939 qui
1779 867 1966 938 utique
1993 880 2124 935 quo-

521 960 669 1016 niam
696 976 861 1017 verus
889 961 1029 1016 Deus
1048 969 1149 1024 est,
1168 961 1331 1016 etiam
1356 960 1568 1016 Veritas
1594 971 1694 1027 est,
1718 960 1858 1016 sicut
1886 959 2000 1031 ipse
2021 973 2122 1014 nos

521 1051 716 1108 edocet
754 1054 910 1125 522
959 1052 1186 1109 dicens:
1225 1049 1341 1123 Ego
1376 1069 1491 1106 sum
1530 1053 1636 1119 via,
1694 1052 1881 1106 veritas
1929 1058 1978 1106 et
2017 1051 2123 1104 vita

525 1144 706 1216 (Joan.
750 1161 860 1213 XIV,
898 1144 975 1217 6).
1027 1144 1103 1201 De
1144 1144 1347 1215 Spiritu
1398 1160 1616 1215 quoque
1660 1152 1849 1200 sancto
1886 1143 2124 1201 Joannes

523 1235 800 1306 apostolus
817 1236 911 1303 ait,
937 1235 1071 1302 Quia
1094 1236 1325 1309 Spiritus
1345 1244 1421 1291 est
1449 1240 1637 1293 veritas
1658 1247 1681 1274 ⁸
1708 1236 1760 1306 (1
1782 1235 1941 1292 Joan.
1965 1252 2017 1301 v,
2042 1234 2121 1306 6).

524 1326 598 1384 Et
645 1331 828 1400 utique
877 1346 983 1385 non
1028 1337 1210 1401 potest
1258 1330 1575 1385 naturaliter
1631 1330 1773 1386 Deus
1809 1343 1969 1384 verus
2014 1342 2124 1383 non

525 1436 667 1484 esse,
691 1422 782 1491 qui
809 1421 1020 1476 Veritas
1042 1429 1145 1477 est.
1174 1420 1346 1488 Quem
1375 1423 1539 1477 etiam
1568 1421 1737 1476 Deum
1770 1420 1966 1476 Paulus
1994 1434 2128 1490 apo-

457 1549 470 1567 .
523 1513 696 1568 stolus
718 1513 1009 1568 conﬁtetur
1030 1513 1215 1569 dicens
1237 1531 1250 1566 :
1272 1513 1509 1570 Membra
1539 1524 1712 1569 vestra
1734 1515 1980 1585 templum
2005 1521 2127 1567 sunt

525 1602 757 1673 Spiritus
788 1606 956 1659 sancti
983 1606 1070 1677 qui
1114 1606 1169 1658 in
1195 1604 1336 1659 vobis
1367 1614 1465 1673 est,
1498 1622 1645 1677 quem
1674 1604 1871 1670 habetis
1913 1622 1946 1659 a
1993 1604 2126 1679 Deo,

523 1704 576 1749 et
621 1713 725 1750 non
772 1698 895 1751 estis
937 1696 1111 1751 vestri.
1158 1695 1333 1767 Empti
1369 1698 1507 1751 enim
1543 1698 1665 1751 estis
1699 1699 2127 1767 pretio.magno;

524 1788 816 1859 glorificate
857 1796 907 1843 et
946 1796 1148 1860 portate
1179 1785 1343 1842 Deum
1384 1789 1438 1841 in
1469 1804 1686 1858 corpore
1724 1797 1890 1844 vestro
1918 1787 1971 1860 (I
2001 1786 2122 1843 Cor.

526 1896 601 1944 νι,
627 1878 715 1943 l9,
747 1879 858 1949 20).

597 1970 726 2026 CAP.
754 1989 828 2040 vI,
852 1990 940 2028 seu
964 1972 1099 2028 Rsc.
1131 1990 1209 2029 III.
1240 1972 1383 2028 Deus
1406 1980 1650 2028 internus.
1680 2004 1752 2015 ——
1775 1969 1867 2026 47.
1907 1971 2128 2027 Firmis-

527 2064 665 2118 sime
694 2072 841 2131 tene,
870 2074 925 2119 et
951 2065 1255 2121 nullatenus
1276 2064 1511 2128 dubites,
1544 2061 1759 2120 Patrem
1781 2071 1837 2119 et
1858 2062 2053 2118 Filium
2073 2070 2132 2119 et

527 2153 791 2224 Spiritum
824 2164 1090 2224 sanctum,
1137 2156 1190 2212 id
1219 2164 1303 2212 est
1330 2163 1573 2212 sanctam
1616 2154 1937 2211 Trinitatem
1962 2169 2128 2209 unum

530 2259 718 2300 verum
745 2246 910 2302 Deum
941 2248 1056 2303 sine
1086 2248 1240 2303 initio
1269 2248 1657 2318 sempiternum
1706 2263 1847 2304 esse.
1899 2245 2129 2317 Propter

530 2336 674 2405 quod
719 2338 975 2408 scriptum
1013 2347 1095 2395 est
1134 2357 1146 2392 :
1183 2339 1249 2394 In
1292 2341 1551 2411 principio
1600 2349 1714 2395 erat
1762 2338 2021 2405 Verbum,
2078 2346 2129 2391 et

538 2427 763 2484 Verbum
791 2440 905 2485 erat
932 2431 1070 2502 apud
1101 2430 1287 2498 Deum,
1309 2442 1358 2486 et
1392 2432 1535 2487 Deus
1566 2443 1678 2487 erat
1726 2431 1966 2486 Verbum.
2014 2428 2130 2485 Hoc

532 2528 644 2573 erat
668 2523 722 2575 in
747 2522 1003 2591 principio
1028 2525 1166 2594 apud
1200 2524 1365 2579 Deum
1397 2525 1575 2596 (Joan.
1604 2542 1641 2590 ι,
1676 2525 1726 2592 l,
1759 2523 1836 2595 ‘2).
1869 2524 1995 2580 Hzcc
2032 2523 2132 2579 de-

531 2626 642 2666 nuo
674 2613 1074 2683 sempiternitas
1104 2615 1384 2671 intimatur
1425 2618 1477 2672 in
1520 2618 1729 2687 psalmo
1768 2617 1856 2672 ubi
1894 2617 2129 2672 dicitur:

432 2744 435 2745 ν
531 2702 677 2759 Deus
699 2714 870 2759 autem
897 2706 1006 2761 Rea:
1031 2718 1204 2762 noster
1229 2718 1351 2763 ante
1369 2710 1561 2764 stecula
1587 2710 1764 2782 (Psul.
1798 2726 1979 2773 LXXIII,
2008 2708 2129 2775 12);

534 2801 589 2848 et
617 2793 723 2849 alio
753 2796 893 2861 loco,
923 2798 1254 2867 Sempiterna
1273 2817 1474 2873 quoque
1499 2801 1614 2871 ejus
1633 2805 1792 2858 virtus
1821 2812 1870 2856 et
1889 2802 2132 2855 divinitas

534 2882 713 2941 (Rom.
747 2904 784 2941 I.
817 2886 928 2941 20).

534 2884 713 2955 (Rom.
747 2904 784 2951 I,
817 2886 928 2957 20).

604 2977 732 3034 Car.
786 2996 876 3045 VII,
922 2999 1011 3035 seu
1060 2982 1194 3037 RI-zc.
1249 3000 1318 3038 Iv.
1374 2982 1513 3038 Deus
1562 2981 2021 3038 incommutabilis.
2063 3013 2134 3024 ——

536 3071 626 3127 48.
658 3073 988 3131 Firmissime
1016 3084 1159 3138 tene,
1188 3085 1243 3130 et
1264 3076 1574 3132 nullatenus
1618 3076 1852 3139 dubites,
1892 3083 2135 3130 sanctam

537 3161 858 3220 Trinitatem
902 3166 1079 3221 solum
1113 3182 1298 3221 verum
1348 3167 1540 3234 Deum,
1572 3167 1713 3223 sicut
1750 3175 2031 3233 aeternum,
2061 3166 2137 3220 ita

2220 678 2317 734 tris
2338 685 2395 733 et
2414 674 2537 732 Filii
2567 676 2741 732 solum
2770 688 2912 743 esse,
2941 674 3035 745 qui
3062 673 3114 730 in
3143 674 3324 745 specie
3346 672 3618 729 columba:
3657 686 3828 743 super

2220 768 2491 825 Christum
2509 769 2839 839 baptizatum
2863 775 2919 823 et
2939 766 3318 823 ascendentem
3341 766 3408 822 ab
3428 780 3573 836 aqua
3593 766 3830 820 descen-

2221 865 2338 930 dit,
2393 873 2449 921 et
2516 862 2959 934 quinquagesimo
3014 861 3102 917 die
3157 867 3282 930 post
3330 859 3831 925 resurrectionem,

2222 955 2422 1012 Christi
2462 953 2647 1011 ﬁdeles
2691 955 2747 1010 in
2794 969 2901 1009 uno
2949 952 3072 1008 loco
3128 950 3353 1023 positos,
3410 952 3468 1008 in
3512 951 3833 1019 linguarum

2225 1049 2503 1119 ignearum
2527 1046 2793 1105 divisione
2825 1058 2850 1086 ο
2880 1046 3176 1104 adveniens
3215 1046 3465 1118 replevit.
3506 1046 3670 1101 Illam
3706 1061 3836 1102 vero

2224 1156 2435 1205 vocem,
2467 1156 2573 1211 qua
2603 1141 2750 1197 solus
2791 1140 3000 1196 locutus
3047 1149 3132 1196 est
3158 1137 3304 1195 Deus
3334 1137 3526 1205 Pater;
3578 1148 3637 1194 et
3690 1138 3838 1193 illam

2226 1251 2466 1303 carnem,
2497 1252 2602 1307 qua
2623 1237 2771 1292 solus
2797 1236 2964 1292 homo
2994 1236 3166 1292 lactus
3187 1242 3273 1291 est
3292 1232 3615 1304 Uuigenitus
3650 1232 3837 1299 Deus;

2228 1335 2284 1384 et
2313 1327 2460 1382 illam
2483 1327 2812 1394 columbam,
2848 1328 2903 1382 in
2924 1326 3077 1395 cujus
3116 1327 3301 1398 specie
3330 1324 3568 1396 Spiritus
3604 1332 3839 1380 sanctus

2229 1435 2398 1489 super
2443 1418 2715 1475 Christum
2769 1419 3082 1486 descendit;
3121 1420 3355 1490 illasque
3392 1420 3608 1487 linguas
3653 1419 3842 1486 igneas

2233 1511 2373 1583 (Act.
2406 1528 2465 1579 II,
2486 1510 2562 1581 5),
2594 1512 2648 1567 in
2676 1526 2902 1581 quarum
2927 1512 3087 1584 523
3107 1512 3374 1567 divisione
3392 1510 3582 1566 ﬁdeles
3605 1508 3704 1564 rin
3732 1523 3841 1563 uno

2233 1600 2355 1656 loco
2392 1601 2717 1658 constitutos
2762 1602 3010 1673 replevit,
3062 1617 3229 1673 opera
3274 1617 3394 1658 esse
3431 1602 3602 1656 totius
3634 1608 3839 1657 sancta

2233 1689 2533 1754 Trinitatis,
2560 1691 2610 1746 id
2634 1700 2717 1747 est
2746 1693 2904 1748 unius
2939 1693 3054 1759 Dei,
3090 1693 3184 1762 qui
3228 1692 3356 1748 fecit
3383 1694 3566 1748 omnia
3599 1693 3655 1746 in
3697 1690 3838 1748 celo

2234 1793 2292 1842 et
2320 1786 2567 1852 interra,
2594 1787 2825 1844 visibilia
2853 1795 2909 1843 et
2934 1787 3241 1843 invisibilia.

2161 1890 2203 1952 Β
2303 1877 2432 1933 Car.
2471 1894 2526 1944 x,
2560 1895 2646 1932 seu
2694 1877 2829 1934 Rsc.
2877 1895 2969 1934 vII.
3021 1877 3304 1935 Distinctio
3348 1895 3720 1951 personarum.
3768 1910 3842 1923 —

2233 1968 2321 2023 fil.
2371 1968 2703 2026 Firmissime
2741 1978 2883 2036 tene,
2929 1979 2986 2025 et
3029 1971 3335 2027 nullatenus
3379 1971 3617 2039 dubites,
3661 1970 3841 2027 solum

2234 2061 2402 2117 Deum
2444 2062 2661 2126 Filium,
2717 2062 2768 2117 id
2798 2070 2884 2117 est
2908 2076 3072 2117 unam
3102 2076 3173 2117 ex
3211 2061 3475 2117 Trinitate
3520 2075 3840 2133 personam,

2231 2151 2399 2208 solius
2426 2151 2520 2207 Dei
2551 2151 2726 2207 Patris
2745 2168 2864 2209 esse
2890 2152 3114 2220 Filium;
3138 2151 3395 2224 Spiritum
3407 2168 3544 2209 vero
3564 2160 3841 2222 sanctum,

2233 2242 2409 2313 ipsum
2438 2258 2654 2313 quoque
2683 2259 2845 2301 unam
2875 2260 2944 2300 ex
2966 2244 3232 2301 Trinitatc
3266 2261 3580 2315 personam,
3611 2261 3727 2301 non
3754 2260 3845 2301 so-

2232 2336 2338 2391 lius
2367 2334 2561 2402 Patris,
2594 2336 2690 2392 sed
2728 2336 2887 2393 simul
2928 2335 3106 2393 Patris
3143 2344 3200 2392 et
3237 2335 3359 2392 Filii
3387 2352 3509 2393 esse
3549 2337 3840 2407 Spiritum.

2234 2426 2536 2484 Ostendens
2570 2430 2714 2485 enim
2743 2428 2840 2485 Dei
2882 2429 3052 2486 Filius
3084 2444 3145 2485 se
3190 2429 3367 2486 solum
3394 2444 3519 2487 esse
3565 2429 3636 2485 de
3686 2428 3846 2485 Patre

2235 2519 2495 2589 genitum,
2522 2519 2599 2574 ait
2620 2529 2644 2567 κ
2672 2538 2685 2572 :
2716 2519 2809 2576 Sic
2827 2520 2964 2575 enim
2989 2520 3127 2576 Deus
3150 2520 3336 2575 dilexit
3354 2521 3628 2585 mundum,
3658 2528 3725 2572 ut
3748 2516 3847 2573 Fio

2236 2611 2363 2666 lium
2386 2628 2535 2666 suum
2555 2612 2879 2684 unigenitum
2920 2612 3070 2667 daret
3099 2611 3278 2683 (Joan.
3304 2628 3382 2680 III,
3413 2609 3534 2680 i6);
3585 2619 3643 2665 et
3684 2609 3847 2681 paulo

2236 2710 2380 2773 post,
2412 2699 2512 2767 Qui
2532 2713 2706 2758 autem
2723 2720 2829 2759 non
2850 2704 3012 2759 credit
3031 2703 3148 2774 jam
3165 2703 3433 2775 judicatus
3456 2712 3566 2767 est,
3592 2701 3723 2772 quia
3742 2716 3846 2756 non

2237 2797 2458 2851 credidit
2483 2798 2539 2852 in
2565 2798 2772 2852 nomine
2797 2799 3055 2869 unigeniti
3077 2795 3207 2851 Filii
3235 2793 3336 2851 Dei
3358 2792 3554 2865 (Ibid.,
3586 2792 3703 2862 18).
3723 2791 3848 2863 Spi-

2238 2888 2401 2943 ritum
2428 2898 2610 2945 autem
2639 2898 2883 2945 sanctum
2914 2898 2969 2945 et
2996 2888 3171 2943 Patris
3200 2896 3256 2943 et
3282 2886 3405 2943 Filii
3433 2900 3558 2942 esse
3582 2883 3848 2956 Spiritum

2240 2983 2531 3053 Apostolus
2550 2982 2730 3047 docet,
2750 2983 2841 3053 qui
2868 2983 2973 3037 ait:
3003 2981 3108 3037 Vos
3128 2980 3299 3035 autem
3319 2995 3422 3035 non
3440 2979 3568 3034 estis
3590 2977 3646 3032 in
3666 2994 3846 3043 carne,

2238 3075 2331 3129 sed
2358 3075 2413 3129 in
2452 3076 2658 3143 spiritu,
2689 3075 2738 3129 si
2779 3083 2951 3129 tamen
2982 3073 3211 3144 Spiritus
3236 3070 3337 3127 Dei
3365 3070 3569 3125 habitat
3606 3073 3667 3124 in
3706 3069 3851 3124 vobis

2242 3165 2420 3236 (Rom.
2445 3182 2555 3234 vnI,
2588 3164 2666 3238 9).
2702 3164 2771 3221 Et
2799 3166 3045 3234 sequitur
3068 3162 3114 3229 ιι,
3147 3163 3209 3218 Si
3236 3164 3352 3235 quis
3387 3170 3564 3219 autem
3592 3162 3853 3232 Spiritum

539 3254 715 3310 solum
760 3256 1078 3312 naturaliter
1110 3258 1605 3315 incommutabilem
1642 3274 1780 3314 esse.
1832 3257 1946 3313 Hoc
1991 3258 2135 3314 enim
2165 3274 2212 3336 ρ
2242 3258 2437 3315 Christi
2464 3277 2568 3316 non
2598 3260 2768 3324 habet,
2801 3259 2884 3313 hic
2910 3275 3015 3313 non
3038 3268 3114 3313 est
3138 3259 3252 3329 ejus
3274 3256 3487 3329 (Ibid.).

539 3345 806 3415 signiﬁcat
836 3360 956 3403 cum
988 3347 1120 3403 dicit
1158 3365 1317 3406 servo
1355 3365 1455 3406 suo
1486 3350 1696 3421 Moysi:
1730 3349 1841 3421 Ego
1889 3367 2003 3404 sum
2043 3352 2131 3422 qui

2311 3351 2441 3407 CAP.
2475 3368 2552 3421 ιι,
2583 3369 2675 3408 seu
2697 3352 2831 3409 Bac.
2863 3368 2974 3407 νιιι.
3001 3351 3231 3423 Spiritus
3251 3360 3482 3407 sanctus.
3514 3384 3589 3393 —
3609 3348 3701 3405 52.
3729 3349 3849 3403 Fir-

540 3454 659 3493 sum
688 3435 884 3505 (Exod.
908 3455 986 3504 III,
1019 3439 1131 3510 M).
1162 3440 1299 3497 Hinc
1321 3448 1378 3496 et
1411 3442 1466 3496 in
1507 3440 1734 3498 Psalmis
1761 3442 1956 3497 dicitur
1973 3441 2022 3506 ι’,
2067 3441 2134 3497 In
2238 3446 2479 3502 missime
2508 3455 2654 3514 tene,
2685 3454 2741 3501 et
2770 3446 3079 3501 nullatenus
3111 3443 3345 3509 dubites,
3385 3442 3637 3498 eumdem
3669 3441 3847 3512 Spit-io

542 3531 821 3603 principio,
850 3530 1093 3599 Domine,
1116 3541 1308 3589 terram
1339 3536 1591 3605 fundasti,
1634 3544 1684 3590 et
1711 3553 1866 3607 opera
1891 3552 2137 3590 manuum
2238 3549 2352 3596 tum
2382 3550 2651 3608 sanctum,
2676 3541 2768 3610 qui
2795 3541 2966 3597 Patris
2993 3548 3048 3596 et
3076 3539 3197 3595 Filii
3230 3554 3369 3595 unus
3394 3538 3631 3609 Spiritus
3651 3547 3751 3604 est,
3775 3537 3848 3592 de

546 3630 753 3677 tuarum
778 3633 897 3679 sunt
923 3626 1055 3680 caeli.
1090 3624 1203 3697 Ipsi
1245 3626 1502 3698 peribunt,
1552 3638 1604 3681 tu
1639 3638 1810 3683 autem
1843 3647 2134 3700 permanes,
2241 3630 2403 3686 Patre
2427 3640 2484 3686 ct
2512 3632 2648 3687 Filio
2672 3631 2988 3702 procedere.
3021 3631 3159 3686 Dicit
3187 3630 3331 3685 enim
3360 3629 3526 3685 Filius
3556 3650 3568 3683 :
3602 3628 3734 3684 Cum
3761 3647 3855 3686 re-

544 3722 598 3770 et
624 3730 798 3769 omnes
817 3713 950 3771 sicut
970 3718 1324 3773 vestimentum
1350 3727 1700 3785 veterascent;
1729 3730 1780 3774 et
1815 3723 1949 3776 sicut
1984 3740 2139 3793 oper-
2242 3722 2376 3775 nerit
2402 3721 2628 3791 Spiritus
2655 3723 2906 3787 veritatis,
2930 3723 3073 3793 quia
3098 3720 3263 3777 Patre
3279 3721 3510 3792 procedit
3536 3721 3721 3791 (Joan.
3749 3737 3850 3791 xv,

547 3805 736 3861 torium
778 3809 1001 3864 mutabis
1046 3827 1153 3876 eos,
1198 3820 1249 3865 et
1294 3810 1661 3868 mutabuntur:
1692 3824 1745 3867 tu
1776 3824 1946 3870 autem
2001 3817 2142 3872 idem
2241 3813 2367 3883 26);
2399 3815 2488 3873 ubi
2517 3830 2672 3871 suum
2692 3814 2950 3887 Spiritum
2981 3830 3102 3872 esse
3119 3815 3320 3881 docuit,
3346 3816 3469 3886 quia
3491 3816 3610 3885 ipse
3636 3823 3724 3869 est
3748 3813 3857 3868 Ve.

548 3897 661 3970 ipse
687 3915 759 3964 es,
785 3908 835 3954 et
853 3903 979 3956 anni
997 3904 1070 3956 tui
1093 3920 1197 3958 non
1210 3904 1452 3974 deﬁcient
1468 3915 1489 3943 ε
1509 3905 1683 3973 (Psal.
1706 3922 1781 3971 CI,
1800 3907 1887 3972 26,
1911 3906 2000 3972 27,
2023 3907 2142 3979 28).

620 3988 751 4047 CAP.
786 4009 895 4061 vIII,
926 4012 1016 4049 seu
1049 3995 1183 4052 Rea.
1219 4013 1266 4050 v.
1298 3994 1438 4051 Deus
1460 3999 1688 4052 omnium
1711 4008 1934 4053 creator.
1959 3998 2141 4054 —49.-

551 4077 883 4139 Firmissime
912 4094 1056 4149 tene,
1081 4095 1137 4141 et
1168 4086 1473 4142 nullatenus
1500 4087 1735 4156 dubites,
1758 4087 1999 4145 sanctam
2020 4088 2149 4145 Tri-

458 4242 465 4247 1
555 4171 779 4227 nitatem
807 4175 980 4230 solum
1002 4191 1122 4232 esse
1145 4193 1330 4233 verum
1358 4179 1546 4245 Deum,
1577 4195 1759 4235 rerum
1786 4181 2024 4236 omnium
2063 4181 2148 4237 vi-

555 4262 792 4317 sibilium
832 4274 995 4335 atque
1039 4268 1382 4323 invisibilium
1436 4280 1759 4327 creatorem.
1814 4272 1889 4328 De
1936 4289 2049 4344 quo
2091 4273 2151 4328 in

557 4350 789 4411 Psalmis
813 4354 1007 4411 dicitur
1027 4376 1039 4410 :
1066 4358 1253 4413 Beatus
1278 4364 1424 4432 cujus
1448 4360 1586 4416 Deus
1598 4361 1761 4418 Iacob
1777 4364 1986 4434 adjutor
2004 4366 2147 4437 ejus;

559 4464 679 4522 spes
699 4452 810 4521 ejus
836 4452 889 4506 in
920 4452 1145 4509 Domino
1172 4454 1281 4510 Deo
1310 4457 1490 4524 ipsius,
1519 4459 1605 4527 qui
1628 4460 1746 4529 fecit
1774 4462 1951 4514 caelum
1979 4471 2028 4515 et
2045 4471 2152 4516 ter-

559 4560 699 4612 ram,
730 4561 873 4599 mare
916 4554 965 4600 et
1004 4549 1179 4602 omnia
1213 4565 1328 4620 quae
1365 4550 1419 4602 in
1448 4552 1521 4603 eis
1551 4560 1672 4606 sunt
1695 4551 1864 4622 (Psal.
1898 4569 2055 4618 θην,
2093 4554 2150 4621 5,

2245 3906 2377 3961 ritas
2391 3906 2569 3977 (Joan.
2587 3923 2696 3974 nv,
2711 3907 2790 3978 6).
2805 3907 2884 3965 De
2894 3906 3032 3964 Filio
3047 3922 3265 3978 quoque
3278 3906 3574 3978 procedere
3588 3904 3851 3975 Spiritum

2247 4005 2510 4063 sanctum,
2544 3999 2856 4069 prophetica
2882 4006 3044 4068 atque
3067 3999 3365 4075 apostolica
3402 3997 3560 4054 nobis
3597 3996 3849 4053 doctrina

2248 4090 2610 4146 commendat.
2659 4090 2826 4148 Isaias
2875 4092 3017 4148 enim
3073 4092 3204 4149 dicit
3242 4092 3312 4147 de
3369 4091 3507 4146 Filio
3544 4090 3848 4144 :Percutiet

2252 4192 2446 4238 terram
2471 4186 2616 4256 virga
2636 4187 2745 4240 oris
2772 4187 2875 4254 sui,
2898 4195 2949 4241 et
2977 4186 3161 4258 spiritu
3186 4183 3439 4241 labioium
3459 4201 3674 4239 suorum
3695 4184 3854 4237 inter-

2252 4275 2393 4343 ficiet
2430 4275 2649 4346 impium
2679 4277 2837 4345 (lsai.
2870 4293 2942 4342 xI,
2973 4276 3053 4347 4).
3078 4277 3156 4332 De
3176 4292 3285 4347 quo
3311 4283 3368 4332 et
3405 4275 3702 4346 Apostolus
3739 4275 3851 4328 ait:

2258 4363 2421 4429 Quem
2467 4367 2744 4435 interﬁciet
2790 4366 3046 4423 Dominus
3080 4365 3233 4421 Iesus
3272 4367 3459 4437 spiritu
3500 4367 3609 4420 oris
3645 4366 3727 4419 sui
3769 4360 3855 4430 (ιι

2259 4456 2440 4512 Thess.
2466 4474 2523 4526 II,
2554 4456 2631 4528 8).
2650 4457 2830 4525 Quem
2857 4459 3020 4515 etiam
3053 4459 3170 4529 ipse
3197 4458 3387 4513 unicus
3413 4456 3510 4513 Dei
3539 4456 3711 4511 Filius
3748 4456 3856 4525 spi-

2256 4550 2421 4606 ritum
2450 4550 2562 4607 oris
2599 4552 2681 4606 sui
2721 4566 2841 4607 esse
2883 4550 3215 4620 signiﬁcans,
3244 4559 3371 4622 post
3400 4551 3853 4606 resurrectione:

564 4634 642 4708 6).
677 4637 753 4693 De
775 4653 884 4708 quo
912 4640 1076 4695 etiam
1106 4641 1394 4713 Apostolus
1428 4643 1594 4700 dicit:
1630 4643 1885 4709 Quoniam
1913 4665 1979 4701 ea:
2016 4649 2150 4718 ipso,
2179 4655 2235 4717 ι)
2258 4655 2413 4696 suam
2451 4639 2728 4697 insul'llans
2758 4642 2812 4697 in
2838 4642 3145 4713 discipulos,
3164 4638 3251 4697 'ait
3284 4660 3297 4694 :
3340 4640 3573 4711 Accipite
3602 4641 3853 4711 Spiritum

562 4740 615 4784 et
653 4746 743 4800 per
781 4732 969 4802 ipsum,
998 4741 1048 4786 et
1085 4733 1136 4787 in
1180 4734 1292 4804 ipso
1348 4742 1464 4790 sunt
1504 4737 1699 4804 omnia,
1749 4738 1850 4808 ipsi
1892 4738 2059 4810 gloria
2096 4740 2154 4792 in

565 4822 757 4876 stecula
775 4820 804 4860 ά
837 4822 1012 4894 (Rom.
1045 4840 1119 4887 XI,
1147 4823 1261 4894 56).

638 4909 768 4967 CAP.
800 4926 878 4977 Ix,
895 4929 982 4966 seu
1006 4912 1141 4969 RBG.
1173 4929 1247 4968 v1.
1273 4913 1503 4969 Trinitas
1526 4917 1584 4970 in
1608 4916 2013 4972 unitate.—50.
2041 4917 2157 4974 Fir-

567 5003 811 5059 missime
840 5011 987 5067 tene,
1013 5012 1069 5059 et
1089 5006 1394 5062 nullatenus
1421 5007 1654 5070 dubites,
1685 5008 1858 5065 Patris
1878 5019 1934 5066 et
1961 5010 2080 5066 Filii
2101 5021 2160 5066 et

568 5092 800 5164 Spiritus
828 5093 1001 5148 sancti
1030 5109 1190 5149 unam
1216 5096 1430 5165 quidem
1458 5113 1578 5154 esse
1599 5107 1864 5163 naturam,
1892 5108 2001 5154 tres
2029 5115 2161 5157 vero

571 5199 691 5241 esse
719 5200 1010 5255 personas;
1048 5184 1366 5259 Patremque
1381 5190 1554 5245 solum
1583 5205 1702 5248 esse
1729 5191 1821 5261 qui
1850 5190 2021 5246 dixit:
2046 5191 2155 5246 Hic

572 5284 649 5327 est
678 5274 848 5329 Filius
887 5292 1030 5331 meus
1057 5277 1291 5344 dilectus,
1322 5280 1377 5333 in
1406 5297 1504 5349 quo
1529 5280 1658 5334 mihi
1701 5281 1826 5335 bene
1863 5283 2157 5354 complacui

578 5363 794 5435 (Matth.
825 5382 903 5431 III,
939 5366 1060 5437 l7);
1096 5377 1153 5425 et
1179 5368 1374 5426 Filium
1409 5371 1583 5426 solum
1630 5386 1749 5428 esse
1796 5386 1959 5442 super
1996 5387 2158 5443 quem

576 5452 669 5511 illa
696 5469 805 5512 vox
845 5455 1011 5513 solius
1050 5457 1225 5515 Patris
1271 5461 1535 5526 insonuit,
1567 5461 1786 5529 quando
1834 5462 1886 5517 in
1929 5461 2163 5520 Jordane

652 5625 678 5687 ξ
711 5614 809 5687 bis.
840 5630 996 5681 unus,
1027 5620 1147 5687 quia
1174 5618 1361 5673 veritas
1388 5628 1483 5675 est.

651 5684 681 5725 ιι
709 5685 962 5757 ξίοιιιεε.
980 5684 1224 5755 quatuor.
1265 5689 1330 5742 At
1351 5689 1497 5757 edd.,
1516 5687 1653 5746 Hinc
1678 5704 1725 5745 et
1748 5690 1989 5746 Psalmus
2011 5692 2154 5747 dicit.

581 5754 680 5813 Ms.
704 5753 891 5819 Corh.,
919 5753 1052 5810 Huic
1073 5767 1120 5809 et
1146 5764 1199 5811 in
1233 5757 1457 5814 Psalmis
1483 5753 1691 5816 dicitur.

657 5838 679 5863 ε
712 5824 835 5879 Mss.
869 5820 976 5885 tres
1001 5826 1253 5882 omittunt
1274 5829 1386 5885 lucc
1409 5830 1586 5885 verba.

566 5936 571 5941 ς
655 5896 682 5938 ά
714 5894 834 5966 Μαι..
858 5896 911 5959 in
931 5898 1122 5960 tacula
1143 5900 1469 5970 seculorum.
1498 5902 1672 5965 Amen.

2259 4739 2494 4786 sanctum
2526 4730 2705 4799 (Joan.
2750 4749 2844 4800 xx,
2873 4732 2990 4801 22).
3043 4733 3120 4789 De
3147 4747 3246 4791 ore
3268 4747 3401 4791 vero
3444 4733 3616 4805 ipsius
3644 4731 3851 4788 Domini

2259 4822 2384 4879 lesu
2407 4823 2482 4877 ait
2507 4822 2744 4880 Joannes
2779 4824 2832 4878 in
2868 4822 3188 4895 Apocalypsi
3221 4824 3350 4895 quia
3377 4822 3588 4892 gladius
3627 4830 3851 4893 utraque

2259 4922 2415 4984 parte
2440 4921 2632 4968 acutus
2660 4913 2990 4984 procedebat
3021 4915 3205 4986 (Apoc.
3237 4929 3276 4977 I,
3302 4913 3419 4983 l6).
3444 4913 3566 4986 Ipse
3598 4929 3730 4983 ergo
3750 4914 3829 4984 spi

2264 5013 2350 5061 tus
2370 5006 2481 5061 oris
2506 5005 2623 5075 ejus
2652 5006 2766 5075 ipse
2787 5012 2871 5061 est
2895 5005 3104 5074 gladius
3121 5005 3216 5075 qui
3242 5004 3311 5061 de
3333 5018 3430 5060 ore
3449 5003 3569 5074 eius
3590 5004 3851 5075 procedit.

2335 5096 2466 5152 CAP.
2498 5113 2591 5160 xu,
2624 5113 2713 5152 seu
2734 5096 2869 5154 Rea.
2906 5112 2984 5153 Ix.
3027 5094 3260 5152 Trinitas
3288 5097 3447 5153 nullis
3474 5095 3712 5154 terminis
3754 5096 3851 5149 cir-

2265 5187 2760 5261 cumscripta.—55.
2778 5189 3111 5248 Firmissime
3133 5198 3278 5255 tene,
3301 5197 3359 5245 et
3378 5188 3690 5245 nullatenus
3707 5187 3852 5242 dubi-

2264 5288 2366 5347 tes,
2399 5279 2715 5336 Trinitatem
2742 5280 2911 5335 Deum
2958 5281 3285 5337 immensum
3327 5294 3451 5336 esse
3478 5280 3700 5341 virtute,
3752 5293 3849 5331 non

2268 5370 2441 5437 mole,
2475 5379 2531 5427 et
2557 5386 2771 5427 omnem
2801 5379 3107 5427 creaturam
3145 5372 3445 5443 spiritaiem
3473 5379 3635 5440 atque
3663 5384 3840 5438 corpo-

2269 5461 2438 5518 ralem
2466 5463 2665 5519 virtute
2693 5461 2811 5541 ejus
2832 5470 2889 5518 et
2924 5461 3212 5535 prtesentia
3232 5463 3519 5523 contineri.
3545 5461 3687 5518 Dicit
3716 5459 3845 5517 enim

2340 5629 2364 5659 ε
2394 5620 2485 5677 Sic
2508 5635 2608 5676 ms.
2633 5617 2798 5679 Corb.
2827 5620 2897 5675 At
2915 5622 3062 5686 edd.,
3093 5624 3305 5680 visione.

2264 5689 2553 5831 apzsfiqiti,
2581 5691 2761 5761 ﬁdeles
2792 5693 3075 5761 apostolos.
3108 5693 3235 5751 Mss.
3265 5693 3503 5764 quinque
3533 5705 3642 5750 non
3664 5689 3852 5749 habent

2415 5780 2444 5817 ο
2468 5779 2545 5816 os.

2415 5779 2545 5817 0(08.

2341 5841 2365 5877 ις
2394 5831 2492 5886 Ms.
2524 5847 2680 5897 unus,
2710 5831 2951 5887 Ostendit
2978 5836 3181 5892 enim...
3215 5851 3329 5896 eum
3352 5837 3450 5898 ait.

2341 5898 2368 5943 ιι
2393 5900 2519 5967 Mss.
2555 5910 2681 5987 tres,
2711 5911 2761 5962 et
2781 5912 3003 5981 secutus,
3036 5906 3126 5985 ait.
