4046 6534
147 343 297 399 69'!

1478 330 1566 396 DE
1591 338 1746 395 FIDE
1784 332 1984 396 LIBER
2025 340 2222 399 UNUS.

3403 348 3515 409 699

151 446 353 513 Deus
385 455 561 512 Pater
593 476 603 510 :
636 452 828 512 titulum
855 463 905 511 et
943 468 1135 512 terram
1165 471 1256 527 ego
1287 458 1474 527 impleo
1505 456 1637 529 (Jer.
1663 473 1811 523 χχιιι,
1845 462 1894 520 Α
1921 457 2043 511 licta
2072 470 2148 513 est
2178 461 2354 514 animo
2382 466 2491 531 ejus
2522 463 2577 517 in
2615 462 2846 534 inferno,
2890 479 3050 536 neque
3089 480 3210 519 caro
3247 465 3358 536 ejus
3385 466 3512 521 vidit

155 547 310 622 2.3).
362 548 582 605 Dicitur
608 551 772 605 etiam
800 550 867 605 de
894 549 1168 620 Sapientia
1196 546 1315 613 Dei,
1342 564 1460 618 qua:
1507 547 1673 604 Filius
1702 548 1819 618 ejus

159 647 298 706 est,
341 641 487 712 quia
516 642 723 712 attingit
745 658 775 695 a
802 642 909 711 ﬁne
935 657 1093 712 usque
1112 641 1182 694 ad
1207 641 1365 711 ﬁnem
1390 641 1609 711 fortiter,
1634 649 1685 695 et
1712 642 1820 697 dis—

162 732 360 802 ponit
391 732 575 787 omnia
603 732 827 785 suaviter
857 730 1012 802 (Sap.
1039 747 1150 797 vin,
1178 730 1253 800 1).
1281 730 1358 785 De
1381 729 1583 801 Spiritu
1603 746 1819 801 quoque

163 829 412 876 sancto
443 820 669 889 legimus
701 838 714 874 :
748 819 884 885 Quia
913 819 1143 889 Spiritus
1170 819 1384 875 Domini
1414 821 1623 891 replevit
1646 821 1817 876 orbem

168 921 484 966 terrarum
518 912 670 984 (Sap.
698 929 743 979 ι,
770 912 846 984 7).
885 910 954 967 Et
981 912 1149 969 David
1180 913 1444 985 propheta
1494 913 1625 971 dicit
1658 933 1671 968 :
1703 913 1816 980 Quo

167 1000 279 1058 ibo
316 1022 358 1059 a
391 1007 580 1074 spiritu
602 998 788 1075 tuo,et
814 1025 846 1062 a
873 1010 1008 1080 [acie
1036 1017 1125 1062 tua
1154 1025 1251 1080 quo
1281 1009 1514 1081 fugiam?
1539 1007 1601 1065 Si
1632 1026 1818 1065 ascen-

173 1100 333 1157 der’o
366 1104 429 1157 in
451 1105 653 1169 caelum,
680 1113 735 1158 tu
761 1105 871 1187 illic
899 1122 952 1160 es
964 1122 983 1170 ;
1014 1106 1059 1160 si
1090 1104 1398 1160 descendere
1439 1106 1495 1160 in
1534 1105 1816 1178 infernum,

177 1193 335 1247 ades
362 1193 548 1265 (Psal.
578 1211 834 1263 cxxxvm,
869 1196 946 1267 7).

264 1281 422 1338 Cur.
459 1301 573 1351 xui,
601 1302 689 1339 seu
714 1284 848 1342 Βεο.
880 1303 933 1341 x.
971 1283 1206 1341 Persona
1230 1283 1378 1340 Filii.
1403 1282 1574 1339 ..δι
1607 1284 1833 1342 Εἱιιιιιίεε

179 1372 348 1429 sime
384 1382 534 1442 tene,
565 1385 622 1432 et
666 1377 971 1434 nullatenus
998 1377 1234 1444 dubites,
1263 1391 1426 1433 unam
1458 1392 1529 1432 ex
1557 1375 1820 1433 Trinitate

182 1479 534 1543 personam,
566 1467 621 1523 id
654 1476 736 1524 est
782 1469 948 1524 Deum
986 1468 1202 1538 Filium,
1240 1469 1333 1540 qui
1373 1469 1440 1524 de
1481 1476 1673 1524 natura
1722 1468 1821 1526 Dei

187 1553 398 1633 Patris
426 1560 578 1615 solus
605 1570 761 1616 natus
798 1570 903 1629 est,
940 1569 998 1616 et
1024 1562 1183 1617 unius
1223 1560 1572 1630 ejusdemque
1615 1567 1819 1615 natura:

188 1666 336 1709 cum
371 1652 539 1710 Patre
568 1664 648 1712 est
667 1698 682 1723 ,
715 1656 889 1727 ipsum
906 1656 961 1712 in
985 1655 1316 1727 plenitudine
1346 1654 1602 1725 temporis
1628 1669 1823 1710 secun-

188 1743 339 1799 dum
375 1747 781 1819 susceptionem
805 1748 990 1804 forma:
1016 1748 1227 1804 servilis
1253 1747 1558 1803 voluntarie
1600 1747 1653 1802 in
1699 1747 1820 1801 Vir-

1923 554 2303 622 corruptionem
2335 554 2469 621 (Act.
2498 569 2554 619 ιι,
2588 552 2677 619 59,
2707 554 2820 624 5i).
3512 608 3515 613 .

1995 642 2124 698 Car.
2156 662 2245 712 xv,
2277 662 2365 699 seu
2399 645 2533 702 lino.
2560 661 2652 702 xu.
2686 645 2945 704 Divinitas
2970 648 3179 703 Christi.
3204 680 3268 695 ——
3288 646 3374 704 56.
3397 649 3515 705 Fir-

1924 733 2161 789 missime
2212 744 2357 801 tene,
2405 746 2459 792 et
2507 738 2812 795 nullatenus
2860 739 3093 805 dubites,
3140 756 3304 796 unum
3354 749 3516 811 atque

1926 824 2098 896 ipsum
2121 842 2241 883 esse
2265 827 2435 884 Deum
2475 829 2711 885 Verbum
2750 830 2795 899 i,
2825 827 2918 901 qui
2960 847 3095 887 cum-
3124 829 3285 888 Patre
3305 833 3417 889 Deo
3461 843 3517 891 et

1924 916 2129 988 Spiritu
2160 929 2349 976 sancto
2376 919 2492 977 Deo
2521 921 2649 978 fecit
2673 923 2855 979 omnia
2884 918 3150 995 tempora,
3176 932 3232 980 et
3259 925 3313 980 in
3333 935 3518 984 monte

1924 1013 2074 1068 Sinai
2095 1014 2267 1083 legem
2290 1014 2459 1087 Moysi
2488 1016 2638 1072 dedit
2666 1017 2865 1087 (Exod.
2896 1035 2969 1075 xx
2992 1030 3042 1075 et
3068 1021 3180 1093 xxx)
3210 1021 3518 1080 ordinatam

1924 1120 2022 1178 per
2049 1106 2269 1177 angelos
2299 1105 2440 1178 (Cal.
2474 1123 2553 1176 ιιι,
2585 1106 2695 1180 l9),
2746 1118 2802 1165 et
2839 1109 3014 1182 ipsum
3065 1111 3303 1168 Verbum
3346 1112 3519 1169 Deum

1924 1211 2139 1279 carnem
2168 1182 2377 1252 factum
2396 1216 2408 1250 :
2452 1200 2545 1268 qui
2574 1200 2825 1259 veniente
2862 1202 3194 1274 plenitudine
3237 1206 3519 1277 temporis,

1923 1287 2121 1344 missus
2146 1303 2176 1341 a
2206 1286 2363 1343 Patre
2392 1296 2446 1344 et
2470 1288 2673 1361 Spiritu
2695 1300 2903 1356 sancto,
2936 1293 3084 1350 solus
3113 1292 3284 1351 iactus
3320 1304 3404 1351 est
3448 1310 3518 1351 ex

1924 1381 2152 1437 muliere
2171 1396 2332 1451 quam
2364 1380 2510 1449 fecit,
2553 1384 2702 1441 solus
2748 1386 2922 1447 iactus
2950 1396 3034 1443 est
3067 1389 3178 1447 sub
3213 1387 3331 1459 lege
3370 1387 3514 1461 (Cat.

1924 1489 1998 1539 tv,
2029 1472 2084 1542 4)
2112 1488 2274 1544 quam
2303 1473 2471 1530 dedit.

1995 1572 2125 1629 CAP.
2159 1590 2267 1642 xvr,
2299 1591 2385 1627 seu
2420 1574 2551 1631 Rea.
2592 1591 2704 1631 sm.
2744 1575 2824 1630 De
2852 1577 3050 1632 duabus
3086 1579 3143 1633 in
3171 1578 3376 1637 Christo
3415 1598 3518 1636 na-

1926 1668 2071 1720 turis.
2093 1668 2173 1708 ‘—
2200 1666 2289 1722 57.
2319 1666 2648 1724 Firmissime
2685 1677 2829 1736 tene,
2853 1679 2910 1725 et
2947 1670 3254 1729 nullatenus
3279 1672 3515 1742 dubites,

1924 1758 2021 1815 Dei
2053 1759 2211 1815 Verbi
2241 1760 2254 1812 i
2287 1761 2431 1829 quod
2465 1776 2593 1818 caro
2629 1761 2827 1818 factum
2867 1773 2951 1821 est
3001 1764 3136 1821 duas
3182 1774 3403 1823 naturas
3431 1767 3519 1824 in-

190 1835 338 1907 ginc
367 1848 721 1909 conceptum,
747 1848 801 1894 et
823 1840 890 1895 de
918 1839 1136 1909 Virgine
1163 1847 1371 1906 natum,
1412 1839 1648 1896 Verbum
1696 1855 1816 1897 car-
1846 1848 1895 1909 B
1921 1848 2312 1905 confusibilitcr
2336 1858 2499 1920 atque
2530 1851 2960 1922 inseparabiliter
2983 1870 3301 1924 permanere
3322 1871 3517 1913 :unant

193 1941 338 1983 nem
397 1927 640 1984 factum:
688 1931 861 2001 ipsum
902 1946 1119 2002 quoque
1166 1946 1286 1988 esse
1327 1930 1421 2001 qui
1462 1930 1821 1988 essentialiter

194 2028 376 2075 natus
408 2031 492 2077 est
511 2021 578 2077 de
606 2023 766 2079 Patre
798 2034 846 2092 ⁸,
880 2032 933 2079 et
962 2024 1324 2081 essentialiter
1344 2023 1506 2097 524
1522 2034 1819 2096 conceptus

198 2120 295 2169 est
325 2121 603 2183 natusque
647 2114 715 2169 de
754 2114 1003 2185 Virgine;
1056 2117 1338 2189 ipsumque
1372 2132 1536 2171 unum
1582 2132 1722 2182 esse,
1760 2125 1820 2172 et

199 2204 376 2259 unius
410 2214 613 2260 natura:
634 2222 758 2262 cum
788 2205 969 2273 Patre,
996 2215 1053 2262 et
1080 2208 1239 2263 unius
1258 2215 1463 2262 natura:
1486 2207 1514 2245 ι’
1546 2222 1666 2263 cum
1696 2206 1819 2262 Vir-

201 2296 356 2371 gine,
390 2298 485 2368 qui
513 2299 590 2353 ait
613 2298 680 2354 de
705 2300 816 2356 Deo
846 2290 1004 2355 Patre
1038 2319 1051 2353 :
1085 2300 1219 2357 Ante
1242 2300 1434 2355 saecula
1458 2299 1691 2372 [undavit
1713 2315 1814 2366 me,

203 2398 255 2443 et
276 2399 408 2444 ante
436 2408 611 2447 omnes
640 2393 795 2447 colles
817 2395 992 2464 genuit
1014 2410 1094 2447 me
1118 2392 1299 2465 (Prov.
1331 2409 1426 2447 vut
1445 2432 1460 2457 ,
1500 2390 1588 2459 22,
1616 2402 1666 2446 et
1690 2390 1812 2463 26);

204 2480 277 2538 de
301 2498 418 2553 quo
441 2485 604 2540 etiam
633 2485 766 2542 dixit
811 2486 1103 2557 Apostolus
1147 2486 1294 2555 quia,
1323 2501 1438 2539 cum
1474 2484 1608 2540 venit
1644 2485 1815 2553 pleni-

207 2572 337 2628 tudo
368 2576 635 2646 tentporis,
684 2577 825 2630 misit
876 2574 1018 2630 Deus
1056 2573 1254 2630 Filium
1293 2591 1469 2643 suum,
1518 2575 1714 2646 factum
1750 2591 1820 2629 ea:

209 2666 452 2733 muliere,
484 2668 680 2739 factum
700 2668 793 2722 sub
823 2667 933 2740 lege
963 2666 1107 2738 (Gal.
1141 2683 1215 2735 ιν,
1248 2665 1328 2739 4).

280 2759 419 2817 Car.
450 2778 557 2829 xw,
600 2779 691 2817 seu
734 2761 870 2819 Rea.
914 2778 987 2817 ιιι.
1022 2760 1337 2816 Humanitas
1382 2759 1593 2815 Christi.
1620 2790 1696 2802 -—-
1723 2756 1812 2814 55.

210 2851 549 2921 ﬁrmissime
573 2862 717 2919 tene,
744 2862 800 2908 et
829 2853 1137 2909 nullatenus
1164 2852 1398 2918 dubites,
1421 2849 1693 2906 Christum
1721 2848 1817 2904 Dei

211 2942 412 3003 Filium
466 2946 606 3002 sicut
650 2945 719 3002 de
775 2945 887 3003 Deo
935 2942 1096 3001 Patre
1142 2946 1362 3021 plenum
1409 2943 1817 3016 perfectumque

216 3037 408 3105 Deum,
437 3041 511 3096 ita
537 3042 609 3098 de
635 3041 855 3111 Virgine
880 3051 903 3082 ε
936 3048 1114 3098 matre
1154 3042 1376 3113 plenum
1405 3039 1818 3113 perfectumque

218 3127 493 3193 hominem
513 3130 540 3171 ἀ
571 3134 832 3203 genitum,
864 3133 918 3188 id
939 3142 1023 3189 est
1046 3133 1280 3189 Verbum
1301 3133 1494 3200 Deum,
1524 3132 1817 3189 habentem

1921 1956 2104 1996 veram
2132 1941 2389 2011 divinam,
2420 1958 2580 2012 quam
2608 1943 2772 1999 habet
2801 1961 2926 2001 cum
2961 1944 3123 2002 Patre
3148 1961 3512 2014 communem,

1921 2033 2213 2101 secundum
2269 2050 2430 2105 quam
2480 2035 2610 2091 dicit
2643 2055 2655 2089 :
2692 2036 2808 2108 Ego
2847 2047 2895 2092 et
2940 2036 3100 2093 Pater
3136 2055 3296 2095 unum
3341 2056 3519 2097 sumus

1923 2122 2101 2194 (Joan.
2154 2141 2208 2189 χ,
2250 2124 2368 2196 ’50);
2429 2133 2501 2191 et,
2559 2124 2661 2190 Qui
2705 2144 2787 2181 me
2829 2128 2981 2194 videt,
3021 2128 3158 2184 videt
3209 2140 3259 2184 et
3303 2130 3519 2186 Patrem

1922 2217 2104 2289 (Joan.
2133 2233 2245 2286 xw,
2275 2215 2362 2288 9);
2394 2225 2470 2284 et,
2500 2216 2614 2289 Ego
2676 2218 2731 2271 in
2758 2216 2944 2285 Patre,
2975 2228 3024 2273 et
3053 2218 3216 2274 Pater
3253 2221 3309 2275 in
3336 2237 3415 2275 me
3440 2228 3521 2276 est

1922 2310 2109 2383 (Ibid.,
2144 2309 2267 2382 l0):
2313 2311 2609 2367 secundum
2638 2297 2799 2383 quam
2829 2310 2854 2350 ι
2887 2328 3010 2368 eum
3055 2313 3188 2370 dicit
3223 2313 3521 2386 Apostolus

1922 2400 2083 2475 (Πρὸ.
2109 2417 2146 2466 ι,
2179 2400 2256 2472 5),
2289 2392 2857 2473 ὃριθιιᾶοιθιιιλειοιίω
2877 2412 2934 2461 et
2951 2404 3176 2473 figuram
3204 2407 3363 2479 525
3386 2407 3519 2463 sub-

1919 2494 2131 2550 stantiae
2178 2494 2309 2561 Dei;
2345 2496 2570 2551 alteram
2606 2511 2786 2551 veram
2821 2495 2840 2535 ι
2872 2497 3183 2565 humanam,
3223 2499 3518 2556 secundum

1919 2599 2082 2656 quam
2112 2585 2229 2655 ipse
2255 2585 2399 2642 Deus
2430 2586 2741 2643 incarnatus
2768 2586 2917 2654 dicit,
2955 2584 3118 2644 Pater
3141 2591 3314 2662 major
3336 2607 3419 2646 me
3440 2598 3517 2646 est

1922 2681 2102 2750 (Joan.
2126 2697 2238 2748 xw,
2260 2679 2373 2747 28).

1994 2771 2122 2839 Car.
2153 2787 2279 2836 xvn,
2307 2789 2396 2826 seu
2418 2771 2552 2827 Rea.
2577 2787 2687 2827 xw.
2723 2772 2911 2827 Unitas
2933 2789 3173 2843 persona:
3198 2776 3255 2830 in
3277 2774 3515 2832 Christo.

1920 2890 1994 2908 α-
2020 2862 2108 2918 58.
2136 2863 2468 2919 Firmissime
2490 2872 2638 2929 tene,
2666 2872 2723 2918 et
2743 2864 3051 2920 nullatenus
3068 2863 3314 2933 dubites,
3345 2865 3517 2926 Deum

1902 2955 2156 3021 .Verbum
2183 2969 2400 3010 carnem
2424 2954 2623 3010 factum
2652 2970 2818 3010 unam
2842 2955 3047 3012 habere
3073 2955 3373 3012 divinitatis
3396 2972 3514 3012 suas

1922 3050 2207 3121 carnisque
2234 3063 2546 3120 personam.
2572 3047 2718 3104 Deus
2744 3048 2891 3104 enim
2915 3048 3152 3106 Verbum
3173 3049 3385 3120 plenam
3412 3064 3520 3105 na-t

1924 3151 2097 3198 turam
2118 3142 2407 3196 humanam
2428 3139 2502 3194 ita
2523 3135 2626 3195 s'ibi
2653 3138 2920 3194 veraciter
2937 3139 3094 3195 unire
3120 3139 3373 3210 dignatus
3395 3149 3513 3206 est,

215 3222 426 3280 scilicet
451 3224 569 3282 sine
598 3234 821 3297 peccato
844 3240 1026 3281 veram
1047 3224 1219 3280 nostri
1238 3224 1454 3295 generis
1475 3221 1690 3280 carnem
1707 3214 1745 3261 θ’
1761 3231 1817 3279 et
1843 3242 1892 3309 ο
1922 3240 2342 3305 etpermanente
2362 3230 2642 3285 divinitate
2653 3239 2803 3285 suaIIII
2822 3230 2896 3285 ita
2910 3228 3148 3286 Verbum
3170 3245 3299 3287 caro
3311 3230 3515 3289 factum

223 3316 459 3377 animam
484 3318 830 3374 rationalem.
862 3316 1018 3385 Quod
1050 3318 1167 3389 ipse
1195 3316 1291 3373 Dei
1319 3316 1487 3372 Filius
1534 3316 1816 3372 evidenter

223 3410 454 3477 pstcndit
474 3411 661 3469 dicens
687 3413 755 3467 de
793 3427 958 3469 carne
990 3426 1090 3468 sua
1115 3430 1134 3467 :
1166 3412 1391 3483 Palpate
1425 3420 1477 3466 et
1502 3412 1668 3467 ridete
1693 3413 1815 3485 quia

223 3504 429 3574 spiritus
449 3520 658 3559 carnem
674 3513 726 3559 et
752 3521 874 3559 ossa
900 3522 1006 3560 non
1035 3504 1211 3574 habet,
1246 3506 1378 3559 sicut
1404 3520 1488 3559 me
1514 3504 1695 3559 videtis
1715 3504 1813 3558 ha-
1838 3554 1845 3565 ,

227 3595 337 3649 bere
359 3588 681 3666 (Lucfxxw,
709 3596 823 3667 59).
850 3598 1100 3654 Animam
1129 3614 1347 3669 quoque
1387 3615 1446 3655 se
1488 3600 1694 3655 habere
1731 3599 1816 3655 bis

227 3688 399 3744 verbis
424 3689 676 3757 ostendit,
716 3691 903 3747 dicens
935 3710 949 3745 :
981 3691 1271 3762 Propterea
1311 3708 1395 3747 me
1423 3691 1585 3746 Pater
1623 3693 1813 3764 diligit,

223 3780 452 3852 quiaego
480 3797 615 3851 pono
650 3783 882 3837 animam
924 3799 1113 3850 meam,
1154 3793 1205 3837 et
1240 3784 1426 3838 iterum
1476 3799 1622 3838 sumo
1652 3782 1670 3822 ί
1701 3800 1815 3837 eam

224 3869 399 3941 (lacn.
433 3888 486 3939 ι,
511 3872 627 3944 Π).
659 3873 994 3932 Intellectum
1016 3889 1237 3947 quoque
1274 3876 1468 3931 anima:
1514 3891 1575 3931 se
1614 3877 1818 3931 habere

224 3965 455 4022 ostendit
472 3966 528 4021 in
557 3981 625 4023 eo
652 3967 799 4037 quod
827 3968 943 4023 ait:
973 3966 1174 4045 Discite
1199 3986 1231 4023 a
1256 3984 1341 4024 me
1385 3970 1507 4038 quia
1533 3951 1674 4023 mitis
1703 3985 1816 4023 sum

226 4068 276 4113 et
311 4061 514 4134 humilis
538 4062 693 4116 corde
734 4062 950 4134 (Matth.
982 4080 1058 4129 ιι,
1089 4063 1204 4133 29).
1246 4060 1314 4117 Ει
1356 4061 1425 4119 de
1470 4063 1588 4135 ipso
1619 4072 1647 4110 ε
1674 4063 1818 4118 Deus

227 4165 322 4222 per
356 4153 673 4224 prophetam
711 4154 882 4210 dicit:
913 4154 1051 4211 Ecce
1094 4154 1348 4228 intelliget
1386 4172 1515 4228 puer
1555 4172 1717 4213 meus.
1767 4165 1817 4210 et

231 4243 553 4309 exaltabitur,
576 4256 627 4300 et
652 4247 888 4303 sublimis
908 4249 1007 4303 erit
1031 4248 1181 4303 valde
1212 4246 1372 4320 (Isai.
1405 4264 1496 4312 LII,
1526 4247 1636 4320 15).
1683 4248 1815 4302 Nam

233 4344 285 4393 et
301 4337 482 4393 beatus
508 4336 700 4397 Petrus
726 4340 1021 4397 secundum
1063 4340 1237 4397 sancti
1265 4339 1434 4395 David
1474 4340 1816 4419 prophetiam

232 4426 287 4482 in
331 4427 536 4484 Christo
577 4444 798 4485 carnem
844 4439 901 4486 et
940 4432 1174 4486 animam
1216 4430 1522 4488 conﬁtetur.
1577 4425 1654 4487 De
1701 4432 1817 4502 ipso

236 4520 367 4575 enim
386 4520 544 4576 beato
566 4519 736 4576 David
762 4522 993 4592 loquens
1021 4523 1098 4581 ait
1116 4521 1179 4576 ll:
1215 4522 1478 4594 Propheta
1506 4525 1667 4595 igitur
1702 4539 1817 4577 cum

1918 3333 2004 3382 est
2024 3361 2040 3389 ,
2066 3332 2126 3379 ut
2144 3322 2395 3393 quamvis
2410 3320 2728 3377 naturaliter
2748 3336 2859 3378 non
2880 3321 2986 3377 hoc
3006 3321 3080 3377 sit
3103 3319 3338 3377 Verbum
3363 3320 3519 3392 quod

1917 3432 2066 3483 caro,
2078 3416 2203 3486 quia
2219 3414 2446 3470 duarum
2463 3421 2777 3469 naturarum
2789 3412 2994 3469 veritas
3005 3421 3193 3469 manet
3207 3413 3261 3468 in
3273 3412 3511 3479 Christo,

1918 3507 2214 3566 secundum
2235 3521 2396 3561 unam
2420 3513 2601 3560 tamen
2624 3520 2933 3576 personam,
2950 3503 3092 3560 idem
3115 3504 3354 3562 Verbum
3381 3519 3515 3561 caro

1918 3601 1989 3658 ab
2038 3602 2156 3672 ipso
2206 3597 2365 3654 lieret
2408 3606 2672 3653 maternae
2716 3597 3094 3668 conceptionis
3143 3596 3318 3652 initio.
3369 3595 3517 3652 Deus

1920 3697 2068 3752 enim
2088 3692 2328 3749 Verbum
2349 3706 2457 3747 non
2480 3690 2690 3760 accepit
2711 3705 3001 3761 personam
3024 3690 3280 3758 hominis,
3305 3689 3400 3745 sed
3423 3705 3514 3745 na-

1924 3795 2098 3840 turam
2125 3800 2140 3850 ;
2191 3790 2244 3837 et
2276 3783 2333 3836 in
2371 3792 2637 3836 aeternam
2663 3794 2950 3851 personam
2981 3778 3277 3835 divinitatis
3303 3780 3512 3850 accepit

1924 3875 2282 3946 temporalem
2307 3860 2669 3928 substantiam
2703 3871 2899 3926 carnis.
2936 3869 3086 3927 Unus
3102 3879 3189 3927 est
3215 3883 3345 3940 ergo
3363 3870 3513 3926 Chri-

1920 3977 2036 4025 stus
2056 3967 2297 4023 Verbum
2326 3980 2456 4021 caro
2483 3964 2682 4019 factum
2705 3963 2890 4037 (Joan.
2921 3980 2957 4031 ι,
2987 3962 3101 4045 η),
3129 3964 3222 4034 qui
3249 3971 3305 4019 et
3323 3980 3393 4019 ea:
3418 3981 3515 4035 pa-

1921 4063 2088 4117 tribus
2117 4061 2402 4116 secundum
2428 4075 2660 4128 carnem,
2689 4066 2739 4113 et
2768 4075 2925 4129 super
2961 4059 3139 4134 omnia
3177 4056 3318 4113 Deus
3361 4058 3511 4113 bene-

1920 4155 2087 4209 dictus
2115 4154 2171 4207 in
2200 4153 2393 4208 siccata
2444 4150 2628 4218 (Rom.
2673 4166 2756 4216 Ix,
2789 4149 2880 4218 5).
2916 4147 3066 4206 Unus
3092 4148 3280 4215 Jesus,
3330 4149 3417 4205 cui
3457 4156 3511 4206 et

1920 4241 2084 4299 Pater
2109 4243 2239 4299 dicit
2272 4260 2285 4296 :
2332 4242 2414 4296 Ex
2440 4251 2584 4295 utero
2613 4250 2734 4295 ante
2761 4240 3036 4312 luciferum
3063 4243 3219 4314 genui
3260 4251 3309 4296 te
3334 4240 3508 4313 (Psal.

1919 4351 2026 4401 cxx,
2060 4336 2115 4406 5)
2144 4353 2158 4388 :
2192 4335 2279 4388 ubi
2306 4332 2639 4402 signiﬁcatur
2667 4340 2795 4388 ante
2822 4347 2985 4388 omne
3014 4341 3228 4405 tempus
3250 4333 3367 4389 siue
3397 4333 3502 4389 ini-

1921 4428 1997 4482 tio
2016 4434 2219 4481 aeterna
2236 4425 2521 4490 nativitas;
2543 4432 2570 4461 ιι
2586 4422 2655 4479 de
2673 4432 2854 4494 quoet
2872 4424 3204 4494 evangelista
3221 4422 3368 4489 dicit,
3384 4424 3510 4494 quia

1921 4528 2155 4574 uocatum
2193 4526 2269 4571 est
2302 4531 2488 4570 nomen
2510 4515 2622 4586 ejus
2641 4514 2817 4580 Iesus,
2850 4515 2988 4587 quod
3008 4514 3202 4569 dictum
3219 4523 3296 4569 est
3316 4515 3381 4570 ab
3410 4532 3510 4569 an-

239 4618 376 4675 esset,
402 4621 451 4665 et
475 4612 632 4666 sciret
665 4613 788 4683 quia
820 4614 1169 4683 jurejurando
1202 4615 1431 4684 jurasset
1465 4615 1542 4670 illi
1588 4614 1729 4669 Deus
1754 4615 1818 4668 de
1847 4634 1901 4695 Ῑ)
1924 4613 2057 4683 gelo,
2090 4612 2393 4683 priusquam
2420 4611 2476 4662 in
2502 4618 2650 4662 utero
2678 4609 3031 4678 conciperetur
3061 4604 3212 4675 (Luc.
3236 4621 3293 4671 ιι,
3322 4604 3438 4675 21).

236 4704 393 4774 fructu
419 4702 577 4757 lumbi
619 4702 730 4773 ejus
757 4703 937 4757 sedere
972 4720 1128 4774 super
1159 4705 1332 4759 sedem
1371 4705 1502 4776 ejus,
1540 4705 1813 4777 providens

243 4794 420 4850 locutus
448 4804 523 4850 est
552 4795 613 4851 de
648 4796 1017 4877 resurrectione
1048 4794 1261 4860 Christi,
1302 4799 1427 4868 quia
1464 4813 1624 4868 neque
1665 4798 1818 4853 dere-

239 5029 245 5035 ’
313 5046 336 5076 ι
362 5037 452 5093 Ms.
483 5052 639 5101 unus,
666 5035 942 5108 Ipsumque
969 5036 1312 5092 essentialiter
1333 5034 1588 5108 derPatre
1611 5048 1810 5099 natum,

248 5117 292 5161 et
308 5109 630 5163 essentialiter
644 5106 705 5161 de
734 5106 946 5181 Virgine
962 5116 1125 5161 matre
1146 5106 1496 5177 temporaliter
1516 5116 1813 5178 conceptum

249 5188 294 5232 et
314 5189 472 5250 natum
495 5195 511 5233 :
542 5181 824 5250 ipsumque.

314 5247 338 5287 δ
365 5246 631 5306 ὓθειιιιιίιι
657 5246 816 5306 editis
846 5250 960 5306 haec
998 5250 1182 5316 verba,
1214 5265 1327 5303 cum
1358 5248 1536 5312 Patre,
1569 5246 1625 5302 el
1658 5251 1812 5305 unius

255 5327 445 5375 natura.
475 5320 753 5375 Habentur
776 5336 844 5374 ex
871 5336 970 5374 ms.
1002 5320 1165 5375 Corb.

319 5390 444 5461 st.
471 5390 659 5458 Corb.,
686 5392 758 5461 sic
780 5390 843 5445 de
867 5388 1044 5444 Maria
1079 5391 1307 5461 Virgine.

316 5458 339 5498 δ
362 5460 449 5516 Ms.
481 5462 669 5527 Corb.,
695 5460 862 5516 Deum
886 5461 1165 5517 hominem.

319 5540 339 5569 ο
363 5530 449 5587 Ms.
482 5532 682 5600 Vatic.,
711 5531 858 5587 Idem
880 5530 977 5585 Dei
1007 5531 1229 5588 Verbum
1253 5532 1444 5588 habens
1465 5533 1576 5586 sine
1602 5542 1810 5603 peccato

180 5638 187 5645 -
283 5620 401 5674 eram
425 5604 587 5659 nostri
614 5604 807 5659 scilicet
835 5604 1035 5674 generis
1061 5621 1291 5660 carnem.

322 5672 340 5713 ¹
363 5673 472 5746 Mss.
504 5680 752 5746 quatuor,
776 5672 1000 5746 sumam.

324 5744 443 5819 {Sic
470 5743 597 5804 mss.
629 5744 699 5819 At
727 5743 871 5819 edd_.,
896 5755 943 5819 et
973 5745 1036 5801 de
1060 5749 1245 5819 seipse.

325 5811 349 5853 δ
369 5816 452 5872 lis.
482 5833 620 5871 unus
642 5815 785 5883 Vat.,
808 5814 887 5870 De
909 5815 1019 5887 ipso
1039 5811 1176 5877 enim
1199 5819 1378 5874 beatus
1404 5813 1576 5869 Dauid
1597 5816 1804 5879 loquens

267 5888 348 5954 sit:
375 5886 619 5961 Quoniam
648 5904 750 5948 non
788 5886 1105 5966 derelinques
1142 5892 1374 5956 animum
1417 5900 1585 5946 meam
1628 5904 1682 5945 in
1731 5887 1807 5947 in-

1994 4703 2122 4759 Car.
2150 4719 2277 4757 xvlu
2299 4744 2312 4769 ,
2355 4718 2443 4756 seu
2474 4700 2609 4756 Rea.
2640 4715 2727 4755 xv.
2781 4698 2937 4753 Verbi
2966 4705 3015 4753 et
3054 4697 3231 4754 carnis
3266 4697 3409 4751 unio.
3439 4725 3508 4743 --
3546 4726 3547 4729 η

1922 4795 2011 4851 59.
2039 4794 2377 4857 Firmissime
2406 4803 2531 4849 tene
2550 4835 2564 4859 ,
2600 4801 2655 4848 et
2685 4792 2989 4849 nullatenus
3016 4789 3258 4859 dubites,
3292 4800 3510 4849 carnem

1916 5039 2087 5109 [criti]:
2109 5034 2404 5109 Propheta.

1997 5105 2013 5145 ί
2045 5104 2207 5170 Editi,
2231 5100 2390 5158 unum
2406 5102 2453 5176 F
2455 5104 2601 5160 ilium
2626 5110 2776 5176 atque
2803 5105 2971 5173 ipsum
2991 5120 3103 5176 esse
3117 5100 3285 5158 Deum
3305 5117 3503 5158 rerum.

1917 5176 2024 5233 Sed
2048 5176 2364 5231 concinnior
2386 5175 2601 5231 videtur
2620 5174 2782 5231 lectio
2810 5190 2938 5230 mss.
2969 5175 3147 5230 trium.
3409 5190 3421 5199 “

1993 5251 2007 5298 ι
2044 5246 2137 5302 Sic
2164 5262 2294 5303 mss.
2316 5245 2480 5301 Corb.
2513 5254 2568 5300 et
2599 5245 2719 5301 Vat.
2763 5254 2895 5300 tres.
2926 5244 3135 5299 Caeteri
3171 5259 3281 5300 non
3333 5243 3499 5301 abeat

1916 5319 2031 5374 haec
2068 5319 2257 5381 verba,
2287 5327 2438 5387 atque
2466 5316 2901 5387 inseparabiliter,
2930 5314 3242 5387 habentque
3269 5313 3368 5372 Dei
3387 5309 3505 5372 ver-

1915 5390 2125 5444 bum....
2149 5390 2206 5444 in
2233 5384 2364 5442 duas
2392 5384 2631 5448 naturas,
2663 5386 2761 5441 sed
2786 5384 3064 5443 mendose.

1990 5460 2014 5498 ιι
2044 5460 2135 5516 Sic
2174 5475 2302 5515 mss.
2338 5469 2469 5515 tres.
2491 5460 2557 5512 At
2580 5456 2702 5512 Vat.
2736 5471 2892 5523 unus,
2934 5456 3215 5511 secundum
3259 5474 3415 5523 quam
3449 5465 3504 5513 et

1914 5528 2193 5597 Apostolus
2236 5530 2329 5594 ait,
2363 5528 2625 5600 Splendor
2665 5526 2867 5599 gloriw,
2898 5535 2948 5581 et
2983 5525 3156 5600 ﬁgura
3199 5525 3503 5585 substantia

1911 5621 2043 5675 ejus.

1993 5674 2005 5712 ι
2042 5674 2210 5729 Vatic.
2240 5670 2366 5736 duo,
2399 5669 2615 5724 alterum
2641 5685 2779 5733 vero,
2805 5666 2927 5725 Vat.
2960 5675 3118 5734 alter,
3144 5671 3361 5725 alterum
3376 5686 3495 5727 vero

1912 5763 2105 5800 rerum.

1987 5826 2024 5853 m
2058 5816 2225 5870 Vatic.
2261 5830 2418 5884 unus,
2449 5812 2735 5866 divinitatis
2754 5827 2862 5884 sua:
2882 5823 3088 5867 natura.

1984 5896 2010 5929 υ
2044 5884 2102 5947 lu
2129 5885 2284 5947 editis
2308 5879 2596 5968 repetitur,
2616 5898 2747 5944 unus
2768 5879 2934 5945 Iesus.
2964 5884 3128 5956 Abest
3158 5899 3190 5945 ιι
3210 5898 3319 5947 tuas
3367 5896 3486 5951 ses.
