4046 6532
510 363 618 436 Μ

1541 374 1598 430 S.
1640 369 2008 431 FULGENTII
2046 370 2355 430 EPISCOPI
2385 370 2762 430 RUSPENSIS

424 545 434 554 .
508 493 706 552 Christi
735 507 845 551 non
870 493 989 550 sine
1028 490 1309 548 divinitate
1338 472 1654 559 conceptam
1680 489 1735 543 in
1777 496 1933 544 utero
1960 487 2086 542 Vir-
2118 492 2173 552 Α
2197 485 2360 542 tabile
2380 485 2612 550 bonum;
2643 493 2699 540 et
2721 460 2789 540 ab
2807 497 2926 555 ipso
2948 491 3164 540 creatas
3187 497 3309 541 esse
3332 495 3524 541 omnes
3555 471 3807 551 nstin-as,

509 589 668 659 ginis,
683 588 993 658 priusquam
1010 585 1374 655 susciperetur
1388 597 1418 636 a
1436 581 1644 647 Verbo;
1668 579 1763 636 sed
1782 581 1958 649 ipsum
1970 576 2101 634 Ver-

507 681 638 739 bum
661 680 831 735 Deum
857 692 968 732 sua:
989 676 1170 732 carnis
1192 674 1508 744 acceptione
1531 677 1874 740 conceptum,
1902 670 2101 739 ipsam-

509 787 617 844 que
645 786 866 828 carnem
889 770 1052 824 Verbi
1085 766 1457 840 incarnatione
1478 775 1797 834 conceptam
1826 764 1905 829 (ιιι
1924 759 2099 826 Sent.,

508 862 632 917 dist.
665 859 719 927 2,
743 878 861 931 cap.
889 859 947 916 Si
975 856 1198 928 autem).

579 955 710 1012 Car.
735 969 847 1020 xtx,
871 969 958 1008 seu
981 951 1113 1007 Rsc.
1138 965 1248 1006 xvr.
1276 948 1576 1019 Sacriﬁcia.
1597 945 1928 1015 Sacriﬁcium
1949 943 2102 1014 panis

511 1057 561 1102 et
590 1049 712 1103 vini.
742 1077 809 1089 —
839 1046 925 1100 60.
947 1045 1282 1099 Firmissime
1314 1052 1436 1098 tene
1455 1086 1470 1112 ,
1523 1049 1577 1096 et
1608 1041 1916 1096 nullatenus
1945 1037 2103 1094 dubi-

512 1148 615 1207 tes,
633 1141 805 1211 ipsum
829 1139 1161 1208 unigenitum
1185 1135 1357 1190 Deum
1381 1121 1616 1189 Verbum
1636 1146 1852 1188 carnem
1877 1129 2100 1194 factum,

512 1250 573 1292 se
600 1251 699 1306 pro
729 1235 882 1290 nobis
909 1233 1170 1288 obtulisse
1193 1229 1518 1287 sacrificium
1559 1236 1616 1282 et
1641 1226 1873 1281 hostiam
1904 1221 2017 1278 Deo
2046 1221 2099 1275 in

513 1327 735 1383 odorem
764 1325 1040 1382 suavitatis
1071 1323 1300 1398 (Ep/tes.
1324 1339 1389 1391 ν,
1421 1321 1484 1392 2)
1517 1341 1530 1374 :
1567 1321 1650 1376 cui
1690 1335 1813 1374 cum
1859 1315 2020 1370 Patre
2048 1323 2103 1370 et

514 1417 716 1488 Spiritu
745 1426 932 1473 sancto
961 1432 991 1471 a
1023 1415 1349 1486 patriarchis
1369 1455 1382 1480 ,
1415 1420 1470 1468 et
1498 1411 1806 1482 pr0phetis,
1840 1415 1895 1463 et
1919 1421 2103 1461 sacer-

513 1507 756 1573 dotibus,
792 1516 1034 1577 tempore
1059 1505 1273 1560 Veteris
1296 1502 1631 1558 Testamenti
1659 1499 1909 1554 animalia
1937 1495 2104 1552 sacri-

515 1595 842 1660 ﬁcabantaur;
892 1603 949 1649 et
979 1595 1065 1650 cui
1098 1609 1261 1658 nunc,
1287 1592 1341 1648 id
1370 1598 1453 1648 est
1482 1601 1727 1661 tempore
1754 1588 1887 1643 Novi
1913 1586 2104 1641 Testa-

512 1687 711 1753 menti,
745 1701 868 1741 cum
898 1684 1061 1742 Patre
1087 1693 1141 1740 et
1161 1684 1368 1754 Spiritu
1396 1690 1616 1750 sancto,
1653 1697 1774 1736 cum
1803 1678 1998 1748 quibus
2025 1675 2104 1731 illi

515 1788 600 1836 est
619 1793 726 1834 una
757 1777 1035 1845 divinitas,
1061 1775 1385 1833 sacrificium
1413 1776 1565 1846 panis
1592 1781 1647 1829 et
1674 1774 1806 1838 vini,
1836 1771 1890 1826 in
1919 1769 2024 1826 ﬁde
2045 1776 2106 1825 et

2205 578 2376 633 bonas
2401 575 2637 645 quidem,
2665 575 2794 644 quia
2825 589 2854 628 a
2885 590 3096 630 summo
3118 574 3264 630 bono
3287 573 3442 629 facta
3469 581 3602 629 sunt
3626 584 3650 612 ε
3673 590 3689 638 ;
3713 571 3809 627 sed

2204 670 2490 726 mutabiles
2520 667 2570 738 (³,
2601 670 2726 740 quia
2758 669 2823 725 de
2853 670 3022 724 nihilo
3073 668 3228 725 facta:
3273 679 3438 736 sunt;
3490 669 3813 740 nullamque

2205 775 2323 818 esse
2350 761 2476 815 mali
2508 771 2754 815 naturam
2781 769 2828 827 ο,
2859 761 2985 830 quia
3015 762 3192 815 omnis
3220 769 3437 826 natura,
3462 762 3513 814 in
3540 769 3814 830 quantum

2205 865 2396 912 natura
2420 864 2521 922 est,
2546 856 2689 910 bona
2712 862 2812 910 est.
2845 852 2955 908 Sed
2984 853 3109 922 quia
3140 854 3193 908 in
3220 867 3283 908 ea
3315 853 3519 908 bonum
3551 862 3609 907 et
3635 852 3814 907 minui

2205 954 2262 1001 et
2284 945 2466 1013 augeri
2491 951 2689 1014 potest,
2725 943 2778 998 in
2809 943 3191 1018 tantunrmala
3221 942 3438 1011 dicitur,
3463 943 3517 997 in
3543 951 3816 1012 quantum

2205 1035 2408 1091 bonum
2430 1033 2547 1104 ejus
2574 1032 2852 1087 minuitur.
2877 1031 3077 1087 Malum
3101 1033 3243 1087 enim
3269 1031 3400 1086 nihil
3425 1039 3512 1086 est
3537 1029 3690 1084 aliud
3714 1031 3815 1085 nisi

2205 1128 2438 1199 privatio
2461 1127 2607 1185 boni.
2651 1123 2807 1182 Unde
2835 1132 3053 1182 constat
3080 1125 3354 1194 geminum
3392 1139 3515 1179 esse
3541 1134 3814 1179 creatura

2205 1218 2485 1274 rationalis
2530 1217 2730 1272 malum
2765 1232 2965 1271 :unum
3009 1231 3119 1287 quo
3153 1214 3250 1287 (al.
3282 1213 3451 1286 quod)
3494 1213 3816 1269 voluntati:

2206 1310 2322 1381 ipsa
2360 1308 2559 1364 defecit
2583 1323 2614 1362 a
2658 1321 2869 1362 summo
2898 1307 3043 1362 bono
3089 1311 3339 1360 creatore
3369 1320 3472 1360 suo
3497 1344 3515 1370 ,
3570 1304 3814 1357 alterum

2206 1417 2315 1473 quo
2340 1400 2435 1474 (al.
2459 1400 2626 1470 quod)
2651 1398 2819 1454 invita
2848 1396 3105 1467 punietur
3125 1397 3262 1465 ignis
3278 1395 3468 1450 aeterni
3497 1393 3773 1464 supplicio
3793 1410 3814 1448 :

2206 1490 2338 1546 illud
2358 1505 2580 1562 passura
2598 1481 2764 1561 juste,
2779 1489 2905 1558 quia
2926 1489 3034 1543 hoc
3059 1487 3277 1543 admisit
3301 1485 3529 1557 injuste;
3555 1493 3612 1541 et
3630 1485 3764 1555 quia
3785 1483 3812 1523 τ

2208 1583 2453 1639 ordinem
2492 1582 2547 1636 in
2595 1597 2655 1637 se
2696 1596 2806 1637 non
2862 1580 3102 1636 servavit
3159 1579 3353 1634 divina
3405 1578 3810 1646 institutionis,

2208 1675 2452 1731 ordinem
2475 1675 2672 1730 divinae
2694 1691 2802 1730 non
2827 1673 3052 1741 eﬂngiet
3073 1672 3312 1728 ultionis.

2278 1764 2410 1821 Car.
2452 1780 2581 1830 xxn,
2609 1782 2700 1820 seu
2727 1763 2866 1821 Rite.
2901 1781 3009 1820 xix.
3064 1761 3232 1818 Nulla
3262 1775 3501 1820 creatura
3526 1775 3606 1820 est
3632 1765 3813 1820 eadem

511 1873 736 1927 caritate
761 1879 949 1926 sancta
973 1870 1240 1926 catholica
1282 1867 1522 1924 Ecclesia
1551 1881 1648 1937 per
1669 1867 1984 1921 universum
2012 1879 2105 1918 or-
2133 1872 2183 1934 Β
2208 1871 2324 1911 cum
2340 1855 2634 1912 Dem—63.
2653 1856 2989 1912 F'irmissime
3015 1863 3162 1920 tene,
3180 1864 3236 1910 et
3251 1856 3562 1910 nullatenus
3575 1856 3812 1921 dubites,

512 1962 637 2019 bent
661 1970 820 2018 teme
841 1960 1036 2017 olferre
1067 1977 1174 2016 non
1199 1967 1396 2016 cessat.
1423 1958 1482 2012 ln
1503 1958 1609 2013 illis
1635 1959 1778 2012 enim
1797 1955 2107 2013 carnalibus

512 2052 769 2118 victimis,
795 2052 1115 2121 signiﬁcatio
1145 2050 1244 2122 (al.
1261 2047 1534 2119 ﬁguratio)
1563 2047 1662 2102 fuit
1681 2049 1859 2104 carnis
1884 2045 2105 2116 Christi,

513 2157 675 2214 quam
689 2159 788 2214 pro
800 2144 1034 2213 peccatis
1056 2142 1256 2198 nostris
1285 2143 1399 2212 ipse
1426 2142 1543 2197 sine
1567 2150 1794 2211 peccato
1815 2140 1990 2196 fuerat
2005 2141 2106 2196 ob-

514 2232 741 2299 laturus,
764 2242 820 2289 et
841 2234 1115 2304 sanguinis
1143 2248 1302 2303 quem
1331 2241 1449 2288 erat
1468 2230 1736 2289 eﬂ‘usurus
1757 2233 1811 2288 in
1833 2233 2108 2288 remissio-

515 2338 639 2384 nem
660 2333 1002 2395 peccatorum
1029 2333 1337 2380 nostrorum
1369 2342 1381 2379 :
1408 2325 1461 2379 in
1484 2326 1590 2380 isto
1613 2334 1794 2380 autem
1815 2325 2105 2390 sacriﬁcio,

516 2417 812 2486 gratiarum
867 2417 1009 2472 actio
1059 2425 1223 2486 atque
1278 2417 1726 2476 commemoratio
1782 2425 1864 2472 est
1929 2417 2109 2474 carnis

515 2504 736 2571 Christi,
768 2522 929 2576 quam
960 2524 1062 2577 pro
1089 2507 1244 2563 nobis
1273 2508 1489 2573 obtulit,
1541 2515 1598 2562 et
1626 2509 1905 2576 sanguinis
1945 2521 2106 2577 quem

516 2609 618 2668 pro
642 2598 799 2652 nobis
829 2598 970 2653 idem
1003 2599 1145 2653 Dens
1171 2596 1378 2653 effudit.
1428 2597 1505 2653 De
1541 2613 1651 2668 quo
1679 2599 1871 2653 beatus
1911 2594 2109 2652 Paulus

517 2687 648 2742 dicit
669 2690 722 2743 in
751 2689 974 2745 Actibus
1001 2689 1375 2760 apostolorum
1409 2709 1421 2745 :
1452 2690 1715 2744 Attendite
1742 2690 1882 2743 vobis
1911 2697 1962 2742 et
1989 2689 2109 2742 uni-

517 2793 660 2833 verso
681 2780 845 2850 gregi,
875 2780 932 2832 in
959 2795 1059 2851 quo
1090 2795 1178 2832 vos
1209 2778 1441 2848 Spiritus
1470 2780 1878 2852 sanetusposuit
1905 2779 2107 2846 episco-

515 2885 609 2940 pos
648 2885 826 2940 regere
864 2867 1161 2924 Ecclesium
1192 2868 1308 2932 Dei,
1360 2885 1516 2941 quam
1556 2869 1829 2940 acquisivit
1855 2869 2112 2938 sanguine

517 2977 610 3016 suo
651 2959 790 3032 (Act.
825 2977 916 3024 xx,
946 2959 1062 3026 Q8).
1112 2959 1172 3014 ιιι
1203 2959 1307 3014 illis
1333 2973 1465 3028 ergo
1489 2959 1769 3015 sacriﬁciis
1797 2957 1927 3027 quid
1953 2955 2134 3022 nobis,

516 3058 661 3106 esset
678 3050 990 3108 donandum
1012 3051 1237 3120 figurate
1257 3049 1690 3118 signiﬁcabatur;
1718 3051 1774 3104 in
1793 3049 1899 3104 hoc
1927 3057 2112 3103 autem

519 3141 784 3202 sacriﬁcio
795 3143 923 3214 quid
943 3144 1101 3198 nobis
1120 3141 1235 3212 jam
1246 3142 1507 3197 donatum
1523 3142 1614 3206 sit,
1627 3141 1909 3196 evidenter
1929 3147 2112 3194 osten-

2210 1962 2388 2018 neque
2419 1947 2683 2017 angelos,
2729 1962 2908 2018 neque
2955 1948 3254 2017 quamlibet
3294 1947 3454 2002 aliam
3504 1957 3815 2004 creaturam

2211 2038 2453 2110 ejusdem
2475 2047 2683 2095 naturae
2712 2051 2852 2105 esse,
2885 2038 3040 2108 cujus
3066 2047 3153 2094 est
3181 2041 3477 2094 secundum
3509 2040 3818 2095 naturalem

2212 2131 2550 2187 divinitatem
2578 2145 2732 2185 suam
2763 2145 2972 2185 summa
2997 2129 3236 2184 Trinitas
3253 2171 3268 2195 ,
3292 2145 3412 2199 qua:
3435 2137 3524 2186 est
3553 2146 3698 2184 unus
3717 2146 3819 2186 na-

2213 2225 2461 2280 turaliter
2499 2224 2642 2280 Deus
2685 2220 2848 2278 Pater
2876 2230 2934 2278 et
2974 2221 3142 2278 Filius
3189 2229 3245 2278 et
3289 2220 3528 2292 Spiritus
3573 2231 3815 2278 sanctus.

2211 2317 2398 2388 Neque
2429 2317 2574 2372 enim
2613 2317 2774 2371 unius
2810 2323 3018 2371 naturae
3057 2330 3181 2371 esse
3222 2322 3524 2385 potuerunt
3547 2323 3574 2363 ε
3604 2315 3702 2372 ille
3727 2315 3820 2387 (μή

2211 2409 2338 2466 fecit
2359 2417 2413 2466 et
2439 2425 2502 2465 ea
2533 2423 2654 2480 qua:
2683 2410 2828 2465 fecit.

2282 2502 2570 2568 Camxxnr,
2595 2517 2683 2556 seu
2710 2501 2846 2557 Rea.
2873 2517 2965 2556 xx.
2995 2501 3180 2572 Angeli
3201 2501 3330 2572 facti
3353 2499 3590 2556 stabiles.
3626 2532 3706 2544 —
3729 2499 3818 2557 64.

2212 2596 2542 2652 Firmissime
2563 2604 2707 2662 tene,
2721 2595 3098 2650 etnullatenus
3116 2593 3349 2660 dubites,
3361 2609 3584 2650 omnem
3605 2603 3819 2651 creatu~

2211 2703 2330 2743 ram
2344 2686 2660 2742 naturaliter
2669 2686 2982 2741 mutabilem
2993 2700 3023 2739 a
3035 2683 3148 2741 Deo
3160 2685 3594 2740 incommutabili
3603 2685 3822 2753 factam;

2213 2794 2315 2834 nec
2337 2787 2516 2834 tamen
2535 2778 2646 2847 jam
2670 2791 2830 2848 posse
2849 2776 3148 2846 quemlibet
3171 2784 3481 2832 sanctorum
3501 2777 3821 2847 angelorum

2215 2870 2270 2924 in
2297 2869 2534 2924 deterius
2562 2868 2915 2932 commutari,
2946 2867 3071 2939 quia
3102 2868 3184 2923 sic
3207 2876 3538 2938 acceperunt
3563 2877 3825 2930 aeternam

2215 2958 2599 3014 beatitudinem
2620 2973 2726 3028 qua
2743 2957 2856 3012 Deo
2868 2956 3137 3022 stabiliter
3155 2955 3523 3027 perfruuntur,
3562 2966 3624 3012 ut
3645 2971 3713 3013 ea
3731 2971 3824 3013 ca-

2215 3063 2338 3105 rere
2367 3064 2472 3104 non
2503 3050 2735 3119 possint.
2769 3047 2875 3103 Sed
2899 3047 3006 3103 hoc
3031 3048 3209 3118 ipsum
3228 3047 3374 3118 quod
3399 3045 3424 3084 ¹ι
3453 3049 3523 3104 ab
3554 3047 3652 3104 illo
3678 3056 3825 3106 statu

2215 3141 2572 3197 beatitudinis
2591 3141 2646 3196 in
2675 3156 2784 3212 quo
2804 3150 2932 3198 sunt
2953 3141 3148 3194 mutari
3171 3141 3224 3195 in
3246 3141 3486 3197 deterius
3515 3141 3828 3199 nullam

519 3233 683 3292 ditur.
708 3233 767 3290 In
789 3234 894 3290 illis
915 3235 1193 3290 sacrificiis
1225 3234 1689 3304 praenuntiabatur
1707 3232 1876 3288 Filius
1895 3231 1992 3287 Dei
2008 3246 2110 3301 pro
2141 3251 2190 3318 ο
2219 3240 2470 3302 possunt,
2520 3247 2630 3286 non
2660 3238 2742 3286 est
2771 3231 2852 3287 eis
2877 3232 3199 3286 naturaliter
3239 3223 3492 3300 insitum,
3543 3231 3645 3288 sed
3672 3239 3826 3304 post-

521 3325 704 3394 impiis
725 3325 1051 3381 occidendus
1076 3344 1088 3378 :
1109 3326 1164 3379 in
1184 3325 1290 3380 hoc
1312 3335 1490 3381 autem
1509 3339 1608 3395 pro
1632 3324 1811 3393 itnpiis
1833 3324 2117 3378 annuntia-

523 3424 612 3471 tur
639 3415 868 3480 occisus,
915 3423 1153 3471 testante
1192 3414 1457 3485 Apostolo
1512 3415 1641 3483 quia
1680 3413 1916 3469 Christus
1940 3453 1956 3478 .
1999 3430 2118 3468 cum

522 3506 695 3561 adhuc
740 3506 936 3576 infirmi
979 3521 1204 3560 essemus
1232 3505 1514 3560 secundum
1555 3515 1753 3574 tempus
1771 3544 1785 3568 ,
1821 3523 1914 3576 pro
1943 3506 2118 3576 impiis

523 3605 754 3655 mortuus
781 3606 857 3653 est
879 3597 1056 3666 (Rom.
1078 3613 1130 3665 v,
1155 3596 1210 3666 6)
1235 3639 1252 3667 ,
1280 3607 1336 3654 et
1362 3599 1488 3668 quia
1511 3614 1627 3652 cum
1645 3600 1846 3652 inimici
1866 3614 2118 3663 essemus,

524 3689 846 3744 reconciliati
859 3703 1036 3744 sumas
1048 3687 1160 3744 Deo
1173 3706 1266 3759 per
1284 3699 1502 3744 mortem
1516 3687 1648 3744 Filii
1663 3689 1778 3759 ejus
1789 3687 1955 3761 (Ibid.
1968 3734 1981 3758 ,
2002 3688 2115 3759 10).

599 3781 762 3852 526
796 3777 925 3835 Car.
953 3794 1058 3844 xx,
1091 3796 1182 3835 seu
1210 3779 1348 3836 Rue.
1394 3795 1524 3835 xvu.
1552 3777 1874 3834 Humanitas
1901 3779 2116 3835 Christi.

528 3902 601 3916 --
612 3871 674 3926 6|
689 3909 702 3924 .
716 3869 1050 3928 Firmissime
1064 3879 1214 3938 tene,
1225 3879 1282 3926 et
1303 3863 1872 3938 nullatenus'dubites,
1886 3869 2120 3925 Verbum

525 3978 748 4020 cantem
773 3963 972 4022 factum
1023 3963 1268 4020 eamdem
1296 3963 1591 4019 humanam
1638 3977 1862 4019 carnem
1903 3975 2121 4032 semper

528 4071 714 4113 veram
729 4055 934 4113 habere
953 4046 1060 4134 qua
1077 4054 1144 4112 de
1166 4055 1389 4127 Virgine
1411 4054 1650 4112 Verbum
1670 4053 1816 4110 Deus
1837 4062 1994 4110 natus
2013 4063 2120 4122 est,

527 4161 637 4217 qua
660 4145 948 4205 cruciﬁxus
986 4155 1044 4204 et
1074 4155 1320 4202 mortuus
1345 4155 1450 4212 est,
1501 4161 1609 4216 qua
1641 4145 1942 4204 resurrexit
1970 4153 2027 4200 et
2066 4144 2123 4199 in

530 4239 727 4299 emtum
755 4239 1022 4308 ascendit,
1063 4249 1121 4296 et
1147 4240 1202 4295 in
1232 4239 1457 4295 dextera
1499 4238 1594 4293 Dei
1625 4238 1766 4296 sedit
1795 4238 1890 4311 (al.
1922 4235 2120 4305 sedet),

535 4345 642 4400 qua
680 4330 845 4386 etiam
888 4339 1150 4388 venturus
1193 4340 1279 4386 est
1302 4330 1550 4400 judicare
1577 4331 1732 4388 vivos
1772 4338 1830 4386 et
1855 4339 2122 4386 mortuos.

534 4420 766 4492 Propter
787 4422 933 4492 quod
963 4424 1031 4479 ab
1054 4423 1259 4491 angelis
1299 4423 1534 4493 apostoli
1563 4421 1853 4478 audierunt
1877 4441 1890 4476 :
1924 4422 2016 4479 Sic
2044 4440 2126 4478 ve-

533 4518 640 4570 niet
663 4515 1096 4586 quemadmodum
1113 4516 1317 4571 vidistis
1339 4530 1456 4570 eum
1474 4524 1676 4570 euntem
1705 4515 1761 4568 in
1791 4515 1970 4570 ctelunt
1986 4514 2121 4585 (Act.

535 4623 572 4672 ι,
604 4605 727 4676 ll);
777 4615 836 4662 et
857 4607 1050 4663 beatus
1078 4606 1314 4662 Joannes
1333 4606 1410 4660 ait
1435 4623 1449 4659 :
1475 4603 1613 4660 Ecce
1639 4606 1808 4661 veniet
1835 4621 1950 4659 cum
1978 4603 2128 4658 nubi-

532 4696 659 4765 bus,
688 4705 739 4752 et
766 4698 954 4753 videbit
981 4714 1099 4753 eam
1126 4697 1291 4753 omnis
1321 4697 1531 4764 oculus,
1562 4706 1612 4752 et
1639 4697 1726 4770 qui
1754 4713 1872 4753 eum
1899 4697 2131 4767 conﬁxe-

533 4801 657 4847 runt
705 4800 753 4860 ι,
790 4801 841 4848 et
868 4790 1110 4848 ridebunt
1144 4804 1261 4847 eum
1288 4807 1463 4848 omnes
1509 4789 1674 4864 tribas
1712 4801 1867 4847 terre
1911 4789 2068 4844 talem
2102 4788 2128 4827 δ

538 4883 721 4953 (Apoc.
753 4899 789 4950 ι,
824 4883 896 4954 7).

607 4974 736 5030 Car.
771 4991 880 5040 xxr,
913 4993 1001 5030 seu
1031 4975 1168 5033 RBG.
1198 4991 1348 5031 xvnt.
1380 4965 1589 5030 Natura
1618 4974 1754 5030 nihil
1783 4991 1888 5029 non
1916 4973 2126 5028 bonum.

538 5100 608 5110 —
631 5067 720 5123 62.
744 5067 1074 5138 Firmissime
1104 5077 1252 5134 tene,
1279 5077 1336 5124 et
1355 5067 1666 5124 nullatenus
1693 5064 1931 5134 dubites,
1960 5063 2133 5121 Trini-

533 5153 705 5215 iatem
737 5160 940 5230 Deum,
993 5160 1047 5216 id
1075 5169 1161 5217 est
1184 5157 1406 5217 Patrem
1437 5168 1494 5216 et
1530 5157 1728 5215 Filium
1772 5166 1829 5216 et
1866 5142 2129 5230 Spiritum

539 5262 781 5310 sanctum
799 5269 923 5311 esse
952 5255 1274 5311 naturaliter
1317 5267 1586 5312 summum
1629 5259 1793 5323 atque
1823 5253 2128 5310 incommu-

540 5473 548 5491 ἦ
613 5425 638 5491 ξ·
665 5415 754 5491 Sic
779 5433 910 5474 mss.
940 5419 1198 5491 quinque.
1223 5418 1292 5472 At
1311 5417 1460 5491 editi,
1484 5417 1880 5491 crucifixerttnt.

542 5487 561 5568 ςᾼ
613 5485 789 5568 ξγεῑ.
823 5485 1226 5568 unus—,quttlem
1254 5489 1453 5544 scilicet
1490 5485 1852 5560 despexerunt.
1902 5485 1960 5542 In
1990 5487 2121 5543 reli-

541 5557 661 5625 quis
684 5557 798 5612 haec
822 5574 930 5612 non
958 5557 1242 5614 adduntur.
1493 5615 1498 5618 _
1583 5557 1592 5560 ’
1760 5579 1764 5584 ‘

618 5639 639 5704 ξ
665 5628 761 5704 bis.
788 5642 948 5704 unus,
979 5646 1011 5682 a
1033 5646 1230 5704 summa
1258 5630 1390 5704 bona
1412 5629 1563 5686 bona
1587 5633 1742 5704 {actin
1769 5639 1908 5688 sunt.

611 5697 636 5736 ‘l
668 5698 810 5770 Haec
841 5700 1000 5754 verba
1047 5702 1136 5754 sed
1165 5701 1436 5756 mutabiles
1455 5743 1470 5770 ,
1514 5697 1644 5770 etc.,
1693 5701 1887 5758 absunt
1933 5714 1965 5755 a
1991 5713 2122 5756 mss.

540 5767 748 5825 duobus
771 5769 944 5826 Vatic.
979 5789 995 5808 ··

615 5850 638 5911 f
663 5839 752 5911 _Sic
775 5857 900 5896 mss.
933 5854 1047 5897 sex.
1079 5840 1146 5894 At
1174 5841 1323 5911 editi,
1348 5845 1542 5898 malam
1571 5853 1832 5899 naturam.

582 5908 1076 5984 "*Huquinque,
1103 5908 1318 5980 erm;
1350 5913 1526 5972 Vatis.
1575 5931 1743 5983 unus,
1781 5915 2121 5970 divinaequ-

2220 3337 2386 3392 quam
2413 3322 2583 3377 creati
2609 3330 2736 3378 sunt
2757 3363 2773 3390 ,
2823 3322 3011 3391 gratia:
3036 3320 3233 3376 divinae
3260 3321 3513 3391 largitate
3541 3322 3826 3380 collatum

2223 3413 2280 3469 Si
2310 3414 2452 3469 enim
2495 3413 2674 3484 angeli
2721 3413 3044 3468 naturaliter
3090 3413 3565 3471 incommutabile
3609 3410 3828 3482 ﬂuent,

2225 3523 2500 3578 nunquam
2523 3506 2594 3563 de
2621 3498 2812 3562 eorum
2841 3508 3120 3564 comortio
3140 3506 3390 3568 diabolus
3419 3516 3478 3565 et
3497 3507 3622 3579 ejus
3648 3507 3827 3580 ωκῶ

2225 3597 2569 3654 cecidissent.
3502 3586 3517 3598 “

2299 3690 2428 3746 Car.
2465 3705 2609 3757 xxiv,
2650 3706 2741 3745 seu
2771 3690 2910 3747 Rue.
2941 3705 3055 3745 xxx.
3107 3688 3370 3744 στωωτω
3403 3688 3724 3744 rationales.
3757 3713 3831 3735 —-

2227 3783 2320 3839 65.
2351 3783 2683 3839 Firmissime
2703 3791 2860 3848 tene,
2889 3792 2947 3839 et
2983 3783 3292 3859 nullatenus
3331 3781 3568 3849 dubites,
3597 3782 3656 3837 in
3683 3782 3833 3842 omni

2227 3884 2499 3941 creatura,
2545 3891 2709 3946 quam
2737 3875 3037 3945 spiritalem
3083 3882 3247 3943 atque
3271 3887 3597 3945 corpoream
3616 3887 3835 3934 summa

2231 3956 2468 4018 Trinitas
2495 3964 2646 4032 fecit,
2667 3965 2819 4021 solos
2841 3964 3064 4034 spiritus
3085 3964 3362 4034 angelicos
3381 3974 3438 4020 et
3465 3965 3738 4022 humanos
3759 3966 3835 4021 in-

2232 4057 2506 4125 telligendi
2529 4055 2844 4113 facultatem
2860 4057 3121 4113 divinitus
3136 4058 3444 4128 accepisse;
3461 4066 3837 4114 ueterane"

2229 4149 2455 4219 spiritus
2491 4149 2776 4205 brutorum
2798 4149 3115 4206 animalium
3135 4150 3408 4206 rationem
3435 4158 3494 4205 et
3518 4149 3835 4220 intelligen-

2235 4241 2363 4295 tiam
2385 4254 2496 4294 non
2516 4239 2810 4310 accepisse,
2837 4247 2896 4295 et
2921 4240 3084 4296 etiam
3112 4241 3217 4297 hoc
3245 4242 3470 4298 omnino
3495 4241 3708 4297 habere
3725 4256 3837 4297 non

2235 4347 2414 4402 posse.
2444 4329 2671 4402 Pr0pter
2698 4332 2845 4401 quod
2867 4332 3064 4389 dicitur
3085 4333 3424 4389 hominibus:
3448 4335 3608 4407 537
3654 4331 3837 4388 Nolite

2236 4425 2350 4495 ﬁeri
2381 4426 2510 4478 sicut
2541 4440 2698 4496 equus
2736 4435 2788 4480 et
2812 4427 3016 4492 multis,
3076 4426 3260 4498 quibus
3290 4444 3395 4482 non
3421 4439 3499 4482 est
3541 4429 3838 4483 intellectus

2238 4515 2413 4588 (Psal.
2431 4532 2578 4582 χχιιι,
2605 4516 2729 4587 19);
2753 4526 2809 4573 et
2829 4517 2954 4574 ideo
2982 4519 3195 4574 animas
3220 4520 3504 4576 hominum
3535 4529 3594 4576 et
3624 4523 3836 4577 animas

2213 4634 2217 4642 ι
2237 4621 2496 4677 pecorum
2513 4608 2672 4664 unius
2683 4617 2889 4663 naturae
2901 4624 3010 4664 non
3034 4624 3185 4676 esse;
3207 4625 3310 4667 nec
3329 4613 3540 4667 annuas
3567 4627 3830 4683 pecorum

2237 4699 2291 4753 in
2315 4698 2562 4756 homines
2586 4697 2630 4765 ί,
2651 4715 2754 4755 nec
2782 4700 2992 4756 animas
3019 4700 3303 4757 hominum
3342 4702 3398 4758 in
3433 4717 3634 4774 pecora
3675 4717 3834 4775 posse

2236 4775 2526 4860 aliquando
2555 4792 2810 4852 transire.
3812 4838 3817 4842 -

2309 4881 2436 4936 Car.
2466 4898 2588 4944 xxv,
2617 4899 2703 4936 seu
2731 4882 2866 4938 RBG.
2900 4900 3029 4940 xxn.
3075 4874 3271 4940 Libera.
3291 4887 3527 4941 voluntas
3567 4886 3716 4940 Adae.
3761 4915 3831 4934 -ι

2236 4974 2324 5030 66.
2351 4974 2680 5031 Firmissime
2729 4985 2876 5044 tene,
2920 4988 2976 5034 et
3018 4980 3326 5036 nullatenus
3354 4980 3590 5051 dubites,
3628 4983 3831 5054 primos

2237 5071 2504 5138 homines,
2524 5069 2576 5125 id
2593 5071 2856 5126 cstAdam
2879 5081 2935 5127 et
2956 5073 3236 5129 mulierem
3260 5072 3398 5144 ejus,
3422 5074 3616 5143 bonos,
3630 5086 3828 5150 rectos,

2238 5172 2296 5217 et
2315 5163 2430 5216 sine
2453 5171 2676 5232 peccato
2699 5171 2914 5219 creatos
2936 5179 3078 5233 esse,
3093 5179 3215 5220 cum
3243 5165 3418 5221 libero
3444 5165 3694 5234 arbitrio,
3721 5186 3829 5242 qua

2238 5249 2492 5324 possent,
2514 5253 2560 5310 si
2583 5253 2804 5323 vellent,
2826 5255 2939 5311 Deo
2960 5269 3176 5327 semper
3200 5255 3214 5308 ι
3254 5255 3448 5313 humili
3475 5266 3534 5314 et
3555 5258 3701 5316 bona
3729 5277 3823 5319 vo—

2235 5419 2542 5473 stitutionis.

2309 5498 2334 5558 β
2359 5488 2484 5543 Mss.
2509 5496 2734 5558 septem,
2767 5505 2882 5543 esse
2908 5495 3169 5558 poterant.

2305 5555 2334 5630 il
2367 5558 2491 5630 Mss.
2524 5555 2649 5622 tres,
2681 5559 2776 5613 hoc
2804 5555 2971 5630 ipsum
2992 5575 3110 5630 quo.

2313 5628 2328 5665 ί
2361 5629 2450 5684 Sic
2476 5645 2603 5684 mss.
2628 5628 2878 5696 quatuor.
2912 5628 2982 5684 At
3005 5628 3159 5697 editi,
3183 5632 3240 5686 in
3267 5631 3474 5687 animus
3487 5632 3813 5689 licinium...

2234 5702 2289 5754 in
2316 5702 2519 5754 animas
2541 5715 2800 5769 pecorum.

2311 5773 2324 5821 ἱ
2367 5768 2809 5844 Legunturhatc,
2854 5768 2964 5825 Deo
2992 5788 3224 5844 semper,
3265 5773 3318 5828 in
3351 5789 3449 5830 ms.
3494 5774 3657 5831 (ἔοι-δ.
3705 5771 3815 5831 Non

2235 5843 2488 5912 leguntur
2516 5841 2568 5896 in
2598 5840 2720 5896 edd.
