4046 6530
542 426 642 481 705

1588 422 1644 475 s.
1687 396 2383 474 FULGENTII'E'PiSCOPt
2423 397 2796 470 RUSPENSIS

3729 395 3830 462 1n

541 539 628 592 74.
663 538 991 592 Firmissime
1023 543 1165 602 tene,
1199 540 1253 590 et
1280 531 1586 588 nullatenus
1625 529 1856 592 dubites,
1902 526 2014 580 Deo
2044 525 2126 579 in-
2156 526 2208 584 Α
2233 521 2555 586 lus,omnem
2569 523 2815 594 ﬁdem,et
2837 522 2999 596 530
3018 523 3245 578 noverim
3270 523 3445 577 omnia
3467 528 3828 582 sacramenta,

541 630 908 686 commutabili
936 645 1044 683 non
1093 626 1265 682 solum
1295 622 1564 695 praeterita
1595 628 1650 675 et
1679 617 1981 690 prtesentia,
2032 613 2130 670 sed
2231 615 2499 668 caritatem
2528 625 2700 669 autem
2723 631 2827 669 non
2877 614 3107 679 habeam,
3159 615 3288 670 nihil
3317 631 3430 670 sum
3477 611 3533 686 (1
3562 611 3687 667 Cor.
3719 623 3835 678 xm,

540 723 706 780 etiam
736 722 914 777 futura
944 721 1124 777 omnia
1150 715 1662 774 ineommutabiliter
1682 729 1800 768 esse
1830 711 2128 776 notissima,

2229 703 2308 775 2).
2333 703 2466 760 Nam
2495 713 2550 761 et
2579 706 2635 760 in
2665 705 2855 761 diebus
2883 704 3068 761 diluvii
3101 706 3371 762 neminem
3411 705 3648 774 legimus
3678 709 3837 758 extra

542 819 632 874 cui
661 817 859 874 dicitur
882 835 894 870 :
919 817 1076 881 Dens,
1101 815 1186 886 qui
1216 812 1530 868 occultorum
1556 827 1610 864 es
1634 810 1887 880 cognitor,
1916 805 2002 876 qui
2030 804 2133 860 scis
2233 808 2413 886 arcam
2435 796 2674 865 potuisse
2699 795 2918 852 salvari.

543 909 719 964 omnia
749 919 1021 978 antequam
1050 907 1181 976 ﬁant
1211 903 1375 974 (Dan.
1408 917 1520 966 xm,
1550 899 1663 970 42).

569 1045 580 1055 .
611 1000 744 1056 CAP.
779 1016 962 1066 χχχιν,
1009 1015 1094 1052 seu
1123 996 1256 1051 RBG.
1290 1011 1438 1049 χχχι.
1488 991 1912 1047 Prwdestinatio.
1943 1021 2015 1032 -—
2039 985 2132 1043 75.

547 1089 877 1148 Firmissime
904 1099 1046 1152 tene,
1099 1087 1501 1143 et‘nullatenus
1529 1083 1764 1150 dubites,
1815 1082 2134 1136 Trinitatem

547 1178 715 1236 Deum
745 1177 1261 1243 incommutabilem,
1313 1191 1496 1231 rerum
1537 1175 1776 1230 omnium
1813 1181 1974 1242 atque
2004 1185 2136 1242 ope-

545 1287 663 1326 rum
719 1278 828 1325 tam
879 1277 1102 1326 suorum
1145 1283 1308 1340 quam
1367 1269 1726 1322 humanorum
1775 1265 2134 1320 certissimum

544 1363 879 1431 cognitorem
912 1371 959 1429 ι,
992 1369 1120 1417 ante
1149 1361 1331 1418 omnia
1358 1359 1552 1415 saecula
1580 1359 1720 1414 scire
1772 1358 1965 1428 quibus
1993 1364 2139 1411 esset

544 1471 644 1526 per
669 1455 823 1510 ﬁdem
845 1455 873 1495 ι)
895 1455 1124 1526 gratiam
1153 1454 1443 1523 largiturus
1467 1468 1481 1505 :
1507 1451 1622 1506 sine
1646 1465 1748 1519 qua
1778 1463 1938 1503 nemo
1960 1446 2138 1518 potuit

545 1550 614 1605 ab
641 1550 792 1604 initio
823 1549 1008 1605 tnundi
1037 1563 1206 1617 usque
1237 1548 1289 1600 in
1332 1546 1512 1611 linem,
1541 1559 1573 1597 a
1601 1552 1757 1598 reatu
1786 1540 1995 1611 peccati
2026 1547 2136 1594 tam

545 1639 825 1708 originalis
865 1655 1030 1709 quam
1080 1637 1305 1694 actualis
1352 1635 1577 1692 absolvi.
1635 1633 1773 1698 Quos
1821 1633 1966 1688 enim
1997 1632 2140 1687 Deus

545 1730 800 1801 praesciuit
822 1741 871 1784 et
892 1729 1279 1802 praedestinavit
1299 1730 1592 1801 conformes
1613 1727 1728 1798 ﬁeri
1749 1725 1990 1796 imaginis
2009 1721 2139 1779 Filii

547 1822 628 1874 sui
656 1832 677 1860 ε
706 1820 884 1892 (Rom.
911 1837 1024 1889 vut,
1053 1819 1164 1887 29).

2301 884 2434 940 CAP.
2473 901 2704 953 xxxvut,
2750 903 2840 941 seu
2871 886 3025 944 Rsc.
3065 902 3224 942 xxxv.
3277 885 3605 942 Damnandi.
3636 915 3716 929 —-
3743 885 3835 941 79.

2233 971 2566 1030 Firmissime
2606 983 2752 1045 tene,
2799 984 2856 1031 et
2883 977 3189 1031 nullatenus
3215 977 3451 1045 dubites,
3500 992 3616 1032 non
3659 975 3842 1031 solum

2237 1081 2427 1123 omnes
2449 1082 2709 1138 paganos,
2741 1068 2837 1125 sed
2866 1070 3032 1126 etiam
3058 1085 3250 1126 omnes
3276 1069 3510 1135 Judmos,
3563 1079 3623 1124 et
3649 1083 3845 1125 omnes

2237 1159 2520 1215 htereticos
2567 1169 2731 1231 atque
2753 1161 3128 1218 schismaticos
3149 1203 3164 1229 ,
3211 1163 3302 1234 qui
3342 1171 3494 1218 extra
3536 1160 3842 1216 Ecclesiam

2237 1251 2563 1308 catholicam
2588 1262 2910 1324 praesentem
2941 1251 3133 1311 ﬁniunt
3161 1255 3343 1320 vitam,
3385 1254 3440 1309 in
3469 1255 3651 1323 ignem
3684 1261 3847 1309 aeter-

2239 1361 2368 1400 num
2415 1347 2613 1413 ituros,
2660 1347 2753 1417 qui
2781 1356 3004 1419 paratus
3033 1356 3117 1404 est
3145 1347 3361 1403 diabolo
3387 1355 3444 1402 et
3483 1347 3701 1415 angelis
3729 1345 3846 1415 βίω

2243 1437 2456 1509 (Matth.
2490 1456 2618 1509 xxv,
2649 1441 2762 1512 41).
3038 1504 3046 1511 ,

2313 1531 2443 1586 ΟΜ».
2477 1549 2662 1602 χχχιχ,
2689 1550 2776 1589 seu
2806 1533 2942 1590 Rea.
2976 1549 3159 1589 xxxvi.
3196 1532 3464 1589 Htrretici.
3495 1564 3573 1574 —
3596 1529 3691 1585 80.
3722 1527 3846 1584 Fir-

2243 1621 2483 1678 missime
2514 1631 2658 1692 tene,
2709 1633 2764 1679 et
2793 1625 3101 1680 nullatenus
3124 1623 3357 1692 dubites,
3405 1623 3714 1693 quemlibet
3738 1622 3846 1676 lm-

2246 1713 2473 1768 reticum
2501 1715 2615 1770 sive
2644 1715 3067 1780 schismaticum,
3101 1716 3154 1770 in
3195 1717 3412 1771 nomine
3444 1714 3626 1768 Patris
3651 1722 3711 1768 et
3727 1711 3846 1768 Filii

2245 1814 2301 1861 et
2328 1804 2560 1877 Spiritus
2598 1809 2773 1864 sancti
2802 1809 3157 1879 baptizatum,
3201 1809 3248 1864 si
3276 1807 3533 1864 Ecclesia:
3562 1805 3847 1863 catholitz

619 1908 747 1965 CAP.
780 1926 941 1977 xxxv,
989 1927 1077 1964 seu
1119 1909 1252 1966 Rea.
1287 1926 1457 1966 χχχιι.
1507 1909 1654 1964 Beati
1689 1925 1754 1963 ea;
1793 1907 2137 1979 procdestina-
2168 1904 2219 1966 B
2245 1914 2356 1954 non
2384 1900 2545 1956 fuerit
2587 1910 2925 1971 aggregatus,
2969 1911 3414 1974 quantascunque
3465 1903 3850 1973 eleemosyna

548 2001 706 2055 tione.
732 2033 804 2045 --
829 1999 916 2055 76.
949 1999 1282 2058 Firmissime
1312 2009 1456 2065 tene,
1491 2009 1545 2056 et
1571 2001 1876 2068 nullatenus
1905 1999 2140 2064 dubites,

550 2110 741 2150 omnes
765 2110 903 2164 quos
925 2111 1053 2151 vasa
1077 2096 1457 2152 misericordia:
1480 2095 1716 2164 gratuita
1736 2095 1979 2150 bonitate
2001 2093 2146 2148 Deus

551 2183 697 2250 facit,
723 2194 849 2241 ante
869 2188 1312 2244 constitutionem
1343 2188 1528 2244 mundi
1556 2189 1610 2242 in
1637 2187 1986 2258 adoptionem
2014 2185 2148 2242 ﬁlio-

555 2294 676 2333 rum
722 2279 816 2333 Dei
845 2280 1256 2350 przedestinatos
1287 2296 1319 2334 a
1346 2281 1490 2347 Deo;
1539 2294 1716 2349 neque
1761 2279 1938 2351 perire
1985 2294 2146 2350 posse

552 2369 786 2440 aliquem
817 2385 1005 2427 eorum
1034 2387 1171 2442 quos
1201 2372 1343 2427 Deus
1384 2371 1787 2442 praedestinavit
1827 2371 1894 2425 ad
1921 2384 2146 2440 regnum

554 2464 842 2531 cos-lorum,
869 2481 970 2520 nec
997 2468 1324 2536 quemquam
1349 2481 1535 2521 eorum
1558 2481 1694 2536 quos
1714 2466 1855 2520 Deus
1880 2480 1985 2520 non
2011 2479 2147 2534 prte-

553 2553 844 2608 destinavit
873 2556 942 2610 ad
971 2556 1160 2625 vitam,
1198 2557 1305 2611 ulla
1336 2573 1496 2628 posse
1524 2558 1737 2612 ratione
1764 2556 1980 2611 salvari.
2013 2556 2150 2611 Prm-

556 2644 844 2702 destinatio
873 2647 1018 2702 enim
1049 2648 1137 2702 illa
1178 2649 1426 2717 gratuita:
1473 2648 1780 2704 donationis
1808 2655 1892 2703 est
1938 2662 2148 2718 prtepa-

558 2739 700 2792 ratio
745 2755 849 2808 qua
898 2756 996 2798 nos
1025 2741 1318 2810 Apostolus
1357 2741 1434 2795 ait
1478 2741 1892 2811 prmdestinatos
1938 2739 1990 2794 in
2017 2739 2149 2795 ado-

555 2829 797 2899 ptionem
840 2829 1091 2895 ﬁliorum,
1125 2830 1151 2868 ά
1195 2847 1294 2901 per
1339 2830 1523 2886 Jesum
1553 2830 1826 2887 Christum
1872 2830 1926 2884 in
1973 2829 2149 2900 ipsum

540 2906 777 2992 .(Epltes.
810 2938 845 2988 I,
878 2922 956 2993 5).

627 3009 758 3067 CAP.
793 3007 1095 3080 xxxv1,_'seu
1125 3012 1260 3068 Rsc.
1288 3030 1473 3069 χχχιιι.
1501 3013 1816 3084 Baptismus.
1838 3046 1901 3055 —
1921 3013 2008 3068 77.
2033 3011 2150 3068 Fir-

556 3100 795 3157 missime
841 3113 984 3170 tene,
1036 3111 1090 3159 et
1138 3105 1444 3160 nullatenus
1471 3105 1700 3171 dubites,
1752 3114 2150 3160 sacramentum

557 3191 919 3262 baptismatis,
966 3211 1075 3250 non
1108 3196 1282 3251 solum
1313 3197 1452 3251 intra
1483 3195 1777 3252 Ecclesiam
1806 3195 2147 3262 catholicam,

2245 1989 2457 2059 fecerit,
2507 1991 2610 2048 etsi
2656 2007 2755 2062 pro
2803 1990 3004 2048 Christi
3048 1992 3266 2048 nomine
3310 1993 3475 2048 etiam
3521 1992 3848 2061 sanguinem

2247 2083 2448 2139 fuderit
2473 2127 2488 2152 ,
2514 2084 2820 2140 nullatenus
2848 2079 3256 2155 posse'salvari.
3280 2085 3437 2140 Omni
3466 2086 3615 2140 enim
3637 2086 3849 2140 homini

2247 2177 2341 2248 qui
2368 2169 2618 2234 Ecclesia:
2659 2179 2939 2235 catholica:
2979 2195 3086 2236 non
3135 2188 3282 2236 tenet
3328 2181 3618 2249 unitatem,
3670 2194 3848 2250 neque

2249 2268 2568 2339 baptismus,
2639 2285 2814 2341 neque
2863 2271 3207 2343 eleemosyna
3252 2271 3551 2342 quamlibet
3598 2272 3845 2341 copiosa,

2249 2373 2427 2429 neque
2455 2375 2601 2415 mors
2647 2376 2746 2431 pro
2789 2362 3008 2417 nomine
3053 2360 3252 2417 Christi
3279 2370 3528 2432 suscepta
3578 2360 3848 2433 proﬁcere

2250 2451 2450 2520 poterit
2477 2451 2546 2506 ad
2593 2452 2844 2517 salutem,
2890 2453 3106 2522 quando
3139 2453 3234 2524 (al.
3262 2453 3521 2524 quandiu)
3577 2454 3630 2508 in
3663 2469 3736 2509 eo
3762 2453 3843 2510 vel

2252 2542 2504 2598 hzeretica
2532 2543 2619 2599 vel
2646 2544 2986 2601 scbismatica
3008 2545 3246 2616 pravitas
3268 2553 3586 2617 perseverat
3611 2560 3738 2616 qua:
3758 2545 3844 2602 du-

2250 2633 2324 2688 cit
2353 2634 2420 2688 ad
2447 2644 2700 2691 mortem.

2322 2722 2453 2780 CAP.
2488 2742 2579 2797 χι,
2606 2743 2695 2782 seu
2723 2725 2856 2783 Rsc.
2890 2743 3092 2784 xxxvn.
3116 2727 3399 2785 Christiani
3432 2729 3572 2785 male
3600 2730 3842 2785 viventes.

2253 2843 2324 2858 —
2352 2815 2442 2870 81.
2475 2815 2808 2873 Firmissime
2835 2826 2981 2883 tene,
3033 2828 3088 2874 et
3116 2820 3424 2876 nullatenus
3449 2820 3690 2887 dubites,
3742 2823 3846 2877 non

2254 2920 2444 2962 omnes
2483 2907 2576 2976 qui
2624 2907 2766 2962 intra
2794 2907 3092 2965 Ecclesiam
3140 2911 3462 2968 catholicam
3505 2912 3849 2984 baptizantur

2256 3007 2577 3070 accepturos
2612 3014 2733 3056 esse
2757 3001 2925 3056 vitam
2953 3012 3212 3059 aeternam
3233 3047 3247 3073 ,
3294 3005 3390 3062 sed
3414 3021 3510 3062 eos
3538 3007 3632 3076 qui
3661 3021 3847 3078 perce-

2255 3098 2351 3159 pto
2374 3089 2699 3160 baptismate
2727 3101 2879 3148 recte
2906 3093 3115 3163 vivunt,
3159 3095 3212 3152 id
3253 3107 3336 3154 est
3364 3099 3457 3168 qui
3485 3114 3547 3154 se
3577 3100 3849 3155 abstinue-

2256 3189 2382 3235 runt
2410 3197 2441 3236 a
2470 3181 2612 3238 vitiis
2642 3191 2697 3238 et
2726 3185 3181 3256 concupiscentiis
3209 3189 3406 3245 carnis.
3437 3189 3689 3260 Regnum
3710 3191 3848 3247 enim

557 3283 654 3338 sed
694 3285 855 3341 etiam
885 3287 1027 3357 apud
1065 3287 1346 3344 ιιερτριίρος
1389 3290 1482 3359 (μή
1531 3290 1586 3343 in
1634 3289 1848 3343 nomine
1877 3282 2152 3344 pan-ge;
2177 3284 2226 3349 ο
2257 3271 2515 3327 caelorum
2544 3273 2685 3327 sicut
2713 3273 2974 3342 inﬁdeles,
3027 3277 3263 3334 haeretici
3301 3288 3466 3350 atque
3518 3280 3849 3336 schismatici

559 3373 681 3429 Filii
725 3384 779 3431 et
819 3375 1050 3446 Spiritus
1089 3381 1261 3436 sancti
1305 3381 1602 3450 baptizant,
1652 3394 1771 3435 esse
1819 3395 2010 3449 posse;
2056 3381 2152 3436 sed

559 3474 713 3522 extra
742 3466 1036 3549 Ecclesiam
1065 3472 1387 3527 catholicam
1432 3472 1691 3542 prodesse
1735 3487 1841 3526 non
1891 3488 2050 3542 posse
2083 3483 2147 3528 °:

562 3557 673 3612 imo
737 3559 874 3615 sicut
921 3559 1061 3616 intra
1125 3561 1418 3618 Ecclesiam
1473 3569 1621 3618 recte
1667 3562 2009 3618 credentibus
2053 3578 2153 3634 per

563 3662 961 3732 sacramentum
1006 3656 1259 3727 baptismi
1308 3658 1541 3712 conferri
1586 3657 1836 3726 salutem,
1880 3659 1958 3714 sic
1998 3667 2151 3714 extra

570 3738 868 3800 Ecclesiam
897 3745 1204 3817 baptizatis,
1237 3747 1282 3802 si
1309 3747 1375 3802 ad
1405 3747 1699 3804 Ecclesiam
1729 3764 1836 3803 non
1866 3749 2148 3815 redierint,

562 3836 752 3892 eodem
779 3838 1049 3908 baptismo
1076 3841 1337 3895 cumulari
1366 3841 1658 3910 perniciem
1683 3843 1741 3912 (ι,
1766 3850 1945 3910 ᾳηωετ.
1971 3858 2006 3904 ι,
2032 3859 2150 3912 cap.

560 3923 937 3999 Firmissime).
969 3928 1198 3984 Tantum
1227 3931 1370 3985 enim
1401 3932 1544 3985 valet
1574 3931 1950 3987 ecclesiasticze
1979 3933 2152 3988 socie-

561 4019 690 4074 tatis
720 4021 897 4075 unitas
925 4021 991 4076 ad
1022 4022 1270 4088 salutem,
1320 4030 1378 4077 ut
1419 4023 1689 4094 baptismo
1734 4039 1841 4079 non
1892 4023 2148 4091 salvetur,

561 4109 646 4163 cui
675 4125 784 4166 non
809 4111 880 4166 ibi
909 4111 1066 4167 datur
1113 4115 1202 4169 ubi
1229 4123 1446 4186 oportet
1473 4125 1532 4170 ut
1560 4115 1735 4171 detur.
1768 4115 1948 4171 inesse
1971 4123 2152 4172 tamen

563 4199 766 4256 homini
805 4203 1130 4273 baptismum
1163 4204 1182 4244 ί
1227 4207 1392 4262 etiam
1440 4216 1594 4262 extra
1634 4206 1928 4262 Ecclesiam
1972 4208 2152 4280 bapti-

566 4302 709 4360 zato,
759 4295 853 4350 sed
882 4294 950 4348 ad
986 4296 1246 4364 judicium
1296 4299 1472 4353 inesse
1497 4299 1563 4352 ab
1593 4297 1829 4354 Ecclesia
1877 4308 2148 4370 separato.

567 4381 634 4436 Et
659 4383 784 4452 quia
807 4385 1147 4441 manifestum
1176 4379 1610 4455 est,’ubicunque
1637 4387 1818 4441 datum
1844 4388 2027 4456 fuerit,
2048 4389 2154 4445 hoc

564 4472 833 4543 baptisma
865 4477 1031 4531 semel
1061 4493 1181 4532 esse
1208 4477 1464 4543 dandum,
1499 4478 1620 4534 ideo
1661 4480 1762 4534 etsi
1792 4481 1858 4536 ab
1889 4475 2170 4538 haereticis

563 4568 616 4622 in
642 4568 858 4624 nomine
879 4567 1054 4626 Patris
1084 4579 1138 4625 et
1164 4570 1284 4625 Filii
1307 4579 1362 4626 et
1391 4569 1624 4641 Spiritus
1665 4572 1836 4628 sancti
1866 4571 2024 4627 fuerit
2051 4572 2149 4628 da-

2257 3379 2365 3419 non
2395 3363 2687 3430 habebunt,
2718 3366 2796 3422 sic
2816 3366 3068 3424 catholici
3097 3370 3376 3428 criminosi
3413 3373 3700 3442 possidere
3745 3387 3849 3430 non

2255 3464 2529 3526 poterunt.

2326 3549 2455 3605 Car.
2489 3567 2598 3620 xu,
2626 3569 2714 3608 seu
2742 3551 2878 3610 RBG.
2907 3570 3130 3612 xxxvnt.
3177 3557 3306 3613 Sine
3330 3563 3559 3631 peccatis
3591 3565 3850 3617 neminem

2256 3644 2435 3698 vivere.
2460 3676 2531 3686 —
2552 3643 2642 3699 82.
2667 3645 2998 3704 Firmissime
3029 3657 3174 3717 tene,
3194 3658 3249 3706 et
3278 3652 3589 3710 nullatenus
3615 3654 3851 3721 dubites,

2256 3736 2420 3791 etiam
2444 3737 2621 3805 justos
2649 3745 2812 3808 atque
2838 3750 3056 3797 sanctos
3083 3741 3355 3814 homines,
3387 3747 3633 3818 exceptis
3677 3748 3744 3804 iis
3763 3747 3854 3818 qui

2255 3828 2515 3898 baptizati
2537 3831 2743 3900 parvuli
2771 3839 2915 3898 sunt,
2950 3833 3064 3889 sine
3094 3843 3319 3906 peccato
3349 3837 3438 3892 hic
3469 3838 3746 3894 neminem
3775 3837 3855 3893 vi-

2256 3939 2384 3979 vere
2415 3940 2608 3994 posse;
2660 3942 2982 3998 semperque
3009 3929 3157 3984 omni
3196 3929 3401 3984 homini
3429 3944 3552 3984 esse
3601 3939 3854 3986 necessaé

2257 4016 2418 4084 rium,
2463 4025 2518 4071 et
2550 4026 2771 4088 peccata
2800 4035 2897 4074 sua
2928 4035 3099 4090 usque
3129 4021 3183 4076 in
3227 4019 3388 4088 ﬁnem
3416 4021 3541 4076 vita:
3571 4021 3854 4092 praesentis

2257 4107 2637 4180 eleemosynis,
2683 4107 2922 4178 jejuniis,
2972 4111 3240 4178 oratione,
3284 4112 3368 4166 vel
3415 4111 3680 4183 lacrymis
3709 4107 3736 4147 δ
3777 4107 3854 4164 di-

2255 4196 2407 4254 luere
2444 4198 2486 4266 ί,
2519 4207 2573 4254 et
2593 4201 2968 4258 remissionem
2997 4219 3028 4258 a
3053 4203 3165 4261 Deo
3195 4203 3472 4260 humiliter
3491 4219 3558 4261 ac
3585 4202 3855 4261 veraciter

2255 4290 2549 4360 postulare.

2327 4380 2457 4440 Car.
2488 4400 2618 4453 χιιι,
2651 4402 2739 4441 seu
2781 4384 2916 4442 Rue.
2952 4402 3140 4442 χχχιχ.
3173 4384 3328 4442 Cibus
3371 4395 3421 4441 et
3449 4396 3622 4458 potus.
3656 4386 3852 4459 Conpi-

2256 4475 2437 4544 gium,
2485 4472 2742 4531 Secunda:
2789 4479 2982 4548 nuplitz
3029 4478 3205 4533 licita.
3260 4511 3331 4520 —
3377 4477 3467 4533 8'5.
3518 4474 3852 4535 Firmissime

2256 4574 2404 4635 tene,
2453 4576 2509 4623 et
2548 4569 2856 4626 nullatenus
2883 4569 3117 4634 dubites,
3161 4586 3376 4626 omnem
3422 4580 3733 4626 creaturam
3758 4567 3850 4626 Del

563 4668 695 4726 tum,
727 4661 1108 4719 venerabiliter
1130 4661 1548 4732 agnoscendum,
1608 4670 1664 4718 et
1692 4662 1760 4719 ob
1790 4663 1894 4718 hoc
1922 4663 2154 4719 nullate-
2177 4671 2232 4734 Ῑ)
2255 4661 2456 4717 bonam
2486 4677 2624 4729 esse,
2675 4673 2730 4720 et
2758 4665 2891 4719 nihil
2929 4662 3282 4734 rejiciendum
3322 4662 3472 4735 quod
3498 4681 3620 4720 cum
3651 4663 3849 4733 gratia-

560 4766 661 4807 nus
691 4751 1014 4809 iterandum.
1045 4753 1294 4810 Salvator
1324 4755 1466 4809 enim
1497 4753 1625 4809 dicit
1653 4774 1664 4807 :
1701 4752 1800 4819 Qui
1833 4755 1988 4809 semel
2015 4756 2151 4811 lotus

560 4852 656 4906 est,
689 4858 791 4898 non
820 4845 1016 4917 indiget
1045 4846 1150 4901 nisi
1174 4854 1231 4899 ut
1269 4845 1423 4916 pedes
1458 4845 1592 4898 lavet
1623 4855 1645 4891 κ
1682 4845 1861 4915 (Joan.
1893 4861 2006 4910 χιιι,
2037 4845 2148 4917 10).

631 4933 760 4988 CAP.
795 4951 997 5003 xxxv",
1022 4954 1108 4991 seu
1131 4934 1477 4992 Rsc.‘xxx1v.
1509 4935 1675 4990 Extra
1697 4934 1985 4990 Ecclesiam
2006 4935 2150 4990 salus

559 5028 722 5083 nulla.
748 5063 818 5073 ——
847 5029 934 5084 78.
969 5029 1296 5088 Firmissime
1326 5039 1471 5099 tene,
1500 5039 1555 5085 et
1577 5029 1882 5084 nullatenus
1910 5027 2142 5097 dubites,

560 5136 774 5196 omnem
805 5131 956 5179 extra
984 5122 1279 5180 Ecclesiam
1315 5123 1636 5180 catholicam
1666 5123 1994 5193 baptizatum
2035 5138 2158 5193 pan

559 5211 777 5282 ticipem
806 5211 922 5270 ﬁeri
961 5230 1069 5270 non
1100 5230 1265 5285 posse
1294 5215 1417 5270 vitm
1445 5224 1682 5280 aeterna),
1731 5215 1772 5268 si
1821 5221 1945 5268 ante
1986 5213 2147 5271 ﬁnem

559 5299 682 5355 vitae
734 5302 889 5372 hujus
938 5305 1220 5360 catholica:
1248 5320 1356 5360 non
1406 5304 1562 5359 fuerit
1610 5303 1848 5359 redditus
1877 5312 2036 5374 atque
2064 5306 2148 5361 in-

559 5402 878 5464 corporatus
907 5395 1162 5455 Ecclesia:
1190 5418 1199 5452 :
1229 5399 1352 5469 quia
1382 5400 1427 5453 si
1459 5399 1696 5465 habeant,
1723 5398 1896 5468 inquit
1927 5398 2153 5473 Aposto-

635 5629 659 5657 ι
689 5616 832 5687 Mss.
848 5616 977 5687 duo,
999 5620 1337 5674 conditorem.

635 5689 661 5729 δ
686 5689 784 5760 Ms.
810 5686 1116 5760 Corl).,Aper
1141 5691 1299 5760 ﬁdem
1329 5688 1392 5742 ab
1418 5689 1594 5744 eodem
1623 5690 1952 5760 inspiratam.

641 5772 663 5831 ε
696 5759 821 5814 Mss.
853 5775 965 5823 sex,
992 5758 1121 5814 Filii
1142 5758 1274 5831 ejus.
1711 5758 1717 5760 ’
1796 5782 1808 5793 ·

583 5872 586 5876 .
636 5828 662 5868 ά
685 5833 849 5887 Abest
879 5831 995 5895 Dei,
1025 5828 1178 5900 quod
1202 5832 1253 5886 in
1283 5831 1443 5887 editis
1471 5831 1684 5900 legitur,
1719 5848 1748 5886 a
1771 5847 1870 5887 ms.
1906 5830 2069 5890 Corb.
2095 5839 2151 5890 et

567 5911 721 5973 textu
736 5903 1009 5973 Apostoli.

639 5984 660 6014 ς
709 5971 808 6024 Ms;
833 5984 987 6039 unus,
1015 5971 1291 6040 baptizatit
1312 5972 1561 6042 prodesse
1590 5989 1691 6032 non
1727 5990 1898 6047 pom.
1991 6048 2000 6053 ﬁ

785 6125 848 6136 ἰ’-ι
865 6132 869 6135 .

2254 4770 2373 4809 rum
2403 4756 2616 4812 actione
2648 4757 2972 4828 percipitur;
3005 4766 3058 4812 et
3083 4757 3178 4812 Dei
3208 4773 3396 4814 servos
3421 4758 3515 4827 qui
3539 4773 3571 4811 a
3599 4757 3848 4812 carnibus

2254 4854 2346 4900 aut
2373 4847 2499 4902 vino
2549 4847 2847 4917 abstinent,
2897 4865 3005 4904 non
3054 4858 3309 4920 tanquam
3362 4849 3638 4905 immunda
3670 4864 3788 4919 qum
3819 4860 3849 4902 ι
3943 4890 3946 4896 ς

2252 4937 2365 4994 Deo
2395 4937 2536 4994 facta
2564 4948 2689 4994 sunt
2715 4955 2992 5012 respuere,
3036 4940 3133 4996 sed
3160 4956 3192 4995 a
3221 4941 3430 4998 fortiori
3459 4942 3583 4998 cibo
3615 4949 3674 4996 et
3699 4948 3847 5011 potu,

2254 5046 2353 5102 pro
2398 5031 2514 5087 sola
2557 5032 2913 5102 castigatione
2969 5034 3214 5104 corporis
3274 5035 3565 5090 abstinere.
3622 5031 3845 5102 Nuptias

2251 5135 2467 5194 quoque
2502 5123 2758 5179 divinitus
2799 5125 3074 5180 institutas
3101 5131 3156 5181 et
3182 5125 3527 5192 benedictas;
3560 5132 3616 5179 et
3657 5121 3846 5178 melius

2251 5212 2469 5283 quidem
2490 5229 2610 5271 esse
2636 5215 2680 5270 si
2702 5215 2985 5286 quisquam
3012 5215 3128 5271 sine
3154 5215 3404 5284 conjugio
3427 5216 3516 5280 sit,
3544 5223 3607 5283 ut
3627 5212 3841 5269 liberitu

2251 5315 2413 5377 atque
2438 5307 2646 5378 plenius
2669 5307 2870 5376 cogitet
2896 5322 3016 5376 qua:
3043 5314 3167 5362 sunt
3187 5305 3304 5372 Dei,
3330 5307 3604 5377 quomodo
3636 5301 3841 5374 placeat

2253 5397 2365 5455 Deo
2397 5397 2453 5469 (1
2496 5398 2615 5454 Cor.
2647 5403 2738 5464 vn,
2796 5397 2918 5470 34);
2965 5405 3144 5452 tamen
3189 5397 3292 5452 illis
3337 5397 3429 5467 qui
3459 5393 3840 5452 continentiam

2331 5619 2348 5658 τ
2386 5621 2558 5676 Vatic.
2591 5635 2760 5691 unus,
2812 5619 2960 5676 Inest
3001 5629 3172 5674 tamen
3217 5618 3416 5676 homini
3471 5620 3837 5690 baptisma:

2143 5767 2153 5774 α
2255 5692 2344 5745 sed
2370 5732 2432 5774 ,κ
2465 5694 2618 5774 inest.

2328 5773 2352 5808 ε
2385 5763 2482 5817 Ms.
2515 5761 2706 5831 C0rb.,
2728 5777 2831 5818 non
2862 5763 3060 5833 indiget
3086 5762 3271 5828 lavari,
3295 5762 3398 5816 nisi
3422 5771 3477 5815 ut
3505 5760 3659 5833 pedes
3688 5761 3836 5833 lavet.

2330 5833 2356 5870 ιι
2386 5833 2511 5888 Haec
2536 5830 2723 5902 verba,
2762 5830 3001 5959 jeguniis,
3045 5835 3304 5903 oratione,
3332 5833 3408 5890 vel
3435 5830 3698 5905 lacrymis,
3740 5830 3838 5887 ha-

2330 5914 2453 5959 ntur
2481 5920 2545 5959 ex
2576 5920 2679 5959 ms.
2704 5905 2811 5959 Cor
2854 5945 2867 5959 .

2255 5905 2453 5964 bentur
2481 5920 2545 5960 ex
2576 5920 2679 5960 ms.
2704 5905 2867 5960 Corb.

2225 6015 2238 6023 .
2336 5975 2351 6016 ί
2383 5973 2485 6036 Ms.
2510 5991 2667 6048 unus,
2696 5977 2966 6040 redimere.
