4046 6498
147 391 277 450 705

1435 367 1524 423 DE
1561 363 1716 422 FIDE
1745 352 1950 420 LIBER
1988 354 2188 413 UNUS.

3342 341 3446 398 ’106

150 522 280 564 non
312 505 596 566 voverunt,
646 497 853 554 nullum
897 505 1018 550 esse
1044 493 1325 562 peccatum
1353 485 1400 540 si
1434 484 1524 539 vel
1567 480 1760 537 mulier
1790 483 1842 544 Α
1864 476 1974 533 lum
2005 469 2271 537 omnibus,
2309 465 2410 523 sed
2437 464 2599 520 etiam
2629 460 2852 530 singulis
2893 457 3134 514 voluerit.
3155 458 3447 523 contraire,

154 599 364 661 nubat,
395 594 482 650 vel
507 593 591 647 vir
618 602 844 646 uxorem
871 585 1053 642 ducat.
1104 581 1214 636 Nec
1255 578 1400 634 solas
1425 576 1626 647 primas
1656 589 1759 628 nu-

155 689 317 762 ptias
345 701 378 741 a
406 684 518 740 Deo
543 680 836 740 institutas,
868 675 962 731 sed
992 673 1154 729 etiam
1181 668 1444 726 secundas
1473 676 1528 722 et
1551 665 1758 728 tertias,

155 795 276 853 pro
307 791 496 833 eorum
527 773 619 843 qui
647 786 707 827 se
734 768 1016 826 continere
1042 781 1149 820 non
1179 771 1425 834 possunt,
1454 757 1765 814 infirmitate

158 851 487 930 concessas.
539 863 631 917 Eis
658 875 786 916 vero
814 858 908 928 qui
949 857 1063 913 sive
1089 852 1384 922 coniugati,
1433 851 1547 905 sive
1576 864 1606 903 a
1634 862 1766 902 con-

158 961 327 1034 iugio
375 958 532 1014 liberi
577 952 963 1012 continentiam
991 949 1106 1004 Deo
1152 946 1420 1009 voverint,
1475 941 1765 998 admodum

163 1032 303 1110 esse
331 1049 660 1116 damnabile,
704 1047 751 1102 si
778 1043 866 1101 vel
889 1043 966 1100 illi
1010 1039 1292 1111 conjugale
1319 1053 1456 1108 opus
1498 1032 1770 1089 voluerint

165 1151 460 1216 appetere,
491 1155 600 1210 quo
627 1153 687 1194 se
714 1151 826 1192 non
849 1147 1183 1194 accessuros,
1215 1130 1302 1185 vel
1324 1128 1400 1183 illi
1427 1135 1697 1197 repetere,
1737 1139 1769 1178 τι

166 1212 292 1306 quo
314 1249 374 1289 se
399 1243 734 1298 recessuros,
765 1227 842 1282 illi
883 1226 1074 1292 libera,
1122 1222 1198 1278 illi
1226 1219 1498 1276 communi
1543 1212 1772 1286 professi

167 1336 306 1386 sunt
333 1326 630 1383 voluntate.

253 1419 388 1475 CAP.
420 1433 568 1482 mn,
614 1431 702 1469 seu
739 1412 875 1468 Rue.
916 1426 1005 1465 ιι.
1052 1406 1225 1462 Malos
1273 1402 1478 1459 misceri
1523 1400 1668 1456 bonis
1718 1401 1774 1454 in

174 1509 443 1567 Ecclesia.
475 1539 547 1550 —
574 1503 663 1560 δι.
696 1500 1029 1558 Firmissime
1057 1506 1205 1562 tene,
1254 1505 1310 1550 et
1346 1492 1652 1548 nullatenus
1676 1489 1776 1544 du-

175 1600 348 1664 bites,
379 1612 562 1655 aream
591 1595 686 1650 Dei
708 1608 830 1650 esse
857 1589 1182 1648 catholicam
1211 1585 1530 1650 Ecclesiam,
1561 1590 1615 1637 et
1635 1582 1777 1636 intra

177 1709 311 1752 eam
353 1705 530 1761 usque
571 1689 630 1744 in
675 1686 838 1743 tinem
864 1683 1048 1740 saeculi
1092 1680 1362 1736 frumento
1394 1677 1590 1732 mixtas
1619 1674 1775 1747 531

179 1784 380 1858 paleas
403 1780 690 1844 contineri,
745 1777 851 1833 hoc
895 1782 981 1831 est
1007 1772 1166 1829 bonis
1204 1770 1378 1825 malos
1412 1773 1781 1825 sacramento-

1865 568 1920 622 in
1948 580 2014 621 eo
2043 561 2188 634 quod
2233 557 2456 628 singulis
2487 555 2684 610 horum
2732 551 3125 608 contumaciter
3165 557 3447 620 repugnat,

1864 666 1920 714 et
1947 657 2029 712 his
2072 650 2341 709 contraria
2382 648 2580 703 docere
2630 659 2738 700 non
2785 642 3016 708 dubitat,
3066 640 3350 696 lucreticus
3395 651 3451 695 et

1865 747 1990 804 fidei
2013 741 2334 800 Christiana:
2360 738 2628 800 inimicus,
2659 743 2822 804 atque
2851 747 2920 788 ex
2950 732 3054 786 hoc
3083 731 3330 786 omnibus
3357 745 3453 784 ca-

1867 839 2083 898 tholicis
2127 829 2659 892 anathematizandus
2687 834 2963 897 appareat.
3012 823 3268 891 Quamvis
3296 821 3456 890 igitur

1869 942 1926 990 et
1950 929 2195 1000 angustia
2225 923 2503 998 temporis,
2535 929 2589 976 et
2617 917 2890 975 festinatio
2921 916 3200 986 portitoris
3227 928 3453 983 compu-

1866 1025 1994 1082 lerit
2017 1037 2119 1077 nos
2139 1020 2318 1090 aliqua
2342 1032 2462 1087 qua:
2481 1029 2581 1086 pro
2602 1011 2829 1067 diversis
2853 1008 3145 1064 lizcresibus
3167 1021 3460 1077 agnoscen-

1871 1118 1954 1174 dis
1983 1125 2146 1184 atque
2173 1110 2406 1168 vitandis
2442 1109 2655 1162 fuerant
2691 1101 2972 1159 inserenda
3000 1100 3275 1172 praeterire
3302 1099 3462 1154 silen-

1873 1210 1977 1275 tio,
2005 1217 2185 1262 tamen
2205 1203 2252 1260 si
2277 1201 2454 1258 omnia
2479 1214 2598 1269 qua:
2622 1198 2676 1252 in
2706 1195 2811 1252 hoc
2833 1193 3092 1264 opusculo
3114 1189 3460 1246 continentur

1873 1311 2160 1355 recensere
2186 1302 2242 1350 et
2263 1292 2542 1349 notissima
2568 1304 2789 1360 prorsus
2817 1287 3018 1342 habere
3046 1299 3154 1340 non
3198 1281 3458 1351 negligas,

1876 1407 1945 1448 ex
1983 1390 2066 1445 his
2112 1386 2318 1458 poteris
2367 1390 2528 1440 cauta
2571 1380 2899 1436 discretione
2941 1378 3103 1432 etiam
3141 1374 3210 1430 de
3255 1372 3464 1429 steteris

1873 1482 2188 1556 spiritaliter
2226 1477 2488 1548 judicare.
2522 1473 2813 1544 Apostolus
2839 1471 2984 1525 enim
3035 1468 3167 1524 dicit
3205 1467 3329 1538 quia
3357 1466 3467 1536 spi-

1879 1578 2048 1635 ritalis
2067 1574 2273 1647 judicat
2299 1570 2474 1626 omnia
2499 1567 2548 1640 (1
2577 1567 2695 1623 Cor.
2729 1582 2787 1632 ιι,
2821 1562 2905 1635 15)
2942 1583 2954 1617 :
2980 1578 3087 1634 quo
3117 1562 3291 1616 donec
3311 1574 3469 1615 unus-

1881 1671 2109 1743 quisque
2139 1672 2384 1721 nostrum
2411 1662 2714 1732 perveniat,
2748 1657 2802 1713 in
2847 1670 2914 1712 eo
2944 1668 3050 1724 quo
3081 1651 3327 1723 pervenit
3351 1665 3467 1704 am-

1881 1762 2050 1827 bulet,
2081 1759 2133 1816 id
2162 1765 2244 1813 est
2272 1756 2326 1810 in
2352 1770 2419 1810 eo
2447 1752 2590 1823 quod
2620 1758 2829 1807 certum
2864 1746 3072 1818 accepit
3099 1745 3328 1801 fideliter
3349 1756 3471 1814 pcr-

182 1831 378 1858 ,ν--νη
408 1831 689 1844 "mm--.
748 1831 759 1832 κ
796 1831 844 1833 η

181 1890 312 1936 rum
339 1871 724 1933 communione
763 1868 1007 1934 misceri;
1057 1873 1112 1921 et
1153 1865 1206 1919 in
1237 1861 1386 1918 omni
1423 1859 1780 1932 professione,
1811 1864 1858 1926 Β
1887 1857 2121 1909 severet.
2164 1845 2320 1916 Quod
2347 1844 2393 1901 si
2420 1841 2551 1913 quid
2587 1841 2748 1896 aliter
2794 1838 2953 1911 sapit,
2999 1837 3104 1893 hoc
3151 1849 3366 1907 quoque
3395 1831 3472 1889 illi

185 1968 307 2026 sive
336 1965 682 2030 clericorum,
729 1961 842 2019 sive
887 1956 1295 2020 monachorum,
1343 1952 1456 2007 sive
1497 1950 1779 2012 laicorum,

187 2073 314 2118 esse
340 2057 513 2114 honos
540 2052 700 2109 simul
735 2059 793 2108 et
815 2049 1016 2115 malos;
1055 2062 1158 2102 nec
1182 2059 1284 2116 pro
1309 2042 1467 2098 malis
1492 2040 1664 2096 bonos
1685 2037 1786 2093 de-

190 2150 475 2217 serendas,
523 2146 620 2206 sed
646 2161 746 2218 pro
773 2143 930 2199 bonis
973 2139 1166 2203 malos,
1213 2137 1268 2192 in
1311 2141 1574 2204 quantum
1620 2129 1789 2199 exigit

194 2245 322 2302 ﬁdei
363 2250 421 2300 et
460 2237 702 2297 caritatis
728 2234 869 2291 ratio
913 2227 1248 2301 tolerandos,
1299 2224 1357 2280 id
1382 2231 1485 2289 est,
1534 2221 1580 2278 si
1607 2220 1694 2275 vel
1732 2219 1788 2274 in

196 2333 444 2392 Ecclesia
465 2328 665 2386 nullius
691 2322 930 2396 perﬁdiae
951 2319 1158 2376 semina
1183 2321 1462 2388 spargunt,
1491 2312 1578 2368 vel
1598 2310 1790 2365 fratres

198 2425 270 2483 ad
299 2420 523 2492 aliquod
549 2419 750 2476 malum
776 2430 914 2486 opus
936 2409 1214 2467 mortifera
1235 2406 1537 2462 imitatione
1560 2418 1668 2457 non
1691 2401 1794 2455 du-

201 2521 354 2571 cunt.
384 2511 494 2568 Nec
526 2521 683 2581 posse
711 2505 946 2574 aliquem
974 2501 1114 2555 intra
1141 2497 1439 2554 Ecclesiam
1467 2492 1793 2553 catholicam

202 2613 352 2663 recte
380 2601 690 2658 credentem
740 2597 990 2664 beneque
1021 2591 1292 2660 viventem
1326 2584 1516 2644 alieno
1560 2600 1793 2656 unquam

205 2696 467 2760 maculari
506 2699 752 2769 peccato,
799 2689 855 2758 si_
876 2686 1130 2759 cuiquam
1157 2683 1407 2757 peccanti
1437 2696 1540 2736 nec
1567 2693 1801 2734 consen-

207 2796 420 2853 sionem
460 2789 723 2864 prtebeat,
775 2799 874 2840 nec
911 2781 1182 2844 favorem;
1229 2776 1542 2845 utiliterque
1569 2773 1739 2827 malos
1767 2787 1800 2828 a

208 2883 368 2941 bonis
396 2863 538 2936 intra
566 2875 866 2934 Ecclesiam
892 2872 1140 2939 tolerari,
1187 2868 1234 2924 si
1264 2868 1371 2924 hoc
1411 2881 1532 2922 cum
1561 2863 1640 2920 eis
1661 2863 1802 2919 bene

209 2971 442 3030 vivendo
469 2979 528 3026 et
563 2969 706 3024 bene
732 2962 1006 3022 monendo
1033 2969 1242 3031 agatur,
1289 2968 1353 3014 ut
1391 2965 1448 3013 et
1472 2954 1718 3010 videntes
1746 2961 1804 3008 et

213 3064 494 3122 audientes
517 3075 638 3131 qua:
657 3059 801 3114 bona
828 3062 973 3121 sunt,
997 3053 1140 3108 mala
1161 3066 1256 3107 sua
1289 3055 1564 3121 respuant,
1597 3052 1654 3102 et
1669 3043 1804 3116 judi-

215 3161 418 3219 candos
441 3173 502 3214 se
529 3172 560 3211 a
588 3156 700 3211 Deo
728 3167 826 3224 pro
866 3151 980 3207 suis
1024 3147 1181 3204 malis
1219 3144 1473 3216 operibus
1511 3139 1806 3198 contremi-

1887 1942 2028 1998 Deus
2055 1936 2339 1995 revelabit.
2372 1935 2565 1988 Amen.

1960 2032 2120 2127 δέη
2147 2044 2521 2105 ADMONlTlO
2547 2044 2616 2100 de
2643 2043 3008 2113 subsequente
3036 2039 3212 2110 capite
3239 2035 3399 2092 XLV.

1961 2167 2128 2239 Caput
2167 2163 2479 2235 subsequens
2522 2176 2632 2218 non
2658 2175 2775 2217 cere
2813 2175 2844 2213 a
2887 2156 3165 2229 Fulgentio
3201 2153 3475 2227 prodiisse,

1889 2261 1979 2316 sed
2009 2277 2043 2313 a
2067 2258 2242 2332 quovis
2271 2255 2376 2312 alio
2400 2269 2610 2310 auctore
2636 2255 2853 2317 incerto,
2895 2250 3011 2304 huic
3055 2247 3199 2320 operi
3229 2247 3479 2318 completo

1889 2349 2237 2424 subjunctum,
2267 2363 2416 2402 nemo
2444 2354 2521 2400 est
2542 2346 2629 2416 qui
2650 2343 2931 2414 inficietur,
2960 2342 3005 2395 si
3036 2348 3195 2393 totum
3215 2340 3480 2409 perlegens

1895 2443 2162 2515 Fulgentii
2192 2439 2400 2504 librum,
2432 2437 2502 2490 ad
2528 2445 2788 2507 postrema
2826 2432 3011 2504 capitis
3037 2430 3206 2484 ultimi
3229 2428 3381 2483 verba
3406 2429 3483 2483 vel

1895 2537 2220 2592 mediocriter
2267 2531 2566 2586 attenderit.
2615 2527 2910 2598 Prbpositis
2955 2524 3091 2579 enim
3125 2521 3193 2576 40
3221 2520 3481 2592 capitulis,

1897 2646 1986 2683 seu
2037 2627 2206 2698 potius
2253 2622 2445 2695 regulis
2493 2636 2627 2676 certe
2673 2618 2820 2689 ﬁdei,
2869 2616 3112 2687 angustia
3157 2613 3396 2682 temporis
3439 2621 3487 2664 et
3569 2658 3579 2668 ,

1901 2721 2230 2792 festinatione
2252 2714 2520 2787 portitoris
2549 2712 2663 2782 cogi
2693 2726 2748 2763 se
2767 2708 2891 2762 dicit
2930 2708 3085 2778 plura
3121 2706 3324 2759 silentio
3353 2719 3488 2774 pra:-

1901 2811 2054 2866 terire
2075 2824 2189 2882 qua:
2216 2809 2424 2878 fuerant
2451 2803 2586 2856 alias
2612 2797 2912 2854 inserenda.
2942 2795 3092 2850 Unde
3110 2810 3200 2848 nec
3219 2791 3490 2848 uerisimile

1902 2914 1979 2959 est
1999 2919 2113 2956 eum
2149 2900 2352 2972 (addita
2379 2897 2592 2967 insuper
2620 2893 2901 2962 manifesta
2938 2890 3094 2943 totius
3135 2887 3302 2957 operis
3343 2885 3489 2938 clau-

1901 2994 2041 3058 sula)
2073 2992 2241 3063 capite
2268 2991 2366 3044 islo
2397 2986 2617 3058 longiori
2642 3025 2657 3052 ,
2704 2991 2754 3037 et
2795 2982 2865 3035 ad
2907 2995 3014 3034 rem
3044 2977 3192 3034 nihil.
3236 2984 3325 3028 aut
3364 2990 3492 3045 pene

1906 3084 2040 3140 nihil
2079 3084 2390 3154 conferente,
2439 3077 2647 3131 auxisse
2689 3089 2815 3145 opus
2855 3071 2971 3142 jam
3015 3067 3353 3138 completum,
3403 3069 3520 3137 aut.

1909 3176 2125 3232 breviori
2152 3187 2387 3230 sermone
2431 3167 2694 3239 repetiisse
2737 3166 2942 3236 regulas
2983 3162 3166 3232 seipsis
3205 3159 3332 3213 satis
3368 3173 3495 3211 con-

217 3261 398 3318 scant;
439 3259 602 3320 atque
629 3243 725 3314 ita,
756 3242 1126 3315 praeveniente.
1159 3237 1304 3302 dono
1323 3235 1533 3306 gratiae,
1576 3233 1645 3288 de
1691 3230 1801 3287 suis

1908 3276 2122 3323 tractas.

219 3341 590 3415 iniquitatibus
617 3335 1032 3411 confundantur,
1075 3337 1132 3387 et
1159 3329 1228 3384 ad
1266 3329 1467 3384 bonam
1489 3325 1664 3380 vitam
1707 3337 1807 3394 per

220 3436 316 3492 Dei
343 3429 768 3498 misericordiam
796 3429 1200 3482 convertantur.
1227 3419 1407 3475 Bonos
1434 3431 1565 3473 vero
1592 3431 1623 3471 a
1650 3413 1806 3468 malis

222 3527 360 3583 intra
383 3522 673 3578 Ecclesiam
713 3518 974 3573 duntaxat
1012 3512 1333 3570 catholicam
1361 3508 1668 3567 constitutis
1696 3522 1808 3563 non

224 3616 424 3673 debere
439 3612 542 3666 nisi
566 3623 792 3680 operum
813 3601 1253 3661 dissimilitudine
1272 3600 1511 3671 separari
1534 3609 1582 3664 ⁸,
1608 3606 1668 3653 ιιι
1683 3612 1809 3653 cum

227 3707 422 3781 quibus
443 3704 622 3760 divina
645 3698 1045 3757 communicant
1069 3701 1431 3759 sacramenta,
1449 3705 1557 3746 non
1577 3690 1810 3762 habeant

226 3779 369 3862 mala
397 3812 583 3871 opera,
613 3794 808 3866 quibus
836 3791 913 3846 illi
941 3796 1065 3846 sunt
1085 3785 1380 3852 criminosi,
1404 3781 1728 3839 communia.
1752 3779 1810 3834 In

231 3895 340 3950 line
377 3906 509 3947 vero
532 3886 716 3944 saeculi
759 3885 934 3939 bonos
960 3896 991 3936 a
1019 3877 1177 3936 malis
1204 3876 1366 3932 etiam
1407 3888 1634 3945 corpore
1659 3886 1814 3942 sepa-

227 3983 448 4048 randos,
497 3976 713 4050 quando
751 3975 934 4030 veniet
962 3969 1209 4026 Christus
1247 3965 1452 4022 habens
1474 3961 1814 4018 ventilabrum

231 4083 285 4135 in
311 4092 467 4133 manu
493 4090 609 4140 sua,
648 4078 700 4126 et
723 4063 1085 4141 permundabit
1111 4076 1289 4116 aream
1317 4074 1487 4122 suam,
1527 4064 1577 4110 et
1599 4059 1817 4126 congre-

233 4171 375 4245 gabit
405 4168 628 4221 triticum
657 4177 804 4218 suum
831 4162 886 4214 in
916 4157 1156 4212 horreum
1174 4151 1229 4222 δ,
1258 4150 1439 4222 paleas
1461 4156 1632 4203 autem
1673 4163 1815 4201 com-

234 4238 379 4317 buret
405 4259 513 4331 igni
542 4249 951 4324 inexstinguibili
983 4245 1198 4320 (Matth.
1222 4259 1302 4312 ut,
1330 4240 1420 4312 12)
1443 4259 1457 4308 ;
1485 4238 1701 4311 quando
1720 4251 1820 4309 per

195 4352 200 4355 ‘
235 4351 490 4426 judicium
509 4348 713 4419 justum
740 4339 1046 4412 segregabit
1063 4337 1240 4408 justos
1268 4334 1336 4389 ab
1365 4331 1600 4402 injustis,
1647 4331 1819 4386 bonos

236 4461 270 4504 a
296 4441 470 4508 malis,
501 4446 680 4495 rectos
709 4450 740 4490 a
770 4430 1077 4505 perversis:
1110 4429 1283 4485 bonos
1308 4425 1600 4481 constituet
1624 4437 1656 4475 a
1684 4419 1820 4476 dex-

238 4537 356 4602 tris,
386 4533 560 4591 malos
588 4546 618 4585 a
652 4526 906 4594 sinistris,
935 4532 992 4580 et
1019 4538 1088 4578 ex
1111 4520 1228 4590 ejus
1257 4534 1352 4575 ore
1373 4517 1504 4588 justi
1523 4514 1822 4583 aeternique

239 4626 423 4700 iudicii
448 4604 777 4694 sempiterna
805 4626 966 4686 atque
995 4610 1420 4669 incommutabili
1459 4608 1670 4678 prolata
1695 4621 1822 4662 sen-
1844 4623 1900 4685 ι)

239 4719 432 4787 tentia,
459 4714 629 4783 iniqui
657 4723 848 4766 omnes
871 4706 1018 4762 ibunt
1041 4707 1097 4758 in
1127 4702 1525 4773 combustionent
1546 4708 1816 4764 cateruam,

241 4812 369 4887 justi
390 4817 561 4864 autem
589 4805 645 4859 in
683 4802 838 4857 vitam
864 4806 1111 4854 teternam
1139 4792 1354 4865 (Matth.
1386 4806 1514 4860 xxv,
1544 4788 1634 4860 45)
1677 4807 1690 4842 :
1723 4788 1824 4843 ini-

243 4877 337 4974 qui
357 4913 571 4970 semper
594 4894 768 4952 arsuri
791 4905 916 4948 cum
933 4886 1170 4950 diabolo,
1197 4883 1329 4954 justi
1352 4890 1532 4937 autem
1555 4877 1826 4948 regnaturi

242 4996 363 5051 sine
391 4992 498 5048 ﬁne
525 5003 649 5046 cum
674 4984 911 5042 Christo.

316 5085 447 5142 CAP.
475 5098 619 5140 xmv.
645 5074 1038 5136 Persistendum
1074 5073 1130 5126 in
1157 5069 1280 5141 ﬁde.
1311 5098 1382 5108 —
1408 5062 1497 5119 85.
1546 5062 1669 5117 ΙΙωο
1693 5061 1831 5116 inte-

248 5180 349 5235 rim
377 5172 730 5246 quadraginta
768 5166 1002 5239 capitula
1042 5163 1109 5219 ad
1138 5159 1376 5229 regulam
1416 5171 1557 5211 verte
1588 5153 1712 5210 fidei
1740 5153 1833 5207 tir-

251 5270 485 5326 missime
529 5263 854 5338 pertinentia
902 5257 1132 5314 fideliter
1183 5249 1378 5317 crede,
1428 5247 1639 5303 fortiter
1683 5254 1828 5313 tene,

254 5360 520 5419 veraciter
537 5357 914 5428 patienterque
940 5348 1188 5407 defende.
1213 5344 1280 5399 Et
1307 5344 1354 5398 si
1373 5355 1531 5412 quem
1561 5338 1831 5395 contraria

255 5456 338 5512 his
361 5451 724 5522 dogmatizare
750 5442 1088 5514 cognoveris,
1139 5447 1396 5507 tanquam
1435 5440 1645 5504 pestem
1686 5431 1828 5499 fuge,

259 5558 313 5608 et
338 5557 594 5617 tanquam
620 5542 932 5599 haereticum
960 5537 1150 5607 abjice.
1185 5533 1262 5588 lta
1292 5530 1436 5587 enim
1467 5528 1568 5583 ista
1592 5541 1710 5596 qure
1737 5539 1835 5595 po-

259 5643 458 5719 animus
487 5638 609 5696 fidei
637 5635 916 5694 catholicae
953 5635 1274 5702 congruunt,
1307 5632 1367 5680 ut
1392 5621 1437 5678 si
1462 5622 1582 5693 quis
1610 5635 1718 5675 non
1745 5634 1834 5676 so-

329 5865 358 5897 ι
383 5855 555 5942 vatio.
589 5866 746 5920 unus,
764 5849 836 5904 sic
864 5846 1043 5903 debere
1069 5861 1281 5924 operum
1313 5832 1729 5894 dissimilitudine
1757 5847 1837 5886 se-

265 5945 459 6004 parari.

1979 3361 2189 3416 Accedit
2217 3358 2349 3415 illud
2377 3356 2535 3431 quod,
2575 3353 2671 3408 etsi
2710 3352 2820 3406 haec
2859 3351 3498 3421 parumconaucerentne

1910 3456 2065 3512 hocce
2092 3462 2246 3523 caput
2274 3449 2552 3521 Fulgentio
2577 3444 2930 3505 tribueremus,
2960 3435 3297 3506 manuscripti
3322 3447 3500 3488 omnes

1911 3568 2002 3621 per
2026 3565 2120 3604 nos
2145 3548 2260 3613 visi,
2293 3544 2536 3599 Vaticani
2557 3548 2797 3612 quatuor,
2827 3535 3106 3607 Anglicani
3133 3533 3257 3598 duo,
3281 3546 3374 3584 nec
3397 3544 3502 3583 non

1913 3643 2236 3701 Corbeiensis
2271 3657 2402 3694 unus
2434 3643 2751 3709 pervetustus
2777 3641 2826 3685 et
2849 3631 3149 3684 charactere
3178 3626 3291 3693 ipso
3335 3637 3504 3676 annos

1913 3739 2198 3809 praeferens
2235 3732 2378 3792 mille
2412 3737 2501 3782 aut
2531 3724 2776 3795 amplius,
2810 3722 2905 3775 hoc
2935 3727 3010 3773 est
3038 3720 3150 3787 ipso
3187 3717 3344 3786 ferme
3365 3709 3502 3765 Ful-

1915 3827 2076 3900 gentii
2097 3833 2188 3879 aut
2217 3823 2451 3894 proxime
2475 3816 2704 3890 sequenti
2732 3811 2921 3868 swculo
2957 3816 3226 3873 exoratus,
3257 3805 3366 3859 lucc
3387 3818 3503 3858 om-

1915 3892 2006 3972 nia
2031 3929 2145 3987 quo:
2163 3892 2224 3966 in
2240 3913 2340 3966 isto
2363 3909 2528 3979 capite
2553 3905 2790 3976 leguntur
2830 3899 3091 3959 omittunt,
3127 3892 3376 3963 habetque
3411 3905 3504 3959 po-

1917 3980 2137 4066 stremus
2179 4005 2270 4060 ille
2303 4004 2359 4056 in
2388 4002 2492 4076 ﬁne
2533 4004 2649 4067 post
2693 3995 2802 4048 haec
2833 3988 3002 4053 verba,
3035 3985 3150 4040 Hoc
3176 3996 3392 4053 quoque
3420 3980 3498 4036 illi

1918 4103 2062 4158 Deus
2084 4073 2577 4158 revelabit,'Amen,
2601 4087 2779 4142 eadem
2808 4081 3018 4138 omnino
3038 4092 3218 4141 manu,
3237 4071 3506 4142 Fulgentii

1919 4193 2160 4267 episcopi
2187 4196 2390 4246 sanctae
2417 4181 2669 4243 Ecclesia:
2688 4175 2970 4237 catholicae
2983 4167 3278 4240 Ruspensis
3298 4166 3373 4221 De
3394 4163 3508 4220 Re-

1921 4255 2044 4357 gula
2071 4255 2214 4340 vera:
2241 4279 2363 4334 fidei
2390 4276 2528 4331 liber
2555 4268 2792 4341 explicit.
2834 4264 3023 4320 Verum
3053 4260 3175 4332 quia
3202 4256 3381 4328 religio
3409 4255 3509 4325 fuit

1921 4350 2198 4452 quidquam
2229 4373 2311 4426 hic
2351 4377 2472 4423 ante
2507 4364 2660 4422 editis
2705 4361 2874 4415 minus
2902 4352 3176 4416 excudere,
3227 4350 3390 4404 visum
3431 4351 3509 4401 est

1925 4439 2086 4526 totum
2114 4468 2209 4522 hoc
2234 4471 2388 4534 caput
2416 4459 2534 4514 huic
2560 4455 2705 4527 operi
2726 4469 2816 4524 per
2844 4447 3053 4505 modum
3077 4441 3377 4517 appendicis
3401 4439 3511 4495 sino

1926 4563 2120 4639 gularis
2144 4557 2458 4618 subnectere.

2507 4654 2734 4715 CAPUT
2771 4651 2931 4708 XLV.

2001 4764 2052 4816 l.
2083 4761 2223 4816 Vere
2252 4756 2464 4810 firmum
2493 4748 2616 4804 ﬁdei
2656 4754 2738 4802 est
2768 4743 3194 4816 fundamentum,
3237 4730 3512 4816 principa-

1931 4807 2054 4890 liter
2082 4807 2307 4887 ere-dere
2321 4807 2548 4879 >Patrem
2576 4826 2634 4890 et
2660 4816 2856 4890 Filium
2879 4820 2939 4868 et
2960 4807 3222 4890 Spiritum
3242 4811 3514 4890 sanatum,

1932 4871 2816 4960 'e‘s‘se'naturaliteribeqm;
2843 4885 2918 4938 ita
2939 4871 3316 4960 utfde.nat.ttr_a
3338 4871 3515 4960 garris

1933 4941 2679 5033 33Fé"n”§iiini"uﬁi§éhiiuh{
2698 4941 2921 5033 Filium,
2971 4958 3028 5008 et
3072 4941 3517 5033 simulde‘l’a’tre

1935 5011 2302 5102 éi'ﬁili'é"§2¥é
2340 5011 2848 5106 Ziﬁié'i’uii-stner
2893 5011 3515 5106 pmcedeulgmmfg‘fgf-

1936 5081 2337 5182 HJs's'Biinu'm
2364 5081 2611 5182 sa‘nctum
2634 5081 2975 5182 iipsa'mqite‘
3009 5096 3252 5147 sanctam
3277 5081 3516 5182 :l‘ripita~

1937 5162 2055 5242 {et};
2077 5162 2403 5240 ésrs'é‘iihum
2445 5175 2642 5240 solum,
2669 5162 3402 5244 verumJteternumLatque
3433 5162 3517 5244 in:

1939 5221 2403 5314 'c‘ihtlii'i'ébué'ni'
2423 5221 2613 5314 ﬁcum.
2626 5221 2642 5240 ’
2662 5221 2901 5314 Credere
2944 5232 3106 5289 etiam
3153 5221 3429 5314 eqngtiuit'
3449 5221 3518 5304 ad

2419 5291 2792 5374 “Trinitatis
2818 5291 3126 5391 personam,
3174 5295 3228 5352 id
3246 5291 3357 5391 :e‘st
3379 5291 3518 5375 .Uni.

2425 5366 2562 5460 "ﬁro'
2575 5366 2761 5438 nostra
2805 5366 2982 5460 salu-te
3023 5366 3520 5460 solum-homin‘em

2197 5433 2556 5529 θ’ᾖῖδὲιηῖιῖιὲ
2576 5433 3086 5534 ᾗῖιῖιῆξεξεᾳλιξθιιω
3111 5451 3322 5503 verum,
3345 5441 3405 5534 fat
3429 5433 3520 5503 ho:

1942 5511 2700 5599 iiiiéiil’vé‘iiiﬁféamum
2721 5517 3058 5599 divinitatem
3081 5523 3245 5599 unam
3274 5511 3518 5599 natufam

2408 5576 2697 5654 Fitié’éi’
2720 5589 2924 5664 Spiritu
2961 5589 3184 5650 sancto;
3231 5576 3519 5637 secundum

2017 5823 2045 5862 δ
2067 5821 2154 5876 Sic
2183 5833 2283 5873 ms.
2308 5813 2496 5877 Corb.,
2512 5808 2668 5879 juxta
2687 5805 2933 5862 Graecum
2958 5807 3184 5860 textum.
3210 5792 3351 5851 Editi
3371 5783 3522 5873 vero;

1946 5896 2169 5975 triticum
2196 5869 2259 5945 in
2279 5869 2532 5944 horreum'
2546 5896 2714 5938 suum.
3456 5869 3458 5873 '
