4046 6534
140 391 280 455 ’109

1200 393 1341 458 eno
1373 401 1527 460 me
1563 395 1954 460 cuneum
1993 405 2195 462 LIBER
2234 394 2437 467 unus.

3358 426 3466 484 710

138 515 478 569 divinorum
516 513 950 571 teetimouiorum
993 523 1104 571 tam
1154 516 1288 573 Navi
1343 535 1506 590 quam
1545 519 1760 576 Veteris
1787 518 1999 583 Aram.
2029 519 2169 578 Ecce
2198 523 2519 582 bomousion
2562 528 2615 583 in
2646 531 2829 600 paucis
2870 533 3123 604 obtinuit,
3155 546 3215 594 ut
3244 543 3458 601 caeteris

141 607 507 664 Testamenti
534 617 723 665 contra
751 608 1075 667 homousion
1121 611 1500 680 opponendam
1531 613 1757 683 putavit.

141 698 236 756 De
266 699 470 754 talibus
491 699 620 755 olim
638 700 1015 769 prmnuntiavit
1037 701 1357 771 Apostolus,
1382 705 1566 761 dicens
1600 725 1614 760 :
1649 705 1762 760 Ne-

142 793 391 846 scientes
411 792 476 845 de
494 792 675 862 quibus
705 793 1004 864 loquantur,
1036 812 1198 866 neque
1218 798 1284 852 ds
1304 799 1486 870 quibus
1507 802 1769 872 afﬁrmant:

144 884 166 953 (
199 883 232 937 1
273 883 414 938 Tim.
447 899 485 948 1,
535 883 626 954 7).
655 886 716 939 Si
769 886 914 941 enim
962 888 1125 943 sciret
1159 889 1292 958 quid
1339 892 1662 948 bomousion
1691 909 1766 949 ex.

142 972 359 1030 Graeco
403 975 459 1030 in
505 976 699 1033 Latino
727 978 1078 1047 exprimitur,
1111 981 1331 1038 laudare
1378 985 1558 1054 potius
1598 997 1764 1056 quam

143 1065 505 1135 exprobrare
533 1067 908 1124 contenderet.
936 1068 1126 1126 Patres
1149 1074 1292 1128 enim
1331 1076 1510 1130 nostri
1534 1076 1768 1132 trecenti

144 1156 358 1211 decem
391 1157 549 1228 535
576 1165 630 1212 et
655 1167 802 1224 octo,
833 1160 926 1228 qui
955 1160 1025 1214 ad
1052 1161 1167 1217 Arii
1196 1179 1404 1220 venena
1424 1167 1766 1222 excludenda

145 1229 474 1304 antidotum
501 1249 661 1320 hujus
685 1252 935 1307 vocabuli
957 1256 1328 1322 coniecerunt,
1347 1265 1455 1312 non
1487 1261 1766 1338 extraneis

145 1341 393 1395 Vocibus
419 1341 486 1396 ab
526 1339 820 1410 Evangelia
867 1344 949 1398 nsi
976 1352 1118 1412 sunt,
1151 1347 1248 1402 sed
1286 1349 1511 1404 verbum
1539 1367 1571 1424 e
1592 1352 1762 1408 verbo

147 1429 224 1483 ad
259 1430 430 1485 ritum
468 1430 694 1499 facilius,
727 1441 890 1489 rectm
917 1433 1044 1490 ﬁdei
1075 1437 1344 1493 rationem
1380 1440 1621 1496 nondum
1675 1443 1764 1498 im-

148 1519 534 1589 telligentibus
551 1522 826 1579 insinuare
844 1536 1122 1582 curarunt.
1139 1527 1342 1584 Hamas
1357 1545 1592 1600 namque
1601 1549 1764 1598 unus,

150 1612 279 1666 usia
311 1615 614 1669 substantia
643 1615 834 1688 Grzeco
864 1631 1119 1674 sermone
1165 1623 1488 1692 appellatur.
1524 1623 1760 1682 Consule

146 1702 452 1773 Evangelii
493 1705 718 1773 dictum,
767 1715 824 1764 et
868 1709 1122 1766 invenies:
1162 1712 1265 1767 hoc
1297 1730 1416 1770 esse
1444 1731 1542 1771 ore
1573 1717 1760 1774 divino

146 1794 460 1865 prolatum,
491 1795 608 1868 Ego
636 1807 686 1852 et
709 1798 873 1854 Pater
917 1817 1076 1856 unum
1123 1817 1297 1859 sumus
1329 1806 1510 1876 (Joan.
1535 1824 1600 1874 ι,
1633 1809 1757 1880 50).

1863 611 2129 680 episcopis
2150 627 2246 681 per
2271 616 2442 670 totius
2473 619 2618 675 orbis
2647 623 2818 690 spatia
2842 627 3150 684 constitutis
3179 632 3257 687 sic
3293 634 3453 692 inno-

1863 702 2076 770 tuisset,
2111 712 2169 757 ut
2219 704 2336 773 ejus
2383 721 2442 761 se
2487 709 2826 769 confessione
2868 718 3138 784 gaudeant
3183 722 3447 780 decorari.

1863 791 2020 859 Quod
2064 795 2110 848 si
2162 798 2434 864 posterior
2460 800 2813 860 Ariminensis
2842 805 3298 879 (Videtur‘deesse
3325 832 3456 871 con-

1862 883 2078 952 ventus)
2105 884 2159 938 in
2190 891 2339 940 tanta
2369 889 2731 957 multitudine,
2772 904 2830 949 ut
2856 907 3122 967 asserunt,
3154 917 3451 976 congrega-

1861 979 1951 1027 tus
1983 981 2082 1040 est,
2117 973 2234 1043 ejus
2281 987 2442 1033 secta:
2494 983 2732 1056 episcopi
2763 997 2864 1057 per
2891 991 3080 1045 orbem
3131 973 3459 1068 multiplica-

1862 1073 2073 1134 rentur,
2098 1069 2290 1138 populi
2313 1079 2621 1130 crescerent
2644 1118 2658 1143 ,
2712 1079 2835 1136 talis
2864 1078 2996 1137 ﬁdes
3023 1086 3185 1139 etiam
3214 1088 3328 1158 ipsa
3359 1091 3460 1144 im~

1862 1153 2017 1223 peria
2066 1166 2376 1226 occuparet.
2407 1160 2514 1216 Sed
2543 1163 2634 1218 ubi
2665 1165 2828 1238 536
2859 1168 3060 1228 fraudis
3088 1153 3462 1236 illius-callidi-

1867 1250 1970 1298 tas
2004 1259 2102 1314 per
2133 1247 2512 1323 prudentes_et
2559 1257 2966 1324 probatissimos
2985 1265 3133 1321 viros
3157 1279 3240 1322 est
3262 1271 3459 1339 agnita,

1864 1333 1938 1388 ita
1965 1337 2286 1394 homousion
2325 1343 2701 1402 conﬁrmatum
2732 1359 2834 1417 est,
2878 1361 2940 1408 ut
2984 1355 3074 1409 vix
3103 1357 3460 1418 Ariminensis

1862 1426 2118 1495 reliquias
2165 1429 2232 1484 ad
2263 1435 2574 1502 probandos
2613 1442 2910 1500 catholicos
2965 1451 3290 1506 remansisse
3340 1469 3459 1508 cer~

1864 1529 2074 1572 lamus.
2100 1518 2276 1588 Ipsam
2300 1524 2486 1579 urbem
2517 1527 2844 1601 Ariminum,
2879 1535 2967 1589 ubi
3009 1537 3110 1592 hoc
3134 1539 3334 1597 fraudis
3358 1559 3457 1598 ne-'

1865 1609 2073 1676 gotium
2100 1622 2314 1680 gestum
2337 1625 2438 1682 est,
2485 1619 2570 1673 vel
2596 1622 2776 1690 potius
2798 1629 3203 1696 concinnatum,
3228 1635 3271 1688 si
3303 1649 3456 1692 com-

1864 1698 2063 1768 placet,
2097 1704 2465 1763 consulamus.
2493 1709 2682 1768 Utrum
2719 1716 2886 1784 ipsius
2925 1731 3090 1777 secta:
3117 1725 3314 1782 habeat
3343 1733 3458 1801 epi-

1865 1803 2090 1858 scopum
2118 1794 2303 1849 nescio
2329 1813 2341 1848 :
2372 1813 2494 1853 nam
2521 1801 2588 1856 de
2615 1803 2922 1865 Mediolano
2945 1811 3166 1870 liberius
3194 1827 3456 1891 astruam,

148 1884 388 1941 hiscum
414 1886 700 1958 pluralem,
747 1898 804 1946 ει
831 1891 948 1947 redi
979 1892 1048 1947 ad
1075 1895 1404 1963 singularem
1447 1878 1760 1960 substantia
1789 1886 1838 1950 ι
1864 1878 1954 1969 ubi
1985 1880 2286 1938 Anxentius
2335 1897 2497 1943 sean
2527 1906 2636 1947 sum
2679 1910 2888 1953 venena
2933 1910 2991 1956 ut
3013 1905 3237 1963 callidus
3265 1878 3456 1969 artifex;

147 1976 473 2033 veritatem.
505 1977 640 2034 Nam
667 1981 822 2049 quod
843 1982 999 2049 dixit,
1021 1979 1151 2056 Ἐφ’
1173 1996 1224 2040 et
1270 1987 1435 2044 Pater
1458 2007 1622 2046 unum
1664 2011 1756 2047 su-

150 2083 296 2132 mus,
325 2066 502 2127 Patris
539 2086 803 2142 suamque
844 2090 1152 2145 personam,
1202 2090 1393 2136 contra
1440 2083 1752 2153 Sabellium,

151 2173 328 2228 quem
373 2160 707 2229 prmvidebat
744 2164 988 2222 futurum
1011 2168 1345 2234 haereticum,
1385 2171 1622 2232 dicendo
1663 2195 1756 2232 su-

151 2265 296 2314 mus,
324 2252 650 2308 sententiam
698 2257 1081 2326 promulgavit,
1113 2267 1176 2314 ut
1216 2261 1554 2320 discerneret
1599 2283 1755 2324 suam

151 2338 446 2411 Patrisque
471 2357 782 2411 personam.
816 2346 990 2404 Unum
1017 2351 1164 2418 quod
1198 2351 1353 2420 dixit,
1384 2370 1540 2426 aeque
1568 2356 1753 2414 Arium

150 2433 514 2502 prtevidebat,
540 2436 632 2503 qui
654 2437 1011 2495 substantiam
1041 2440 1258 2498 deitatis
1287 2445 1615 2505 intersecare
1643 2467 1754 2508 non

152 2522 390 2580 dubitat.
422 2525 558 2592 Quia
578 2535 648 2583 et
674 2527 946 2587 Sabellius
972 2534 1115 2588 male
1161 2535 1463 2605 conjunxit,
1497 2547 1553 2595 et
1595 2541 1755 2600 Arius

152 2613 474 2672 sceleratius
500 2619 792 2686 separavit.
824 2618 1126 2692 Oportebat
1171 2642 1406 2696 namque
1457 2629 1752 2690 Sabellium

153 2699 335 2760 Patris
363 2704 591 2776 Filiique
617 2724 905 2778 personam
925 2728 1230 2782 secernere,
1261 2727 1318 2774 et
1356 2719 1545 2778 Arium
1573 2724 1748 2781 deita-

152 2795 224 2851 tis
255 2797 615 2855 substantiam
661 2802 720 2858 in
749 2804 897 2872 nullo
923 2808 1141 2876 penitus
1182 2826 1456 2882 separare.
1499 2815 1753 2887 Magnum

153 2904 290 2946 salte
319 2891 526 2950 crimen
555 2894 680 2950 ﬁdei
731 2906 926 2966 putant
972 2902 1234 2972 applicari
1283 2904 1596 2978 Catholicae,
1628 2927 1752 2970 cum

153 2979 276 3048 ejus
299 2982 548 3040 alumnos
579 2983 978 3048 Homousianos
999 2994 1088 3049 vel
1117 2994 1628 3061 Unisubstantianos
1651 3021 1750 3077 ap-

153 3071 408 3142 pellant:
441 3076 596 3143 quasi
642 3076 971 3138 homousion
1027 3085 1488 3170 vel-substantiam
1535 3071 1752 3154 deitatis

154 3159 244 3216 vel
271 3160 500 3232 alicujus
527 3164 761 3224 hominis
790 3171 1115 3231 vocabulum
1136 3162 1452 3249 contineat;
1483 3184 1626 3242 sicut
1663 3189 1750 3243 di-

154 3262 435 3308 versarum
454 3255 722 3316 hacresum
749 3271 1001 3322 auctores
1045 3269 1131 3324 sui
1158 3273 1395 3329 nominis
1422 3287 1626 3334 sectam
1649 3281 1754 3338 dis
1781 3254 1830 3322 θ
1859 3269 2041 3342 Patre.
2073 3286 2128 3330 ει
2155 3276 2192 3332 S

155 3342 352 3413 cipulis
366 3347 767 3416 praedicandam
794 3370 915 3412 esse
942 3373 1247 3419 senserunt.
1267 3365 1421 3423 Sicut
1448 3369 1751 3430 Simoniani

156 3449 190 3490 a
217 3434 458 3505 Simone,
489 3440 861 3504 Menandriani
891 3465 922 3504 a
963 3452 1281 3526 Menandro,
1333 3461 1692 3524 Marcionistze
1720 3485 1751 3525 a

155 3519 452 3590 Marciane,
504 3528 963 3594 Valentinianistte
1015 3557 1061 3596 an
1089 3544 1337 3615 Valente,
1393 3552 1676 3613 Manichaai
1719 3576 1750 3616 a

155 3611 339 3683 Mane,
369 3615 656 3687 Nepotiani
685 3638 716 3677 a
746 3624 984 3696 Nepote;
1031 3640 1090 3686 et
1135 3645 1200 3689 ut.
1238 3611 1490 3710 antiquas
1517 3611 1583 3701 et
1612 3664 1754 3718 pene

157 3705 270 3777 jam
297 3705 610 3766 deﬁcientes
636 3713 870 3773 haereses
897 3725 1328 3794 praetermittam,
1347 3705 1596 3791 novellas
1612 3705 1756 3795 inte;

158 3795 264 3851 rim
285 3799 609 3856 nominabo:
646 3813 708 3859 ut
735 3817 862 3862 sunt
887 3809 1182 3872 Sabelliani
1199 3833 1232 3872 a
1260 3818 1532 3893 Sabellio,
1566 3829 1752 3888 Ariani

160 3889 230 3942 ab
268 3889 396 3944 Aria
419 3932 434 3956 ,
491 3890 815 3953 Eunomiani
862 3901 930 3958 ab
986 3902 1276 3978 Eunomia,
1307 3911 1679 3976 Macedoniam
1719 3939 1751 3979 a

162 3975 934 4054 Macedonio,Apollinarist-.e
981 3994 1050 4050 ab
1079 3975 1415 4072 Apollinare,
1444 3975 1750 4072 Nestoriani

163 4082 194 4120 a
214 4067 479 4136 Nestorio,
506 4071 800 4134 Donatistae
828 4095 860 4134 a
880 4067 1553 4154 Donato,7Maximianistaz
1579 4117 1609 4155 a
1638 4067 1752 4160 Ma-

164 4159 420 4227 ximiano,
453 4163 750 4236 Rogatistae
789 4185 820 4226 a
847 4172 1090 4244 Rogato;
1115 4188 1172 4235 et
1195 4183 1242 4237 si
1261 4185 1356 4254 qui
1375 4197 1504 4244 sunt
1532 4192 1623 4247 alii
1656 4196 1748 4266 qui

164 4251 381 4308 nomine
402 4260 560 4312 tenus
585 4265 820 4327 tantum,
845 4279 954 4321 non
979 4282 1145 4338 opem
1163 4251 1416 4333 dicuntur
1433 4251 1748 4356 Christiani,

164 4343 256 4412 qui
279 4344 538 4406 derelicto
568 4350 700 4419 Deo,
735 4363 1020 4415 auctorum
1065 4378 1288 4424 suorum
1336 4374 1555 4430 nomina
1580 4352 1749 4436 vene-

161 4446 369 4494 rantur.
426 4441 632 4500 Doceat
704 4448 752 4505 is
809 4453 904 4521 qui
954 4455 1278 4519 homousion
1338 4465 1392 4522 in
1449 4472 1748 4532 catholicos

166 4533 527 4610 accusandum.
550 4541 778 4611 putavit,
833 4547 1062 4618 alicujus
1099 4567 1222 4611 esse
1265 4559 1499 4618 hominis
1547 4581 1744 4624 nomen

1862 1967 1998 2024 fudit
2023 1989 2036 2024 :
2061 1972 2215 2042 cujus
2236 1979 2507 2043 posterior
2521 1981 2838 2042 Ambrosius
2857 1989 3048 2058 dogma
3073 1994 3146 2049 ita
3169 1997 3455 2069 destruxit,

1861 2060 2067 2132 Spiritu
2111 2076 2298 2122 sancto
2341 2072 2598 2142 repletus,
2625 2085 2684 2130 ut
2709 2093 2904 2135 nomen
2937 2083 3051 2152 ejus
3081 2096 3202 2155 post
3223 2100 3454 2147 mortem

1861 2150 1917 2205 in
1940 2152 2057 2222 ipsa
2080 2156 2214 2211 urbe
2238 2173 2268 2210 a
2289 2163 2549 2216 memoria
2570 2164 2860 2223 viventium
2889 2172 3197 2244 raderetur;
3225 2187 3280 2234 et
3311 2183 3456 2238 velut

1860 2243 2133 2312 quoddam
2161 2251 2468 2319 contagium
2518 2254 2637 2323 ejus
2681 2260 2998 2317 vocabulum
3037 2243 3318 2325 habeatur.
3353 2271 3457 2329 Per

1857 2351 2019 2406 quem
2048 2337 2396 2397 Ambrosium
2427 2353 2481 2399 et
2511 2346 2736 2417 Augusti
2769 2359 2898 2411 tunc
2923 2353 3169 2415 Gratiani
3201 2361 3334 2419 ﬁdes
3361 2364 3455 2420 ﬁr-

1866 2434 2014 2480 mata
2039 2437 2140 2495 est,
2172 2439 2230 2485 et
2251 2442 2528 2490 crementa
2553 2437 2608 2492 in
2637 2440 2907 2513 episcopis
2947 2456 3002 2501 et
3047 2452 3257 2520 populis
3288 2456 3456 2525 magis

1860 2519 2144 2588 magisque
2181 2534 2491 2582 creverunt.
2539 2528 2658 2584 Non
2699 2533 2842 2588 enim
2865 2519 3228 2610 omnipotens
3277 2544 3451 2614 Deus‘,

1857 2609 1951 2678 qui
1979 2626 2077 2679 per
2121 2629 2311 2671 omnes
2367 2618 2675 2690 Scripturas
2715 2625 2980 2686 Ecclesia:
3026 2649 3137 2690 sua:
3183 2650 3457 2704 crementa

1857 2703 2129 2771 promisit,
2153 2704 2407 2766 deserere
2431 2728 2584 2769 suam
2614 2717 3081 2792 pollicitationem,
3107 2736 3160 2781 et
3183 2730 3456 2792 dimittere

1853 2802 2042 2862 posset
2068 2811 2316 2854 crescere
2345 2802 2660 2862 falsitatem.
2696 2808 2812 2866 Hoc
2840 2813 2912 2868 de
2936 2818 3186 2874 omnibus
3216 2822 3439 2880 haeresi-

1855 2881 1958 2937 bus
1985 2883 2190 2940 dictum
2219 2889 2309 2942 sit.

1929 2997 1979 3051 4.
1997 2996 2277 3056 ’ϐαξῑθι-υιη
2308 3005 2361 3058 ἰη
2384 3013 2867 3083 consequentibus,
2901 3017 3188 3088 adjuvante
3213 3025 3454 3099 Deo,qu

1855 3098 1911 3143 et
1957 3105 2056 3145 cor
2101 3092 2338 3162 instruit,
2371 3107 2425 3152 et
2453 3099 2690 3169 linguam
2723 3108 2880 3176 regit,
2913 3119 2969 3165 et
3001 3111 3069 3166 de
3097 3131 3203 3171 uno
3244 3092 3452 3187 Dem-et

1856 3178 1925 3235 de
1945 3184 2282 3253 potentia,et
2308 3188 2698 3261 invisibilitate,
2729 3199 2812 3253 vel
2836 3203 3144 3271 aequalitate
3172 3207 3292 3265 Filii
3329 3178 3452 3272 cum

2195 3279 2390 3350 piritus
2432 3288 2605 3343 sancti
2637 3290 2856 3360 deitate,
2890 3311 3011 3366 quae
3037 3287 3304 3375 Trinitas,
3325 3308 3453 3378 ipsis

1854 3369 2182 3439 nolentibus,
2235 3391 2373 3432 unus
2427 3386 2609 3437 tamen
2650 3395 2733 3441 est
2766 3386 2930 3457 Deus,
2977 3393 3105 3448 talia
3137 3369 3452 3460 testimonia

1853 3467 2144 3528 ponentur,
2172 3471 2231 3518 ut
2255 3465 2299 3520 si
2322 3471 2691 3530 contentionis
2715 3479 2968 3536 tenebras
2997 3497 3105 3539 non
3130 3493 3451 3562 amaverint,

1853 3548 2033 3607 lucem
2056 3569 2280 3614 necesse
2309 3560 2380 3615 sit
2411 3563 2631 3621 videant
2667 3571 2936 3629 veritatis.
2959 3573 3025 3630 Et
3051 3594 3119 3634 ne
3143 3548 3448 3655 quempiam

1854 3651 2075 3699 moveat
2097 3647 2241 3715 quod
2269 3649 2521 3722 diximus,
2553 3655 2809 3716 Ecclesiae
2835 3675 3113 3722 crementa
3137 3687 3234 3739 per
3261 3689 3452 3732 omnes

1854 3729 2164 3802 Scripturas
2193 3736 2358 3795 fuisse
2386 3745 2649 3810 promissa
2668 3787 2683 3813 ,
2714 3758 2768 3803 et
2793 3752 2838 3806 si
2890 3729 3161 3812 vindicant
3189 3775 3288 3830 per
3315 3763 3455 3824 hanc

1855 3825 2264 3891 oppressionem
2289 3826 2452 3886 fuisse
2472 3849 2752 3903 concessa,
2777 3843 3029 3897 noverint
3052 3861 3173 3903 esse
3193 3853 3452 3923 scriptum

1855 3911 1910 3965 in
1938 3910 2172 3970 Ieremia
2211 3935 2224 3968 :
2259 3917 2517 3975 Clamabit
2557 3926 2763 3992 perdix,
2798 3934 3132 4003 congregabit
3171 3910 3317 4009 quos.
3344 3910 3452 3999 non

1854 4004 2075 4072 peperit,
2108 4006 2264 4075 faciet
2286 4009 2493 4065 diuitias
2515 4029 2637 4068 suos
2661 4031 2764 4070 non
2793 4034 2906 4073 cum
2926 4022 3129 4091 judicio
3161 4004 3294 4099 (der.
3323 4049 3453 4107 xvn,

1855 4090 1918 4143 Η
1937 4092 1977 4161 ).
2009 4091 2077 4146 Ει
2123 4100 2228 4151 hoc
2276 4099 2636 4158 certissimum
2666 4090 3051 4167 documentum
3081 4090 3178 4171 est‘
3203 4121 3327 4190 quia
3357 4090 3452 4181 ca:

1855 4181 2058 4238 tholica
2085 4183 2218 4242 ﬁdes
2244 4204 2521 4258 nunquam
2550 4196 2654 4251 nisi
2686 4200 3125 4264 tribulationibus
3157 4181 3239 4266 et-
3260 4229 3450 4285 perse-

1853 4274 2161 4332 cutionibus
2219 4283 2390 4335 crevit
2418 4300 2431 4336 :
2463 4292 2522 4338 ut
2577 4287 2867 4359 impleatur
2892 4297 3039 4364 quod
3091 4274 3296 4361 dictum
3346 4318 3449 4378 est,

1855 4361 1994 4427 Quia
2011 4383 2104 4437 per
2128 4370 2322 4425 multas
2374 4374 2730 4434 tribulationes
2757 4391 2810 4436 et
2833 4361 3104 4456 anqustias
3131 4407 3330 4465 Oportet
3358 4361 3450 4459 no;

1851 4454 2023 4508 videre
2051 4473 2267 4527 regnum
2312 4460 2410 4516 Dei
2440 4465 2581 4534 (Act.
2611 4483 2718 4537 xiv,
2745 4469 2858 4542 21).
2907 4454 3056 4534 illius
3094 4454 3276 4541 autem

1853 4554 2131 4599 crementa
2156 4553 2424 4605 testantur
2460 4556 2648 4611 exsilia
2689 4559 3089 4637 innocentium,
3123 4581 3180 4628 et
3215 4580 3448 4646 proscri-

3126 4620 3179 4628 -ν
3215 4620 3447 4646 rum..-

167 4620 504 4682 homousiou.
549 4629 836 4690 Videntur
869 4655 1106 4712 namque
1140 4648 1292 4717 mihi,
1335 4655 1437 4709 nisi
1474 4620 1748 4729 Evangelii
1773 4628 1831 4693 Β
1852 4632 2070 4736 mione:
2091 4637 2432 4736 ΨῘ⁵ῨῩ⁰¹¹¹Ψ³
2537 4652 2807 4706 tormenta
2831 4660 2886 4708 ⁸⁸
2906 4663 3188 4728 οβρτθδείο
3205 4669 3448 4736 οθΡῑίνο”

172 4712 456 4736 -‘-_2_-2_.-__
482 4734 506 4736 Α
632 4722 644 4736 I
949 4731 978 4736 -_

117 4757 123 4768 ..
166 4712 516 4774 clarissimum
561 4722 775 4781 culmen
815 4731 1064 4789 omnibus
1107 4740 1357 4804 gentibus
1394 4745 1513 4802 luce
1549 4753 1747 4809 clarius

167 4800 501 4873 innotuisset,
534 4818 594 4866 ut
640 4813 890 4872 hreresim
940 4836 1094 4878 suam
1113 4800 1407 4895 iquomodo
1460 4800 1744 4898 iovendam

167 4893 552 4956 arbitrarentur
580 4902 782 4973 Ariani,
815 4922 1038 4978 possent
1085 4893 1202 4987 ipsa
1231 4919 1443 4981 Domini
1471 4893 1636 4988 verba
1677 4935 1745 4991 de

169 4981 456 5056 Evangelia
485 4993 762 5054 eradicare
781 5009 838 5067 εις
870 5002 924 5057 id
949 5013 1054 5072 est,
1085 4981 1200 5081 Ego
1220 5021 1271 5067 et
1300 4981 1642 5079 Pater
1661 4981 1745 5081 sit:

172 5091 278 5131 mus
302 5096 319 5133 :
339 5083 485 5151 quod
506 5087 588 5156 (ut
604 5088 808 5147 dictum
837 5096 958 5169 est)
977 5101 1204 5159 verbum
1227 5121 1264 5161 e
1308 5093 1474 5168 verba
1513 5108 1764 5176 transla-l

172 5177 297 5242 tum,
319 5174 644 5238 homousion
664 5183 854 5245 Patres
880 5199 1204 5254 statuerunt.

1517 5345 1531 5371 ν

177 5349 356 5454 debere
379 5359 552 5457 credi,
577 5379 644 5418 an
665 5370 879 5439 paucis;
911 5388 979 5430 eo
997 5349 1142 5446 quod
1160 5349 1743 5457 Nicaeum

178 5442 496 5560 iptreoentis
521 5453 713 5512 decem
741 5468 800 5514 et
835 5472 960 5521 octo
983 5442 1236 5532 Pati-ibus
1263 5479 1594 5542 celebratum
1627 5500 1735 5560 est,

180 5533 498 5597 Ariminense
551 5560 684 5602 vero
729 5549 784 5605 in
837 5556 1160 5628 octingentis
1214 5571 1434 5642 triginta
1489 5535 1745 5648 jactitanl

183 5639 561 5700 congregatum,
619 5637 709 5693 ubi
739 5641 1064 5708 homousion
1105 5637 1310 5718 callidi'
1324 5637 1572 5729 homines
1596 5678 1739 5745 apud

183 5715 432 5786 imperitos
461 5725 789 5799 interpolare
817 5743 997 5798 conati
1043 5761 1193 5827 sunt,
1241 5763 1564 5831 compendio
1592 5715 1734 5826 refe-

249 5906 271 5938 ⁶
300 5898 392 5959 Ms.
423 5901 593 5976 Port.,
626 5911 826 5972 radere.

1855 4736 1997 4777 rum.
2023 4724 2131 4780 Sed
2160 4728 2321 4785 video
2347 4734 2616 4800 quosdam
2640 4724 3069 4805 contradictores
3088 4750 3117 4790 δ
3146 4724 3447 4824 parturien~

1853 4818 1956 4878 tes,
1987 4821 2043 4868 et
2092 4815 2500 4877 Donatistarum
2531 4827 2687 4884 nobis
2732 4831 2970 4902 obiicere
3016 4815 3444 4920 persecutiones,

1852 4916 2086 4974 quorum
2115 4909 2269 4965 furor
2304 4912 2511 4982 legibus
2560 4919 2893 4980 violentiam
2925 4909 3070 5000 fecit,
3126 4943 3181 4990 et
3236 4909 3445 5008 legibus

1850 4995 1956 5053 ista
1983 5003 2224 5071 perpessi
2241 5013 2386 5060 sunt.
2419 5007 2553 5065 Nam
2592 5013 2637 5068 si
2667 5025 2804 5084 quos
2833 5035 2900 5076 ex
2929 5023 3009 5080 eis
3035 5029 3305 5087 catholica
3329 5050 3445 5090 ma-

1852 5095 1938 5144 ter
1963 5091 2055 5160 pio
2081 5093 2203 5149 sinu
2224 5101 2479 5170 suscepit,
2512 5103 2632 5161 sine
2659 5108 2765 5164 ulla
2781 5111 3041 5183 baptismi
3075 5119 3290 5188 injuria,
3323 5125 3444 5181 sine

1852 5180 1961 5236 ulla
1991 5186 2175 5241 oneris
2193 5186 2431 5257 jactura,
2469 5194 2588 5251 sine
2624 5198 2730 5253 ulla
2757 5180 2997 5272 Spiritus
3022 5209 3198 5264 sancti
3245 5221 3441 5269 contn-

1851 5271 2019 5328 melia-
2046 5291 2059 5326 :
2088 5284 2148 5330 ut
2175 5279 2267 5347 qui
2290 5282 2571 5343 voluntate
2598 5293 2843 5349 conversi
2866 5303 3008 5364 sunt,
3041 5298 3288 5359 dolerent
3309 5309 3434 5376 quia

1851 5363 1946 5421 diu
1969 5381 2065 5425 eos
2091 5369 2249 5428 latuit
2288 5378 2507 5435 caritas.

2162 5485 2430 5547 Catholica
2460 5497 2752 5554 testimonia
2779 5502 2844 5558 de
2871 5520 2976 5561 uno
2998 5506 3129 5565 Deo.

1918 5593 1972 5649 5.
2015 5595 2192 5656 Prima
2222 5592 2328 5658 vox
2357 5605 2487 5672 Dei,
2519 5609 2688 5677 Audi,
2747 5614 2953 5688 Israel,
2994 5621 3248 5683 Dominus
3297 5628 3434 5688 Deus

1847 5693 1984 5752 tuus,
2017 5688 2154 5746 Deus
2185 5709 2315 5748 unus
2341 5706 2419 5748 est
2449 5699 2636 5766 (Deut.
2663 5719 2736 5770 v1,
2764 5705 2842 5779 4).
2879 5708 2936 5765 In
2987 5713 3430 5790 Deutcronomio,

1842 5777 2096 5837 Dominus
2125 5790 2265 5840 solus
2291 5789 2573 5846 deducebat
2625 5810 2732 5866 eos,
2763 5777 2812 5854 et
2863 5819 2968 5858 non
3025 5809 3122 5877 fuit
3166 5827 3278 5866 cum
3321 5777 3430 5875 illis,

1925 5955 1955 6000 δ
1991 5958 2089 6017 Ms.
2121 5961 2291 6041 Port.,
2321 5976 2777 6041 contradictiones.
