4046 6498
199 481 320 541 Ὶιῦ

1225 498 1361 556 PRO
1393 500 1545 556 FIDE
1574 499 1956 557 CATHOLICA
1994 499 2195 555 LIBER
2239 497 2436 556 UNUS.
3373 499 3481 555 7H

198 601 390 669 Patre,
417 613 468 658 et
498 605 654 660 Pater
675 609 726 662 in
759 627 837 663 me
864 619 941 664 est
965 611 1140 680 (Ioan.
1171 632 1279 677 xw,
1303 617 1318 668 l
1340 617 1354 667 l
1375 620 1429 682 μ’
1453 616 1588 671 Ecce
1615 632 1796 685 mqua—
1829 619 1873 675 A
1901 630 1996 668 nes
2017 615 2081 668 ad
2118 615 2340 668 Parthos
2375 633 2386 667 :
2424 613 2492 668 Ut
2519 612 2787 667 credamus
2817 615 2869 668 in
2907 630 3023 669 rero
3054 613 3194 669 Filio
3223 616 3334 685 ejus
3356 613 3482 669 Iesu

199 691 514 750 litasPatris
529 705 585 750 et
601 697 738 752 Filii.
764 699 916 765 Item,
945 701 1121 765 Pater,
1143 706 1374 774 clari/ica
1403 705 1595 761 Filium
1624 717 1789 772 tuum,

197 791 262 834 ut
291 790 339 834 et
370 781 535 839 Filius
552 794 671 840 tuus
697 789 947 858 clariﬁcet
980 801 1026 846 te
1049 792 1224 863 (Ioan.
1262 809 1392 859 xvn,
1444 797 1510 866 l).
1547 796 1652 850 Par
1695 814 1794 866 po-

197 881 395 929 testas.
452 875 558 932 Sed
602 878 875 935 sufficiunt
903 883 1004 938 ista
1033 886 1098 939 de
1143 887 1448 955 :cqualitate
1496 887 1614 942 Filii
1671 905 1792 943 cmn

201 959 392 1018 Patre.

595 1054 908 1114 Testimonia
931 1062 995 1115 de
1023 1061 1152 1117 Filii
1182 1064 1395 1119 deitate.

278 1139 332 1192 7.
365 1139 420 1194 In
449 1139 588 1198 Iob:
640 1146 738 1210 Qui
766 1135 993 1203 extendii
1029 1152 1211 1204 coelum
1261 1154 1424 1216 solus,
1469 1163 1515 1206 et
1561 1155 1790 1208 ambulat

199 1246 363 1300 super
391 1249 534 1286 mare
563 1245 807 1306 tanquam
833 1256 985 1308 super
1016 1252 1204 1294 terram
1235 1241 1354 1312 (Iob
1385 1261 1460 1306 ix,
1485 1243 1560 1313 8).
1608 1243 1662 1296 ln
1693 1245 1786 1299 Ie-

201 1324 376 1376 remia
411 1343 423 1376 :
473 1325 572 1379 Dic
620 1326 762 1381 Deus
801 1340 1009 1394 noster,
1043 1341 1091 1385 et
1141 1350 1244 1387 non
1293 1335 1625 1404 deputabitur
1658 1335 1790 1390 alius

199 1411 397 1484 absque
421 1432 512 1478 eo;
549 1418 634 1486 qui
663 1419 856 1472 inuenit
882 1437 1082 1475 onmem
1113 1424 1245 1476 viam
1287 1425 1600 1494 prudentiae,
1633 1435 1681 1477 et
1713 1425 1795 1478 de-

202 1505 284 1557 dit
315 1523 429 1559 eam
455 1506 617 1563 Iacob
663 1528 818 1580 puero
848 1529 940 1566 suo
967 1551 982 1576 ,
1012 1523 1062 1566 et
1094 1513 1260 1568 Israel
1299 1516 1484 1569 dilecto
1512 1533 1630 1569 suo.
1669 1515 1794 1570 Ροδί

201 1595 318 1648 Ιιωε
356 1599 409 1650 in
449 1601 605 1653 terris
637 1601 775 1654 risus
801 1613 917 1667 est,
953 1613 1012 1664 et
1054 1621 1167 1657 cum
1196 1605 1490 1658 hominibus
1519 1622 1792 1659 conversa-

198 1694 290 1739 tus
315 1697 390 1740 est
418 1687 647 1758 (Boruch
690 1709 747 1748 ιιι
775 1734 788 1758 ,
820 1694 914 1758 56,
967 1693 1066 1760 57,
1113 1693 1227 1764 58).
1279 1695 1526 1765 Nunquid
1555 1697 1678 1764 Quia
1709 1697 1794 1751 hic

201 1791 445 1846 persona
469 1778 586 1834 Filii
611 1796 862 1852 expressa
894 1793 995 1850 est,
1022 1785 1266 1858 dicendo,
1298 1784 1434 1849 Quia
1459 1804 1556 1840 non
1578 1789 1794 1854 deputa-

195 1867 349 1921 bitur
375 1870 508 1924 alius
558 1871 747 1944 absque
774 1892 831 1930 eo
859 1865 886 1940 ,i
907 1875 1121 1932 Patrem
1153 1894 1181 1930 a
1208 1878 1410 1932 deitate
1439 1882 1792 1948 separamus?

1899 703 2121 758 Christo.
2152 704 2251 757 llic
2277 714 2352 758 est
2375 722 2516 758 verus
2545 705 2701 771 Deus,
2732 715 2779 757 et
2808 705 2909 758 vita
2935 715 3128 760 (eterna
3160 705 3210 774 (Ι
3233 705 3391 761 Ioan.
3426 725 3477 772 γ,

1896 795 2008 862 20).
2045 795 2100 849 In
2135 799 2235 851 hoc
2262 797 2568 851 testimonio
2597 797 2690 865 qui
2723 808 2881 865 negat
2919 796 3054 852 Filio
3090 795 3477 866 perfectionem

1899 885 2015 952 Dei,
2049 886 2404 941 Antichristus
2432 895 2532 941 est.
2562 886 2704 941 Petri
2734 887 2968 956 secunda
2999 905 3010 938 :
3037 887 3127 941 Sic
3144 889 3283 941 enim
3312 889 3447 941 abun
3467 919 3479 929 ο

1899 977 2084 1031 denter
2130 978 2506 1032 ministrabitur
2548 979 2686 1034 vobis
2729 980 2971 1034 introitus
3017 980 3070 1033 in
3095 989 3352 1034 teternum
3399 998 3482 1034 re-

1897 1088 2053 1142 gnum
2083 1054 2291 1124 Domiui
2310 1073 2473 1125 nostri
2491 1081 2540 1125 et
2563 1057 2854 1127 Salmitoris
2882 1073 3004 1126 Iesu
3020 1069 3211 1126 Christi
3241 1071 3330 1140 (II
3364 1071 3478 1126 [ει.

1899 1179 1934 1226 ι,
1971 1161 2082 1230 Η).
2116 1160 2182 1215 Et
2211 1163 2454 1230 quamvis
2483 1162 2594 1218 base
2623 1180 2788 1233 pauca
2829 1164 3132 1218 testimonia
3162 1164 3228 1218 de
3277 1164 3482 1219 deitate
3567 1194 3578 1205 -

1897 1252 2036 1317 Filii,
2081 1254 2233 1322 quasi
2287 1253 2353 1310 de
2402 1269 2597 1322 magno
2623 1257 2758 1309 mari
2795 1256 3026 1325 ipsarum
3075 1256 3476 1326 Scripturarum

1896 1342 2036 1396 stilla
2077 1343 2285 1397 elevata
2335 1345 2406 1398 sit
2456 1363 2471 1397 :
2523 1361 2644 1400 cum
2692 1347 2867 1402 omnis
2897 1347 3174 1418 Scriptura
3214 1360 3324 1403 tam
3357 1350 3476 1419 ejus

1896 1434 2083 1490 deitati
2127 1453 2286 1505 quam
2316 1437 2478 1492 etiam
2511 1437 2626 1508 ejus
2662 1455 2759 1508 pro
2791 1452 3061 1510 assumpta
3097 1456 3260 1496 carne
3289 1443 3479 1496 huma-

1899 1527 2052 1580 nitati
2105 1527 2388 1596 perhibent
2426 1529 2826 1594 testimonium,
2867 1531 3006 1585 sicut
3053 1532 3167 1601 ipse
3197 1529 3250 1586 in
3295 1511 3479 1589 Evan-

1895 1618 2036 1686 gelio
2067 1621 2359 1674 secundum
2386 1619 2648 1676 Joannem
2701 1622 2777 1675 ait
2810 1639 2822 1674 :
2878 1622 3198 1678 Scrutamini
3233 1617 3472 1696 Scriptuo

1896 1727 2004 1777 ras,
2032 1711 2152 1782 quia
2183 1728 2269 1764 vos
2298 1714 2492 1782 putatis
2521 1714 2573 1766 in
2600 1714 2727 1783 ipsis
2769 1715 2925 1766 vitam
2967 1725 3213 1767 cateruam
3243 1714 3428 1768 habere
3457 1733 3475 1769 :

1894 1811 1943 1851 et
1973 1799 2076 1853 illa:
2101 1810 2220 1852 sunt
2247 1817 2364 1872 qua:
2394 1802 2737 1856 testimonium
2777 1801 3047 1872 perhibent
3093 1803 3154 1855 de
3181 1821 3262 1856 me
3292 1803 3471 1874 (Ioan.

1900 1906 1950 1953 v,
1982 1888 2093 1960 59).
2131 1889 2246 1944 Non
2292 1891 2407 1953 ait,
2439 1891 2516 1946 De
2575 1893 2762 1958 nobis,
2814 1909 2881 1948 ne
2926 1893 3062 1948 duos
3112 1895 3479 1951 introduceret

199 1955 266 2010 In
297 1956 429 2048 Isaia
468 1978 481 2012 :
514 1959 763 2033 Fatigala
789 1974 865 2018 est
893 1963 1174 2037 .Egyptus,
1199 1979 1247 2021 et
1275 1971 1556 2038 negotiatio
1585 1968 1791 2024 ΑῗιΙιὶο-
1825 1991 1864 2048 ιι
1893 1955 2062 2035 deos;
2085 1980 2140 2033 In
2186 1979 2328 2036 Luca
2371 1982 2505 2036 dixit
2531 1985 2598 2037 ad
2630 1999 2724 2039 eos
2749 1955 2922 2048 'Iesus
2952 2005 2962 2035 :
3007 1985 3138 2042 Ilwc
3165 1984 3300 2042 sunt
3323 1989 3475 2043 verba

198 2047 330 2115 pice.
364 2047 516 2104 Multi
543 2052 613 2104 ad
632 2061 689 2113 te
715 2057 915 2110 venient
937 2095 951 2120 ,
986 2068 1032 2110 et
1063 2060 1136 2111 tui
1162 2069 1312 2111 erant
1339 2062 1504 2125 servi;
1530 2071 1580 2114 et
1607 2062 1790 2115 ambu-

201 2136 388 2190 labunt
419 2149 535 2208 post
564 2150 610 2194 te
630 2182 647 2205 ,
679 2144 880 2215 alligati
909 2147 1274 2218 compedibus;
1313 2160 1362 2202 et
1392 2150 1682 2204 adorabunt
1706 2161 1754 2203 te
1773 2189 1791 2216 ,

202 2236 258 2278 et
291 2237 337 2280 te
361 2229 770 2300 deprecabuntur
793 2251 811 2288 :
851 2238 1095 2306 quoniam
1138 2237 1193 2291 in
1240 2247 1291 2291 te
1316 2250 1390 2291 est
1438 2235 1573 2294 Deus
1599 2282 1616 2307 ,
1660 2248 1708 2295 et
1737 2250 1789 2293 tu

199 2333 261 2369 es
294 2317 434 2373 Deus
473 2323 618 2376 solus
646 2365 660 2390 ,
690 2334 738 2377 et
767 2326 1118 2381 nesciebamus
1166 2345 1182 2382 :
1233 2328 1371 2383 Deus
1403 2328 1591 2394 Israel,
1627 2331 1790 2404 539

202 2406 456 2464 Salvator
485 2423 658 2467 noster
688 2413 822 2484 (Isa.
853 2434 974 2482 xcv,
1015 2417 1096 2481 l4,
1132 2417 1240 2485 15).
1283 2418 1338 2472 In
1369 2420 1472 2474 hoc
1493 2421 1790 2476 clarissimo

204 2498 519 2554 testimonio
545 2542 558 2562 ,
593 2518 698 2556 non
747 2505 919 2560 solum
961 2508 1133 2563 deitas
1170 2508 1328 2575 Filii,
1371 2509 1463 2563 sed
1500 2520 1555 2564 et
1584 2527 1788 2564 summa
1842 2537 1846 2542 -

202 2604 335 2645 cum
379 2591 540 2648 Patre
580 2597 884 2652 ostenditur
921 2600 1216 2669 aequalitas.
1262 2601 1393 2655 Nam
1422 2601 1564 2671 quod
1594 2603 1690 2670 ait,
1724 2602 1789 2656 In

204 2691 260 2735 te
279 2692 355 2737 est
403 2684 569 2748 Deus,
608 2698 660 2742 et
693 2699 744 2743 tu
768 2706 821 2743 es
855 2689 1020 2757 Deus,
1063 2691 1167 2746 hoc
1190 2692 1242 2745 in
1272 2691 1563 2760 Evangelio
1591 2692 1789 2747 dictum

208 2780 313 2838 est,
346 2772 460 2845 Ego
490 2777 543 2830 in
576 2776 754 2843 Patre,
778 2789 826 2831 et
861 2777 1018 2832 Pater
1042 2781 1099 2834 in
1120 2792 1293 2835 meest
1325 2781 1502 2852 (Ioan.
1538 2799 1643 2845 xsv,
1680 2781 1788 2854 ll).

207 2862 291 2916 Ad
325 2863 596 2923 Romanos
625 2886 639 2921 :
673 2868 901 2934 Quorum
928 2881 1100 2941 patres
1118 2915 1135 2939 ,
1164 2883 1212 2926 et
1233 2889 1299 2926 ex
1319 2873 1499 2944 quibus
1523 2873 1786 2940 Christus,

197 2953 295 3022 qui
321 2965 397 3007 est
419 2972 576 3026 super
597 2961 777 3013 omnia
810 2961 944 3014 l.'eus
970 2959 1264 3015 benedictus
1294 2964 1348 3015 in
1389 2965 1579 3019 saecula
1609 2964 1784 3037 (Rom.

205 3057 261 3096 sx
291 3083 306 3108 ,
339 3042 413 3115 5).
448 3045 667 3118 Propria
695 3051 867 3105 deitas
893 3051 1035 3106 Filii.
1061 3053 1140 3106 Azl
1169 3051 1480 3112 Corinthios
1507 3057 1738 3113 secunda
1770 3075 1800 3114 :'

201 3128 312 3214 Qui
336 3144 413 3188 est
435 3136 606 3209 imago
636 3141 904 3195 invisibilis
931 3143 1023 3196 Dei
1046 3141 1129 3213 (II
1150 3143 1269 3200 Cor.
1297 3162 1364 3209 tv,
1395 3145 1469 3216 4).
1505 3147 1558 3202 Si
1586 3149 1782 3217 imago,

204 3223 423 3278 veritas.
460 3224 558 3281 Ubi
603 3244 765 3299 supra
801 3249 814 3285 :
855 3230 989 3287 Deus
1017 3243 1130 3287 erat
1158 3236 1211 3288 in
1263 3235 1466 3291 Christo
1491 3277 1506 3302 ,
1537 3239 1784 3293 mundum

198 3316 546 3372 reconcilians
583 3319 681 3373 sibi
711 3321 799 3392 (II
834 3322 961 3378 Cor.
997 3341 1045 3390 ν,
1076 3326 1182 3398 l9).
1213 3327 1268 3381 Si
1301 3329 1441 3384 Deus
1472 3338 1645 3398 totus,
1673 3349 1776 3387 non
1807 3363 1848 3423 ε

196 3416 268 3456 «ex
300 3416 472 3474 parte.
499 3408 576 3461 Ad
604 3409 865 3482 Ephesios
902 3433 912 3466 :
947 3413 1316 3487 Euangelizare
1344 3421 1779 3491 incomprehensi-

197 3491 328 3547 biles
350 3496 550 3551 divitias
574 3497 1021 3572 Christi‘(IL'phes.
1072 3522 1124 3558 ιιι
1152 3547 1164 3569 ,
1197 3506 1270 3575 8).
1305 3506 1550 3576 Nunquid
1581 3509 1778 3566 Christi

202 3583 368 3635 solius
391 3624 404 3647 ,
437 3593 490 3638 et
522 3603 624 3640 non
656 3587 977 3664 ιδεμ-ιδιΑά
1008 3591 1354 3648 Colossenses
1385 3614 1396 3648 :
1431 3597 1560 3660 Quia
1589 3600 1641 3650 in
1666 3601 1777 3669 ipso

200 3674 507 3742 complacuit
554 3675 787 3733 habitare
825 3697 1027 3734 onmem
1083 3683 1452 3753 plenitudinem
1493 3688 1776 3744 divinitatis

194 3768 535 3836 corporaliter
552 3769 772 3845 (ϐρίσει.
792 3789 848 3838 ιι,
875 3773 950 3844 9).
975 3773 1070 3829 llic
1096 3776 1313 3831 adverte
1339 3779 1461 3846 quia
1476 3789 1532 3832 et
1560 3797 1774 3835 onmem

196 3852 581 3924 plenitudinem
609 3871 666 3917 et
694 3863 1065 3920 divinitatem:
1111 3867 1198 3921 ubi
1228 3869 1356 3924 nihil
1383 3878 1466 3924 est
1489 3873 1632 3940 quod
1677 3873 1776 3928 ad-

196 3945 367 4008 datur.
406 3947 504 4006 Ubi
533 3968 729 4024 supra:
772 3955 842 4010 Ut
865 3959 1158 4013 ostenderet
1191 3960 1327 4015 Deus
1355 3963 1560 4017 divitias
1592 3981 1770 4020 sacra-

198 4043 351 4094 menti
389 4045 468 4097 sui
511 4045 644 4099 inter
667 4058 845 4118 gentes
888 4065 905 4102 :
947 4050 1082 4120 quod
1108 4060 1184 4106 est
1213 4050 1446 4107 Christus
1480 4053 1697 4124 (Coloss.
1732 4072 1769 4123 ι,

199 4125 305 4198 27).
331 4129 484 4200 Ecce,
508 4134 706 4189 divitia:
737 4137 829 4192 Dei
853 4136 1096 4195 Christus
1120 4152 1221 4197 est.
1258 4141 1356 4198 Ubi
1387 4159 1544 4214 supra
1575 4163 1586 4198 :
1625 4145 1691 4201 Ut
1712 4148 1770 4200 in

191 4224 452 4293 agnitione
497 4231 812 4284 sacramenti
855 4230 951 4284 Dei
976 4275 989 4298 ,
1025 4234 1158 4302 quod
1185 4244 1259 4288 est
1280 4233 1514 4290 Christus
1543 4255 1560 4292 :
1589 4238 1642 4290 in
1671 4257 1769 4310 quo

192 4323 305 4366 sunt
340 4333 522 4371 omnes
558 4321 780 4376 thesauri
820 4325 1089 4394 sapientia:
1130 4336 1180 4379 et
1218 4329 1447 4382 scientia:
1481 4329 1768 4384 absconditi

194 4401 410 4472 (Coloss.
443 4423 498 4471 ιι,
546 4409 620 4478 5).
668 4409 876 4480 Integra
909 4413 1204 4483 plenitudo.
1239 4417 1322 4471 Ad
1354 4417 1762 4490 Philippenses:

1892 2087 2008 2142 qua:
2037 2071 2234 2126 locutus
2277 2088 2394 2126 sum
2420 2073 2558 2128 vobis
2585 2116 2598 2138 ,
2641 2092 2754 2128 cum
2783 2077 2951 2129 adhuc
2978 2093 3144 2131 essent
3176 2078 3470 2134 uobiscum:
3557 2087 3559 2089 ’

1891 2166 2137 2234 quoniam
2167 2181 2371 2219 necesse
2395 2175 2472 2219 est
2499 2167 2700 2236 impleri
2727 2168 2900 2220 omnia
2921 2185 3036 2236 qua:
3055 2171 3250 2239 scripta
3277 2181 3393 2224 sunt
3419 2173 3474 2226 in
3509 2159 3520 2164 v

1890 2254 2003 2325 lege
2057 2255 2246 2325 Moysi,
2291 2267 2345 2310 et
2396 2257 2683 2327 praphetis,
2734 2267 2784 2324 et
2834 2258 3086 2327 Psalmis,
3118 2262 3183 2314 de
3211 2279 3290 2316 me
3320 2262 3469 2333 (Luc.

1893 2364 2015 2402 xxw
2040 2390 2054 2414 ,
2105 2347 2218 2418 44).
2251 2349 2498 2420 Nunquid
2541 2349 2779 2406 excludit
2826 2351 3042 2408 Patrem
3087 2369 3118 2408 a
3157 2355 3471 2412 testimonio

1891 2441 2308 2515 Scripturarum,
2341 2444 2466 2511 quia
2490 2452 2544 2498 et
2567 2443 2652 2498 hic
2675 2445 2771 2510 ait,
2789 2444 2868 2500 De
2891 2447 3009 2500 nte.’
3025 2446 3099 2503 De
3125 2449 3470 2519 omnipoten-

1892 2535 1965 2588 tia
1995 2534 2113 2588 Filii
2147 2535 2197 2588 in
2230 2534 2520 2591 Salomone
2553 2555 2566 2590 :
2616 2537 2954 2609 Omnipotens
2995 2557 3167 2596 sermo
3197 2551 3330 2608 tuus,
3366 2543 3474 2599 Do-

1891 2626 2057 2690 mine;
2105 2626 2168 2680 de
2188 2626 2330 2680 cmlis
2369 2644 2403 2680 a
2443 2628 2700 2698 regalibus
2726 2629 2930 2684 sedibus
2969 2634 3104 2686 venit
3136 2633 3289 2704 (Sap.
3323 2652 3470 2700 xvut,

1892 2715 2000 2786 15).
2035 2716 2092 2770 In
2134 2716 2390 2782 Zacharia
2415 2735 2428 2770 :
2463 2719 2508 2771 0
2527 2761 2540 2785 ,
2575 2721 2734 2791 fugite
2761 2721 2825 2775 de
2850 2731 2990 2777 terra
3015 2727 3274 2796 aquilonis
3297 2768 3311 2794 ,
3344 2729 3472 2783 dicit

1892 2807 2142 2862 Dominus
2173 2823 2192 2861 :
2242 2822 2301 2861 eo
2329 2808 2466 2880 quod
2488 2806 2570 2863 ea:
2610 2820 2834 2882 quatuor
2876 2816 3037 2868 sentis
3067 2817 3180 2870 creti
3227 2819 3469 2890 colligant

1889 2913 1994 2952 vos.
2029 2895 2167 2952 Dicit
2190 2894 2439 2952 Dominus
2473 2915 2492 2953 :
2525 2897 2588 2952 In
2613 2898 2747 2954 Sion
2762 2903 2926 2975 550
2945 2906 3223 2960 salvamini
3251 2910 3337 2980 qui
3367 2910 3466 2966 ha-

1887 2984 2064 3038 bitatis
2092 2987 2147 3039 in
2172 2986 2286 3056 ﬁlia
2311 2985 2612 3057 Babylonis.
2639 2987 2862 3058 Propter
2887 2992 3028 3063 quod
3056 2994 3164 3048 haec
3205 2996 3332 3050 dicit
3362 2997 3468 3055 Do—

1887 3077 2058 3130 minus
2096 3079 2422 3147 omnipotens
2450 3095 2470 3131 :
2509 3078 2632 3134 I’ost
2657 3081 2880 3150 gloriam
2904 3085 3051 3139 misit
3090 3103 3169 3140 me
3197 3089 3267 3141 ad
3287 3101 3466 3160 gentes

1831 3187 1842 3194 ~‘
1886 3183 2102 3237 quassos
2141 3169 2574 3238 exspoliaverunt.
2612 3168 2835 3241 Propter
2868 3175 3006 3246 quod
3037 3178 3124 3249 qui
3165 3181 3328 3250 tangit
3355 3198 3462 3247 vos,

1886 3267 2129 3329 tanquam
2155 3260 2240 3330 qui
2268 3260 2434 3330 tangit
2462 3262 2712 3331 pupillam
2751 3267 2885 3318 oculi
2915 3267 3046 3337 ejus.
3083 3266 3302 3340 Propter
3329 3275 3466 3342 quod

1882 3348 2124 3403 inducam
2144 3366 2354 3404 manum
2381 3368 2549 3406 means
2577 3370 2729 3424 super
2748 3372 2856 3421 eos,
2885 3367 2938 3410 et
2956 3369 3107 3412 erunt
3130 3362 3314 3432 pra‘da
3337 3381 3466 3434 pra:-

1883 3441 2126 3497 dantibus
2171 3459 2292 3506 eos;
2331 3454 2381 3498 et
2403 3446 2574 3499 scietis
2601 3448 2722 3518 quia
2753 3447 2998 3504 Dominus
3019 3454 3342 3523 omnipotens
3363 3458 3464 3509 mi-

1882 3536 1949 3588 sit
1969 3535 2251 3605 me(Zach.
2288 3552 2344 3603 ιι,
2375 3536 2411 3589 2
2435 3548 2486 3592 et
2509 3539 2665 3610 seq.).
2697 3532 2920 3596 Sursum
2945 3546 3287 3614 omnipotens
3311 3548 3459 3614 dicit,

1880 3625 2132 3683 deorsum
2161 3629 2504 3699 omnipotens
2531 3632 2738 3686 mittit:
2781 3635 3017 3702 nunquid
3065 3636 3172 3691 duo
3207 3639 3459 3709 omnipo-

1879 3723 2060 3771 tentes
2082 3717 2293 3772 ?1Amos
2320 3721 2583 3789 propheta
2612 3739 2626 3772 :
2672 3719 2927 3776 Dominus
2955 3725 3042 3794 qui
3071 3728 3238 3795 tangit
3266 3736 3458 3781 terram

1877 3815 1925 3860 et
1942 3818 2111 3862 movet
2137 3825 2270 3873 eam,
2319 3819 2369 3862 et
2405 3810 2650 3880 lugebant
2676 3828 2854 3866 omnes
2879 3825 3256 3869 commorantes
3277 3819 3328 3870 in
3353 3835 3455 3878 ea;

1873 3907 1926 3952 et
1951 3899 2194 3952 ascendet
2239 3900 2371 3953 sicut
2415 3901 2598 3968 ﬂuvius
2627 3900 2848 3973 zEgypti
2869 3944 2886 3968 ,
2929 3906 3014 3976 qui
3044 3906 3274 3975 ardiﬁcat
3303 3925 3456 3979 super

1871 3984 2055 4041 ctelum
2084 3991 2436 4043 ascensionem
2464 4007 2632 4057 suam,
2663 4001 2712 4044 et
2739 3994 3094 4048 remissionem
3121 4012 3270 4049 suam
3298 4013 3454 4066 super

1875 4087 2064 4132 terram
2096 4075 2371 4150 confirmat
2398 4097 2416 4134 :
2457 4082 2542 4151 qui
2583 4090 2726 4135 rorat
2754 4099 2915 4154 aquas
2944 4086 3125 4150 maris,
3154 4095 3204 4140 et
3230 4087 3453 4156 eﬁ‘undit

1873 4184 1958 4222 eas
1989 4185 2140 4239 super
2169 4171 2356 4240 [aciem
2378 4179 2531 4226 terra:
2561 4188 2578 4225 :
2614 4171 2864 4227 Dominus
2892 4176 3220 4244 omnipotens
3242 4188 3320 4232 est
3350 4196 3449 4234 no-

1872 4274 1987 4312 men
2014 4258 2126 4328 ejus
2157 4259 2334 4330 (Amos
2363 4277 2438 4326 ix,
2463 4259 2538 4331 5).
2570 4261 2759 4317 Nonne
2782 4263 2896 4319 hmo
2925 4266 3103 4320 omnia
3128 4267 3264 4322 Filio
3295 4252 3452 4324 intel-

1869 4347 2106 4416 liguntur
2129 4349 2457 4405 convenire?
2500 4351 2589 4421 qui
2619 4352 2951 4408 descendens
2991 4363 3190 4411 terram
3241 4359 3444 4427 tetigit,

1866 4439 2117 4508 passione
2146 4442 2438 4497 commovit
2460 4484 2476 4510 ,
2519 4449 2574 4497 et
2601 4443 2667 4498 de
2693 4446 2849 4499 terris
2878 4447 3115 4502 ascendit
3147 4450 3198 4504 in
3229 4451 3447 4515 coelum,

1864 4539 1921 4585 et
1948 4546 2112 4602 super
2141 4519 2338 4587 terram
2370 4533 2650 4589 descendit
2676 4551 2705 4589 e
2750 4537 2908 4602 coelo,
2940 4539 3079 4593 sicut
3102 4540 3214 4607 ipse
3244 4544 3446 4610 promi.

1865 4623 1935 4678 sit
1963 4623 2014 4677 in
2045 4623 2364 4697 Apocalypsi
2416 4625 2567 4696 (Cap.
2613 4641 2689 4692 ιιι,
2727 4628 2812 4698 Μ)
2847 4647 2860 4681 :
2914 4628 3044 4683 Iliae
3085 4631 3209 4683 dicit
3251 4635 3335 4701 qui
3371 4644 3447 4686 est

1792 4739 1836 4795 ι)
1865 4717 2004 4770 testis
2045 4716 2214 4786 ﬁdelis
2240 4757 2254 4781 ,
2302 4718 2508 4770 initium
2534 4730 2790 4780 creatura:
2821 4708 2913 4773 Dei
2939 4738 2957 4773 :
3007 4719 3106 4784 Qui
3135 4731 3248 4786 est,
3281 4733 3330 4777 et
3357 4724 3446 4793 qui

1859 4814 1976 4858 erat
1999 4845 2013 4870 ,
2045 4815 2092 4858 et
2118 4808 2203 4876 qui
2229 4817 2468 4862 venturus
2493 4819 2596 4872 est,
2635 4809 2880 4864 Dominus
2904 4813 3226 4882 omnipotens
3254 4813 3442 4885 (Apoc.

1860 4914 1899 4962 ι,
1931 4898 2010 4968 8).
2043 4897 2259 4962 Movet,
2290 4899 2412 4967 quia
2436 4899 2606 4968 dixit,
2643 4901 2859 4955 Initium
2891 4911 3141 4958 creaturae
3168 4903 3295 4968 Dei;
3323 4922 3444 4960 mo-

1856 4997 2000 5054 veat,
2033 4990 2157 5058 quia
2189 4991 2388 5045 dictum
2412 5001 2528 5058 est,
2559 4993 2804 5049 l'ominus
2830 4999 3153 5067 omnipotens
3175 5015 3193 5051 :
3227 5009 3285 5052 ut
3314 4999 3437 5062 hoc,

1856 5081 1924 5136 de
1957 5081 2193 5148 deitate;
2227 5082 2354 5137 illud
2377 5123 2395 5148 ,
2419 5083 2562 5152 quod
2593 5097 2748 5140 natus
2773 5096 2876 5155 est,
2908 5089 2975 5144 de
3004 5089 3168 5143 Maria
3205 5090 3440 5159 Virgine.

193 4490 422 4583 Quicum
451 4500 504 4552 in
530 4502 697 4572 forma
732 4501 825 4555 Dei
854 4515 984 4557 esset
1015 4509 1322 4562 constitutus
1350 4510 1569 4583 (Philip.
1602 4529 1658 4578 ιι,
1685 4511 1717 4565 6
1746 4554 1762 4567 .

195 4581 351 4640 Audis
378 4584 641 4654 formam,
673 4600 728 4644 et
753 4607 918 4660 negas
943 4597 1240 4662 (aqualem?
1277 4597 1372 4652 Ubi
1405 4581 1564 4671 supra
1602 4621 1614 4655 :
1643 4602 1764 4674 Ipse

193 4678 353 4728 autem
386 4678 518 4733 Deus
554 4680 737 4743 Pater,
785 4693 835 4735 et
863 4683 1109 4739 Dominus
1139 4700 1313 4742 noster
1341 4689 1493 4746 Iesus
1521 4693 1755 4749 Christus

190 4764 373 4836 dirigat
400 4771 535 4823 viam
571 4781 799 4826 nostram
827 4775 897 4826 ad
943 4792 1027 4830 vos
1071 4776 1123 4845 (I
1158 4777 1334 4832 Thess.
1370 4797 1452 4845 ιιι,
1483 4782 1587 4852 ll).
1622 4784 1758 4842 Ecce

191 4858 341 4942 ambo
363 4860 596 4930 dirigunt
623 4882 634 4915 :
669 4879 766 4933 par
789 4875 1049 4934 potestas.
1084 4865 1160 4920 Ad
1187 4865 1524 4924 Timotheum
1549 4874 1752 4942 prima:

192 4941 255 5002 Ut
273 4965 436 5006 serves
462 4955 765 5014 mandatum
795 4958 1256 5026 irreprehensibile,
1288 4977 1446 5032 usque
1466 4963 1534 5015 ad
1552 4941 1754 5020 adven-

169 5029 288 5094 tum
313 5042 516 5102 Domini
549 5052 710 5104 nostri
738 5049 864 5105 Iesu
888 5051 1079 5107 Christi
1105 5095 1118 5119 ,
1143 5071 1288 5126 quem
1310 5057 1416 5110 suis
1447 5061 1754 5130 temporibus

188 5135 409 5189 ostendet
453 5135 629 5194 beatus
648 5182 662 5206 ,
693 5151 742 5195 et
773 5145 911 5198 solus
941 5154 1120 5213 potens
1144 5145 1199 5213 (I
1237 5145 1367 5201 Tim.
1403 5167 1472 5213 vr,
1505 5150 1613 5217 14),
1644 5163 1747 5208 etc.

188 5221 427 5295 Nunquid
451 5230 572 5297 quia
598 5231 730 5286 dixit
735 5275 760 5304 ,
788 5233 944 5290 Solus
974 5247 1173 5308 potens,
1207 5240 1510 5296 excluditur
1540 5242 1698 5300 Pater
1721 5262 1752 5301 a

187 5317 458 5383 potentia?
487 5319 566 5373 Ad
594 5320 768 5376 Titum
805 5341 816 5375 :
851 5324 1036 5380 Illuxit
1064 5337 1235 5381 autem
1272 5332 1508 5386 omnibus
1533 5334 1753 5404 homini-

186 5401 270 5458 bus
295 5407 468 5476 gratia
501 5408 612 5473 Dei,
642 5421 692 5464 et
717 5409 1008 5467 Saluatoris
1051 5419 1214 5470 nostri
1256 5417 1379 5472 Iesu
1406 5401 1595 5476 Christi
1623 5425 1748 5495 (Tit.

187 5510 238 5572 ιι,
262 5496 368 5566 Η).
402 5496 500 5553 Ubi
530 5514 688 5569 supra
716 5502 784 5572 (ιν.
820 5503 907 5572 15)
940 5522 950 5555 :
984 5502 1356 5575 Exspectantes
1388 5509 1591 5565 beatam
1612 5531 1748 5583 spem

187 5595 232 5640 et
271 5589 533 5645 adventum
575 5595 754 5664 gloria:
806 5598 982 5666 magni
1034 5597 1128 5651 Dei
1168 5610 1220 5654 et
1262 5600 1547 5657 Saluatoris
1584 5609 1750 5660 nostri

185 5676 296 5732 Iesu
327 5679 536 5735 Christi.
570 5684 624 5736 Si
656 5699 876 5752 magnus
904 5685 1042 5758 Deus
1071 5687 1252 5757 Filius,
1285 5692 1413 5747 nihil
1446 5694 1606 5750 habet
1643 5696 1744 5748 mi-

185 5786 290 5826 nus.
316 5768 414 5828 Ubi
444 5789 602 5843 supra
629 5794 640 5828 :
677 5775 802 5830 Cum
841 5785 1011 5831 autem
1055 5777 1342 5855 benignitas
1369 5795 1416 5838 et
1446 5786 1745 5840 humanitas

2282 5215 2597 5272 Testimonia
2639 5221 2704 5273 de
2744 5220 3016 5274 Trinitate.

1923 5327 1976 5381 8.
2009 5325 2066 5380 In
2099 5325 2425 5396 Evangelia:
2477 5329 2580 5397 Ite,
2621 5331 2878 5400 baptizate
2926 5339 3102 5401 gentes
3142 5333 3197 5385 in
3225 5333 3437 5386 nomine

1855 5418 2053 5484 Patris,
2083 5429 2132 5473 et
2154 5418 2302 5486 Filii,
2323 5431 2375 5474 et
2400 5421 2624 5491 Spiritus
2648 5424 2814 5476 sancti
2849 5429 2861 5477 l
2873 5421 3060 5476 Matth.
3092 5440 3292 5496 11ml,
3329 5424 3434 5493 t9).

1855 5511 1920 5564 In
1960 5513 2188 5577 nomine,
2237 5529 2342 5568 non
2372 5513 2438 5568 In.
2461 5513 2783 5567 nominibus.
2815 5513 2946 5568 ltem
2981 5501 3212 5572 {Simile
3239 5524 3316 5572 est
3348 5534 3432 5572 re-

1849 5620 2008 5672 gnum
2054 5605 2295 5658 caelorum
2336 5603 2537 5656 mulieri
2566 5619 2678 5674 qua:
2719 5602 2992 5659 abscondit
3030 5610 3335 5679 fermentum
3377 5609 3432 5662 in

1847 5695 2035 5764 farina:
2063 5697 2189 5749 satis
2217 5693 2396 5760 tribus,
2415 5693 2575 5748 donec
2597 5696 2992 5765 fermentaretur
3017 5708 3177 5753 totum
3211 5698 3427 5769 (Matth.

1846 5805 1959 5854 xnl,
1992 5790 2101 5859 55).
2156 5789 2254 5845 llic
2301 5791 2493 5846 mulier
2532 5792 2748 5862 ponitur
2790 5791 3047 5860 Ecclesia,
3091 5811 3211 5864 qua:
3258 5798 3428 5865 tuquis

185 5862 343 5917 illusit
395 5865 678 5950 Saluatoris
735 5873 896 5923 nostri
945 5871 1067 5951 Iesu
1118 5875 1308 5935 Christi
1353 5877 1480 5942 (Tit.
1531 5894 1607 5939 ιιι,
1661 5879 1739 5950 4).
1844 5880 2167 5949 ponderibus
2189 5881 2344 5935 iidem
2367 5879 2560 5947 Patris,
2584 5891 2638 5938 et
2662 5883 2796 5949 Filii,
2831 5893 2884 5953 et
2914 5862 3146 5956 Spiritus
3172 5862 3346 5944 sancti
3373 5893 3425 5946 in

186 5950 270 6009 llic
296 5972 390 6013 nec
421 5942 798 6015 humanitatem
829 5943 1148 6036 tacuit,.nec
1185 5973 1542 6040 divinitatem.
1575 5968 1740 6028 Ioan-
1844 5975 2002 6029 corda
2034 5973 2362 6031 erelcntium
2394 5963 2689 6035 abscondit.
2711 5977 2764 6033 ln
2780 5981 3098 6052 Apocalypsi
3129 6000 3138 6038 :
3167 5981 3414 6041 Sanctus.

599 6056 864 6118 PATROL.
905 6059 1093 6135 LXV,
2907 6072 2984 6132 '23

3631 1958 3655 1987 Ι
