4050 6452
302 464 410 531 ’ῚΓἸ

1328 480 1465 541 mo
1491 483 1642 543 nm:
1678 485 2066 547 carnoucs
2102 477 2302 550 uasti
2343 458 2542 552 usus.

302 605 344 641 α
370 578 601 649 mortuis,
656 565 851 642 habitat
873 574 929 643 in
964 592 1102 646 robis
1153 594 1224 665 (tv.
1271 575 1378 667 11).
1425 596 1615 664 Qualis
1664 601 1754 655 hic
1797 612 1880 655 est
1912 607 1957 663 Λ
1987 604 2191 673 prima:
2235 606 2486 677 Magnum
2516 616 2590 661 est
2613 604 2819 677 pietut’s
2850 608 3246 671 sacramentum,
3280 601 3564 676 quotlma-

308 679 450 733 Deus
499 681 588 746 qui
639 696 855 735 carnem
897 683 1176 740 Creatoris
1221 703 1248 740 a
1295 697 1520 744 mortuis
1562 692 1883 746 suscitavit?

218 838 219 841 η
308 765 407 824 Ubi
433 784 632 838 supra:
680 769 800 825 Non
829 775 966 827 enim
1008 774 1296 846 accepinms
1344 782 1585 850 spiritum
1626 784 1882 838 servitutis

226 914 229 915 ν
306 857 379 940 (ti.
418 857 530 928 15).
584 860 769 916 Nullus
797 863 934 918 liber
981 866 1081 920 nisi
1126 867 1299 934 Deus,
1347 871 1491 939 quod
1540 882 1622 929 est
1644 873 1882 945 Spiritus

298 933 543 1006 sanctus.
610 951 706 1007 Ubi
749 966 951 1025 snpra:
1006 956 1144 1012 Deus
1192 933 1378 1015 autem-
1406 964 1514 1032 spei
1562 933 1757 1034 repleat
1793 982 1880 1019 ros

295 1045 441 1098 omni
470 1046 660 1115 gaudio
688 1055 737 1100 et
770 1063 898 1117 pace
926 1046 980 1103 in
1009 1051 1263 1105 credendo
1288 1070 1304 1106 :
1335 1056 1387 1108 in
1417 1056 1741 1111 abundantia
1768 1060 1879 1127 spei

295 1144 348 1187 et
374 1135 558 1188 virtute
587 1134 814 1205 Spiritus
837 1141 1002 1192 sancti
1032 1140 1207 1208 (Rom.
1242 1160 1330 1210 xv,
1386 1144 1491 1204 13).
1538 1145 1691 1201 Sicut
1717 1146 1872 1201 Chri-

294 1234 412 1280 stus
440 1226 610 1281 virtus
631 1227 724 1282 Dei
776 1230 846 1282 ita
880 1230 1111 1300 Spiritus
1136 1244 1376 1290 satia-tus.
1430 1234 1528 1290 Ubi
1559 1252 1752 1307 supra:
1810 1238 1877 1293 Ut

296 1319 392 1386 ﬁat
452 1320 643 1373 oblatio
693 1323 919 1390 gentium
979 1325 1307 1393 sanctiﬁcata
1349 1329 1402 1382 in
1445 1329 1645 1396 Spiritu
1694 1340 1875 1385 sancto

293 1408 494 1477 (Ibid,
523 1408 639 1480 16).
669 1410 899 1480 Spiritus
925 1415 1062 1469 sicut
1091 1417 1339 1481 virilieat,
1374 1419 1445 1472 ita
1476 1427 1531 1473 et
1557 1420 1871 1476 sanctiﬁcat.

292 1499 397 1555 Ubi
427 1517 590 1570 supra
617 1521 630 1549 τ
660 1502 788 1557 Non
810 1507 948 1559 enim
976 1507 1139 1561 audeo
1170 1509 1366 1579 aliquid
1394 1512 1534 1582 loqui
1561 1513 1737 1566 citrum
1761 1531 1875 1585 qua:

286 1606 383 1659 per
428 1607 511 1644 me
549 1609 652 1647 non
697 1595 846 1665 efﬁcit
876 1595 1107 1651 Christus
1159 1600 1212 1652 in
1253 1599 1596 1655 obedientiam
1625 1606 1871 1674 gentium,

288 1680 440 1733 uerbo
458 1690 508 1734 et
526 1683 712 1752 factis;
736 1700 825 1752 per
844 1688 1129 1753 potentiam
1148 1690 1410 1759 signorum
1430 1700 1480 1745 et
1499 1693 1872 1764 prodigiorum,

287 1774 342 1823 in
368 1772 554 1825 virtute
575 1771 801 1843 Spiritus
826 1779 991 1829 sancti
1015 1777 1202 1845 (lbid.,
1230 1779 1315 1842 18,
1348 1781 1457 1848 19).
1488 1782 1668 1838 Virtus
1687 1785 1870 1850 Filius,

284 1864 462 1920 virtus
486 1864 739 1935 Spiritus,
771 1869 939 1923 virtus
971 1869 1131 1925 Pater
1157 1889 1171 1935 ;
1213 1874 1307 1929 sed
1335 1889 1460 1939 una,
1494 1888 1599 1931 non
1622 1884 1755 1932 tres.
1776 1879 1871 1933 ‘Ad

1978 696 2284 764 ‘uifestatum
2320 709 2397 751 est
2436 699 2490 751 in
2532 714 2707 763 carne,
2750 696 3090 769 justi/iculum
3138 706 3212 750 est
3254 696 3306 749 iu
3359 696 3563 771 Spiritu

1987 783 2039 845 (1
2073 785 2205 839 Tim.
2244 788 2457 856 nulli).
2503 787 2639 842 Ecce
2690 788 2850 841 etiam
2883 785 3081 842 Christi
3134 786 3560 841 incarnationem

1983 871 2214 942 Spiritus
2241 887 2458 931 Sttttt'ltla‘
2486 876 2804 934 sanctilicat.
2830 877 2907 953 Ad
2929 875 3270 931 Timotheum
3293 875 3559 957 secunda:

1985 960 2180 1017 Bonum
2203 967 2288 1034 [id
2307 966 2652 1020 irommissum
2677 967 2893 1031 custodi,
2916 1014 2919 1017 .
2942 982 3032 1037 per
3053 966 3306 1037 Spiritum
3326 975 3564 1047 sanctum

1979 1055 2067 1126 qui
2094 1054 2293 1109 habitat
2314 1057 2368 1109 in
2395 1057 2541 1111 nobis
2572 1055 2657 1127 (ΙΙ
2684 1057 2814 1110 Tim.
2837 1073 2873 1123 ι,
2907 1057 2995 1126 ll)
3046 1055 3100 1110 Si
3126 1054 3265 1110 Deus
3292 1069 3397 1110 non
3419 1064 3564 1110 esset

1981 1146 2230 1218 Spiritus,
2265 1164 2370 1202 non
2410 1147 2633 1203 auderet
2659 1149 2947 1219 Apostolus
2975 1164 3070 1217 per
3098 1148 3270 1217 ipsum
3320 1145 3561 1215 discipu-

1977 1240 2089 1295 lum
2119 1241 2388 1308 adiurare.
2430 1241 2671 1311 insuper,
2703 1244 2787 1314 qui
2821 1242 3020 1296 habitat
3057 1244 3110 1295 in
3144 1241 3311 1296 nobis.
3354 1238 3433 1294 Ad
3462 1237 3557 1294 Ti-

1979 1336 2092 1382 tum
2125 1347 2138 1381 :
2176 1329 2361 1385 Salvos
2405 1348 2498 1384 nos
2532 1333 2650 1401 fecit
2686 1350 2774 1401 per
2819 1332 3081 1386 lavacrum
3120 1330 3555 1401 regenerationis,

1976 1438 2068 1489 per
2096 1422 2349 1491 Spiritum
2388 1432 2627 1477 sanctum
2669 1423 2794 1491 (Tit.
2823 1441 2898 1489 ιιι,
2929 1421 3004 1494 5).
3058 1422 3201 1478 Petri
3229 1421 3295 1476 ad
3324 1430 3513 1491 gentes
3540 1439 3553 1472 :

1980 1505 2031 1560 Ν
2036 1511 2235 1564 nntiata
2249 1512 2394 1566 .vobis
2424 1522 2543 1565 sunt
2568 1531 2658 1583 per
2679 1530 2768 1567 eos
2787 1514 2873 1583 qui
2896 1514 3372 1584 erangelizaverunt
3392 1511 3554 1576 vobis,

1978 1600 2175 1669 Spiritu
2213 1611 2393 1654 sancto
2440 1603 2595 1655 misso
2640 1603 2704 1657 de
2738 1602 2917 1656 ctrlis:
2961 1604 3016 1657 in
3054 1621 3151 1674 quo
3187 1600 3556 1670 concupiscunt

1975 1690 2146 1759 angeli
2168 1689 2462 1759 prospicere
2494 1689 2548 1758 (Ι
2569 1688 2709 1744 Petr.
2744 1708 2781 1754 ι,
2814 1689 2924 1760 12).
2967 1691 3109 1745 Deus
3151 1699 3232 1745 est
3277 1705 3435 1760 quem
3467 1690 3556 1746 cit-

1973 1776 2127 1845 piunt
2173 1777 2347 1846 angeli
2397 1780 2726 1847 prospicere.
2794 1778 2892 1835 Ubi
2927 1796 3130 1850 supra:
3187 1780 3417 1837 Christus
3456 1801 3551 1855 pro

1972 1871 2194 1937 peccatis
2223 1871 2411 1924 nostris
2435 1881 2663 1927 mortuus
2688 1882 2783 1935 est,
2800 1874 2973 1944 justus
2994 1892 3088 1944 pro
3111 1877 3160 1928 in
3157 1876 3319 1946 justis
3340 1893 3359 1930 :
3380 1886 3436 1930 ut
3457 1895 3551 1933 nos
3608 1861 3625 1883 ’

283 1953 599 2013 Corinthios
629 1959 840 2027 prima:
883 1960 1111 2031 Spiritus
1153 1972 1322 2018 autem
1360 1968 1540 2020 omnia
1583 1978 1858 2024 scrutatur.

1971 1958 2181 2033 oﬂ'erret
2232 1959 2360 2023 Deo,
2410 1962 2747 2031 mortiﬁcatos
2796 1964 3000 2034 quidem
3043 1982 3219 2029 came,
3267 1967 3550 2037 rivi/icatos

289 2045 461 2103 Nemo
486 2051 626 2104 novit
652 2066 767 2121 qua:
812 2060 934 2106 sunt
966 2052 1080 2117 Dei,
1127 2056 1230 2108 nisi
1261 2056 1490 2126 Spiritus
1519 2058 1630 2128 ejus
1662 2058 1715 2128 (1
1745 2058 1864 2115 Cor.

286 2152 345 2201 ll,
378 2137 465 2206 10,
495 2139 605 2209 11).
639 2139 738 2195 Ubi
767 2157 927 2211 supra
957 2161 970 2195 :
1012 2143 1276 2215 Templum
1307 2145 1402 2200 Dei
1431 2148 1574 2212 estis,
1615 2159 1664 2202 et
1692 2150 1866 2221 Spiri-

286 2226 495 2282 tus‘Dei
523 2228 722 2283 habitat
748 2233 800 2285 in
828 2232 969 2286 vobis
998 2232 1052 2303 (Ι
1083 2233 1203 2288 Cor.
1230 2251 1306 2305 in,
1334 2235 1443 2302 16).
1489 2238 1626 2293 Deus
1647 2249 1731 2293 est
1776 2241 1867 2311 qui

285 2314 494 2375 habitat
524 2318 576 2371 in
598 2320 803 2390 templo
829 2337 946 2375 suo.
994 2321 1090 2377 Ubi
1122 2339 1282 2395 supra
1310 2343 1323 2379 :
1355 2326 1527 2382 Abluti
1552 2338 1602 2382 et
1628 2331 1867 2401 sanctiﬁ-

282 2407 391 2459 cati
409 2408 532 2461 estis
558 2410 851 2475 inknomine
877 2410 1085 2467 Domini
1113 2417 1276 2469 nostri
1299 2415 1425 2470 Iesu
1442 2415 1653 2483 Christi,
1677 2428 1728 2473 et
1753 2422 1870 2492 Spi-

279 2497 386 2549 ritu
422 2496 516 2550 Dei
544 2494 706 2552 nostri
737 2500 787 2569 (‘l
814 2500 932 2555 Cor.
957 2519 1027 2567 v1,
1056 2503 1164 2571 ll).
1218 2504 1354 2560 Ecce
1381 2508 1538 2561 simul
1587 2510 1865 2575 mandant,

278 2587 443 2640 simul
471 2589 811 2642 sanctilicant
840 2590 1004 2645 Filius
1028 2600 1084 2645 et
1108 2592 1343 2662 Spiritus
1371 2605 1611 2650 sanctus.
1642 2597 1741 2652 Ubi
1769 2615 1863 2655 su-

279 2689 379 2745 pra
406 2695 420 2728 :
456 2675 649 2731 Omnia
676 2689 919 2752 qperatur
947 2699 1081 2736 unus
1109 2692 1260 2753 atque
1285 2685 1423 2738 idem
1453 2686 1699 2756 Spiritus,
1728 2690 1863 2743 divi—

278 2767 411 2821 dens
449 2769 719 2841 unicuique
742 2778 895 2840 prout
924 2774 1028 2826 uult
1056 2773 1110 2841 (Ι
1133 2774 1252 2828 Cor.
1283 2770 1374 2838 xit,
1406 2776 1514 2847 11).
1568 2778 1667 2844 Qui
1694 2779 1864 2835 libere

275 2856 426 2924 quod
451 2858 565 2911 vult
595 2858 743 2924 facit,
776 2862 904 2915 nulli
934 2870 1017 2917 est
1046 2865 1307 2920 subditus.
1337 2866 1415 2920 Ad
1442 2867 1754 2925 Corinthios
1778 2886 1864 2925 se-

278 2946 454 3001 cunda
482 2964 494 3000 :
532 2947 768 3017 Epistola
795 2954 1010 3021 scripta,
1041 2969 1143 3006 non
1171 2964 1479 3021 atramento,
1526 2959 1617 3012 sed
1662 2960 1862 3029 Spiritu

279 3035 383 3090 Dei
406 3038 503 3091 rivi
532 3037 618 3110 (II
641 3038 762 3094 Cor.
795 3057 869 3104 tu,
892 3042 977 3112 ’5).
1010 3041 1243 3111 Spiritus
1272 3044 1502 3101 hominis
1531 3063 1637 3101 non
1660 3056 1743 3103 est
1764 3048 1865 3103 mi-

279 3114 385 3184 nor
411 3129 631 3185 homine
655 3147 669 3195 ;
700 3140 904 3200 quanto
933 3134 1073 3202 magi
1092 3169 1102 3179 .
1120 3133 1353 3204 Spiritus
1374 3136 1466 3191 Dei
1494 3139 1508 3190 !
1547 3136 1645 3193 Ubi
1666 3156 1857 3210 supra:

276 3218 482 3275 Littera
524 3222 743 3288 occidit,
795 3222 1022 3294 Spiritus
1068 3236 1239 3280 autem
1287 3229 1510 3299 viri/icat
1556 3230 1744 3301 (Ibid.,
1778 3233 1855 3303 6).

1968 2057 2140 2101 autem
2170 2049 2372 2118 Spiritu
2405 2050 2461 2117 (1
2492 2050 2637 2105 Petr.
2669 2069 2744 2115 ιιι,
2780 2054 2888 2121 18).
2928 2053 3031 2108 Ubi
3062 2050 3264 2126 supra:
3310 2058 3379 2113 Ut
3399 2059 3550 2130 judi-

1967 2146 2147 2191 centur
2174 2140 2380 2210 quidem
2424 2144 2704 2195 secundant
2754 2144 3008 2198 hominem
3048 2146 3109 2200 in
3146 2164 3328 2212 came,
3378 2150 3549 2205 uiuant

1968 2237 2137 2281 autem
2164 2231 2444 2285 secundum
2481 2231 2647 2286 Deum
2695 2236 2749 2288 iu
2781 2233 2982 2303 Spiritu
3031 2235 3096 2305 (I
3148 2235 3289 2292 Petr.
3341 2255 3415 2308 tv,
3463 2240 3543 2309 6).

1971 2314 2069 2372 Ubi
2094 2334 2253 2388 supra
2280 2338 2292 2371 :
2324 2321 2384 2375 Si
2412 2321 2800 2392 exprobrantiui
2824 2324 2877 2378 in
2910 2323 3138 2394 Christo,
3165 2330 3408 2399 quoniam
3428 2332 3544 2401 glo-

1967 2408 2060 2462 ria:
2088 2407 2300 2464 Domini
2332 2410 2565 2481 Spiritus
2612 2414 2665 2467 in
2698 2413 2839 2468 vobis
2879 2417 3148 2487 requiescit
3195 2417 3382 2487 (lbid.,
3430 2420 3541 2492 14).

1964 2498 2147 2554 Gloria
2195 2500 2370 2557 Patris
2400 2504 2642 2560 t.hristus
2665 2514 2766 2569 est,
2812 2507 2984 2575 gloria
3029 2507 3260 2578 Spiritus
3303 2520 3542 2567 sanctus.

1964 2586 2215 2655 Nunquid
2243 2589 2363 2644 dum
2390 2592 2575 2659 gloria:
2601 2596 2623 2647 ζ’
2670 2592 2814 2649 Petri
2844 2597 3078 2652 secunda
3100 2616 3131 2651 ξ.
3155 2598 3282 2654 Ηηιεο
3322 2603 3546 2671 primunt

1963 2676 2322 2748 intelligentes,
2357 2682 2494 2751 quod
2519 2685 2685 2737 omnis
2714 2687 2983 2754 prophetia
3003 2687 3293 2759 Scriptura:
3327 2696 3544 2762 propria

1963 2766 2385 2837 interpretatione
2412 2788 2516 2825 non
2549 2774 2630 2842 fit.
2673 2772 2798 2828 Non
2838 2777 2974 2830 enim
3017 2778 3275 2833 raluutate
3318 2781 3545 2838 taumatia

1965 2857 2125 2911 allata
2150 2869 2225 2912 est
2264 2860 2545 2931 aliquando
2565 2864 2854 2934 prophetia,
2881 2865 2972 2918 scd
2999 2866 3201 2935 Spiritu
3223 2881 3409 2925 sancto
3435 2875 3541 2927 acti

1961 2947 2119 3002 locuti
2153 2959 2273 3003 sunt
2309 2951 2545 3006 homines
2584 2952 2682 3007 Dei
2714 2953 2799 3025 (ΙΙ
2835 2956 2975 3010 l’etr.
3010 2974 3048 3021 t,
3101 2958 3159 3021 0,
3194 2958 3314 3028 2|).
3355 2960 3545 3018 Nullus

1966 3041 2190 3110 inspirat
2238 3045 2535 3114 prophetia:
2581 3045 2780 3100 donum
2839 3047 2939 3102 nisi
2991 3047 3158 3104 Deus.
3210 3048 3434 3107 Joannis
3472 3053 3541 3107 ad

1964 3129 2192 3189 Parthos
2215 3150 2229 3186 :
2263 3133 2330 3188 In
2358 3136 2452 3189 hoc
2480 3137 2667 3190 scimus
2695 3139 2815 3207 quia
2843 3151 3017 3194 manet
3046 3143 3097 3193 in
3126 3141 3297 3206 nobis,
3320 3142 3384 3197 de
3414 3144 3540 3215 Spi-

1962 3227 2063 3279 ritu
2087 3237 2265 3282 sancto
2292 3246 2439 3299 quem
2468 3231 2607 3284 dedit
2631 3230 2781 3285 nobis
2809 3230 2862 3303 (Ι
2883 3231 3042 3287 Jean.
3076 3251 3150 3299 ιιι,
3184 3234 3298 3305 21).
3331 3234 3431 3291 Ubi
3452 3252 3543 3291 su-

273 3312 374 3379 Qui
405 3312 644 3368 vivitteat
672 3313 811 3369 Deus
849 3323 969 3370 est:
1010 3319 1135 3386 quia
1178 3317 1434 3375 Dominus
1478 3323 1759 3393 mortificat
1803 3334 1853 3378 et

1963 3331 2054 3383 pra
2081 3334 2093 3368 :
2127 3312 2384 3380 Quoniam
2407 3319 2459 3372 in
2480 3335 2539 3373 eo
2566 3336 2851 3389 manemus,
2882 3332 2932 3375 et
2960 3324 3069 3392 ipse
3102 3325 3155 3379 iu
3186 3323 3373 3391 nobis';
3417 3328 3542 3398 quia

271 3402 499 3472 viui/icat
529 3402 579 3471 (1
614 3403 740 3475 Reg.
770 3421 830 3470 lt,
854 3403 930 3474 6).
973 3406 1053 3463 Ad
1080 3407 1330 3464 Galatas:
1358 3410 1430 3465 Ut
1455 3410 1856 3469 benedictionem

270 3486 507 3562 spiritus
556 3496 871 3563 accipiamus
919 3513 1012 3565 per
1056 3498 1212 3567 ﬁdem
1256 3497 1401 3571 (Gal.
1441 3519 1518 3566 ιιι,
1551 3503 1663 3574 ii).
1717 3506 1859 3562 Deus

268 3589 353 3635 est
378 3581 480 3663 qui
506 3582 797 3639 benedicit.
829 3582 927 3638 Ubi
958 3599 1118 3655 supra
1145 3605 1157 3639 :
1194 3588 1398 3658 Spiritu
1423 3592 1656 3658 bibimus,
1685 3593 1857 3663 Spiri-

269 3661 737 3724 tuetambulemus
769 3670 913 3742 (Cat.
948 3688 999 3737 ν,
1029 3672 1142 3745 25).
1183 3674 1285 3741 Qui
1317 3692 1529 3732 rursum
1563 3661 1853 3747 benedicit,

265 3759 382 3829 ipse
409 3760 650 3816 viviﬁcat
696 3772 757 3817 ut
785 3763 946 3818 Deus.
999 3763 1097 3818 Ubi
1126 3769 1327 3836 supra:
1377 3769 1485 3835 Qui
1528 3772 1856 3828 seminaverit

264 3853 317 3907 in
360 3854 605 3924 Spiritu,
647 3855 712 3909 de
738 3854 943 3926 Spiritu
969 3865 1122 3910 metet
1150 3859 1307 3912 vitam
1330 3861 1583 3915 a'ternam
1613 3861 1755 3931 (Gal.
1777 3879 1852 3932 vn,

262 3940 343 4011 8).
380 3941 452 3997 In
495 3942 580 3997 his
607 3943 780 3999 tribus
809 3944 1134 4001 testimoniis
1162 3947 1230 4001 ad
1256 3948 1493 4015 Galatas,
1542 3950 1772 4021 Spiritus
1798 3964 1857 4010 et

262 4032 560 4097 benedicit,
613 4042 668 4089 et
709 4034 960 4099 viviﬁcat,
1013 4045 1070 4092 et
1109 4037 1203 4092 dat
1229 4039 1393 4094 vitam
1439 4050 1720 4096 :eternam.
1772 4044 1853 4098 Ad

263 4122 575 4195 Ephesios:
624 4127 693 4183 In
738 4146 836 4201 quo
881 4129 1366 4202 credentessignati
1413 4132 1537 4185 estis
1562 4133 1618 4187 iu
1648 4132 1850 4201 Spiritu

262 4214 426 4288 553
475 4228 659 4273 sancto
710 4218 923 4289 (Ephes.
970 4236 1010 4282 ι.
1062 4220 1171 4286 15).
1223 4221 1511 4289 Signamur
1544 4223 1599 4276 in
1632 4224 1852 4280 nomine

261 4302 463 4367 Patris,
487 4313 544 4359 et
569 4305 706 4371 Filii,
740 4316 796 4360 et
822 4307 1052 4378 Spiritus
1076 4310 1269 4364 sancti.
1307 4307 1405 4363 Ubi
1437 4325 1630 4380 supra:
1669 4310 1732 4365 In
1752 4330 1850 4384 quo

259 4408 345 4447 vos
372 4394 714 4463 ludiﬁcamini
742 4397 799 4450 in
820 4397 1168 4453 habitaculum
1195 4398 1295 4453 Dei
1318 4401 1374 4453 in
1403 4400 1603 4469 Spiritu
1629 4401 1846 4472 (Ep/tes.

260 4498 317 4548 tt,
345 4484 469 4554 22).
509 4483 641 4540 Item
670 4503 683 4539 :
717 4485 1018 4541 Reuelatum
1049 4498 1124 4542 est
1156 4492 1353 4544 sanctis
1380 4491 1491 4561 ejus
1520 4494 1770 4561 apostolis
1791 4498 1848 4548 in

260 4570 493 4642 Spiritu,
520 4590 636 4628 esse
662 4585 839 4646 gentes
859 4577 1147 4631 coheredes
1177 4579 1395 4649 (Ephes.
1422 4580 1506 4644 ut,
1538 4581 1636 4651 5).Δ
1657 4581 1845 4639 Omnia

1960 3405 2025 3458 de
2073 3405 2273 3471 Spiritu
2319 3424 2409 3462 suo
2457 3409 2601 3463 dedit
2644 3410 2791 3465 nobis
2838 3410 2892 3482 (1
2920 3414 3082 3468 Joau.
3114 3431 3184 3481 tv,
3220 3416 3330 3486 15).
3359 3416 3538 3485 Dedit,

1959 3497 2103 3566 quod
2131 3498 2303 3566 audis,
2334 3502 2579 3570 operatio
2600 3512 2692 3557 est
2721 3504 2954 3569 virtutis,
2987 3522 3097 3561 non
3125 3510 3394 3579 separatio
3420 3509 3538 3567 dei-

1960 3587 2105 3641 tatis.
2147 3587 2203 3641 In
2227 3588 2548 3661 Apocalypsi
2585 3610 2598 3644 :
2641 3591 2712 3645 Et
2734 3603 2850 3664 post
2887 3596 2998 3651 dies
3024 3606 3132 3651 tres
3158 3608 3210 3651 et
3246 3601 3536 3667 dimidiata,

1960 3674 2186 3743 Spiritus
2214 3679 2332 3731 vita:
2352 3695 2385 3730 α
2407 3679 2518 3734 Deo
2547 3683 2758 3735 intravit
2786 3684 2842 3736 in
2878 3701 2964 3738 eos
2986 3702 3004 3749 ;
3030 3696 3083 3739 et
3110 3696 3357 3742 steterunt
3384 3706 3540 3759 super

1955 3752 2109 3833 pedes
2151 3784 2272 3821 suos
2323 3769 2504 3839 (Apoc.
2557 3787 2628 3837 si,
2681 3773 2792 3841 ll).
2848 3774 3002 3840 Quod
3047 3791 3077 3830 a
3122 3776 3234 3832 Deo
3271 3752 3535 3848 procedit,
3574 3794 3577 3795 '

1956 3852 2097 3907 Deus
2123 3863 2230 3909 est.
2272 3854 2374 3911 Ubi
2404 3873 2565 3928 supra
2590 3878 2604 3913 :
2632 3861 2829 3927 Scribe,
2855 3862 3006 3917 Beati
3034 3868 3223 3921 mortui
3245 3871 3330 3937 qui
3351 3871 3402 3923 in
3427 3870 3539 3926 Do-
3646 3931 3659 3935 ,

1954 3946 2433 4005 minomoriuntur.
2465 3952 2663 4007 Amodo
2685 3956 2800 4025 jam
2834 3956 2957 4009 dicit
2982 3957 3213 4027 Spiritus
3260 3972 3315 4014 ut
3345 3968 3537 4034 requie-

1952 4046 2099 4088 scant
2120 4053 2154 4088 a
2170 4036 2431 4093 laboribus
2453 4043 2558 4096 suis
2581 4044 2763 4114 (Apoc.
2787 4062 2889 4110 xw,
2922 4047 3028 4115 15).
3055 4048 3171 4103 Non
3191 4051 3328 4106 dixit
3348 4052 3531 4121 Pater,

1953 4140 2060 4179 non
2090 4125 2224 4180 dixit
2252 4127 2414 4185 Filius
2435 4172 2451 4197 ,
2497 4132 2590 4186 sed
2619 4132 2885 4203 Spiritus,
2923 4137 3014 4206 qui
3045 4155 3141 4209 per
3169 4140 3305 4198 hanc
3328 4143 3533 4211 jussiot-

1951 4229 2073 4270 nem
2096 4217 2398 4273 ostenditur
2424 4219 2585 4277 Deus.
2628 4223 2705 4278 Ad
2736 4222 3029 4287 Hebraeos:
3065 4230 3126 4284 Si
3154 4235 3294 4287 enim
3317 4238 3533 4307 sanguis

1950 4316 2215 4363 taurorum
2265 4322 2316 4364 et
2344 4311 2604 4367 hircorum
2624 4353 2638 4378 ,
2681 4324 2731 4369 et
2773 4317 2905 4373 cinis
2935 4320 3108 4375 vitula:
3137 4338 3401 4393 aspersus,
3448 4328 3532 4382 in-

1949 4400 2187 4470 quinatos
2215 4405 2506 4473 sanctiﬁcat
2535 4406 2604 4459 ad
2631 4396 3048 4466 emundationem
3076 4416 3250 4469 carnis
3269 4455 3284 4479 ,
3337 4429 3531 4489 quanto

1948 4491 2114 4560 magis
2128 4494 2340 4563 sanguis
2355 4492 2567 4559 Christi,
2583 4500 2667 4568 qui
2681 4515 2774 4568 per
2787 4498 3040 4569 Spiritum
3059 4516 3292 4561 sanctum
3307 4509 3530 4579 seipsunt

1950 4579 2134 4635 obtulit
2170 4584 2559 4640 immaculatum
2602 4587 2712 4643 Deo
2756 4590 2951 4661 (Hebr.
2985 4609 3035 4648 ιχ
3060 4637 3074 4661 ,
3120 4595 3210 4659 15,
3247 4596 3366 4667 li)!
3412 4597 3531 4657 Hoc

257 4672 526 4732 operatur
553 4681 693 4721 unus
733 4659 897 4737 at'que
944 4667 1084 4722 idem
1110 4667 1381 4738 Spiritus:
1426 4670 1669 4729 lueredes
1697 4671 1840 4729 facit.
1876 4690 1927 4750 Ι)
1949 4675 2317 4731 testimonium
2350 4677 2510 4733 docet
2536 4680 2688 4749 cujus
2709 4659 2995 4752 potestatis
3033 4659 3103 4741 sit
3128 4659 3359 4758 Spiritus
3396 4700 3533 4746 san-t

258 4750 361 4808 Ubi
391 4769 558 4824 supra
587 4773 600 4807 :
658 4755 729 4810 Ut
765 4757 851 4810 det
878 4758 1018 4811 vobis
1045 4759 1327 4813 secundum
1354 4760 1564 4816 divitias
1591 4764 1845 4818 claritatis

240 4859 383 4911 sua,
416 4846 658 4901 uirtutem
686 4858 710 4884 λ
737 4848 1062 4903 corroborari
1088 4866 1180 4919 per
1202 4850 1455 4921 Spiritum
1475 4870 1624 4909 suum
1654 4854 1865 4926 (Ibid...

257 4932 373 5004 16).
417 4935 539 4991 Non
568 4939 889 4997 corroborat
917 4940 1020 4995 nisi
1051 4940 1214 4996 Deus.
1247 4940 1349 4997 Ubi
1387 4957 1584 5014 supra:
1617 4946 1845 5001 Solliciti

257 5039 467 5080 servare
495 5030 743 5082 unitatem
775 5029 1003 5098 Spiritus
1027 5031 1081 5084 in
1116 5031 1317 5085 uinculo
1345 5034 1491 5101 pacis
1521 5032 1737 5105 (Ephes.
1769 5052 1841 5102 iv,

255 5113 335 5182 5).
380 5117 493 5173 Pax
523 5119 787 5176 Chrisws.
828 5121 1074 5193 Nunquid
1112 5122 1231 5177 dua:
1267 5126 1478 5192 paces?
1512 5123 1611 5181 Ubi
1637 5142 1841 5197 supra:

256 5204 326 5258 Et
349 5209 584 5278 gladium
606 5210 851 5283 Spiritus,
876 5217 961 5285 qui
981 5226 1059 5269 est
1077 5233 1245 5271 sermo
1268 5216 1365 5271 Dei
1388 5218 1605 5290 (Ephes.
1626 5236 1702 5289 Vt,
1727 5221 1836 5292 17).

254 5295 452 5356 Sermo
498 5302 593 5357 Dei
623 5305 909 5373 Christus;
958 5307 1192 5374 Spiritus
1243 5310 1463 5365 sanctus
1500 5326 1683 5369 sermo
1719 5313 1838 5369 Dei.

252 5386 507 5461 Nunquid
536 5395 645 5451 duo
678 5396 1004 5453 sermones?
1032 5398 1111 5454 Ad
1140 5399 1514 5471 Philippenses
1540 5419 1553 5454 :
1595 5400 1717 5457 Sive
1742 5403 1836 5458 ab-

182 5541 196 5553 .
250 5493 372 5535 cens
428 5485 639 5539 audiam
692 5486 755 5541 de
800 5486 977 5553 vobis,
1010 5489 1157 5560 "quia
1204 5491 1355 5545 statis
1401 5492 1456 5545 in
1491 5507 1595 5547 uno
1633 5492 1835 5564 Spiritu

252 5570 479 5644 (Philip.
516 5593 562 5643 ι,
588 5578 712 5651 27),
756 5579 860 5636 hoc
886 5582 1050 5637 estin
1081 5582 1212 5638 Deo.
1256 5583 1338 5637 Ad
1376 5578 1828 5642 Thessalonicen-

248 5673 372 5719 ses:
404 5666 696 5737 Assumpsit
717 5687 804 5725 vos
827 5670 962 5727 Deus
980 5672 1044 5727 ab
1064 5674 1212 5728 initio
1237 5674 1308 5726 ad
1320 5675 1536 5730 salutem
1556 5677 1610 5730 in
1633 5676 1828 5732 sancti-

243 5747 495 5814 ﬁcatione
543 5757 767 5825 Spiritus
798 5758 886 5830 (II
918 5760 1093 5849 Thess.
1127 5780 1184 5829 ιι,
1220 5764 1328 5831 l2).
1364 5764 1439 5819 Ad
1472 5766 1816 5825 Timotheum

1910 4795 1926 4813 .
1947 4773 2085 4828 etus,
2118 4782 2215 4835 per
2242 4782 2403 4836 quem
2430 4784 2559 4825 caro
2601 4771 2800 4828 Christi
2837 4776 3122 4832 exhibetur
3162 4779 3524 4839 immaculata.

1924 4852 2048 4921 ‘Ubi
2072 4872 2231 4926 supra
2257 4875 2272 4912 :
2300 4857 2514 4914 Irritam
2542 4865 2654 4933 quis
2684 4865 2879 4934 faciens
2901 4860 3062 4938 legem
3086 4869 3274 4941 Moysi,
3305 4875 3419 4929 siue
3446 4876 3527 4930 nl-

1947 4946 1998 5002 la
2028 4950 2377 5014 miseratione,
2410 4951 2605 5009 duobus
2638 4956 2801 5029 544
2828 4959 2904 5013 rel
2934 4961 3095 5015 tribus
3122 4965 3336 5019 testibus
3364 4969 3526 5021 mori-

1947 5050 2068 5094 tur:
2119 5052 2309 5112 quanto
2346 5047 2511 5116 magis
2537 5051 2732 5118 putatis
2761 5051 3018 5107 deteriora
3060 5057 3247 5109 mereri
3270 5058 3525 5128 supplicia

1944 5136 2029 5204 qui
2061 5133 2255 5196 Filium
2282 5136 2375 5192 Dei
2396 5141 2787 5209 conculcarerit,
2809 5153 2860 5197 et
2880 5146 3182 5219 sanguihem
3208 5147 3524 5205 Testameuti

1942 5226 2192 5293 pollutum
2221 5228 2446 5294 duxerit,
2475 5240 2523 5283 et
2548 5231 2769 5301 Spiritui
2794 5236 2976 5304 gratia:
2994 5238 3355 5292 contumeliam
3386 5242 3524 5310 [ece-

1894 5308 1915 5326 ⁴
1940 5314 2012 5366 rit
2040 5313 2227 5382 (Hebr.
2273 5334 2324 5382 ιι,
2364 5317 2452 5385 28,
2482 5318 2603 5391 29)!
2656 5320 2793 5377 Ecce
2831 5324 3007 5392 qualis
3033 5326 3165 5381 ultio
3201 5343 3299 5397 pro
3325 5308 3520 5399 iniuria

1940 5402 2057 5458 Filii
2086 5410 2141 5460 et
2160 5404 2392 5475 Spiritus
2418 5413 2609 5465 sancti.
2657 5410 2753 5466 Ubi
2783 5428 2941 5483 supra
2969 5432 2981 5468 :
3013 5414 3250 5473 Iudicem
3290 5423 3519 5477 omnium

1939 5493 2126 5562 Deum,
2149 5507 2200 5550 et
2223 5498 2450 5566 Spiritus
2463 5501 2721 5571 jnstorum
2743 5506 3105 5574 perfecturum,
3130 5519 3179 5563 et
3204 5509 3521 5568 Testameuti

1938 5586 2076 5642 Novi
2122 5590 2457 5645 mediatorem
2501 5591 2679 5647 Iesum
2712 5596 2973 5651 Christum
3018 5600 3207 5671 (Hebr.
3260 5620 3356 5671 xu,
3396 5604 3513 5677 ες).

1937 5678 2051 5733 Hoc
2081 5682 2442 5736 testimonium
2472 5686 2722 5739 convenit
2769 5687 3036 5757 Trinitati,
3085 5695 3209 5762 quia
3250 5703 3301 5749 et
3335 5695 3515 5764 Pater,

1933 5776 1988 5822 et
2018 5769 2197 5837 Filius,
2221 5780 2275 5825 et
2303 5772 2531 5843 Spiritus
2559 5786 2777 5833 sanctus
2801 5780 2886 5837 hic
2916 5784 3224 5844 nominatus
3244 5796 3345 5841 est.
3376 5787 3514 5855 Quia

317 5911 346 5939 ⁸
377 5903 560 5975 Forte,
593 5912 802 5979 virtute,
835 5925 891 5971 ut
919 5917 970 5971 in
998 5916 1185 5973 Gnaeo
1209 5928 1358 5975 textu
1396 5932 1451 5977 et
1492 5924 1632 5993 apud
1665 5922 1814 5992 Vulg.
1853 5927 2172 5984 versionem.

3458 493 3565 550 τις
3638 480 3647 491 ’
