4050 6456
454 446 579 529 “jus

1499 440 1955 503 δᾳιθιτιμϐεκτιι
1996 442 2294 533 EPISCOPI
2337 448 2705 532 RUSPENSIS

3626 453 3737 510 739

465 554 930 637 omnipotensest
958 557 1193 630 Spiritus
1220 565 1455 625 sanctus,
1504 559 1557 611 in
1582 558 1871 613 Salomone
1900 576 1919 610 :-
1939 558 2062 627 Spi-
2090 568 2135 622 Λ
2163 562 2389 615 formant
2417 565 2560 619 servi
2589 564 2878 634 accipiens,
2930 578 3038 621 non
3087 564 3315 622 formam
3342 565 3437 623 Dei
3478 568 3736 639 perduis,

475 654 876 714 ritus‘sauctus,
920 649 1208 718 multiplex,
1259 647 1480 713 subtilis,
1532 647 1775 713 disertus,
1822 664 2053 715 securus,

475 746 937 803 iucontaminatus,
966 755 1163 792 omnem
1180 722 1371 791 habens
1394 738 1624 792 uirtutem
1650 736 1801 810 (Sap.
1824 754 1916 802 vn,
1940 736 2051 808 22).

470 832 547 896 Et
576 831 1247 903 negasmnnipotentem?
1294 828 1428 896 Quia
1473 830 1640 899 judex
1694 839 1778 885 est
1825 830 2057 900 Spiritus

476 934 713 991 sanctus,
739 927 867 982 dicit
893 926 1187 982 Dominus:
1241 923 1303 978 Si
1342 924 1540 985 abiero,
1594 926 1797 977 mittam
1836 939 1951 976 eum
1988 921 2059 975 ad

477 1034 565 1072 vos
591 1034 612 1084 ;
647 1025 696 1071 et
727 1033 842 1070 cum
871 1016 1084 1081 verterit,
1115 1017 1227 1085 ipse
1254 1022 1435 1085 arguet
1464 1011 1711 1065 mundum
1738 1013 1802 1066 de
1830 1020 2057 1083 peccato,

468 1108 767 1179 ide'justitia
808 1118 855 1161 et
883 1107 947 1160 de
993 1105 1193 1178 judicio
1227 1102 1404 1174 (Joan.
1437 1118 1554 1167 va,
1584 1101 1637 1165 7,
1668 1098 1742 1171 8).
1789 1100 1947 1155 Vides
1969 1100 2056 1169 ju-

479 1202 674 1264 tlieem,
722 1199 811 1268 qui
852 1197 1012 1252 etiam
1062 1196 1257 1266 ipsum.
1303 1195 1348 1249 si
1377 1191 1661 1248 dicendum
1692 1200 1795 1255 est,
1823 1189 2059 1244 vindicat

446 1289 819 1344 “Salvatorem
845 1306 857 1340 :
884 1286 1127 1353 etpaudet
1155 1283 1205 1341 ei
1236 1284 1519 1353 quisquam
1543 1280 1859 1337 subtrahere
1888 1278 2062 1333 deita-

446 1391 588 1444 t{rem
610 1386 632 1434 Υ
657 1377 723 1433 Ει
746 1378 872 1448 quid
902 1377 1074 1433 dicam
1102 1366 1331 1446 amplius
1358 1374 1426 1430 de
1454 1373 1657 1428 deitate
1676 1371 1905 1442 Spiritus
1931 1384 2061 1423 san-

466 1474 549 1525 cti
573 1472 597 1526 ?
626 1485 785 1542 quem
814 1468 1148 1539 pertimescit
1173 1466 1337 1520 David
1363 1465 1549 1520 dicens
1575 1482 1587 1516 :
1615 1462 1727 1527 Quo
1754 1460 2060 1524 ibo,,Domi-

468 1578 572 1624 ne,
608 1578 640 1614 a
670 1560 869 1630 Spiritu
896 1570 1013 1623 tuo,
1050 1567 1140 1611 aut
1182 1575 1214 1610 a
1242 1556 1376 1628 facie
1406 1564 1492 1610 tua
1521 1570 1618 1623 quo
1649 1554 1846 1625 fugiam
1884 1551 2057 1623 (f'sal.

472 1667 737 1726 cxxxvnt,
772 1651 872 1720 7)?
919 1649 984 1705 Et
1030 1656 1086 1703 ut
1124 1644 1469 1708 concludam,
1503 1651 1684 1697 tantus
1712 1658 1776 1696 ac
1808 1641 1930 1695 talis
1981 1648 2064 1693 est

475 1738 715 1817 Spiritus
740 1749 980 1802 sanctus,
1017 1739 1069 1791 iu
1099 1753 1207 1807 quo
1235 1734 1278 1789 si
1306 1734 1426 1804 quis
1454 1730 1928 1801 blasphemaverit,
1974 1729 2060 1783 in—

480 1830 662 1901 veniet
689 1845 808 1884 eum
841 1844 947 1883 non
978 1827 1078 1882 sibi
1122 1827 1489 1886 relaxantem,
1531 1835 1707 1891 neque
1748 1820 1799 1874 in
1829 1819 1933 1874 isto
1962 1833 2062 1873 ste-

477 1916 625 1992 culo,
652 1932 830 1987 neque
858 1917 909 1968 in
940 1914 1140 1996 futuro.

1038 2042 1198 2096 Fides
1226 2041 1500 2094 catholica.

556 2160 640 2213 l0.
669 2156 992 2212 ineffabilem
1013 2153 1154 2207 illam
1173 2148 1471 2204 Divinitatis
1492 2146 1844 2202 substantiam
1872 2147 1960 2200 vel
1977 2162 2063 2200 na-

470 2257 655 2303 .turam
669 2246 913 2301 humanis
925 2242 1101 2297 verbis
1111 2239 1410 2310 exprimere
1423 2236 1751 2306 impossibile
1762 2244 1843 2291 est
1858 2253 1870 2288 :
1887 2235 2066 2290 incon-

471 2339 797 2402 vertibilem,
818 2320 1634 2400 immutabilem,'impassibilent,
1654 2327 2067 2398 simplicem,'in-

479 2419 853 2498 compositam,
900 2424 1299 2490 initivisibilem,
1325 2413 1653 2477 inaccessam
1689 2420 1881 2482 lucem,
1919 2420 2068 2475 inex-

488 2519 800 2588 plicabilem
823 2516 1098 2581 virtutem,
1118 2513 1234 2568 sine
1256 2509 1360 2566 fine
1379 2507 1821 2578 magnitudinem,
1839 2507 2063 2575 gloriam

484 2605 982 2677 inconspicabilent,
1000 2603 1293 2660 bonitatem
1314 2597 1805 2669 concupiseibilem,
1828 2597 2067 2668 inexqui-

487 2698 649 2756 situm
671 2698 941 2761 decorem,
971 2694 1062 2765 qui
1083 2691 1276 2748 mentis
1300 2689 1517 2761 quidem
1538 2704 1685 2760 pura:
1705 2688 1980 2757 contingat
2010 2696 2067 2744 et

483 2799 695 2848 tuoveat
715 2788 982 2850 allectum,
1009 2784 1234 2841 indicari
1261 2791 1441 2837 autem
1491 2787 1653 2851 atque
1681 2778 1936 2849 explicari
1959 2793 2066 2833 non

485 2883 674 2953 possit.
703 2878 803 2936 Ubi
818 2887 903 2934 est
916 2875 1091 2941 Pater,
1112 2868 1364 2939 etFilius,
1383 2883 1435 2927 et
1448 2870 1677 2941 Spiritus
1698 2876 1935 2933 sanctus,
1953 2868 2067 2923 sola

420 3040 435 3041 ί
484 2981 674 3026 natura
697 2983 815 3039 quae
837 2975 1018 3023 creata
1039 2979 1146 3019 non
1169 2973 1273 3030 est,
1289 2958 1668 3041 dominationis
1687 2964 1949 3027 potestas,
1972 2956 2069 3010 bo-

482 3066 630 3119 nitas
653 3038 928 3117 naturalis.
956 3056 1115 3111 Pater
1135 3038 1628 3114 initium'omuium,
1653 3063 1817 3104 causa
1839 3054 2067 3103 cuncto-

485 3169 626 3217 nan,
646 3150 797 3208 radix
820 3150 1141 3204 viventium:
1166 3158 1319 3213 aquo
1341 3141 1583 3213 procedit
1605 3138 1723 3196 fons
1745 3139 1885 3203 vitae,
1901 3138 2070 3192 virtus

484 3253 544 3299 et
573 3244 747 3311 imago
777 3240 1106 3295 indemutata
1136 3231 1417 3291 invisibilis
1444 3232 1557 3293 Dei,
1604 3231 1695 3302 qui
1729 3238 1812 3285 est
1841 3228 2007 3283 Filius
2034 3243 2064 3282 a

486 3331 647 3401 Patre
685 3322 913 3406 genitus.
956 3331 1212 3395 Verbum,
1244 3328 1359 3383 sive
1396 3326 1538 3381 ratio
1567 3320 1790 3389 vivens;
1832 3322 1924 3393 qui
1947 3329 2066 3377 erat

488 3406 706 3500 semper
730 3467 746 3491 ,
779 3435 834 3482 et
863 3433 980 3480 erat
1010 3422 1151 3493 apud
1182 3422 1348 3475 Deum
1371 3460 1385 3484 ,
1419 3426 1476 3473 et
1507 3410 1648 3472 Deus
1675 3422 1810 3481 erat,
1842 3428 1950 3468 non
1991 3412 2070 3467 fa-

466 3530 612 3575 vrtus
631 3534 697 3573 ex
715 3517 873 3571 Patre
890 3524 1014 3568 ante
1041 3511 1255 3579 saecula,
1273 3524 1379 3565 non
1402 3515 1707 3577 assumptus
1726 3502 2065 3575 postmodum

469 3611 572 3666 ~v'el
603 3610 886 3680 adoptatus
915 3607 966 3659 in
997 3604 1163 3659 filium
1192 3642 1207 3668 ,
1236 3616 1344 3657 non
1372 3597 1716 3671 possessione
1733 3595 1819 3650 vel
1840 3594 2066 3658 factura,

488 3702 582 3758 sed
624 3708 837 3757 creator
876 3708 932 3753 et
970 3696 1139 3750 factor
1165 3691 1444 3747 omnium:
1493 3687 1584 3759 qui
1631 3694 1715 3741 est
1739 3683 1918 3740 omnia
1943 3696 2065 3762 quas

471 3792 648 3847 iPater
671 3798 755 3846 est
779 3807 793 3856 ;
823 3789 906 3843 cui
937 3786 1097 3840 Pater
1125 3782 1304 3838 omnia
1331 3794 1452 3851 quae
1478 3779 1643 3833 habet
1668 3772 1936 3844 gignendo
1962 3771 2061 3826 de-

474 3887 587 3940 ‘dit.
636 3883 704 3937 Et
732 3883 817 3937 ubi
851 3880 978 3949 ergo
1007 3869 1099 3948 qui
1127 3874 1293 3939 dedit,
1341 3869 1609 3941 gignendo
1638 3868 1821 3929 dedit;
1870 3874 1925 3920 et
1970 3863 2060 3932 qui

488 3976 714 4047 accepit,
743 3972 1011 4028 nascendo
1042 3967 1287 4037 accepit;
1314 3978 1420 4019 non
1449 3961 1595 4031 inopi
1614 3958 1932 4015 ‘subVentum
1958 3963 2059 4020 est,

488 4068 581 4121 sed
613 4044 725 4136 ipsa
755 4064 913 4134 copia
952 4069 1074 4115 nata
1117 4066 1218 4113 est.
1268 4054 1383 4110 Non
1416 4051 1559 4107 enim
1592 4049 1683 4103 ille
1714 4047 1803 4118 qui
1832 4044 2059 4115 accepit,

492 4160 569 4213 illi
596 4157 688 4229 qui
717 4147 864 4210 dedit
892 4144 1073 4223 potest
1100 4156 1217 4203 esSe
1241 4144 1546 4215 inaequalis,
1593 4141 1718 4210 quia
1749 4147 1801 4193 et
1832 4138 1935 4192 hoc
1972 4150 2067 4189 na-

492 4227 692 4303 scendo
713 4243 918 4312 accepit
946 4250 1003 4295 ut
1027 4247 1168 4294 esset
1189 4234 1426 4304 requalis.
1455 4230 1594 4286 Nihil
1621 4230 1761 4284 enim
1788 4227 1946 4282 Patre
1967 4227 2067 4279 nti-4

494 4352 596 4391 nus
619 4333 780 4389 habet
801 4333 889 4386 ille
913 4331 1002 4399 qui
1034 4328 1199 4381 dixit:
1230 4326 1419 4379 Umnia
1448 4338 1562 4395 qua?
1591 4320 1740 4373 liabet
1769 4318 1925 4372 Pater
1953 4332 2067 4370 mea

492 4432 611 4478 sunt
638 4421 816 4496 (Joan.
848 4436 951 4485 im,
986 4416 1097 4480 I5).
1141 4416 1205 4469 Et
1231 4415 1355 4482 quia
1378 4413 1723 4479 semetipsum
1753 4406 2064 4468 exinanivit,

1334 4534 1745 4546 _..__.___.._—.—.———

1148 4539 1324 4550 ..υς-νμ-

515 4542 1131 4580 ,βο-μήτ

1086 4555 1314 4565 ω...-

631 4557 672 4559 γ,

2163 4530 2511 4543 _—-———

2160 654 2213 707 in
2242 654 2430 709 eadem
2459 654 2630 710 forma
2668 657 2810 712 servi
2853 656 3026 712 factus
3067 666 3153 719 est
3177 646 3435 715 obediens
3462 674 3633 731 usque
3667 661 3742 718 ad

2160 753 2409 809 mortem,
2437 757 2667 803 mortem
2690 755 2869 802 autem
2898 748 3113 814 crucis;
3156 749 3212 812 in
3238 765 3343 820 qua
3371 751 3535 820 paulo
3556 751 3743 806 minus

2159 836 2454 892 ininoratus
2474 845 2560 892 est
2589 838 2656 892 ab
2685 838 2904 906 angelis,
2956 848 3013 892 ut
3053 839 3105 892 iu
3136 837 3308 894 forma
3351 839 3446 895 Dei
3493 850 3748 897 maneret

2159 926 2419 996 mqualis;
2448 928 2573 997 quia
2594 943 2703 984 non
2737 936 2822 984 est
2856 927 3025 985 forma
3056 929 3144 984 illa
3189 930 3481 987 mutabilis.
3536 930 3639 998 Qui
3684 933 3743 987 in

2161 1017 2299 1073 coelo
2325 1018 2600 1088 spiritibus
2627 1019 2840 1076 mundis
2868 1019 3314 1075 intellectualibus
3342 1020 3394 1074 in
3437 1020 3607 1075 forma
3643 1022 3745 1077 Dei

2161 1117 2217 1164 et
2243 1109 2354 1164 Deo
2374 1110 2617 1180 aequalis,
2651 1120 2710 1165 ut
2732 1110 2878 1166 Deus
2902 1111 3061 1184 545
3085 1112 3287 1182 praebet
3306 1111 3609 1183 exemplum
3633 1132 3651 1178 ;
3682 1124 3749 1168 ut

2162 1216 2221 1257 se
2269 1201 2411 1257 idem
2450 1203 2755 1273 exemplum
2786 1203 3029 1259 redeunti
3076 1205 3240 1259 etiam
3285 1204 3437 1275 lapso
3475 1206 3750 1275 pratberet

2163 1294 2401 1382 homini,
2443 1297 2533 1364 qui
2562 1304 2781 1366 propter
2823 1296 3215 1351 immunditiam
3244 1304 3590 1368 peccatorum
3621 1314 3746 1368 pa:-

2166 1402 2395 1456 namque
2444 1387 2786 1442 mortalitatis
2816 1388 2989 1444 Deum
3018 1389 3201 1445 videre
3225 1406 3334 1446 non
3361 1399 3577 1461 poterat
3601 1410 3615 1445 :
3646 1406 3745 1447 se-

2163 1479 2448 1548 metipsum
2462 1479 2753 1533 exinauivit
2769 1495 2875 1535 non
2892 1480 3187 1535 amittendo
3208 1481 3540 1536 divinitatem
3562 1497 3741 1543 suam,

2162 1569 2257 1624 sed
2291 1568 2617 1624 assumendo
2643 1570 3026 1625 humanitatem
3073 1580 3352 1625 nostram:
3405 1580 3460 1627 et
3508 1570 3745 1626 formam

2164 1662 2303 1718 servi
2330 1662 2619 1732 accipiens,
2664 1662 2813 1716 venit
2839 1661 2907 1717 ad
2934 1678 3034 1717 nos
3060 1663 3114 1717 in
3141 1663 3286 1737 hunc
3310 1663 3601 1728 mundum,
3644 1665 3744 1733 qui

2167 1761 2220 1813 in
2251 1760 2353 1813 hoc
2380 1758 2578 1812 mundo
2605 1766 2740 1821 erat,
2788 1758 2912 1827 quia
2941 1757 3172 1812 mundus
3221 1773 3318 1827 per
3358 1759 3533 1829 ipsum
3563 1757 3747 1815 factus

2166 1848 2464 1920 est(.loan.
2499 1865 2548 1910 ι,
2584 1838 2705 1919 ὶο),
2755 1855 2813 1903 ιιι
2852 1850 3156 1918 exemplum
3185 1865 3395 1913 sursum
3434 1850 3749 1905 videntibus

2092 1927 2133 1989 Β
2163 1941 2332 1998 Deum
2355 1981 2372 2005 ,
2422 1941 2726 2011 exemplum
2773 1940 3024 1997 deorsum
3070 1941 3389 1997 mirantibus
3423 1941 3743 1997 hominem:

2163 2032 2467 2102 exemplum
2488 2032 2640 2087 sanis
2668 2031 2734 2085 ad
2762 2031 3205 2100 permanendum,
3252 2032 3558 2102 exemplum
3585 2031 3745 2087 inﬁr-

2163 2125 2266 2179 mis
2314 2123 2383 2178 ad
2423 2121 2947 2188 convalescentium;
2995 2121 3302 2190 exentplum
3348 2121 3621 2176 morituris
3670 2120 3747 2175 ad

2164 2230 2272 2268 non
2316 2211 2631 2278 timendum,
2671 2210 2979 2281 exemplum
3008 2211 3235 2266 mortuis
3262 2210 3328 2265 ad
3353 2211 3749 2280 resurgendum

2166 2303 2354 2358 ﬁeret:
2404 2303 2519 2372 ipse
2564 2301 2618 2355 in
2666 2300 2914 2355 omnibus
2939 2300 3227 2370 primatum
3269 2307 3495 2355 tenens:
3527 2307 3586 2354 ut
3609 2300 3750 2368 quia

2162 2397 2329 2461 homo
2351 2394 2418 2450 ad
2444 2393 2835 2451 beatitudinem
2862 2394 3015 2464 sequi
3041 2407 3149 2448 non
3169 2390 3399 2447 debebat
3426 2392 3526 2449 nisi
3548 2391 3749 2456 Deum,

2164 2497 2220 2544 et
2265 2489 2465 2544 sentire
2512 2503 2619 2542 non
2648 2494 2861 2557 poterat
2885 2484 3099 2553 Deum;
3144 2484 3416 2553 sequendo
3440 2483 3606 2539 Deum
3637 2483 3751 2538 bo-

2166 2581 2364 2636 minem
2408 2580 2630 2645 factum,
2676 2579 2834 2635 simul
2878 2587 3198 2648 sequeretur
3239 2586 3296 2633 et
3334 2592 3500 2647 quem
3537 2578 3755 2633 sentire

2165 2681 2402 2743 poterat,
2424 2656 2481 2726 ἒι
2507 2686 2667 2741 quem
2694 2669 2847 2740 sequi
2874 2668 3126 2723 debebat.
3157 2668 3411 2753 Amemus
3439 2680 3569 2735 ergo
3590 2681 3752 2729 eum,

2165 2773 2223 2819 et
2259 2763 2613 2817 inhaereamus
2643 2759 2748 2827 illi,
2793 2760 3019 2814 caritate
3047 2754 3242 2813 diﬂ'usa
3280 2758 3334 2812 in
3369 2756 3620 2813 cordibus
3649 2772 3757 2811 no-

2166 2854 2292 2909 stris
2319 2868 2415 2923 per
2437 2851 2690 2921 Spiritum
2719 2857 2966 2904 sanctum
2999 2848 3089 2918 qui
3118 2847 3274 2902 datus
3301 2856 3383 2902 est
3412 2846 3584 2902 nobis.
3645 2845 3757 2900 Hic

2169 2948 2398 3019 Spiritus
2427 2954 2484 3000 et
2508 2945 2617 3000 vita
2643 2951 2723 2999 est
2742 2984 2757 3010 ,
2788 2949 2845 2998 et
2874 2938 3150 2996 vivificans
3173 2939 3286 3004 lux,
3314 2947 3372 2994 et
3396 2938 3713 2994 illuminans
3734 2954 3757 3001 ;

2170 3041 2363 3106 bonus,
2390 3046 2444 3092 et
2471 3035 2683 3091 bonitas
2708 3051 2723 3101 ;
2771 3032 3002 3103 Spiritus
3031 3038 3230 3093 rectus.
3281 3029 3513 3101 Spiritus
3540 3028 3757 3099 princi-

2170 3131 2325 3200 palis,
2356 3130 2446 3198 qui
2470 3137 2557 3184 est
2595 3126 2852 3182 Dominus
2874 3122 3151 3187 omnium;
3200 3122 3419 3177 mittens
3443 3120 3756 3192 apostolos.

2170 3237 2430 3293 separaris
2453 3221 2552 3278 sibi
2582 3218 2877 3282 ministros,
2904 3219 3104 3290 templa
3122 3215 3224 3273 sibi
3251 3215 3365 3285 ipse
3389 3212 3756 3274 constituens,

2093 3286 2141 3352 δ
2172 3286 2436 3383 inspirans
2456 3312 2545 3368 ubi
2572 3311 2709 3378 vult,
2728 3308 2969 3365 dividens
2987 3286 3308 3364 donationes
3325 3304 3556 3376 Spiritus
3582 3309 3759 3372 prout

2172 3403 2303 3457 vult.
2335 3401 2566 3472 Spiritus
2593 3399 2916 3471 adoptionis,
2944 3398 3176 3468 Spiritus
3209 3394 3471 3459 veritatis,
3510 3391 3761 3462 Spiritus

2168 3492 2445 3565 sapientia:
2473 3499 2530 3546 et
2556 3490 2882 3558 intellectus,
2925 3488 3197 3553 scientias,
3239 3484 3469 3552 consilii,
3506 3482 3757 3547 virtutis,

2168 3591 2228 3638 et
2253 3583 2464 3638 timoris
2488 3581 2584 3638 Dei
2611 3599 2623 3634 :
2655 3596 2755 3652 per
2777 3595 2938 3651 quem
2962 3579 3126 3634 Pater
3152 3578 3478 3648 agnoscitur.
3505 3583 3559 3630 et
3577 3572 3760 3631 Filius

2170 3673 2520 3746 gloriﬁcatur.
2551 3672 2735 3742 Neque
2761 3672 2904 3728 enim
2931 3671 3150 3739 dignum
3178 3677 3295 3737 est,
3313 3676 3406 3723 aut
3434 3666 3627 3722 Filium
3659 3664 3761 3719 ali-

2169 3768 2389 3841 quando
2433 3768 2671 3824 defuisse
2712 3765 2891 3835 Patri,
2941 3773 3034 3819 aut
3077 3763 3336 3835 Spiritum
3376 3760 3552 3816 Filio:
3598 3766 3760 3813 esset

2167 3859 2310 3916 enim
2340 3859 2392 3914 in
2416 3856 2662 3913 maximis
2683 3853 2993 3911 defraudata
3016 3852 3288 3914 divinitas,
3312 3857 3371 3905 et
3398 3848 3544 3904 velut
3566 3846 3759 3914 inglo-

2169 3953 2307 4006 rium
2335 3959 2498 4018 atque
2519 3946 2792 4016 indignum
2814 3944 3116 4013 duceretur,
3148 3942 3193 3997 si
3218 3940 3366 3997 velut
3390 3953 3459 3994 ex
3474 3936 3760 4008 preniten—

2171 4042 2244 4097 tia
2271 4049 2326 4096 et
2353 4048 2685 4111 praepostero
2723 4035 2951 4093 consilio
2979 4036 3120 4090 Deus
3151 4033 3219 4088 ad
3257 4028 3600 4103 perfectionis
3626 4027 3758 4099 ple-

2173 4132 2467 4187 nitudinem
2525 4130 2877 4201 pervenisset.
2945 4125 3044 4191 Qui
3108 4133 3274 4197 potest
3330 4139 3510 4194 capere
3568 4121 3759 4191 capiat

2173 4224 2391 4294 (Matth.
2424 4238 2536 4288 xxx,
2561 4219 2695 4293 l2):
2720 4220 2812 4290 qui
2834 4217 3070 4273 nondum
3098 4222 3299 4286 potest,
3324 4220 3442 4268 oret
3463 4220 3522 4267 ut
3541 4211 3753 4281 capiat,

2173 4314 2355 4369 credat
2382 4321 2443 4367 ut
2468 4311 2647 4381 rapiat
2667 4328 2681 4363 :
2702 4308 2824 4378 quia
2849 4308 3104 4377 scriptum
3120 4314 3230 4360 est:
3261 4301 3383 4358 Nisi
3401 4299 3756 4366 credideritis,

2174 4422 2276 4458 non
2305 4402 2601 4472 intelligetis
2628 4399 2764 4471 (Isa.
2799 4414 2899 4460 vn,
2930 4394 2984 4462 9,
3013 4395 3290 4450 secundum
3319 4392 3413 4446 LX
3418 4390 3468 4445 Χ
3473 4394 3513 4463 ).

2518 4518 3737 4555 W

1470 4660 1637 4801 ἐ.
1691 4620 2686 4811 rauenna-ss

1713 4845 2491 4989 SERMONES.

930 5130 1093 5205 βω
1110 5124 1342 5184 SERMO
1381 5121 1655 5178 PRIMUS.

500 5272 510 5281 .
867 5221 947 5276 De
993 5213 1429 5289 dispensatoribus
1468 5211 1695 5266 Domini.

526 5352 529 5355 λ
576 5318 627 5372 l.
658 5313 966 5379 Dominicus
993 5322 1192 5369 sermo,
1241 5319 1401 5373 quem
1444 5301 1935 5363 debemus'omnes,
1968 5310 2076 5351 non

494 5410 677 5467 solum
718 5404 975 5469 studiose,
1008 5414 1192 5456 verum
1232 5397 1400 5451 etiam
1446 5393 1716 5463 sapienter
1753 5389 1961 5455 audire,
1988 5388 2076 5444 cui

501 5515 605 5561 nos
623 5503 838 5568 oportet
859 5491 1221 5549 humiliterae
1248 5483 1638 5541 delectabiliter
1683 5480 1922 5543 obedire,
1959 5494 2076 5532 mo-

505 5588 800 5647 derationis
820 5600 937 5651 sua:
967 5592 1155 5638 tenens
1175 5578 1369 5646 ubique
1397 5574 1731 5645 temperiem,
1756 5579 1815 5624 ut
1840 5584 1941 5624 nec
1962 5568 2075 5624 ovi-

2104 5127 2152 5187 ι)
2175 5114 2478 5183 specialiter
2497 5112 2630 5168 solis
2648 5111 2889 5183 praecipit
2915 5110 3090 5176 nobis,
3118 5117 3141 5145 ⁸
3165 5106 3408 5177 quaedam
3437 5119 3565 5161 vero
3584 5117 3759 5174 gene-

2180 5204 2365 5258 raliter
2391 5211 2449 5259 et
2468 5202 2622 5259 nobis
2645 5210 2702 5256 et
2723 5202 2889 5257 vobis.
2923 5199 3088 5256 Nobis
3104 5211 3360 5266 namque,
3388 5195 3545 5251 idest
3568 5194 3747 5250 servis

2178 5308 2314 5361 quos
2340 5300 2494 5362 pater
2517 5292 2608 5347 ille
2629 5291 2872 5356 familias,
2900 5304 3078 5345 rerum
3109 5287 3348 5343 omnium
3386 5284 3655 5351 dominus,
3683 5282 3757 5337 ad

2179 5383 2283 5440 hoc
2310 5383 2362 5438 in
2383 5398 2480 5439 sua
2518 5396 2717 5451 magna
2758 5380 2921 5436 domo
2959 5378 3256 5447 constituit,
3305 5385 3363 5431 ut
3388 5374 3589 5447 populo
3634 5372 3758 5441 eius

2178 5475 2396 5530 verbum
2439 5474 2624 5544 grati:
2665 5471 3024 5529 ministremus
3045 5510 3061 5538 ,
3113 5470 3417 5540 specialiter
3461 5464 3759 5536 iniungitur

2182 5574 2379 5623 sancta:
2406 5564 2802 5635 praedicationis
2820 5561 3054 5619 officium
3080 5580 3095 5615 :
3137 5560 3461 5630 generaliter
3485 5572 3619 5613 vero
3650 5569 3757 5611 uo-

492 5646 603 5735 .bus
622 5680 798 5735 desint
820 5646 1036 5749 pabula,
1070 5686 1170 5727 nec
1195 5670 1496 5740 pastoribus
1524 5666 1774 5720 alimenta
1794 5703 1809 5727 ,
1838 5662 2080 5730 qumdam
2187 5659 2269 5713 bis
2296 5666 2350 5712 et
2376 5656 2550 5717 vobis,
2573 5656 2822 5710 salutaris
2843 5655 2870 5695 ιι
2898 5654 3149 5709 indicitur
3175 5650 3485 5708 obedientia

579 5848 604 5874 ⁸
631 5836 803 5890 Verba
832 5834 943 5886 haec
972 5832 1166 5883 absunt
1188 5828 1253 5879 ab
1277 5825 1396 5879 edd.
1425 5823 1642 5888 Colum,
1664 5820 1803 5889 Mog.
1831 5827 1885 5871 et
1905 5816 2067 5871 Basil.

489 5905 776 5977 ‘Leguntur
804 5904 857 5958 in
888 5917 986 5955 nis.
1020 5896 1172 5951 Colb.
1204 5905 1259 5949 ot
1282 5895 1330 5947 in
1363 5895 1617 5959 Antnerp.

2252 5815 2275 5851 ι’
2301 5814 2485 5876 Basil.,
2510 5810 2817 5867 Saluatoris.
