4046 6538
248 502 363 559 721

1744 496 1973 554 SERMO
2002 498 2041 553 l.

3539 395 3574 420 Ν

3410 501 3515 559 7‘2!
3530 508 3542 515 ’

253 628 457 672 torum.
488 614 545 671 in
573 617 763 686 quibus
783 616 957 671 denuo
974 613 1251 675 mandatis,
1290 623 1539 682 tanquam
1564 611 1839 665 ditissimis
1869 618 1909 672 Α
1943 611 2104 665 tritici
2125 613 2366 667 Christus
2398 598 2690 683 nuncupat;
2710 614 2751 683 i;
2774 629 2885 669 sam
2911 630 3212 669 mensuram
3237 610 3355 670 fidei
3378 611 3515 671 Pau-

254 705 499 770 ferculis,
546 707 625 762 sic
678 706 977 762 caelestium
1036 704 1344 760 deliciarum
1394 701 1550 772 copia
1587 700 1841 771 spiritalis

252 797 546 861 exuberat,
588 806 646 851 ut
692 798 745 852 in
776 796 940 852 verbo
979 796 1073 851 Dei
1100 794 1335 851 abundet
1382 792 1529 863 quod
1574 792 1842 864 perfectus

251 889 528 955 comedat,
561 891 794 945 abundet
816 892 974 945 etiam
998 890 1141 960 quod
1172 890 1422 960 parvulus
1441 898 1615 957 sugat.
1648 888 1722 942 lbi
1760 892 1842 940 est

251 977 403 1031 enim
428 978 586 1032 simul
614 986 667 1033 et
698 979 901 1033 lacteus
921 988 1097 1048 potus,
1130 995 1237 1048 quo
1268 988 1450 1033 tenera
1478 968 1711 1032 ﬁdelium
1744 992 1841 1029 nu-

255 1064 453 1120 triatur
481 1064 732 1131 infantia,
762 1075 821 1121 et
849 1066 1051 1121 solidus
1080 1066 1249 1130 cibus,
1280 1081 1388 1135 quo
1418 1066 1635 1120 robusta
1662 1061 1837 1133 perfe-

256 1165 472 1215 ctorum
509 1160 763 1229 juventus
813 1159 1069 1229 spiritalia
1111 1168 1309 1214 sancta:
1354 1158 1567 1212 virtutis
1614 1155 1843 1223 accipiat

257 1250 607 1306 incrementa.
640 1250 716 1305 lbi
744 1266 964 1321 prorsus
1001 1249 1067 1304 ad
1106 1249 1333 1304 salutem
1381 1247 1679 1302 consulitur
1726 1244 1844 1297 uni-

258 1339 434 1394 versis
462 1354 598 1409 quos
624 1340 881 1395 Dominus
920 1339 1130 1393 salvare
1154 1337 1438 1406 dignatur;
1484 1337 1554 1391 ibi
1591 1343 1672 1390 est
1700 1331 1843 1404 quod

257 1429 411 1484 omni
440 1430 586 1484 :etati
616 1437 896 1499 congruat,
922 1429 992 1483 ibi
1013 1427 1157 1497 quod
1186 1427 1333 1481 omni
1362 1425 1681 1496 professioni
1709 1440 1841 1479 cos-

259 1519 475 1582 veniat;
507 1518 579 1572 ibi
608 1519 851 1573 audimus
880 1526 1145 1588 praccepta
1183 1531 1302 1585 quae
1330 1515 1609 1578 faciamus,
1642 1514 1713 1568 ibi
1752 1530 1844 1569 co-

257 1611 569 1678 gnoscimus
598 1612 812 1681 praemia
833 1627 950 1681 quae
971 1626 1278 1681 speremus;
1312 1610 1380 1665 ibi
1411 1609 1677 1678 estjussio
1725 1625 1842 1678 qua:

262 1716 365 1757 nos
394 1718 492 1772 per
516 1703 749 1757 litteram
769 1703 959 1757 doceat
983 1712 1037 1758 et
1066 1702 1299 1757 instruat
1326 1701 1393 1756 ad
1433 1702 1737 1767 scientiam;
1771 1701 1841 1755 ibi

261 1794 552 1862 promissio
600 1809 718 1862 qua:
752 1810 848 1864 per
900 1794 1125 1864 gratiam
1157 1794 1335 1847 trahat
1380 1803 1436 1849 et
1480 1795 1734 1863 perducat
1775 1792 1842 1846 ad

261 1882 511 1951 gloriam.

1940 701 2022 755 lus
2048 704 2317 772 appellat:
2350 713 2404 758 ut
2427 720 2777 774 agnoscamus
2814 723 2919 762 non
2961 708 3102 762 aliud
3128 724 3244 763 esse
3280 710 3517 777 spiritale

1938 793 2173 847 triticum
2203 810 2361 862 quam
2393 796 2709 852 Christianae
2735 796 2855 851 ﬁdei
2884 796 3185 851 venerabile
3214 812 3518 852 sacramen-

1940 891 2069 937 tum.
2104 882 2272 951 Hujus
2304 886 2462 939 tritici
2487 902 2790 941 mensuram
2819 887 2970 941 vobis
2998 889 3049 940 in
3068 887 3285 942 nomine
3307 886 3517 942 Domini

1939 977 2154 1041 damus,
2184 979 2392 1047 quoties
2423 980 2700 1035 illuminati
2729 981 2872 1036 dono
2897 984 3081 1051 gratia:
3109 982 3394 1052 spiritalis,
3429 1001 3517 1039 se-

1942 1068 2173 1122 cundum
2205 1071 2440 1138 regulam
2472 1087 2610 1126 vera:
2641 1072 2759 1128 lidei
2790 1074 3147 1145 disputamus;
3180 1086 3234 1130 et
3273 1078 3520 1131 eamdem

1944 1158 2100 1213 tritici
2133 1174 2434 1214 mensuram
2465 1177 2559 1231 per
2594 1162 2890 1218 dominicos
2937 1165 3336 1234 dispensatores
3378 1168 3520 1220 acci-

1906 1300 1911 1305 .
1942 1250 2088 1318 pitis,
2116 1266 2236 1307 cum
2267 1253 2508 1320 quotidie
2540 1270 2634 1324 per
2663 1254 2755 1310 Dei
2779 1256 3005 1311 famulos
3036 1259 3254 1312 verbum
3285 1260 3545 1313 veritatis

1943 1340 2156 1394 auditis.
2195 1340 2413 1410 Dc_ipsa
2464 1359 2602 1398 nunc
2648 1359 2775 1413 ergo
2831 1347 2989 1401 tritici
3042 1363 3289 1401 mensura
3334 1347 3521 1416 loqua—

1942 1448 2062 1486 mur
2088 1428 2185 1504 (al.
2220 1433 2528 1502 loquimur).
2560 1434 2638 1489 Ex
2669 1436 2803 1505 ipsa,
2834 1438 2969 1492 sicut
3001 1438 3141 1492 Deus
3170 1438 3377 1503 dividit,
3399 1440 3519 1494 uni-

1943 1522 2080 1577 versi
2103 1536 2404 1592 pascamur,
2447 1524 2569 1579 inde
2598 1526 2847 1579 alimenta
2871 1527 3022 1581 bonae
3059 1529 3181 1581 vita:
3225 1544 3520 1597 sumamus,
3578 1536 3597 1557 τ

1945 1621 2001 1666 ιιι
2037 1610 2104 1667 ad
2150 1620 2364 1668 aeterna:
2401 1615 2524 1669 vitae
2556 1618 2771 1685 praemia
2820 1620 3101 1687 pervenire
3135 1620 3418 1690 possimus,
3468 1622 3521 1675 in

1944 1706 2089 1759 iilum
2111 1705 2410 1773 credentes,
2444 1708 2498 1762 in
2527 1708 2617 1762 illo
2640 1716 2936 1780 sperantes,
2968 1711 3114 1765 illum
3145 1726 3251 1780 pne
3276 1714 3529 1770 omnibus

1942 1806 1997 1851 et
2019 1798 2071 1850 in
2101 1797 2347 1852 omnibus
2372 1798 2669 1867 diligentes,
2703 1800 2792 1868 qui
2829 1801 3061 1870 seipsum
3110 1802 3282 1868 nobis,
3324 1811 3380 1857 et
3424 1800 3521 1857 ali;

1944 1895 2185 1942 mentum
2216 1895 2430 1957 praestat
2460 1902 2525 1944 ne
2567 1887 2877 1945 deficiamus
2925 1891 2978 1944 in
3011 1890 3115 1956 via,‘
3148 1900 3202 1945 et
3245 1894 3543 1961 prtemiumr

339 1973 498 2044 557
520 1974 573 2027 2.
602 1972 893 2029 Servorum
922 1974 1103 2042 igitur,
1125 1990 1262 2043 quos
1286 1974 1486 2043 populo
1507 1988 1602 2029 suo
1631 1985 1842 2042 prcepo-
1877 1972 1919 2032 Β
1946 1986 2124 2033 servat
2159 1986 2218 2031 ut
2269 1977 2595 2048 gaudeamus
2637 1979 2689 2034 in
2738 1982 2927 2049 patria.
2959 1978 3203 2037 Christus
3251 1984 3335 2037 est
3379 1984 3545 2039 enim-

260 2064 373 2119 sult
400 2073 448 2129 ι,
472 2063 729 2121 Dominus
748 2065 980 2135 speciale
999 2065 1184 2121 volens
1204 2064 1435 2120 ollicium
1451 2064 1841 2128 demonstrare,

262 2154 361 2219 ait,
385 2154 526 2222 quod
546 2170 615 2210 ex
645 2154 935 2223 Evangelio
970 2155 1134 2211 modo
1176 2157 1475 2210 audivimus
1507 2173 1520 2207 :
1547 2152 1673 2219 Quis
1694 2164 1845 2225 putas

261 2254 343 2298 est
370 2243 397 2284 δ
435 2245 606 2315 ﬁdelis
644 2247 971 2317 dispensator
1009 2254 1061 2301 et
1099 2248 1352 2317 prudens,
1388 2263 1538 2317 quem
1583 2248 1847 2301 constituit

265 2334 520 2391 Dominus
548 2352 705 2407 supra
733 2338 988 2408 familiam
1017 2354 1183 2400 suum,
1216 2348 1270 2390 ut
1300 2338 1385 2391 det
1403 2338 1509 2392 illis
1536 2339 1592 2392 in
1624 2346 1846 2407 tempore

264 2423 423 2478 tritici
450 2426 778 2479 mensuram?
798 2424 987 2480 Beatus
1011 2426 1100 2480 ille
1127 2443 1298 2480 servus
1326 2443 1492 2496 quem,
1516 2443 1630 2480 cum
1655 2428 1847 2480 venerit

264 2511 538 2580 Dominus,
561 2516 808 2569 invenerit
826 2517 900 2569 ita
928 2517 1201 2586 facientem
1233 2528 1253 2555 ο
1281 2516 1428 2583 (Luc.
1457 2531 1549 2581 xu,
1582 2516 1693 2587 15).
1715 2515 1844 2583 Quis

263 2594 351 2660 est
378 2606 479 2660 iste
524 2606 802 2673 Dominus,
844 2606 1068 2661 fratres?
1106 2606 1352 2661 Christus
1392 2607 1508 2661 sine
1536 2606 1720 2670 dubio,
1752 2606 1845 2676 qui

262 2694 375 2750 suis
401 2694 677 2766 discipulis
700 2697 776 2750 ait
807 2714 820 2750 :
862 2695 966 2751 Vos
998 2699 1189 2751 uocatis
1235 2713 1315 2751 me
1352 2696 1607 2767 Hagister
1653 2706 1702 2750 et
1744 2697 1849 2751 Do-

264 2784 432 2850 mine;
481 2792 530 2838 et
573 2784 699 2839 bene
733 2785 943 2840 dicitis:
991 2802 1103 2840 sum
1143 2787 1331 2839 etenim
1375 2785 1551 2850 (Joan.
1588 2801 1700 2852 xui,
1732 2783 1842 2852 15).

262 2872 395 2940 Qua:
420 2883 504 2931 est
530 2876 694 2931 etiam
724 2875 880 2945 hujus
921 2876 1129 2931 Domini
1172 2876 1405 2930 familia?
1453 2875 1710 2930 Nimirum
1756 2875 1845 2930 illa

262 2972 348 3019 est
372 2980 531 3036 quam
560 2966 674 3036 ipse
702 2967 958 3022 Dominus
990 2966 1058 3021 de
1084 2981 1246 3021 manu
1290 2967 1489 3022 inimici
1517 2966 1764 3033 redemit,
1793 2973 1849 3021 et

262 3070 362 3110 suo
381 3056 618 3112 dominio
647 3057 986 3127 mancipavit.
1029 3055 1153 3112 Hazc
1193 3063 1375 3111 autem
1420 3054 1618 3110 familia
1664 3064 1847 3111 sancta

216 3218 219 3221 _
262 3156 348 3202 est
376 3147 615 3205 Ecclesia
644 3149 931 3213 catholica,
960 3165 1080 3219 quae
1108 3164 1206 3218 per
1229 3148 1415 3204 orbem
1440 3155 1598 3203 terra:
1627 3149 1847 3218 copiosa

264 3233 539 3303 fertilitate
567 3238 900 3308 ditfunditur,
943 3247 998 3294 et
1042 3238 1374 3308 redemptam
1407 3252 1467 3294 se
1496 3238 1734 3308 pretioso
1762 3239 1843 3294 sui

1946 2067 2255 2121 alimentum
2287 2076 2545 2132 nostrum,
2574 2066 2817 2123 Christus
2840 2069 2941 2123 erit
2964 2071 3238 2139 prmmium
3259 2078 3544 2138 nostrum,

1944 2158 2186 2213 Christus
2206 2166 2290 2212 est
2317 2157 2468 2212 cibus
2492 2166 2545 2212 et
2566 2158 2864 2213 consolatio
2885 2160 3215 2216 currentium
3236 2162 3522 2230 viaterum,

1947 2249 2060 2318 ipse
2081 2249 2243 2319 558
2263 2248 2485 2303 satietas
2513 2246 2532 2285 τ
2583 2257 2637 2303 et
2666 2248 2952 2304 exsultatio
2980 2249 3367 2318 quiescentium
3399 2250 3525 2305 bea-

1946 2351 2141 2394 torum.
2194 2338 2272 2391 Ad
2318 2338 2485 2408 ipsam
2529 2338 2710 2408 itaque
2739 2340 2899 2394 tritici
2943 2354 3249 2396 mensuram
3293 2341 3530 2409 pertinet

1945 2429 2088 2497 quod
2128 2429 2387 2482 Dominus
2426 2429 2536 2482 ait:
2580 2428 2798 2483 Vendite
2829 2446 2942 2501 qua:
2979 2431 3275 2500 possidetis,
3320 2441 3371 2487 et
3408 2432 3552 2486 date‘

1946 2518 2355 2588 eleemosynam;
2407 2518 2562 2588 facite
2598 2518 2736 2573 vobis
2778 2520 3013 2573 sacculos
3061 2520 3146 2591 qui
3193 2537 3296 2574 non
3333 2529 3528 2574 vetera-

1904 2668 1907 2671 λ
1946 2618 2115 2673 scunt,
2149 2610 2438 2662 thesaurum
2466 2625 2568 2662 non
2591 2610 2909 2679 deficientem
2939 2610 2990 2663 in
3012 2612 3171 2676 caelis,
3199 2627 3297 2680 quo
3320 2612 3405 2681 fur
3426 2626 3529 2666 non

1948 2699 2240 2767 eppropiat,
2298 2714 2455 2767 neque
2510 2699 2652 2751 tinea
2709 2700 2989 2765 corrumpit
3047 2697 3203 2768 (Luc.
3264 2714 3354 2762 xu,
3413 2698 3528 2769 33).

1949 2786 2195 2853 Magnum
2217 2785 2416 2840 bonum
2445 2793 2548 2850 est,
2594 2783 2785 2841 fratres
2823 2787 3084 2842 carissimi
3109 2798 3155 2852 ις,
3199 2787 3354 2843 valde
3398 2801 3531 2842 con-‘

1946 2891 2157 2946 gruum,
2210 2876 2364 2931 valde
2415 2877 2788 2942 commodum,
2839 2886 2894 2931 et
2939 2878 3169 2932 maxime
3213 2876 3532 2934 Christianis

1947 2967 2195 3023 omnibus
2234 2965 2617 3037 appetendum,
2646 2978 2705 3021 ut
2750 2968 3115 3036 unusquisque
3142 2967 3372 3025 deiicere
3424 2985 3553 3026 non.

1947 3060 2246 3115 delectetur
2274 3058 2326 3114 in
2356 3056 2527 3130 pejus,
2569 3058 2663 3117 sed
2693 3074 2881 3115 omnes
2925 3058 3185 3128 prolicere
3223 3059 3531 3115 studeamus

1950 3151 2004 3204 in
2026 3149 2234 3207 melius.

2020 3236 2073 3290 4.
2105 3237 2339 3294 Arbores
2365 3253 2567 3303 sumus,
2602 3238 2811 3301 fratres,
2845 3239 2897 3292 in
2933 3251 3061 3306 agro
3091 3238 3362 3295 dominico
3402 3254 3535 3293 con-

264 3324 476 3389 Domini
502 3328 762 3396 sanguine
782 3328 1060 3397 gloriatur.
1092 3326 1261 3382 Filius
1280 3329 1418 3382 enim
1438 3328 1677 3392 hominis,
1704 3330 1846 3385 sicut
1870 3331 1915 3391 C
1945 3328 2162 3381 stitutze.
2192 3327 2333 3382 Deus
2352 3335 2433 3383 est
2453 3336 2631 3382 autem
2655 3338 2841 3384 noster
2860 3329 3094 3398 agricola
3120 3347 3133 3383 :
3160 3329 3250 3385 ille
3270 3345 3368 3385 nos
3385 3343 3533 3384 com-

265 3418 381 3488 ipse
407 3418 500 3484 ait,
524 3420 661 3473 venit
682 3436 782 3474 non
808 3421 1118 3487 ministrari,
1146 3419 1238 3474 sed
1257 3420 1615 3486 ministrare“,
1644 3431 1693 3475 et
1720 3421 1848 3474 dare

262 3508 493 3561 animam
537 3523 687 3561 suam
732 3509 1131 3579 redemptionem
1159 3527 1253 3578 pro
1275 3511 1450 3565 multis
1502 3511 1714 3581 (Matth.
1756 3528 1846 3574 xx,

264 3592 377 3665 28).
414 3606 437 3634 ο
458 3596 578 3665 ipse
603 3604 686 3651 est
712 3597 873 3652 etiam
904 3598 1095 3653 Pastor
1115 3600 1289 3655 bonus
1316 3601 1407 3669 qui
1436 3600 1669 3654 animam
1699 3616 1849 3655 suam

267 3688 447 3759 posuit
466 3705 565 3758 pro
585 3689 774 3745 ovibus
802 3691 931 3745 suis.
963 3688 1106 3745 Grex
1133 3704 1264 3759 ergo
1292 3692 1417 3746 boni
1465 3693 1697 3747 Pastoris
1734 3693 1848 3762 ipsa

267 3789 353 3835 est
378 3779 577 3835 familia
609 3779 1002 3851 Redemptoris.
1034 3780 1386 3852 Dispensator
1431 3799 1560 3839 vero
1601 3784 1721 3853 quis
1759 3786 1849 3849 sit,

265 3884 425 3939 quem
452 3879 667 3940 oportet
686 3886 805 3929 esse
825 3871 1035 3928 ﬁdelem
1054 3874 1255 3942 pariter
1278 3883 1333 3928 et
1352 3860 1690 3943 prudentem,
1713 3874 1853 3930 Pau-

268 3956 349 4015 lus
377 3961 532 4016 nobis
559 3962 794 4017 ostendit
817 3961 1112 4031 apostolus,
1143 3963 1233 4032 qui
1262 3960 1330 4018 de
1349 3977 1409 4017 se
1448 3965 1665 4034 suisque
1691 3965 1853 4020 sociis

268 4049 492 4120 loquens
536 4052 657 4107 ait:
690 4052 781 4108 Sic
829 4070 924 4107 nos
973 4054 1229 4108 existimet
1277 4054 1429 4108 homo
1480 4064 1536 4107 ut
1588 4056 1851 4111 ministros

266 4141 458 4198 Christi
475 4152 524 4199 et
545 4145 924 4216 dispensatores
946 4148 1303 4217 mysterion
1324 4145 1441 4201 Dei.
1466 4145 1569 4201 Hic
1586 4148 1701 4218 jam
1719 4164 1853 4219 quoe-

268 4235 401 4288 ritur
434 4237 569 4290 inter
595 4236 998 4308 dispensatores,
1034 4248 1092 4292 ut
1127 4238 1298 4308 fidelis
1325 4241 1438 4310 quis
1477 4241 1767 4294 inveniatur
1796 4239 1851 4310 (I

270 4323 387 4380 Cor.
422 4342 493 4390 tv,
524 4326 574 4392 1,
600 4326 676 4396 2).

336 4412 390 4468 3.
416 4413 493 4470 Ne
519 4417 639 4484 quis
667 4425 844 4471 autem
869 4425 1110 4473 nostrum
1138 4419 1282 4473 solos
1321 4418 1595 4488 apostolos
1638 4417 1849 4487 dispen-

268 4518 476 4560 satores
504 4502 672 4559 factos
694 4506 983 4569 existimet,
1007 4507 1359 4577 neglectoque
1380 4508 1582 4563 militim
1601 4506 1854 4576 spiritalis

270 4592 466 4659 oﬂicio,
498 4609 685 4649 servus
713 4586 865 4665 piger
894 4595 1177 4651 inﬁdeliter
1209 4598 1687 4667 imprudenterque
1723 4597 1852 4651 dor-

1949 3418 2105 3488 pluit,
2137 3418 2225 3473 ille
2253 3419 2401 3485 colit,
2436 3419 2552 3489 ipse
2595 3419 2979 3475 fecunditatem
3017 3421 3220 3484 donat,
3264 3422 3378 3491 ipse
3424 3421 3534 3476 fru—

1947 3506 2215 3563 ctiticandi
2233 3509 2461 3578 gratiam
2482 3509 2869 3565 subministrat.
2909 3508 3093 3565 Pluvia
3122 3510 3217 3567 Dei
3238 3518 3321 3566 est
3354 3526 3535 3567 sermo

1948 3607 2145 3654 sancta:
2182 3600 2598 3669 praedicationis,
2630 3601 2839 3656 cultura
2891 3600 2983 3655 Dei
3011 3611 3092 3656 est
3123 3600 3319 3656 infusio
3349 3602 3534 3671 gratia:

1949 3689 2225 3758 spiritalis.
2258 3688 2399 3744 Deus
2428 3690 2589 3758 igitur
2616 3699 2890 3759 praecepto
2922 3705 3022 3745 nos
3057 3691 3336 3758 compluit,
3377 3690 3534 3759 adju-

1952 3780 2092 3834 torio
2116 3779 2267 3833 colit.
2299 3778 2433 3833 Dum
2462 3780 2743 3850 compluit,
2767 3779 2940 3834 aufert
2963 3796 2995 3833 a
3024 3780 3178 3835 nobis
3221 3781 3535 3850 ignorantiae

1950 3868 2276 3933 siccitatem;
2308 3867 2435 3922 dum
2473 3869 2625 3937 colit,
2653 3870 2793 3924 bene
2835 3869 3045 3924 vivendi
3072 3870 3345 3925 condonat
3372 3871 3534 3925 uber-

1951 3965 2144 4022 tatem;
2179 3956 2304 4013 dum
2347 3959 2500 4037 pluit,
2530 3968 2727 4014 terram
2758 3959 2928 4014 nostri
2950 3960 3125 4014 cordis
3170 3960 3385 4028 irrigat;
3408 3959 3537 4015 dum

1952 4063 2078 4103 vero
2107 4048 2253 4113 colit,
2286 4050 2356 4105 de
2383 4050 2496 4120 ipsa
2527 4058 2672 4106 terra
2701 4050 2882 4120 spinas
2912 4057 2969 4104 et
2998 4050 3224 4106 tribulos
3252 4050 3536 4107 mundanas

1952 4139 2258 4209 cupiditatis
2280 4141 2557 4211 exstirpat.
2606 4140 2872 4196 Debemus
2903 4142 3084 4210 itaque
3130 4141 3404 4198 fecundari
3429 4158 3540 4201 cm—

1955 4228 2177 4283 lestibus
2203 4228 2419 4299 pluviis,
2446 4229 2703 4285 debemus
2728 4244 2963 4300 congrua
2985 4231 3395 4288 fructificatione
3422 4244 3537 4288 ma-

1956 4321 2112 4376 nibus
2137 4322 2357 4393 superni
2383 4323 2711 4393 respondere
2738 4322 2987 4380 cultoris.
3013 4322 3080 4377 Et
3108 4325 3159 4379 si
3176 4340 3283 4379 non
3314 4335 3540 4395 possunt

1954 4426 2145 4467 omnes
2185 4412 2406 4468 arbores
2446 4413 2682 4482 aequales
2704 4411 2908 4467 fructus
2937 4413 3150 4475 aliene.
3187 4414 3329 4469 nulla
3360 4422 3541 4470 tamen

1953 4502 2116 4558 debet
2141 4503 2197 4556 in
2226 4515 2357 4571 agro
2384 4500 2655 4558 dominico
2684 4503 2881 4559 sterilis
2910 4518 3249 4573 permanere.

2028 4593 2079 4647 5.
2113 4593 2337 4649 Multum
2366 4594 2650 4650 metuenda
2688 4595 2843 4649 nobis
2880 4603 2983 4661 est,
3018 4595 3245 4659 fratres,
3283 4595 3369 4648 ilia
3416 4612 3549 4651 serr-

270 4685 442 4752 mitet,
472 4686 585 4755 ipse
612 4686 802 4740 beatus
832 4687 1121 4755 Apostolus
1162 4689 1444 4759 episcopos
1480 4705 1696 4759 quoque
1741 4689 1848 4744 dis-
1879 4695 1930 4754 ῃ
1953 4683 2120 4738 tentia
2146 4683 2547 4750 comminantis,
2588 4699 2693 4751 qua
2733 4683 2930 4739 dicitur
2954 4703 2979 4736 εν
3004 4681 3187 4737 Omnis
3228 4684 3384 4739 arbor
3428 4703 3547 4753 qua:

269 4787 586 4848 pensatores
607 4792 726 4833 esse
747 4778 1061 4845 ostendens,
1092 4780 1163 4833 ait
1191 4796 1203 4832 :
1239 4779 1453 4849 Oportet
1490 4782 1627 4834 enim
1656 4781 1855 4849 episca—

204 4896 213 4903 τ
270 4885 388 4941 pum
417 4870 529 4924 sine
556 4870 770 4924 crimine
788 4886 919 4934 esse,
940 4871 1073 4924 sicut
1101 4868 1198 4923 Dei
1225 4870 1630 4939 dispensatorem
1665 4869 1790 4939 (Tit.
1818 4888 1853 4935 ι,

272 4958 343 5027 7).
395 4958 547 5015 Servi
583 4973 712 5028 ergo
752 4960 919 5030 patris
953 4957 1186 5014 familias
1210 4974 1394 5014 sumus
1417 4998 1435 5024 ,
1462 4960 1873 5029 dispensatores.

270 5048 482 5105 Domini
510 5065 713 5116 sumus,
742 5064 1045 5105 mensuram
1089 5049 1251 5104 tritici
1294 5064 1455 5118 quam
1481 5049 1633 5104 vobis
1661 5063 1851 5117 eroge-

271 5155 388 5196 mus
410 5140 738 5210 accepimus.
771 5140 899 5207 Quae
926 5154 1056 5195 vero
1087 5140 1161 5195 sit
1194 5139 1295 5194 ista
1321 5155 1571 5194 mensura
1600 5140 1760 5195 tritici
1805 5140 1861 5194 si.

272 5244 597 5301 quaeramus,
623 5232 790 5301 ipsam
818 5245 1033 5301 quoque
1074 5230 1228 5285 nobis
1264 5230 1457 5286 beatus
1480 5229 1680 5287 Paulus
1721 5246 1853 5301 apo—

274 5321 443 5377 stolus
470 5321 706 5378 ostendit
729 5321 945 5381 dicens:
997 5321 1284 5393 Unicuique
1327 5323 1458 5376 sicut
1499 5320 1638 5376 Deus
1684 5323 1855 5376 divisit

276 5428 569 5467 mensuram
594 5413 716 5482 fidei
747 5410 922 5482 (Rom.
955 5426 1046 5473 xu,
1080 5411 1167 5480 5)-
1196 5411 1368 5478 Quam
1395 5424 1525 5480 ergo
1552 5426 1869 5468 mensuram

346 5602 370 5631 ⁸
402 5593 562 5663 Basil.
575 5635 591 5661 ,
620 5596 901 5663 proposuit.

347 5664 373 5701 δ
403 5662 590 5733 Basij.,
622 5662 872 5726 Quisnam
898 5675 992 5719 est.

351 5745 372 5768 '
405 5731 640 5805 Sion—ms.
668 5732 823 5805 Coll).
875 5745 929 5789 et
981 5736 1126 5801 Aut.,
1170 5743 1570 5805 jttxtaitextum
1596 5732 1855 5805 Graecum

280 5802 552 5870 Evangelii
582 5800 635 5857 et
666 5803 817 5872 Vulg.
856 5822 989 5859 vers.
1023 5800 1186 5863 Luae.
1208 5822 1298 5872 xu,
1328 5804 1412 5859 45.
1447 5805 1504 5856 AI
1542 5802 1659 5855 cdd.
1690 5800 1878 5869 Mog...

280 5873 468 5943 Colon.
501 5881 555 5927 et
583 5872 767 5937 Basil,
798 5875 1107 5943 vigilantem.

348 5946 370 5979 ά
403 5941 639 6011 Mogunt.
685 5941 984 6011 ct.Colon.,
1044 5965 1143 6009 non
1183 5945 1533 6017 manifestari,
1564 5942 1653 5996 scd
1692 5942 1856 5995 mani-
1942 5966 1943 5971 η

1958 4792 2063 4830 non
2086 4776 2213 4845 facit
2242 4776 2464 4845 fructum
2493 4774 2679 4828 bonum
2709 4775 2995 4841 excidetur,
3013 4784 3062 4829 et
3090 4777 3145 4829 in
3174 4777 3344 4847 ignem
3373 4777 3543 4831 mitte-

1959 4877 2043 4920 tur
2063 4865 2279 4935 (Matth.
2310 4881 2389 4933 Ill,
2422 4864 2532 4935 10).
2563 4865 2716 4931 Quod
2745 4868 2789 4922 si
2817 4867 3074 4922 sterilitas
3115 4868 3169 4921 in
3207 4867 3383 4936 ignem
3418 4869 3545 4922 mit—

1956 4957 2103 5020 titur,
2137 4956 2405 5026 rapacitas
2434 4956 2561 5025 quid
2590 4960 2865 5012 meretur?
2898 4957 3006 5011 Aut
3024 4957 3153 5027 quid
3182 4959 3408 5028 recipiet
3449 4959 3542 5028 qui

1957 5046 2193 5101 alienum
2243 5045 2444 5111 tulerit,
2495 5047 2540 5101 si
2584 5062 2801 5118 semper
2827 5048 3038 5103 ardebit
3064 5051 3155 5119 qui
3183 5048 3249 5105 de
3296 5065 3396 5104 suo
3435 5065 3553 5105 non

1958 5134 2203 5191 dederit?
2232 5133 2298 5189 Et
2320 5136 2365 5191 si
2385 5134 2647 5205 judicium
2669 5138 2787 5193 sine
2808 5139 3175 5193 misericordia
3203 5140 3306 5193 erit
3348 5139 3422 5193 illi
3449 5141 3551 5207 qui-

1960 5245 2066 5285 non
2090 5228 2219 5285 fecit
2246 5229 2342 5300 (al.
2368 5230 2517 5300 facit)
2547 5231 2968 5287 misericordiam
2998 5231 3049 5301 (1
3058 5248 3136 5285 ac.
3164 5232 3360 5302 u,l5),
3383 5233 3554 5300 quale

1957 5319 2216 5389 judicium
2238 5319 2342 5375 erit
2371 5319 2446 5373 illi
2475 5321 2567 5389 qui
2609 5319 2796 5375 fecerit
2823 5328 2881 5373 et
2917 5321 3198 5391 rapinam?
3239 5320 3542 5378 Timeamus

1965 5423 2125 5477 ergo,
2163 5408 2396 5477 fratres,
2446 5411 2729 5466 timeamus
2783 5419 2937 5465 actus
2993 5418 3229 5465 nostros.
3278 5409 3569 5469 Obediens-

1984 5602 2167 5645 esturc.
2984 5608 2995 5620 ‘

1962 5595 2291 5717 [aflgesunt
2313 5662 2425 5715 haec
2467 5660 2519 5715 in
2545 5659 2706 5729 Most,
2739 5658 2929 5718 Colon.
2971 5669 3023 5717 et
3069 5659 3227 5715 Basil.
3273 5659 3573 5729 Legamus:

1963 5732 2014 5786 in
2048 5748 2146 5786 ms.
2177 5744 2230 5786 et
2262 5732 2386 5784 Ant.

2039 5803 2055 5842 ί
2088 5804 2235 5863 Ant.,
2268 5803 2378 5867 ipsa
2395 5810 2467 5853 est
2489 5802 2715 5854 satietas.

2040 5886 2058 5917 κ
2094 5874 2237 5937 Ant.,
2274 5874 2460 5941 fratres
2493 5888 2537 5923 ιη
2576 5896 2609 5923 ι.
