4050 6458
476 452 582 508 725

1506 448 1562 503 S.
1605 444 1966 503 FULGENTII
2004 443 2302 503 EPISCOPI
2342 447 2713 509 RUSPENSIS

3625 436 3738 496 ηι

474 567 690 623 Christo
744 566 939 620 vendat
965 580 1084 635 quae
1121 563 1356 634 possidet
1392 572 1447 617 et
1491 563 1885 633 eleemosynam
1932 536 2120 625 det,lA
2149 543 2282 617 ralia
2328 565 2602 636 pmferat,
2651 579 2811 621 nemo
2841 570 3055 623 terrena
3086 560 3393 618 calestibus
3417 565 3733 627 anteponat.

473 665 533 710 ut
560 655 627 710 de
657 664 798 710 terra
829 671 926 711 cor
949 653 1016 709 ad
1038 655 1231 710 ccelum
1262 654 1421 717 levet,
1456 662 1513 708 ut
1537 654 1814 709 avaritiam
1850 653 2045 718 calcet,

475 756 533 803 ut
555 747 621 802 ad
670 747 1017 818 perfectionis
1067 746 1278 803 culmen
1323 754 1435 800 tota
1492 745 1686 799 mentis
1748 744 2047 799 intentione

474 838 712 905 festinet,
744 847 801 893 ut
833 854 939 894 non
985 837 1055 893 sit
1094 837 1356 893 sollicitus
1382 852 1504 907 quae
1547 846 1673 892 sunt
1718 837 1920 898 mundi,
1952 835 2045 905 sed

468 945 593 998 qua:
624 938 749 984 sunt
774 926 986 984 Domini
1012 928 1104 997 (at.
1149 929 1299 999 Dei);
1334 937 1395 983 ut
1422 929 1673 983 mundum
1722 929 1819 983 sibi
1868 928 2043 982 cruci-

469 1021 637 1076 fixum
662 1021 879 1088 habent,
905 1035 1070 1089 seque
1099 1020 1297 1074 mundo
1322 1015 1640 1075 crucifixum
1670 1019 1965 1084 exhibeat;
1990 1026 2046 1071 ut

465 1113 533 1166 sit
593 1113 813 1168 omnino
852 1126 1057 1181 pauper
1096 1111 1150 1165 in
1197 1111 1392 1166 smculo
1422 1119 1477 1165 et
1518 1108 1669 1165 dives
1715 1110 1766 1163 in
1803 1108 2040 1164 Christo.

466 1203 607 1269 Quis
632 1204 840 1273 ignoret
868 1193 994 1258 boni
1024 1200 1191 1270 hujus
1210 1200 1667 1270 magnitudinem?

541 1295 595 1349 6.
631 1295 879 1350 Videmus
907 1302 1117 1361 autem,
1137 1311 1242 1349 non
1266 1294 1515 1350 omnibus
1537 1295 1934 1367 venJeudarum
1964 1310 2046 1350 re-

469 1402 588 1442 rum
617 1402 835 1442 suarum
862 1386 1041 1442 inesse
1068 1387 1339 1442 virtutem.
1376 1385 1732 1459 Unusquisque
1757 1389 1897 1442 enim
1921 1404 2043 1457 pro-

468 1477 637 1545 prium
665 1474 813 1530 habet
852 1475 1044 1540 donum
1071 1460 1304 1539 ex‘Deo,
1324 1476 1457 1530 alius
1485 1487 1654 1531 autem
1690 1479 1765 1532 sic
1801 1475 1890 1549 (ΙΙ
1918 1476 2039 1534 Cor.

456 1583 559 1629 .vn,
592 1568 671 1635 7).
701 1566 843 1623 Ecce
870 1568 973 1623 hoc
1002 1575 1108 1621 tam
1137 1582 1385 1636 magnum
1414 1570 1611 1623 bonum
1642 1569 1863 1638 implere
1883 1570 2042 1640 pauci

467 1668 711 1726 possunt,
740 1659 893 1712 multi
923 1674 1028 1713 non
1051 1667 1295 1727 possunt.
1322 1657 1569 1727 Nunquid
1598 1659 1722 1727 quia
1742 1661 1928 1728 paucis
1947 1660 2044 1715 do-

467 1757 629 1805 natur
658 1750 756 1804 ista
789 1748 1070 1820 perfectio,
1128 1758 1420 1820 propterea
1443 1749 1643 1805 debent
1677 1765 1796 1806 esse
1824 1752 2043 1820 pessimi

470 1840 777 1909 quicunque
823 1840 875 1894 in
904 1840 1075 1899 bono,
1100 1840 1335 1895 nondum
1374 1851 1598 1911 possunt
1620 1848 1745 1897 esse
1773 1843 2042 1913 perfecti?

2151 653 2488 712 Tbesaurum
2517 665 2786 724 nostrum,
2835 655 3052 722 fratres,
3088 651 3323 716 inemlis
3348 662 3631 720 ponamus,
3672 648 3736 700 ut

2148 748 2310 801 etiam
2334 763 2431 803 cor
2451 755 2694 803 nostrum
2717 747 2771 801 in
2793 746 2945 802 caelis
2968 744 3172 799 habere
3190 741 3475 813 possimus.
3499 738 3736 793 Necesse

2147 848 2230 893 est
2254 840 2399 914 enim
2420 847 2479 893 ut
2502 853 2611 908 quo
2630 836 2965 909 prmoeSserit
2993 833 3297 891 dilectionis
3326 832 3628 894 thesaurus,
3659 828 3733 882 il-

2148 929 2235 984 loc
2259 929 2419 983 etiam
2442 927 2784 996 cogitationis
2807 933 3066 996 sequatur
3092 921 3336 977 allectus.
3365 919 3491 974 lico
3519 916 3735 973 Veritas

2145 1020 2221 1072 ait
2251 1037 2265 1071 :
2301 1018 2401 1073 L'bi
2429 1019 2566 1072 enim
2596 1018 2868 1071 thesaurus
2891 1023 3054 1069 vester
3082 1020 3176 1077 est,
3208 1011 3278 1064 ibi
3299 1021 3349 1064 et
3389 1026 3478 1063 cor
3508 1017 3733 1081 vestrum

2114 1112 2243 1164 ’erit
2265 1109 2480 1181 (Matth.
2511 1125 2582 1173 vr,
2611 1107 2725 1177 21).
2758 1105 2829 1161 Ut
2855 1119 2985 1175 ergo
3007 1107 3060 1159 in
3082 1103 3233 1160 caelis
3283 1102 3727 1163 tbesaurizemns,

2146 1198 2389 1254 cmlestia
2408 1199 2710 1267 diligamus.
2733 1195 2828 1252 Vis
2853 1209 3011 1251 nosse
3025 1194 3115 1249 ubi
3132 1191 3463 1247 thesaurizas
3477 1188 3730 1247 ?attende

2144 1288 2272 1357 quid
2300 1303 2469 1343 amas.
2499 1282 2595 1343 Vis
2623 1300 2786 1341 nosse
2812 1284 2942 1353 quid
2968 1284 3153 1337 amas?
3190 1280 3406 1336 attende
3431 1277 3560 1348 quid
3585 1273 3731 1344 cogi-

2145 1376 2246 1435 tas.
2273 1379 2350 1433 lta
2372 1379 2464 1433 fiet
2483 1386 2542 1433 ut
2566 1379 2873 1433 thesaurum
2916 1384 3063 1430 tuum
3089 1389 3159 1429 ex
3179 1382 3272 1428 tuo
3300 1386 3485 1426 amore
3520 1382 3729 1436 cogno-

2148 1484 2294 1533 scas,
2327 1464 2380 1522 et
2410 1482 2650 1521 amorem
2673 1475 2823 1521 tuum
2854 1463 3106 1518 indicium
3137 1471 3242 1516 tua:
3271 1457 3614 1529 cogitationis
3639 1456 3728 1510 in-

2144 1559 2377 1627 telligas.
2392 1551 2694 1612 Ostendens
2713 1563 2893 1610 autem
2921 1553 3177 1609 Dominus
3198 1549 3470 1620 quomodo
3493 1547 3549 1602 in
3573 1546 3730 1602 cadis

2146 1649 2508 1703 thesaurizare
2523 1647 2815 1718 possimus,
2830 1646 2907 1700 ait
2937 1662 2949 1696 :
2979 1643 3098 1699 Sint
3126 1640 3286 1696 lunibi
3312 1639 3469 1694 vestri
3497 1637 3729 1708 prierin-

2144 1746 2234 1810 cti,
2262 1755 2310 1798 et
2337 1745 2560 1798 lacerate
2578 1741 2821 1796 ardentes
2851 1735 3000 1810 (Luc.
3031 1752 3127 1802 ιιι,
3160 1734 3273 1807 55).
3424 1814 3443 1827 ς

2217 1853 2269 1907 9.
2311 1853 2366 1908 Si
2397 1853 2555 1918 istum
2584 1850 2794 1907 Domini
2835 1850 3137 1904 sermonem
3165 1844 3458 1901 secundum
3488 1841 3733 1897 litteram

467 1928 716 1999 Nunquid
746 1938 1032 2000 propterea
1053 1928 1384 1985 Christianus
1404 1931 1563 1986 debet
1584 1931 1712 1985 vitio
1738 1933 2045 2002 rapacitatis
2074 1925 2122 1985 B
2145 1944 2372 1999 νειίιηυε
2392 1943 2657 2013 accipere,
2689 1940 2820 1995 nihil
2846 1940 2900 1994 in
2930 1954 2998 1994 eo
3024 1933 3577 2005 commodi‘spiritalis
3594 1944 3730 2001 pos-

468 2024 736 2089 insistere,
766 2025 891 2094 quia
924 2023 1062 2079 forte
1090 2024 1327 2079 nondum
1355 2031 1533 2097 potest
1560 2040 1748 2079 omnes
1787 2040 1876 2080 res
1920 2040 2046 2080 suas

469 2112 795 2184 pauperibus
817 2115 1078 2182 erogare?
1106 2114 1211 2167 Aut
1250 2114 1372 2168 ideo
1418 2114 1580 2169 debet
1627 2115 1802 2170 aliena
1846 2131 2047 2173 concu‘

471 2204 703 2275 piscere,
731 2204 855 2274 quia
885 2196 1102 2274 propria
1146 2205 1374 2260 necdum
1421 2213 1600 2275 potest
1647 2207 1868 2263 omnino
1914 2223 2047 2264 cou-

471 2299 749 2354 temnere?
777 2298 928 2353 Absit
954 2298 1077 2365 hoc,
1106 2297 1317 2359 fratres,
1341 2299 1409 2352 ab
1430 2299 1679 2355 omnibus
1698 2298 2043 2369 Christianis;

410 2410 413 2413 λ
472 2398 683 2444 avertat
710 2391 814 2447 hoc
840 2390 1038 2446 Deus-a
1062 2390 1304 2445 fidelibus
1325 2392 1453 2446 suis.
1478 2392 1767 2462 Apostolus
1784 2395 1928 2449 enim
1953 2410 2047 2450 ve-

470 2482 667 2537 raciter
692 2481 822 2561 dicit
850 2481 972 2551 quia
1011 2497 1174 2552 neque
1205 2482 1551 2552 avari,neque
1574 2499 1804 2552 rapaces,
1834 2501 2049 2556 regnum

471 2570 569 2625 Dei
588 2571 920 2640 possidebunt
973 2570 1002 2624 1
1032 2569 1150 2625 Cor.
1184 2587 1254 2637 vi,
1287 2570 1373 2637 9).
1396 2570 1730 2628 Manifestum
1759 2583 1839 2629 est
1868 2584 2046 2631 autem

471 2664 598 2731 quia
633 2677 820 2716 omnes
847 2662 938 2731 qui
966 2677 996 2715 a
1027 2675 1191 2730 regno
1228 2661 1322 2715 Dei
1360 2661 1522 2732 559
1559 2663 1961 2732 alienabuutur,
1991 2665 2047 2720 in

469 2762 671 2808 aeterno
715 2755 836 2822 igne
885 2766 1007 2806 eum
1055 2750 1269 2806 diabolo
1311 2751 1535 2831 ejus-que
1572 2754 1773 2823 angelis
1820 2756 2044 2813 damna-

471 2846 693 2901 buntur.
1222 2910 1227 2913 ι

548 2935 597 2989 7.
639 2935 899 3005 Proinde,
945 2937 1296 3002 dilectissimi,
1346 2939 1391 2993 si
1448 2953 1555 2994 non
1602 2955 1793 2997 omnes
1820 2950 2046 3010 possunt

468 3024 694 3094 implere
736 3024 887 3094 quod
923 3023 1181 3081 Dominus
1208 3022 1304 3089 ait,
1360 3026 1575 3081 Vendite
1613 3045 1726 3099 qua:
1770 3029 2045 3099 possidetis

471 3115 623 3189 (Luc.
655 3132 747 3183 xu,
779 3115 903 3184 55),
935 3116 1063 3171 illud
1094 3126 1270 3173 tamen
1295 3116 1440 3187 quod
1466 3117 1663 3188 adjecit
1684 3119 1886 3185 dicens,
1913 3118 2045 3174 Date

468 3209 846 3280 eteemosynam
866 3207 1142 3281 (Ibidem),
1159 3210 1408 3265 omnibus
1435 3219 1518 3265 est
1539 3212 1809 3280 possibile,
1840 3213 1885 3267 si
1905 3211 2044 3268 adsit

2145 2047 2329 2089 sumus
2351 2030 2615 2086 invenire.
2645 2028 2785 2095 Quid
2812 2028 2958 2083 enim
2986 2025 3012 2065 ι’
3037 2022 3247 2096 proﬁcit
3266 2021 3335 2078 ad
3363 2022 3556 2077 anime
3581 2018 3736 2076 salu-

2146 2129 2275 2187 tem,
2319 2122 2365 2176 si
2411 2119 2605 2189 aliquis
2632 2117 3026 2189 corporaliter,
3054 2125 3149 2170 aut
3186 2114 3397 2168 lumbos
3412 2110 3741 2186 pnecingat,

2145 2220 2238 2267 aut
2259 2211 2535 2266 lucernam
2574 2208 2869 2265 accendat?
2889 2204 3007 2260 Alia
3037 2204 3169 2275 ergo
3190 2204 3243 2258 in
3271 2201 3568 2279 praecinctis
3588 2198 3730 2252 lum-

2144 2302 2228 2358 bis
2249 2309 2306 2356 et
2330 2300 2563 2356 lucernis
2589 2298 2901 2354 ardentibus
2925 2294 3213 2365 quaerenda
3240 2301 3322 2349 est
3368 2289 3727 2359 intelligentia

2145 2390 2424 2461 spiritalis,
2455 2404 2576 2458 qua:
2603 2384 2813 2445 scilicet
2835 2387 3018 2443 divino
3044 2385 3117 2440 sit
3137 2375 3407 2455 praicepto
3434 2380 3731 2447 condigna,

2144 2494 2263 2550 quae
2305 2488 2502 2536 nostra:
2547 2479 2708 2535 saluti
2732 2493 2970 2548 congrua
3001 2476 3303 2547 reperiatur
3329 2481 3386 2527 et
3412 2469 3727 2529 commoda.

2145 2573 2330 2642 Neque
2350 2573 2493 2627 enim
2523 2572 2720 2625 frustra
2749 2568 2982 2640 quodam
3022 2569 3145 2624 loco
3171 2567 3287 2636 ipse
3315 2565 3571 2621 Dominus
3596 2562 3723 2615 ait:

2158 2661 2329 2716 Verbo
2344 2677 2461 2733 quis
2479 2677 2583 2731 ego.
2595 2660 2795 2714 locutus
2821 2675 2937 2713 sum
2961 2656 3124 2723 vobis,
3152 2656 3366 2727 spiritus
3393 2664 3444 2708 et
3471 2652 3578 2707 vita
3603 2658 3726 2705 sunt

2147 2740 2324 2822 (Joan.
2354 2767 2427 2817 Vl,
2451 2749 2565 2819 63).
2589 2748 2647 2803 In
2670 2748 2863 2804 lumbis
2891 2749 3073 2816 itaque
3099 2746 3262 2816 550
3289 2740 3727 2812 concupiscentia
3780 2754 3805 2765 ’

2145 2840 2379 2898 earualis
2401 2838 2722 2904 ostenditur,
2746 2838 2800 2893 in
2824 2837 3063 2893 bicornis
3093 2851 3221 2891 vero
3261 2833 3394 2888 fides
3420 2840 3478 2888 et
3522 2831 3729 2887 caritas

2143 2932 2448 3003 Christiana
2475 2938 2807 2987 monstratur
2837 2939 2890 2982 ο.
2913 2926 3115 2984 lubens
3134 2927 3295 2995 igitur
3312 2925 3573 2983 Dominus
3586 2923 3727 2977 lum-

2143 3023 2245 3080 bos
2270 3033 2486 3078 nostros
2508 3020 2783 3092 prtecingi,
2802 3018 3263 3087 concupiscentiae
3279 3016 3461 3073 carnis
3479 3015 3598 3070 sine
3615 3013 3727 3068 du-

2143 3116 2235 3172 bio
2260 3114 2503 3186 praecipit
2528 3113 2624 3185 (at.
2655 3110 2936 3183 praecepit)
2956 3108 3236 3166 refrenari.
3258 3107 3731 3178 lnpemnsamcm

2144 3213 2204 3260 ut
2223 3205 2469 3261 lucernas
2494 3203 2744 3258 ardentes
2771 3200 3082 3266 habeamus,
3113 3199 3220 3255 hoc
3237 3198 3425 3267 utique
3459 3196 3614 3265 jubet
3663 3203 3730 3249 ut

469 3301 613 3357 bona
642 3279 887 3363 voluntas
906 3279 1202 3366 ;,omnibus
1227 3299 1416 3368 neile,
1436 3301 1479 3356 si
1509 3279 1616 3355 non
1644 3302 1783 3357 adsit
1808 3302 1923 3357 dira
1944 3317 2036 3357 cu-
2071 3279 2116 3342 (ἶ
2146 3306 2201 3353 et
2228 3297 2428 3353 tuumne
2453 3309 2593 3363 verae
2613 3293 2734 3350 ﬁdei
2759 3292 3155 3364 splendeamus,
3186 3298 3244 3346 et
3263 3296 3464 3345 sanetae
3481 3286 3727 3342 caritatis

470 3398 698 3469 piditas;
725 3397 972 3452 omnibus
994 3396 1227 3461 salubre,
1270 3397 1319 3452 si
1345 3397 1548 3452 ferveat
1573 3397 1768 3452 caritas
1793 3415 1810 3451 :
1839 3398 2047 3454 cunctis

2146 3386 2398 3459 operibus
2424 3384 2745 3442 ferveamus.
2775 3382 2974 3440 Jubens
2996 3391 3056 3439 ut
3079 3383 3191 3438 sint
3215 3381 3382 3436 lumbi
3402 3380 3571 3435 nostri
3587 3391 3725 3446 prte-

473 3467 604 3557 ergo
630 3488 791 3543 debet
818 3502 939 3543 esse
965 3503 1248 3543 commune
1277 3495 1334 3542 ut
1361 3488 1608 3544 omnibus
1649 3488 1879 3544 donetur
1896 3500 2054 3545 aeter-
2146 3478 2337 3546 cincti.
2362 3475 2583 3533 mandat
2604 3483 2664 3532 ut
2686 3474 2827 3530 mala
2854 3472 3119 3529 desideria
3148 3480 3312 3540 atque
3337 3484 3504 3540 opera
3548 3467 3725 3536 fugia-

472 3593 540 3634 na
567 3577 812 3634 felicitas.
840 3577 940 3645 Qui
962 3591 1093 3646 ergo
1112 3580 1316 3635 tantam
1340 3579 1592 3635 virtutem
1621 3580 1818 3649 accipit
1859 3594 1889 3633 a
1938 3579 2043 3635 Do-

472 3670 621 3726 mino
667 3677 724 3724 ut
772 3670 952 3724 omnia
999 3684 1119 3738 qua:
1165 3671 1218 3723 in
1249 3670 1449 3727 mundo
1478 3679 1603 3725 sunt
1634 3671 1867 3727 caelestis
1894 3672 2050 3740 regni-

471 3774 658 3823 amore
694 3767 1024 3825 contemnat,
1065 3773 1186 3828 quas
1210 3759 1369 3814 habet
1398 3760 1612 3825 vendat,
1657 3767 1714 3816 et
1740 3762 1924 3830 egenis
1950 3777 2045 3816 es-

469 3847 689 3920 pendat.
721 3846 822 3915 Qui
851 3857 1173 3904 vero-tantm
1201 3848 1414 3904 virtutis
1439 3848 1677 3905 nondum
1704 3858 1804 3914 est,
1845 3849 1915 3905 de
1961 3850 2048 3905 bis

469 3956 597 4013 qua:
615 3940 801 4007 habet,
831 3941 884 3997 in
912 3950 1171 4010 quantum
1218 3941 1399 4006 habet,
1430 3940 1826 4012 eleemosynam
1858 3941 2039 3996 faciat.

470 4031 701 4089 Tantum
748 4043 1003 4103 operetur
1046 4032 1185 4088 bona
1235 4032 1484 4120 voluntas
1524 4040 1785 4100 quantum
1808 4032 2046 4101 suppetit

469 4125 713 4182 facultas.
746 4124 1019 4182 Perfectus
1047 4125 1318 4195 possideat
1346 4126 1574 4195 primum
1604 4124 1816 4179 virtutis
1844 4125 2040 4191 locum,

470 4212 818 4284 imperfectus
835 4214 1024 4270 saltem
1047 4214 1326 4285 perveniat
1342 4214 1411 4268 ad
1430 4213 1740 4270 secundum.
1767 4211 2065 4270 Efficiatur-

469 4303 563 4371 ille
586 4302 821 4373 gloriose
848 4303 1060 4371 dignus,
1084 4304 1156 4359 sit
1183 4305 1284 4359 iste
1331 4303 1669 4359 laudabiliter
1715 4303 2045 4370 largus."Sit

469 4394 562 4450 ille
581 4400 780 4449 sancta
801 4393 1130 4462 paupertatis
1160 4393 1565 4448 ardentissimus
1592 4402 1822 4459 amator,
1850 4395 1923 4449 sit
1941 4395 2044 4449 iste

468 4491 780 4539 sanctorum
807 4498 1103 4554 pauperum
1130 4483 1401 4553 piissimus
1451 4484 1778 4540 consolator.
1839 4482 2044 4539 Habeat

467 4576 573 4632 iste
605 4575 745 4647 apud
772 4575 938 4631 Deum
964 4582 1223 4645 patronos
1248 4588 1531 4644 pauperes,
1573 4589 1709 4644 quos
1734 4574 1824 4629 ille
1841 4589 1901 4630 se
1919 4587 2044 4643 gau-

2144 3584 2299 3635 mus;
2323 3567 2520 3638 jubens
2549 3574 2609 3622 ut
2628 3566 2739 3622 sint
2755 3564 2992 3622 lucerna:
3014 3572 3212 3620 nostra:
3240 3561 3515 3627 ardentes,
3536 3565 3728 3615 monet

2145 3669 2204 3716 ut
2228 3660 2371 3717 bona
2391 3658 2671 3727 diligamus
2691 3665 2856 3727 atque
2878 3656 3156 3713 faciamus.

2166 3814 2169 3817 _
2217 3750 2449 3806 10.,lsta
2475 3764 2593 3819 qua:
2612 3748 2682 3805 de
2706 3747 2999 3816 Evangelia
3013 3746 3421 3817 proposuimus,
3448 3760 3574 3800 cum
3595 3758 3731 3813 pro-

2145 3843 2373 3914 pbeticis
2424 3840 2765 3897 sermonibus
2812 3838 3177 3915 conferamus.
3238 3834 3535 3904 Utrumque
3578 3834 3729 3889 enim

2146 3937 2548 3994 Testamentum
2592 3932 2736 3989 Deus
2762 3945 2901 3986 unus
2939 3928 3170 3985 instituit
3196 3924 3245 3990 ἀ,
3290 3940 3428 3981 unus
3465 3923 3731 3978 Dominus

2144 4030 2321 4096 dedit;
2351 4036 2411 4084 et
2433 4027 2481 4082 si
2506 4032 2635 4082 sunt
2660 4022 2939 4092 utriusque
2988 4016 3317 4074 Testamenti
3357 4014 3569 4070 diversa
3624 4026 3725 4081 pro

2144 4120 2487 4193 temporibus:
2503 4122 2865 4179 sacramenta,
2883 4110 3175 4169 concordat
3204 4118 3382 4164 tamen
3411 4106 3467 4160 in
3494 4114 3727 4173 utroque

2143 4214 2331 4271 salutis
2354 4205 2919 4270 bumanmsenteutiag
2934 4218 3044 4273 qua
3060 4199 3369 4271 praecipitur
3396 4204 3455 4251 ut
3476 4210 3584 4251 non
3606 4208 3730 4264 pec-

2143 4322 2347 4369 cemus,
2376 4311 2434 4360 et
2455 4302 2677 4373 jubetur
2703 4306 2765 4354 ut
2790 4296 2948 4352 bonis
2975 4294 3226 4363 operibus
3248 4290 3574 4345 insistamus.
3590 4284 3730 4340 Pue-

2143 4397 2275 4469 eipit
2295 4397 2476 4463 itaque
2493 4390 2753 4446 Dominus
2778 4401 2876 4456 per
2903 4384 3120 4440 beatum
3147 4379 3336 4442 David,
3364 4378 3589 4469 dicens:
3617 4374 3723 4469 Pe-

2143 4462 2284 4543 cliua
2330 4501 2363 4537 a
2390 4462 2575 4544 insuto,
2622 4487 2673 4534 et
2719 4480 2813 4549 {ac
2847 4475 3036 4530 bonum
3059 4471 3230 4542 (Psal.
3265 4464 3597 4534 “3111,15).
3621 4462 3726 4517 Per
3751 4524 3767 4535 ο

2143 4576 2339 4633 Isaiam
2365 4585 2583 4642 quoque
2611 4582 2799 4624 omnes
2836 4565 2922 4620 bis
2950 4562 3206 4618 admonet
3242 4558 3421 4614 verbis
3446 4575 3460 4610 :
3509 4555 3730 4625 Auferte

465 4670 561 4726 det
586 4643 799 4724 virtutis
841 4643 1042 4723 haboire
1085 4643 1387 4723 consortes.
1435 4664 1517 4721 Sit
1542 4643 1643 4721 iste
1662 4664 1783 4720 talis
1803 4665 2039 4736 quicum
2070 4646 2124 4706 D
2145 4667 2338 4722 malum
2390 4659 2758 4733 cogitationum
2783 4664 3064 4710 uestrarum
3091 4649 3159 4704 ab
3182 4648 3343 4703 oculis
3370 4646 3529 4709 meis;
3579 4643 3723 4736 quie-
3790 4654 3794 4656 ‘

466 4762 696 4818 Domino
719 4761 1054 4830 judicaturus
1081 4759 1300 4825 sedeat;
1331 4760 1402 4815 sit
1419 4759 1508 4814 ille
1536 4758 1657 4813 talis
1682 4757 1771 4827 qui
1820 4758 1887 4812 ad
1911 4757 2043 4812 dex-

464 4866 637 4913 teram
680 4838 1001 4923 judicandus
1049 4853 1282 4909 assistat.
1345 4837 1428 4907 Sit
1457 4852 1545 4906 ille
1575 4850 1698 4905 talis
1723 4851 1815 4918 qui
1840 4857 2039 4905 aeterna

466 4944 810 5002 tabernacula
836 4950 1100 5013 perpetuo
1122 4942 1245 5012 jure
1289 4940 1589 5011 possideat;
1645 4940 1716 4994 sit
1769 4939 1873 4994 iste
1920 4938 2043 4993 talis

461 5051 623 5106 quem
653 5035 742 5090 ille
763 5034 1008 5104 recipiat.
1047 5033 1313 5087 Admonet
1334 5041 1358 5068 ο
1389 5031 1533 5085 enim
1562 5045 1662 5086 nos
1680 5028 1939 5085 Dominus
1960 5028 2043 5083 di-

459 5145 591 5187 cens
609 5148 622 5183 :
641 5128 827 5189 Facite
844 5127 983 5184 vobis
1008 5128 1201 5182 anticus
1224 5127 1288 5180 de
1305 5140 1600 5179 mammona
1627 5125 1934 5196 iniquitatis,
1957 5126 2043 5195 qui

458 5237 547 5277 vos
570 5223 824 5293 recipiant
848 5224 903 5275 in
925 5229 1119 5275 eterna
1142 5216 1475 5273 tabernacula
1501 5214 1653 5288 (Luc.
1682 5232 1788 5278 svx,
1821 5213 1899 5283 9).

532 5314 588 5369 8.
629 5313 746 5370 Hoc
771 5327 923 5382 ergo,
952 5312 1163 5377 fratres,
1187 5311 1547 5367 necessarium
1564 5318 1658 5364 .cst
1685 5309 1933 5364 omnibus
1955 5323 2046 5363 no-

459 5404 566 5469 bis,
597 5413 657 5459 ut
684 5404 738 5459 in
767 5404 924 5460 bonis
950 5402 1205 5474 operibus
1228 5415 1391 5457 nemo
1417 5400 1489 5457 sit
1515 5399 1716 5468 segnis,
1763 5413 1924 5457 nemo
1972 5397 2043 5453 sit

461 5492 679 5556 sterilis,
701 5508 859 5548 nemo
881 5491 1223 5563 prteseutium
1243 5488 1531 5545 dilectione
1548 5489 1642 5555 (al.
1658 5486 2039 5555 delectatione)

460 5585 638 5641 futura
664 5592 998 5669 contemnat,
1026 5598 1185 5639 nemo
1204 5588 1406 5637 aeterna
1430 5579 1751 5652 despiciens,
1773 5576 1890 5631 sola
1906 5587 2040 5630 tem-

465 5679 668 5750 poralia
698 5691 986 5750 pervorsus
1013 5673 1232 5746 aspiciat
1258 5690 1271 5739 ;
1304 5687 1463 5728 nemo
1490 5669 1819 5742 spiritalibus
1841 5682 2039 5737 corpo—

536 5869 560 5895 ι
593 5858 713 5923 M5,,
743 5855 1029 5911 admonuit.

532 5922 562 5969 ὅ
592 5922 713 5998 Ms,
746 5926 848 5992 Qui
875 5926 1030 5978 enim.

2143 4759 2271 4814 scite
2294 4768 2528 4828 perverse
2548 4766 2719 4824 agere,
2749 4747 2928 4802 discite
2950 4743 3246 4812 benefacere
3269 4737 3403 4811 (ιω.
3420 4736 3585 4806 1,16).
3610 4734 3728 4789 Hoc

2143 4864 2273 4919 ergo
2302 4861 2443 4902 nunc
2462 4842 2721 4900 Dominus
2744 4853 2843 4909 per
2868 4835 3102 4905 seipsum
3130 4830 3372 4902 prmeipit
3399 4828 3494 4896 (at.
3522 4838 3725 4896 praece-

2142 4942 2265 5013 pit),
2297 4937 2440 5010 quod
2465 4937 2619 4993 nobis
2646 4948 2743 5005 per
2759 4938 2975 4986 sanctos
3001 4927 3166 4982 etiam
3213 4921 3548 5013 patriarchas
3590 4932 3724 5013 proo-
3818 4925 3825 4931 ‘

2143 5006 2439 5103 phetasque
2464 5023 2755 5082 mandavit.
2783 5017 2922 5087 Quid
2950 5016 3218 5081 estenim,
3244 5014 3363 5069 Sint
3391 5007 3552 5103 lumbi
3570 5006 3725 5103 vestri

2148 5099 2432 5193 praecincti,
2457 5116 2579 5184 nisi,
2609 5112 2884 5170 Declinate
2907 5108 3139 5164 amalo't
3165 5103 3301 5193 Quid
3314 5112 3425 5193 est,
3475 5099 3723 5193 snitu-
3802 5114 3809 5115 ί

2146 5187 2317 5266 cerua:
2343 5206 2604 5270 ardentes,
2625 5202 2748 5266 nisi,
2781 5199 2964 5259 Facite
3010 5195 3246 5251 bonum?
3276 5190 3415 5259 Quid
3456 5199 3562 5255 est,
3604 5187 3725 5243 Sint

2146 5298 2305 5354 Iumbi
2324 5298 2478 5357 uestri
2504 5290 2791 5363 prwcincti,
2816 5286 2939 5351 nisi,
2964 5282 3237 5351 Quiescite
3258 5293 3420 5347 agere
3439 5273 3723 5348 perverse?

2146 5388 2283 5455 Quid
2312 5393 2421 5451 est,
2449 5385 2567 5440 Sint
2600 5383 2823 5437 incensae
2845 5376 3107 5437 ardentes,
3160 5371 3281 5436 nisi,
3312 5368 3511 5426 Discite
3559 5366 3722 5422 bene-

2141 5474 2361 5533 ῆωηθ
3034 5513 3037 5516 ι

2220 5566 2307 5620 ll.
2348 5563 2752 5631 Praeemguntur
2773 5558 2942 5629 igitur
2963 5553 3242 5629 (aLenim)
3275 5551 3510 5607 ﬁdelium
3539 5543 3720 5608 lumbi,

2149 5663 2277 5743 dum
2318 5655 2754 5729 concupiscentia
2785 5653 2926 5709 mala
2953 5648 3345 5719 comprimitur.
3393 5645 3520 5699 dum
3549 5637 3720 5705 iniqua

2226 5851 2247 5876 ι
2281 5838 2400 5898 Με..
2434 5835 2727 5889 Christiano
2754 5836 3087 5898 monstratur.

2078 5954 2085 5963 .
2118 5897 2133 5901 θ
2223 5907 2247 5947 τ¹
2908 5898 3025 5967 Ms.,
3062 5896 3197 5950 Deus
3217 5909 3349 5973 uuas
3378 5885 3597 5944 instituit
