4046 6502
170 448 292 504 725

1649 429 1874 491 ΞΕΒΜΟ
1914 429 1974 484 ll.

3346 422 3449 478 τῖϐ

168 557 444 625 cogitatio
465 539 763 619 cohibetur,
789 554 911 609 dum
941 551 1358 607 libidiniresistit
1389 546 1616 606 animus.
1640 545 1764 598 dum
1788 547 1840 604 -Α
1872 539 2240 609 pnedicemus.
2267 534 2428 590 Vobis
2450 548 2662 625 quoque
2691 533 2947 625 donetut
2973 529 3111 625 quod
3151 532 3218 586 ab
3243 534 3330 588 illo
3358 549 3452 603 per

172 649 422 704 lascivia:
473 649 768 715 denegatur
822 644 1062 707 affectus,
1115 643 1240 696 dum
1271 639 1510 696 calcatur
1539 635 1764 693 luxuria.

171 739 320 791 dum
348 736 568 790 avaritia
597 735 960 790 contemnitur
1017 741 1071 786 et
1118 730 1324 800 rapina,
1373 728 1497 782 dutn
1541 722 1769 795 proximi

174 828 344 881 lzesio
367 825 650 885 devitatur.
681 825 808 879 dum
836 823 1085 894 superbia
1134 821 1380 884 vincitur,
1410 818 1536 872 dum
1575 815 1768 870 invidia

173 925 502 984 superatur.
528 916 728 968 Ardent
752 930 880 968 vero
905 915 1138 968 lucernas
1161 911 1414 970 lidelium.
1445 908 1571 964 dum
1611 915 1771 960 recta:

177 1007 321 1062 ﬁdei
349 1008 585 1075 regulam
613 1017 851 1081 servant,
880 1007 1005 1060 dum
1051 1005 1101 1058 in
1131 1004 1248 1057 sinu
1290 1003 1476 1055 matris
1525 998 1772 1053 Ecclesia:

181 1101 575 1171 longanimiter
604 1106 970 1168 perseverant,
999 1098 1124 1151 dum
1168 1106 1379 1150 terrena
1427 1099 1775 1147 contemnunt

180 1201 245 1246 et
277 1191 520 1246 cmlestia
549 1190 955 1258 concupiscunt,
987 1188 1116 1242 dum
1137 1185 1353 1241 solliciti
1385 1198 1570 1254 pacem
1591 1190 1772 1236 custo-

181 1279 369 1344 diunt,
394 1280 518 1334 dum
540 1295 596 1334 se
633 1281 858 1334 invicem
885 1292 1015 1348 pure
1044 1277 1288 1343 diligunt,
1317 1262 1460 1328 dum
1495 1281 1678 1326 mutuo
1718 1287 1777 1326 se

185 1371 408 1425 honore
432 1370 782 1440 prmveniunt,
815 1368 939 1421 dum
966 1364 1373 1421 mansuetudine
1394 1363 1571 1419 cordis
1591 1371 1644 1416 et
1675 1362 1773 1415 hu-

186 1460 425 1516 militate
464 1459 767 1530 proficiunt,
795 1458 922 1511 dum
954 1456 1329 1511 misericordia:
1358 1469 1520 1522 opera
1553 1454 1779 1507 libenter

188 1565 363 1626 atque
383 1554 626 1609 hilariter
647 1552 868 1618 faciunt,
891 1552 1122 1619 dumque
1145 1551 1197 1603 in
1224 1549 1476 1618 operibus
1499 1547 1650 1601 bonis
1672 1561 1778 1598 non

191 1647 528 1709 hominibus,
562 1643 654 1701 sed
679 1645 791 1698 Deo
820 1644 1035 1714 placere
1063 1640 1409 1697 contendunt.

273 1736 362 1790 η.
404 1733 589 1790 Omnis
639 1748 767 1802 ergo
823 1732 1158 1786 Christianus
1208 1732 1524 1799 praecinctos
1589 1723 1782 1780 habeat

194 1827 436 1891 lumbos,
460 1835 518 1879 ut
539 1825 706 1894 fugiat
737 1824 1038 1888 libidinem;
1071 1824 1345 1876 ardentem
1388 1821 1581 1874 habeat
1611 1820 1784 1873 lucer-

1870 647 2056 686 servos
2076 629 2191 698 ejus
2219 627 2432 691 auditis,
2449 633 2509 679 'et
2538 624 2699 680 corde
2729 623 3058 692 intelligatis,
3085 630 3137 675 et
3177 638 3342 690 opere
3371 623 3451 675 fa-

1872 719 2047 774 ciatis.
2079 716 2192 771 Hoc
2212 729 2339 784 ergo
2366 714 2545 769 divina
2571 712 2936 768 misericordia
2967 720 3223 780 operetur
3253 713 3304 765 in
3333 728 3452 766 om-

1877 812 2029 866 nibus
2056 809 2208 866 nobis
2235 809 2356 876 “,ut
2386 823 2502 869 nos,
2527 821 2663 872 quos
2691 805 2859 858 voluit
2888 817 3006 858 esse
3033 801 3456 872 dispensatores,

1877 901 2061 956 fideles
2093 901 2250 954 faciat
2280 910 2334 956 et
2389 898 2712 967 prudentes;
2769 913 2862 951 vos
2892 911 3106 966 quoque
3139 895 3298 949 faciat
3326 897 3457 950 obe-

1876 991 2084 1046 dientes
2098 989 2416 1044 ethumiles:
2437 997 2490 1041 ut
2505 1003 2806 1041 mensuram
2824 986 2984 1040 tritici
3012 985 3283 1047 dominici,
3299 999 3462 1055 quam

1877 1081 2028 1135 vobis
2074 1081 2278 1142 dannts,
2300 1093 2639 1132 communem
2669 1077 2940 1131 vobiscum
2970 1075 3259 1131 salubriter
3295 1084 3462 1143 atque

1881 1173 2083 1226 utiliter
2111 1172 2401 1224 habeamus
2431 1178 2478 1222 θ.

2505 1278 2732 1331 SEllllO
2777 1278 2832 1330 ll.

1883 1389 1959 1444 De
1990 1392 2180 1460 duplici
2213 1389 2498 1442 .Vutiritate
2535 1388 2726 1460 Christi
2758 1389 2798 1450 ί,
2831 1407 2934 1460 una
2965 1400 3158 1442 w'erna
3185 1405 3247 1440 ca:
3281 1388 3463 1451 Putre,

2250 1463 2431 1521 altera
2465 1459 2728 1527 temporali
2759 1475 2822 1511 ea:
2866 1458 3097 1530 Virgine.

1963 1552 2014 1606 l.
2039 1552 2331 1620 Cupientes
2360 1550 2556 1616 aliquid
2588 1548 2654 1602 de
2681 1550 2836 1615 hujus
2860 1549 2963 1602 diei
2994 1550 3335 1602 solemnitate
3354 1562 3472 1601 nat?

1886 1659 2024 1704 rare,
2056 1641 2322 1710 simulque
2351 1639 2754 1694 considerantes
2781 1638 2905 1693 illud
2937 1654 3098 1694 unum
3126 1638 3380 1704 Verbutn,
3404 1637 3471 1700 de

1886 1750 1992 1803 quo
2021 1735 2199 1788 dicere
2230 1734 2494 1792 volumus,
2531 1732 2671 1786 nulla
2723 1732 3022 1786 invenimus
3069 1733 3229 1784 verba
3279 1729 3472 1800 quibus

1887 1823 2216 1880 sullicienter
2262 1822 2460 1890 aliquid
2514 1822 2692 1876 dicere
2720 1823 3016 1876 valeamus.
3063 1821 3153 1875 Est
3182 1823 3324 1874 enim
3371 1823 3472 1877 hoc

195 1932 352 1980 Iam,
409 1926 467 1971 ut
517 1917 785 1972 custodiat
831 1915 1134 1970 castitatem
1167 1932 1178 1965 :
1238 1913 1556 1982 prrcciuctos
1592 1911 1785 1965 habeat
1821 1915 1862 1976 Β
1893 1911 2121 1965 Verbum
2148 1927 2254 1964 non
2303 1911 2445 1978 quod
2476 1911 2672 1983 desinit
2720 1911 3005 1980 prolatum,
3039 1911 3128 1965 sed
3162 1909 3306 1980 quod
3345 1929 3470 1982 per-

197 1999 437 2071 lumbbs,
472 2016 530 2060 ut
553 2005 752 2075 aliqttid
783 2005 1017 2058 alienum
1051 2019 1146 2058 nec
1176 2003 1369 2071 rapiat,
1419 2016 1519 2055 nec
1551 2000 1786 2065 foretur;

187 2098 480 2153 ardentem
512 2095 710 2150 habeat
742 2095 1032 2158 lucernam,
1063 2105 1119 2148 ut
1145 2093 1210 2147 de
1236 2109 1334 2147 suo
1373 2091 1792 2146 misericorditer

198 2193 463 2255 operetur
501 2203 512 2236 :
556 2185 876 2253 praecinctos
907 2183 1100 2237 habeat
1149 2183 1379 2246 lumbos,
1431 2190 1489 2236 ut
1531 2183 1789 2235 minorem

200 2291 313 2330 non
341 2275 644 2344 opprimat;
676 2273 956 2326 ardentem
1004 2272 1201 2325 habeat
1249 2272 1543 2333 lucernam,
1591 2279 1650 2323 ut
1695 2284 1792 2338 op-

203 2381 397 2436 presso
421 2365 682 2419 velamine
717 2364 940 2432 iustitia:
963 2371 990 2401 ⁸
1013 2362 1170 2432 juslte
1190 2361 1515 2416 defensionis
1536 2361 1790 2414 auxilium

203 2452 519 2523 impendat:
555 2453 868 2522 praecinctos
902 2451 1098 2506 habeat
1127 2451 1664 2518 lumbos,uthabenti
1685 2467 1791 2505 non

205 2542 419 2595 auferat
448 2541 658 2606 cibum;
687 2539 962 2594 ardentem
1004 2540 1198 2594 habeat
1249 2539 1543 2604 lucernam,
1579 2549 1636 2592 ut
1665 2555 1790 2593 esu.

205 2630 369 2686 rie.-.ti
397 2630 596 2683 tribuat
624 2629 934 2683 alimentum
961 2647 973 2681 :
1002 2629 1318 2698 praacinctos
1340 2629 1534 2683 habeat
1558 2628 1787 2692 lumbos,

210 2727 270 2774 ut
298 2735 408 2775 non
429 2720 624 2789 spoliet
653 2719 939 2786 vestitum;
982 2713 1476 2774 ardentem'habeat
1497 2718 1790 2782 lucernam,

212 2811 372 2882 551
405 2818 463 2862 ut
485 2809 674 2863 vestiat
700 2809 898 2862 nudum
925 2825 936 2860 :
968 2807 1284 2877 praecinctos
1313 2808 1509 2861 habeat
1565 2807 1792 2872 lumbos,

210 2906 274 2952 ut
301 2897 519 2952 domum
566 2895 760 2951 nullius
809 2894 1056 2958 invadat;
1083 2894 1362 2950 ardentem
1391 2895 1592 2949 habeat
1620 2896 1786 2950 lucer-

212 3005 360 3054 nam,
420 3000 477 3042 ut.
531 2987 847 3058 peregrinos
885 2984 1083 3040 Christi
1115 2985 1344 3041 libenter
1368 2987 1600 3056 excipiat
1625 3005 1636 3038 :
1661 3003 1797 3057 prm-

213 3082 423 3137 cinctos
452 3079 647 3134 habeat
673 3077 900 3142 lumbos,
931 3084 989 3131 ut
1016 3074 1183 3146 fugiat
1225 3077 1547 3143 elationem;
1605 3078 1800 3132 arden-

217 3181 326 3226 tem
350 3169 546 3224 habeat
575 3169 869 3232 lucernam,
894 3174 952 3221 ut
1003 3176 1182 3222 servet
1229 3167 1584 3222 humilitatem
1613 3187 1623 3220 :
1661 3183 1799 3238 pra:-

1893 2011 2072 2056 manet
2119 2011 2334 2064 natum;
2370 2017 2474 2055 non
2508 2001 2893 2070 transitorium,
2921 2001 3014 2054 Sed
3041 2011 3332 2066 aiternum;
3367 2019 3474 2056 non

1895 2091 2088 2148 factum
2119 2109 2148 2146 a
2169 2093 2291 2146 ~Deo
2333 2092 2510 2150 Patre.
2535 2093 2630 2144 sed
2667 2093 2939 2162 genitum;
2974 2107 3074 2145 nec
3100 2093 3272 2145 solum
3322 2093 3474 2158 geni-

1894 2194 2028 2248 tum,
2077 2183 2171 2238 sed
2201 2184 2362 2238 etiam
2415 2181 2775 2250 Unigenitum.
2814 2181 2983 2235 Unum
3014 2184 3212 2251 quippe
3245 2181 3477 2236 Verbum
3507 2225 3510 2228 .

1897 2275 2034 2328 Deus
2057 2273 2215 2327 Pater
2243 2274 2424 2340 genuit
2452 2271 2517 2325 de
2549 2273 2744 2340 seipso,
2779 2286 2874 2340 per
2897 2272 3038 2338 quod
3068 2271 3246 2325 omnia
3275 2271 3479 2323 ereavit
3505 2317 3509 2321 .

1895 2381 1958 2416 cx
2006 2362 2193 2416 nihilo.
2232 2361 2293 2414 In
2330 2360 2585 2430 principio
2623 2359 2764 2412 enim
2819 2359 2975 2428 552
3007 2369 3118 2412 erat
3161 2357 3404 2424 Verbum,
3430 2367 3518 2419 et;

1906 2454 2124 2506 Verbum
2157 2464 2267 2506 erat
2309 2451 2446 2519 apud
2477 2449 2663 2515 Deum,
2692 2460 2738 2503 et
2773 2448 2907 2503 Deus
2937 2459 3048 2504 erat
3088 2448 3327 2503 Verbum.
3366 2448 3477 2503 lloc

1896 2555 2006 2597 erat
2035 2532 2095 2595 [in
2137 2543 2391 2612 principio
2423 2543 2560 2610 apud
2593 2540 2776 2594 Deum.
2812 2541 3001 2593 Omnia
3031 2559 3119 2606 per
3148 2542 3313 2610 ipsum
3340 2542 3481 2610 facta
3515 2599 3518 2601 λ

1897 2641 2036 2694 sunt,
2067 2643 2112 2684 et
2143 2631 2254 2684 sine
2283 2633 2392 2701 ipso
2431 2635 2622 2701 factum
2659 2641 2735 2684 est
2773 2631 2904 2683 nihil
2936 2629 3114 2699 (Joan.
3148 2645 3182 2694 t,
3220 2631 3268 2691 -l,
3312 2629 3362 2693 2,
3397 2629 3476 2698 5).

1899 2724 1954 2778 In
1986 2725 2088 2777 hoc
2116 2733 2293 2777 autem
2323 2721 2465 2792 quod
2495 2738 2591 2792 per
2620 2722 2745 2776 illud
2777 2722 3006 2775 Verbum
3035 2722 3174 2775 Deus
3202 2721 3357 2777 Pater
3383 2723 3476 2793 (ιιι.

1899 2811 2260 2884 omnipotens)
2311 2812 2489 2866 omnia
2527 2811 2671 2875 fecit,
2704 2812 3004 2866 ostenditur
3055 2812 3175 2880 quia
3208 2811 3309 2864 hoc
3344 2811 3476 2864 Ver-

1900 2905 2022 2959 bum
2053 2905 2235 2973 genuit
2279 2905 2412 2973 ipse,
2449 2919 2552 2957 non
2600 2903 2744 2957 fecit.
2793 2901 2925 2956 lllud
2957 2903 3115 2970 igitur
3149 2901 3377 2956 Verbum
3413 2902 3482 2976 de

1902 2996 2012 3049 Deo
2042 2995 2179 3049 Deus
2206 3003 2310 3062 est,
2354 2995 2420 3048 de
2456 3005 2700 3048 creatore
2729 3003 2941 3048 creator
2969 3002 3070 3047 est.
3115 2991 3263 3047 Unde
3295 2991 3398 3046 hoc
3430 2993 3486 3046 in

1899 3102 1956 3140 se
1987 3097 2010 3132 ε
2043 3087 2351 3139 naturaliter
2381 3085 2543 3138 habet
2573 3099 2712 3148 esse,
2740 3083 2882 3152 quod
2913 3082 3070 3136 Pater
3093 3092 3193 3136 est.

1970 3178 2023 3234 2.
2051 3177 2214 3231 Natus
2235 3187 2317 3230 est
2348 3177 2526 3244 itaque
2548 3176 2614 3230 de
2646 3174 2802 3230 Patre
2830 3174 2940 3230 Deo
2973 3174 3134 3229 Filius
3163 3173 3320 3238 Deus,
3349 3174 3491 3228 alter

215 3262 428 3318 cinctos
457 3260 652 3314 habeat
694 3259 922 3324 lumbos,
956 3267 1014 3313 ut
1041 3259 1275 3330 expellat
1301 3275 1332 3314 a
1357 3275 1417 3314 se
1457 3261 1706 3314 invidiam
1749 3271 1803 3316 et
1833 3269 1877 3332 C
1910 3268 1960 3320 in
1990 3283 2235 3338 persona,
2271 3283 2376 3320 non
2430 3267 2565 3320 alius
2602 3267 2653 3320 in
2685 3277 2871 3320 natura
2899 3283 2911 3316 :
2964 3280 3178 3334 semper
3217 3264 3356 3334 apud
3385 3261 3485 3318 Pa-

217 3351 473 3416 livorem;
499 3349 776 3404 ardentem
801 3349 1000 3404 habeat
1025 3349 1318 3415 lucernam,
1350 3359 1408 3404 ut
1437 3366 1623 3420 puram
1663 3368 1802 3406 cun-

217 3441 320 3496 etis
345 3440 597 3495 exhibeat
622 3439 899 3494 caritatem
930 3459 942 3492 :
972 3441 1288 3510 praecinctos
1316 3441 1536 3500 habeat.
1563 3441 1794 3509 lumbos,

221 3543 278 3588 ut
308 3549 414 3588 non
442 3531 693 3586 exhibeat
721 3531 959 3586 membra
987 3546 1082 3586 sua
1104 3549 1250 3585 arma
1273 3533 1555 3604 iniquitatis
1569 3544 1798 3602 peccato;

221 3623 500 3679 ardentem
517 3621 714 3676 habeat
741 3621 1037 3689 lucernam,
1067 3629 1121 3676 ut
1151 3623 1405 3677 exhibeat
1432 3624 1670 3678 membra
1701 3639 1796 3678 sua

223 3733 366 3770 arma
405 3715 626 3786 justitic
654 3713 762 3770 Deo
789 3714 964 3786 (Rom.
995 3731 1066 3779 vt,
1092 3715 1203 3786 l5).
1622 3776 1624 3779 ,

293 3808 380 3862 l5.
409 3806 534 3862 llaec
569 3815 672 3873 est,
706 3805 919 3871 fratres,
949 3806 1230 3861 catholica:
1258 3805 1379 3860 fidei
1407 3823 1532 3862 vera
1561 3824 1799 3880 sanaqae

225 3899 484 3956 doctrina.
512 3897 639 3953 lltec
659 3905 743 3952 est
764 3911 1018 3951 mensura
1051 3897 1213 3952 tritici
1250 3897 1317 3952 de
1337 3913 1441 3967 qua
1472 3899 1681 3955 Domini
1711 3918 1798 3958 re-

227 3989 518 4058 demptoris
545 3987 572 4027 δ
603 3998 685 4044 est
711 3989 978 4058 pascenda
1005 3988 1223 4042 familia.
1257 3987 1334 4042 Ex
1362 3989 1463 4045 hac
1506 3991 1658 4047 vobis
1702 3995 1798 4063 (al.

230 4079 426 4149 nobis),
455 4087 716 4149 quantum
744 4079 1003 4135 Dominus
1032 4079 1236 4147 tribuit,
1265 4080 1454 4134 damus
1479 4098 1492 4146 ;
1523 4082 1804 4154 ipsumque

230 4169 505 4223 Dominum
547 4167 748 4237 jugiter
799 4170 1104 4234 exor‘amus,
1154 4177 1212 4222 ut
1239 4177 1295 4223 et
1323 4185 1422 4225 nos
1449 4179 1506 4226 et
1532 4187 1628 4225 vos
1655 4174 1720 4228 in.
1738 4178 1805 4229 ti-

127 4278 130 4281 ·
229 4271 376 4312 more
400 4258 584 4328 gratiae
615 4269 637 4297 ο
665 4273 764 4313 suo
791 4271 1012 4328 pascere
1037 4257 1529 4327 dignetur-auxilio.
1583 4263 1808 4320 Auferat

232 4363 262 4400 a
283 4348 432 4403 nobis
451 4348 871 4404 dominationem
899 4365 1075 4420 prava:
1100 4349 1433 4422 cupiditatis,
1456 4353 1622 4410 donet
1641 4357 1808 4411 omni-

232 4437 328 4491 bus
353 4437 653 4508 profectum
692 4447 748 4494 et
789 4442 1246 4509 perseverantiam
1269 4444 1529 4498 caritatis.
1571 4444 1808 4503 Lumbos

233 4535 440 4582 nostros
463 4529 576 4597 ipse
615 4529 923 4598 praecingat,
967 4529 1213 4586 lucernas
1235 4540 1446 4589 nostras
1475 4535 1589 4605 ipse
1614 4539 1804 4592 ardere

1903 3368 2060 3423 trem,
2084 3372 2297 3427 semper
2317 3373 2435 3411 cum
2465 3355 2640 3417 Patre.
2667 3372 2878 3426 semper
2898 3357 2963 3412 de
2986 3355 3165 3424 Patre,
3190 3370 3406 3426 semper
3428 3357 3482 3409 in

1905 3447 2088 3502 Patre:
2119 3462 2330 3518 semper
2351 3447 2490 3518 apud
2513 3445 2747 3513 Patrem,
2777 3463 2896 3502 cum
2925 3462 3032 3516 quo
3064 3447 3262 3501 illium
3288 3455 3369 3501 est
3399 3463 3488 3500 na-

1902 3526 2092 3592 turalis‘
2116 3537 2476 3603 immensitas;
2517 3553 2730 3606 semper
2757 3555 2876 3592 cum
2917 3536 3094 3604 Patre,
3125 3553 3243 3592 cum
3273 3550 3382 3606 quo
3413 3536 3488 3590 illi

1901 3644 2003 3682 una
2025 3637 2108 3683 est
2133 3628 2388 3682 naturalis
2415 3628 2719 3689 aeternitas;
2746 3643 2960 3696 semper
2983 3627 3048 3680 de
3077 3627 3253 3691 Patre,
3285 3628 3351 3678 de
3378 3641 3486 3695 quo

1903 3721 1977 3773 illi
2007 3727 2089 3772 est
2111 3717 2428 3771 naturaliter
2446 3726 2650 3791 aeterm
2679 3718 2957 3781 nativitas;
2985 3731 3198 3784 semper
3227 3717 3278 3768 in
3305 3713 3483 3775 Patre.

1901 3823 2022 3863 cum
2043 3823 2150 3877 quo
2178 3807 2251 3860 illi
2274 3816 2357 3860 est
2384 3823 2486 3860 una
2511 3807 2826 3860 naturaliter
2847 3806 3174 3874 aequalisque
3205 3805 3484 3858 divinitas:

1903 3908 1958 3953 et
1987 3899 2124 3951 alter
2149 3896 2365 3966 quidem
2399 3896 2489 3950 ille
2510 3898 2602 3964 qui
2628 3895 2786 3950 Pater
2815 3906 2896 3951 est
2928 3896 2976 3961 ιι,
3004 3896 3138 3949 alter
3165 3895 3251 3949 ille
3280 3895 3368 3964 qui
3401 3893 3492 3947 Fi-

1899 3989 2004 4043 lius
2034 3995 2142 4052 est;
2160 3995 2350 4041 neuter
2375 3994 2553 4040 tamen
2583 3986 2718 4040 alter
2735 3985 3032 4054 Deus,quia
3059 3983 3217 4039 Pater
3241 3992 3297 4038 et
3318 3981 3487 4036 Filius

1905 4093 2041 4132 unus
2061 4086 2143 4132 est
2168 4076 2324 4130 Deus.
2361 4075 2704 4145 Quapropter
2731 4073 2946 4146 quando
2976 4078 2984 4110 δ
3020 4074 3087 4132 de
3110 4072 3269 4128 Patre
3299 4072 3407 4126 Deo
3431 4082 3488 4126 et

1907 4167 2038 4222 Filio
2067 4167 2179 4222 Deo
2206 4166 2444 4221 nascitur
2463 4180 2664 4232 sermo,
2681 4166 2838 4236 digne
2865 4167 3090 4219 dicimus
3113 4164 3341 4220 alterum
3367 4179 3491 4218 esse

1898 4260 2138 4324 Patrem,
2189 4267 2244 4314 et
2283 4258 2511 4314 alterum
2557 4257 2789 4321 Filium;
2839 4268 2895 4313 et
2920 4258 3266 4313 nihilominus
3323 4255 3483 4325 digne

1907 4348 2132 4404 dicimus
2161 4363 2324 4404 unum
2370 4347 2536 4404 Deum
2566 4363 2686 4404 esse
2730 4347 2943 4403 Patrem
2992 4356 3046 4404 et
3099 4348 3312 4404 Filium.
3355 4347 3489 4402 Cum

1909 4440 2053 4494 enim
2093 4439 2320 4495 dicimus
2344 4438 2568 4494 alterum
2597 4455 2715 4494 esse
2743 4438 2980 4504 Patrem,
3018 4439 3246 4494 alterum
3276 4437 3490 4499 Filium,

1910 4531 2166 4585 discretas
2213 4545 2470 4601 personas
2500 4531 2760 4598 genitoris
2797 4532 3070 4600 genitique
3099 4540 3492 4598 monstramus;

232 4615 386 4672 faciat
413 4618 768 4688 ardentesque
795 4618 1096 4674 custodiat:
1130 4630 1188 4675 ut
1229 4637 1330 4678 nec
1358 4622 1675 4692 refrigescat
1705 4643 1808 4682 no.
1837 4637 1890 4696 ι)
1911 4635 2031 4674 cum
2053 4635 2182 4674 vero
2211 4622 2437 4676 dicimus
2461 4638 2620 4675 unum
2637 4621 2802 4676 Deum
2831 4637 2952 4679 esse
2976 4621 3186 4676 Patrem
3210 4631 3263 4676 et
3278 4621 3492 4686 Filium,

217 4716 336 4762 .slra
365 4709 580 4773 caritas,
613 4725 713 4764 nec
752 4709 928 4780 aliqua
985 4710 1140 4765 nobis
1186 4711 1493 4769 dominetur
1531 4717 1801 4785 iniquitas.

234 4795 332 4850 Sed
357 4797 610 4853 Dominus
633 4815 696 4855 ac
723 4798 1053 4870 Redemptor
1090 4807 1274 4856 noster
1303 4803 1551 4859 omnibus
1578 4807 1805 4873 gratiam

236 4888 471 4954 tribuat,
549 4891 813 4945 universis
877 4889 1077 4945 donum
1149 4900 1348 4946 sanctae
1402 4893 1809 4952 illuminationis

236 4997 295 5036 ac
343 4982 553 5037 virtutis
591 4981 852 5037 infundat.
894 4980 1058 5036 Nobis
1093 4980 1259 5038 donet
1314 4990 1372 5036 ut
1414 4983 1557 5051 quod
1593 4984 1662 5039 ab
1711 4986 1804 5042 illo

236 5070 472 5145 audimus
495 5080 640 5127 recte
661 5071 1020 5140 intelligamus
1041 5080 1098 5126 et
1128 5071 1266 5126 sicut
1291 5080 1506 5142 oportet
1524 5071 1798 5138 faciamus,

241 5162 488 5233 vobisque
517 5162 812 5218 faciendum
855 5177 1104 5218 sermone
1147 5161 1432 5218 suﬂicienti
1469 5171 1526 5218 et
1569 5179 1804 5235 congruo

305 5357 330 5383 ⁸
359 5343 447 5400 Sic
467 5343 625 5416 Basil.
645 5345 847 5416 Atms.,
864 5344 1089 5416 velitmen
1104 5344 1325 5416 justitia:
1345 5342 1506 5416 (forte
1527 5359 1624 5416 pro
1629 5344 1807 5416 justo!)

241 5416 484 5468 duntaxat
513 5413 824 5484 defensionis
847 5411 1128 5484 impendat.
1161 5411 1321 5482 Mog.,
1340 5411 1470 5484 Col.
1494 5411 1548 5468 et
1577 5411 1726 5483 Ant.,
1755 5411 1810 5468 ut

243 5500 474 5566 oppresso
500 5483 748 5566 velamine
771 5484 1006 5552 justitiw,
1033 5483 1286 5536 duntaxat
1312 5483 1627 5553 defensionis
1659 5486 1808 5538 auxi-

244 5553 357 5606 lium
377 5553 658 5622 impendat.

1916 4716 2084 4784 ipsam
2112 4731 2270 4770 unam
2313 4725 2558 4770 naturam
2601 4716 2902 4771 indiscreta:
2930 4715 3226 4770 divinitatis
3253 4715 3491 4770 ostendi-

1915 4820 2048 4860 mus.
2084 4805 2262 4860 Altera
2284 4815 2368 4860 est
2395 4805 2538 4860 enim
2563 4821 2790 4877 persona
2819 4805 3075 4876 genitoris
3104 4814 3159 4860 et
3188 4805 3371 4874 geniti,
3398 4806 3493 4860 sed

1916 4911 2017 4950 una
2047 4905 2128 4951 est
2156 4906 2344 4950 natura
2371 4896 2628 4964 genitoris
2657 4904 2710 4951 et
2737 4898 2920 4964 geniti.

1983 4987 2037 5040 5.
2066 4984 2349 5052 Quomodo
2373 5001 2504 5040 vero
2532 4989 2546 5036 i
2578 4987 2905 5042 sufficienter
2929 4997 3020 5040 aut
3049 4987 3206 5054 digne
3228 4985 3372 5054 loqui
3398 4999 3496 5054 po-

1912 5075 2039 5130 terit
2079 5075 2198 5143 quis
2219 5076 2243 5128 ‘l
2266 5075 2341 5129 De
2367 5078 2521 5144 quo?
2562 5075 2738 5132 llonto
2764 5079 2832 5130 de
2859 5078 2991 5142 Deo,
3025 5077 3268 5132 mortalis
3295 5075 3492 5130 deim-

1914 5169 2145 5233 mortali,
2173 5168 2395 5243 visibilis
2415 5169 2480 5224 de
2511 5170 2778 5233 invisibili,
2811 5170 3084 5223 mutabilis
3104 5168 3169 5222 de
3200 5169 3495 5222 incommu-

1993 5345 2011 5384 τ
2043 5347 2167 5402 Mss.
2200 5349 2326 5410 duo.
2364 5351 2438 5404 De
2469 5350 2654 5405 Natali
2684 5350 2911 5404 Domini.

1988 5427 2013 5466 ι
2036 5417 2161 5484 Ms.,
2192 5419 2287 5474 hoc
2315 5421 2440 5484 ipse.

1983 5485 2008 5524 δ
2041 5486 2128 5544 Sic
2161 5489 2284 5543 Ant.
2333 5485 2489 5544 Basil.
2541 5506 2701 5555 vero,
2731 5489 2870 5558 Mog.
2922 5499 2976 5544 et
3015 5489 3202 5546 Colon.
3239 5493 3502 5546 omittunt

1913 5559 2093 5630 priori
2123 5560 2248 5630 loco
2300 5561 2614 5630 particulam
2663 5561 2766 5630 qui.
2828 5559 2966 5630 Mog.
3017 5571 3070 5614 et
3121 5560 3314 5616 Colon.
3371 5578 3493 5630 pos-

309 5621 333 5659 ιε
357 5621 480 5704 Ms,
514 5621 588 5704 (1ςῖ
601 5639 700 5704 qua
745 5622 1113 5704 Redemptoris.
1187 5698 1196 5704 .
1914 5621 2100 5704 ἱστίοιὶ
2122 5621 2338 5693 habeni,
2371 5629 2506 5699 quod
2537 5621 2685 5698 ﬁlius
2707 5637 2801 5684 est.
2824 5621 3318 5704 Ms.'autetn,quad,
3353 5621 3496 5685 iitro—

311 5691 816 5768 fM_og.,_Colon.‘et
846 5691 1031 5768 Ba_sil.,
1060 5698 1244 5768 gratia:
1272 5709 1396 5749 sua.
1914 5714 2018 5768 que
2050 5697 2191 5768 loco.

311 5761 493 5845 falsa,-
518 5761 569 5814 in
595 5761 862 5825 omnibus;
894 5761 1236 5845 deest—nobis.
1275 5835 1285 5845 .
1327 5834 1338 5845 _
1387 5833 1416 5845 ,Α
1542 5843 1547 5845 _
1933 5761 2006 5845 ’-ί
2044 5767 2130 5821 Sic
2159 5785 2257 5821 ms.
2291 5780 2341 5820 et
2375 5768 2496 5821 Ant.
2532 5767 2596 5822 At
2625 5767 2784 5826 Basil.
2809 5810 2823 5836 ,
2865 5770 3000 5840 Mog.
3035 5780 3086 5825 et
3117 5769 3332 5836 Colon.,
3363 5787 3492 5842 quo-.-

314 5841 332 5868 ⁸
351 5829 541 5903 Βὲείιον
571 5848 884 5889 τοηιηιυηρηι
915 5833 1184 5896 nobiscum
1205 5833 1474 5892 salubriter
1497 5843 1644 5903 atque
1666 5835 1806 5887 utili-
1916 5841 2074 5890 niam.
2811 5829 2821 5836 '
2953 5829 2977 5840 "
3319 5829 3329 5836 '
3378 5829 3387 5842 ι
3480 5829 3489 5856 ;

251 5909 315 5955 tn
341 5900 586 5957 habeatis.
1524 5927 1526 5930 ν
1563 5900 1569 5903 ⁷
1990 5910 2004 5957 ι
2036 5906 2131 5962 Ms.
2169 5905 2387 5974 Quando
2411 5925 2544 5966 vero.
