4050 6460
531 395 641 451 ἹΞῚ

1571 402 1627 456 8.
1668 397 2029 458 FCLGENTII
2067 399 2369 459 EPISCUPI
2410 399 2778 460 RUSl’ENSlS

535 486 704 575 tabili,
747 526 883 580 opus
927 509 994 565 de
1039 510 1248 579 o'pilicc,
1280 509 1347 564 de
1375 515 1620 566 cre'atore
1645 492 1910 578 creatura,
1934 513 2004 569 de
2027 515 2108 568 fa-
2140 524 2183 579 Α
2215 515 2282 568 ad
2314 513 2610 568 remedium
2663 513 2910 568 sanitatis
2936 532 2950 577 ;
2981 523 3037 568 et
3075 515 3164 583 qui
3195 522 3278 569 est
3301 517 3613 584 angelorum
3641 534 3808 586 esca,

533 610 684 656 ctore
726 600 950 665 factura,
979 600 1232 668 parvulus
1275 598 1342 652 de
1383 599 1668 666 immenso,
1709 603 2020 671 temporalis
2046 603 2113 658 de

534 703 757 757 mtcruo,
782 695 996 748 humilis
1016 694 1081 747 dc
1107 694 1385 757 altissimo,
1411 693 1703 762 plasmatus
1721 711 1752 750 e
1775 696 1900 750 limo
1927 696 1998 762 de
2022 697 2113 752 illo

533 788 624 855 qui
655 787 834 840 omnia
864 787 1065 841 creavit
1096 802 1165 840 ex
1193 787 1376 840 nihilo.
1419 786 1583 856 Cujus
1612 796 1695 842 est
1740 789 2116 844 inenarrabilis

533 875 945 945 omnipotentia,
983 891 1088 944 qua
1137 891 1234 930 nos
1263 877 1495 943 gratuita
1534 877 1775 932 bonitate
1821 877 1981 940 fecit;
2014 895 2113 934 nec

533 967 709 1022 minus
739 976 914 1021 tamen
968 968 1340 1022 inenarrabilis
1387 969 1576 1037 gratia,
1604 985 1708 1038 qua
1740 987 1837 1025 nos
1858 972 2111 1040 omnipo-

535 1055 829 1109 tentissima
859 1054 1204 1109 miseratione
1229 1055 1470 1108 salvavit.
1513 1056 1613 1123 Qui
1641 1065 1694 1110 et
1723 1074 1860 1127 opus
1885 1061 2112 1113 creatri-

531 1147 612 1201 cis
639 1147 1040 1216 omnipotentim
1070 1146 1236 1213 gratis
1278 1147 1422 1212 fecit,
1470 1158 1525 1202 et
1552 1165 1688 1219 opus
1726 1152 1909 1218 gratim
1934 1152 2112 1206 salva-

534 1240 682 1295 tricis
703 1240 1099 1308 omnipotenter
1126 1240 1365 1308 implevit
1391 1259 1403 1292 :
1426 1241 1532 1295 illic
1559 1241 1763 1296 habens
1792 1251 2110 1312 potestatem

533 1329 800 1385 condendi
823 1337 876 1384 et
904 1329 1122 1397 regendi
1150 1338 1450 1384 creaturam
1477 1347 1651 1396 suam,
1679 1333 1765 1386 hic
1788 1333 1989 1387 habens
2016 1349 2112 1402 po-

533 1427 780 1475 testatem
827 1417 1062 1489 ponendi
1105 1428 1162 1474 et
1213 1419 1456 1474 sumendi
1483 1435 1582 1489 pro
1629 1421 1784 1476 nobis
1814 1432 1837 1458 α
1882 1423 2110 1476 animam

530 1525 701 1565 suam.
726 1507 1179 1580 Omnipotentiam
1205 1526 1332 1565 vero
1363 1510 1503 1566 hanc
1535 1513 1630 1581 (al.
1673 1514 1837 1580 nunc)
1866 1514 2110 1579 dicimus,

531 1614 635 1668 qua
660 1597 919 1664 Verbum,
949 1599 1093 1669 quod
1121 1601 1175 1654 in
1213 1601 1476 1672 principio
1506 1611 1644 1666 erat,
1693 1611 1749 1656 et
1773 1603 1913 1673 apud
1943 1604 2113 1659 Deum

531 1698 668 1753 erat,
701 1697 756 1742 et
786 1690 926 1743 Deus
945 1699 1080 1753 erat,
1113 1689 1233 1744 fecit
1255 1706 1415 1746 onme
1443 1692 1587 1760 quod
1615 1708 1720 1746 non
1751 1703 1866 1748 erat
1887 1692 1914 1732 ιν
1939 1711 1954 1758 ;
1987 1708 2111 1762 gra-

532 1781 659 1834 tiam
691 1797 843 1844 vero,
894 1797 997 1851 qua
1029 1781 1260 1836 Verbum
1293 1798 1419 1836 caro
1449 1782 1648 1837 factum
1698 1785 1845 1838 venit
1869 1800 2116 1853 qumrere

2213 606 2368 660 nobis
2388 605 2562 660 factus
2586 616 2666 660 est
2691 605 2973 660 medicina.

2283 693 2334 748 5.
2359 694 2741 749 Verumtamen
2771 695 2877 760 hic,
2910 695 3244 752 dilectissimi
3286 695 3498 764 fratres,
3539 699 3806 753 attendite

2213 784 2635 852 magnitudinem
2659 785 2866 852 gratiae,
2894 794 2950 841 et
2968 787 3246 856 agnoscite
3272 789 3399 856 quid
3427 789 3569 845 Deus
3591 791 3804 846 homini

2212 874 2460 943 dignatus
2493 882 2574 929 est
2601 889 2922 944 prmrogare.
2946 875 3192 932 Christus
3219 880 3359 932 enim
3389 878 3482 934 Dei
3511 879 3711 944 Filius,
3733 881 3807 934 de

2214 983 2347 1022 vero
2376 967 2483 1022 Deo
2510 967 2651 1022 Deus
2674 983 2848 1033 verus,
2881 976 2935 1022 et
2969 986 3105 1025 unus
3132 986 3251 1023 cum
3285 968 3446 1025 Patre
3482 973 3808 1026 naturaliter
3889 981 3897 986 ‘

2214 1058 2375 1122 Deus,
2393 1073 2607 1128 semper
2633 1073 2700 1112 ex
2729 1059 2906 1127 seipso
2932 1067 3149 1112 sanctos
3181 1069 3203 1095 θ
3228 1059 3450 1127 angelos
3475 1062 3684 1129 pascit;
3706 1059 3802 1114 sed
3898 1058 3902 1060 ’

2215 1157 2393 1201 tamen
2424 1147 2719 1215 angelicam
2752 1157 2994 1200 naturam
3018 1147 3113 1202 Dei
3138 1148 3303 1204 Filius
3334 1166 3440 1204 non
3467 1151 3699 1219 accepit.
3732 1149 3803 1202 Ut

2213 1243 2390 1290 autem
2422 1247 2570 1289 suam
2603 1236 2879 1290 caritatem
2912 1235 3052 1290 Deus
3099 1239 3505 1294 commendaret
3534 1239 3586 1292 in
3616 1239 3800 1299 nobis,

2216 1323 2378 1380 Filius
2405 1325 2520 1393 ejus
2566 1336 2813 1379 naturam
2846 1335 3081 1380 nostram
3131 1329 3367 1397 suscepit
3415 1344 3485 1383 ex
3514 1330 3672 1382 nobis
3699 1347 3711 1380 :
3743 1337 3802 1381 et

2216 1417 2354 1471 Deus
2397 1417 2719 1485 unigenitus,
2751 1419 2843 1486 qui
2883 1420 3036 1488 panis
3068 1428 3150 1473 est
3179 1421 3512 1489 angelorum,
3543 1427 3605 1472 ut
3631 1419 3802 1473 etiam

2216 1508 2490 1561 hominum
2539 1509 2774 1577 seipsum
2805 1509 3005 1563 faceret
3035 1525 3248 1580 panem,
3295 1510 3452 1565 simul
3482 1510 3717 1564 hominis
3743 1515 3801 1564 et

2215 1601 2450 1653 animam
2477 1601 2714 1670 suscepit
2760 1609 2815 1654 et
2843 1617 3084 1656 carnem.
3135 1602 3356 1672 Accepit
3387 1610 3672 1670 utramque
3701 1616 3798 1654 ve-

2214 1707 2352 1753 ram,
2379 1699 2662 1761 utramque
2686 1701 2946 1755 sanctam,
2973 1702 3257 1762 utramque
3279 1693 3561 1746 mundam:
3586 1693 3802 1762 accepit

2217 1783 2450 1838 animam
2480 1794 2719 1838 nostram
2748 1784 2864 1839 sine
2893 1784 3202 1853 iniquitate,
3221 1785 3432 1855 accepit
3459 1801 3680 1841 carnem
3711 1800 3808 1839 no-

532 1882 586 1929 et
611 1875 814 1928 salvum
839 1873 1014 1929 facere
1041 1875 1184 1944 quod
1214 1876 1486 1944 perierat;
1507 1877 1973 1946 omnipotentiam,
2005 1893 2110 1947 qua
2150 1901 2190 1958 Β
2217 1883 2380 1928 stram
2412 1889 2532 1928 cum
2563 1874 2889 1930 mortalitate
2915 1892 2932 1939 ;
2959 1875 3169 1945 accepit
3197 1875 3427 1929 animam
3446 1875 3681 1944 justam,
3705 1891 3811 1944 per

531 1964 656 2019 fecit
675 1981 891 2020 omnem
920 1965 1061 2020 diem
1078 1968 1360 2034 ;gratiam,
1381 1983 1484 2038 qua
1515 1976 1664 2022 certo
1693 1967 1782 2023 die
1806 1969 2018 2053 concipi
2053 1977 2109 2023 et

531 2065 682 2110 certo
710 2054 797 2108 die
824 2055 1071 2124 dignatus
1096 2065 1178 2110 est
1206 2061 1374 2110 nasci.

604 2147 656 2218 ιτ
712 2145 856 2200 ldem
911 2147 1072 2214 igitur
1122 2147 1420 2200 minoratus
1467 2148 1627 2216 paulo
1673 2149 1848 2204 minus
1894 2150 1965 2202 ab
2015 2165 2112 2203 an-

530 2237 690 2306 gelis,
742 2236 799 2290 in
837 2235 926 2290 die
967 2235 1138 2292 factus
1185 2245 1268 2292 est
1315 2237 1620 2302 hominum,
1661 2239 1783 2308 qui,
1813 2248 2114 2294 comternus

529 2334 588 2381 et
631 2325 850 2394 mqualis
880 2325 992 2382 Deo
1020 2324 1187 2393 Patri,
1213 2327 1330 2383 dies
1358 2336 1666 2384 sanctorum
1698 2330 1856 2401 553
1901 2345 2114 2399 semper

529 2432 615 2480 est
654 2423 984 2491 angelorum.
1017 2422 1092 2477 De
1120 2423 1234 2492 ipso
1278 2425 1475 2494 quippe
1500 2426 1759 2495 propheta
1787 2425 1948 2481 dicit:
1980 2425 2115 2480 Bene

530 2515 764 2569 nuntiate
801 2514 940 2568 diem
987 2515 1052 2566 de
1092 2514 1192 2578 die,
1225 2515 1455 2568 salutare
1500 2515 1615 2584 ejus
1647 2513 1822 2586 (Psal.
1873 2531 2010 2584 xcv,
2034 2515 2110 2587 2).

530 2603 669 2672 Quid
691 2613 773 2659 est
803 2604 938 2659 diem
966 2605 1030 2658 de
1059 2606 1159 2670 die,
1183 2606 1282 2660 nisi
1311 2605 1499 2660 Filium
1529 2607 1595 2662 de
1620 2605 1779 2662 Patre
1808 2610 1868 2663 οἳ
1897 2608 1990 2664 Est
2018 2610 2116 2678 igi-

531 2703 622 2749 tur
641 2694 708 2749 de
743 2692 902 2749 Patre
938 2693 1124 2760 Filius,
1153 2695 1219 2748 de
1245 2694 1331 2749 dic
1360 2695 1504 2762 dies;
1538 2697 1631 2752 sed
1662 2706 1840 2753 tamen
1884 2698 2042 2754 Pater
2061 2708 2117 2754 et

530 2783 695 2839 Filius
739 2801 844 2840 non
884 2784 993 2840 duo
1025 2784 1161 2849 dies,
1189 2785 1283 2839 sel
1326 2801 1463 2842 unus
1481 2795 1566 2842 est
1591 2787 1726 2844 dies.
1750 2788 1845 2843 Est
1866 2789 1935 2844 de
1957 2788 2117 2846 Patre

531 2875 721 2944 Filius,
740 2876 807 2932 de
841 2876 952 2931 Deo
984 2876 1124 2931 Deus
1149 2893 1168 2942 ;
1199 2874 1358 2932 Pater
1387 2885 1564 2933 tamen
1591 2887 1644 2934 et
1676 2879 1843 2934 Filius
1869 2897 1976 2936 non
2006 2881 2117 2936 duo

531 2966 626 3034 dii,
653 2968 745 3024 sed
789 2984 926 3021 unus
966 2976 1047 3021 est
1086 2967 1246 3022 Dens.
1283 2967 1430 3023 Unus
1460 2968 1620 3038 igitur
1648 2970 1760 3025 dies
1803 2973 2118 3026 aeternitatis

531 3060 691 3115 simul
722 3059 878 3114 Pater
907 3070 959 3114 et
992 3059 1154 3114 Filius
1200 3077 1228 3114 a
1261 3062 1415 3116 nobis
1444 3064 1777 3130 agnoscitur,
1802 3065 1852 3118 in
1903 3064 1990 3119 die
2018 3080 2116 3120 au-

532 3160 641 3208 tem
696 3152 957 3221 temporis
1002 3152 1149 3206 solus
1205 3150 1370 3206 Filius
1419 3153 1705 3208 invenitur.
1770 3154 1892 3210 Dies
1919 3156 2118 3210 etenim

533 3250 764 3296 :cternus
798 3239 955 3295 Pater
977 3249 1030 3294 et
1061 3241 1223 3295 Filius
1277 3250 1520 3295 nostrum
1549 3258 1744 3312 corpus
1794 3251 1850 3297 et
1885 3243 2119 3297 animam

535 3332 697 3395 fecit;
755 3331 806 3384 in
857 3331 943 3386 dic
984 3347 1114 3386 vero
1166 3333 1426 3402 temporis
1473 3333 1620 3388 solus
1656 3333 1822 3388 Filius
1879 3344 2123 3390 nostrum

537 3442 732 3497 corpus
781 3427 1124 3494 animamque
1165 3429 1423 3497 suscepit.
1473 3425 1718 3482 Christus
1747 3427 1862 3482 dies
1889 3436 2123 3483 mtcrnus

538 3517 849 3587 unigenitus
881 3517 944 3587 in
993 3516 1162 3569 forma
1213 3516 1309 3570 Dei
1338 3531 1601 3582 manens;
1653 3517 1900 3574 Christus
1930 3519 1984 3573 in
2035 3519 2127 3574 die

538 3607 802 3678 temporis
848 3594 1154 3676 unigenitus
1209 3606 1438 3663 formam
1469 3609 1609 3664 servi
1649 3609 1938 3680 accipiens.
1969 3609 2126 3664 Chri-

538 3709 654 3756 stus
681 3699 794 3753 dies
823 3707 1054 3754 aeternus
1080 3699 1233 3755 dives
1257 3714 1576 3792 permanens
1633 3709 1690 3754 ut
1718 3701 1975 3756 conderet
2003 3717 2119 3762 nos;

537 3794 784 3849 Christus
832 3794 883 3847 iu
925 3792 1012 3848 die
1041 3794 1299 3864 temporis
1328 3808 1530 3863 pauper
1559 3793 1730 3848 factus
1753 3802 1810 3847 ut
1838 3793 2126 3848 redimeret

538 3900 655 3940 nos.
683 3884 804 3939 Dies
824 3893 1066 3940 aeternus
1088 3883 1333 3939 Christus
1363 3883 1504 3939 Deus
1529 3883 1595 3939 de
1621 3883 1731 3938 Dco
1760 3881 1940 3950 Patre,
1966 3883 2124 3937 Chri-

538 3987 655 4035 stus
685 3979 735 4032 iu
786 3978 876 4032 die
926 3977 1188 4046 temporis
1229 3976 1369 4030 Deus
1397 3977 1562 4030 homo
1591 3974 1657 4030 de
1695 3975 1900 4043 virgine
1927 3981 2125 4028 matre.

538 4071 782 4128 Christus
826 4070 942 4124 dies
991 4078 1225 4124 aeternus
1280 4067 1515 4124 Verbum
1561 4075 1863 4123 eructatum
1923 4064 2120 4135 (Psal.

540 4177 690 4230 κων,
746 4159 802 4231 ι)
829 4160 899 4216 de
924 4160 1087 4216 corde
1138 4158 1310 4214 Patris
1334 4199 1350 4224 ,
1399 4159 1646 4215 Christus
1669 4158 1720 4212 in
1751 4158 1838 4212 die
1867 4156 2130 4227 temporis

542 4249 776 4306 Verbum
831 4265 958 4306 caro
1029 4249 1229 4316 factum
1302 4248 1371 4304 de
1435 4257 1589 4304 utero
1639 4248 1860 4316 virginis
1917 4246 2122 4301 matris.

541 4341 790 4396 Christus
840 4340 956 4407 dies
1003 4349 1264 4405 πίει-ηυξ,
1313 4340 1456 4395 Deus
1481 4354 1642 4393 verus
1689 4338 1756 4393 de
1803 4338 1918 4394 Deo
1968 4352 2123 4402 vero;

541 4429 788 4486 Christus
842 4429 896 4483 in
947 4428 1034 4483 die
1092 4428 1350 4498 temporis
1409 4443 1641 4497 sponsus
1692 4427 1992 4498 procedens
2059 4428 2127 4482 de

544 4521 785 4577 thalamo
803 4536 902 4576 suo
929 4519 1101 4590 (Psal.
1119 4537 1266 4585 xvm,
1284 4519 1361 4591 6).
1392 4519 1518 4576 Dies
1551 4521 1867 4576 aeternitatis
1885 4520 2128 4576 Christus

543 4613 816 4686 angelos"
856 4627 1046 4669 creans
1069 4656 1088 4682 ,
1119 4613 1231 4667 dies
1260 4613 1312 4666 in
1351 4619 1601 4680 tempore
1648 4609 1893 4668 Christus
1944 4610 2121 4666 homi-

543 4723 640 4765 nes
663 4708 900 4764 salvans.
931 4706 1056 4762 Dies
1100 4704 1416 4759 aeternitatis
1444 4702 1690 4759 Christus
1735 4703 1788 4757 iu
1818 4701 1959 4758 c0310
1999 4717 2123 4756 san-

512 4813 660 4888 Ι(ιῑοε
698 4801 919 4870 angelos
963 4814 1224 4871 pascens,
1275 4796 1388 4852 dies
1429 4797 1686 4867 temporis
1727 4797 1969 4851 Christus
2022 4796 2128 4848 ho-

541 4895 712 4949 mines
752 4895 802 4947 in
845 4900 986 4947 terra
1017 4891 1279 4947 reficiens.
1317 4888 1386 4944 Ut
1412 4889 1556 4944 enim
1587 4903 1781 4959 panem
1809 4886 2123 4954 angelorum

539 4985 890 5042 manducaret
915 4984 1098 5046 homo,
1130 4989 1348 5036 creator
1374 4980 1689 5049 angelorum
1719 4977 1890 5033 factus
1914 4984 1998 5030 est
2024 4975 2123 5030 ho-

539 5094 648 5140 mo,
683 5085 939 5146 utrosque
966 5087 1214 5143 pascens,
1244 5079 1300 5126 et
1329 5054 1536 5138 in'teger
1578 5082 1924 5139 permanens.
1950 5064 2123 5132 Quam

536 5171 710 5226 bonus
738 5170 892 5239 panis
927 5166 1020 5236 qui
1069 5173 1124 5220 et
1151 5163 1371 5232 angelos
1402 5162 1574 5232 pascit
1624 5176 1720 5232 per
1747 5159 2015 5230 speciem,
2063 5164 2122 5211 ut

538 5263 607 5316 de
658 5261 776 5331 ipso
798 5260 1063 5314 satientur
1087 5257 1139 5310 in
1169 5255 1376 5326 patria,
1406 5261 1460 5308 et
1488 5268 1587 5308 nos
1610 5251 1785 5322 pascit
1813 5266 1909 5321 per
1939 5249 2115 5312 ﬁdem,

544 5368 612 5408 ne
633 5353 944 5408 deticiamus
969 5351 1021 5405 iu
1051 5348 1166 5403 via!
1188 5345 1281 5402 llle
1311 5345 1486 5415 panis,
1512 5345 1603 5415 qui
1633 5344 1870 5413 seipsum
1900 5341 1992 5397 dat
2020 5355 2119 5395 an-

543 5446 676 5514 gelis
693 5444 758 5500 ad
779 5443 1030 5512 gaudium
1049 5439 1378 5505 stabilitatis,
1392 5437 1626 5508 seipsum
1648 5433 1795 5490 dedit
1815 5431 2121 5487 hominibus

611 5618 636 5646 ·
663 5606 790 5662 Ilaec
815 5581 975 5659 verba
999 5619 1092 5672 pro
1120 5600 1264 5656 nobis
1288 5599 1486 5672 absunt
1503 5613 1532 5650 a
1561 5611 1662 5649 ms.

607 5679 633 5716 δ
657 5667 1158 5748 Ειιίῑί,ρῃυξς’ᾳιιοά
1187 5667 1566 5748 ηουειιςαζηΜε..
1585 5668 1727 5748 quod
1749 5681 1850 5748 non
1877 5668 2008 5744 erat.
2031 5728 2088 5748 Β.

613 5759 633 5785 ε
657 5728 920 5802 ἓῖέέδίιί.
951 5728 1050 5797 Ms:
1076 5749 1276 5806 autem,
1297 5737 1433 5804 Quid
1460 5748 1535 5792 est
1564 5728 1672 5790 dies
1695 5737 1758 5790 de
1780 5734 1881 5797 die,
1909 5733 2007 5786 nisi
2025 5728 2118 5784 Fi-

539 5818 638 5874 lius
668 5819 730 5870 de
766 5815 959 5869 Patre?

611 5888 635 5924 ά
668 5886 828 5952 Editi,
859 5885 1069 5954 angelos
1096 5889 1322 5935 sanctos.
1354 5879 1450 5933 Ms.
1478 5893 1584 5934 non
1617 5878 1777 5932 habet
1802 5882 2023 5929 sanctos.

2146 3281 2192 3340 C

2219 1982 2379 2036 quam
2425 1966 2624 2020 nostris
2661 1965 2943 2021 animabus
2988 1966 3250 2036 justitiam
3279 1967 3554 2030 redderet,
3578 1982 3804 2022 carnem

2219 2070 2345 2109 vero
2368 2062 2656 2124 propterea
2680 2053 2927 2122 dignatus
2951 2063 3032 2110 est
3062 2054 3258 2108 habere
3289 2054 3595 2120 mortalem,
3626 2061 3688 2108 ut
3715 2069 3810 2110 se-

2217 2144 2446 2199 cundum
2488 2143 2659 2214 ipsam
2685 2144 2926 2200 moriens
2952 2153 3185 2200 mortem
3221 2145 3482 2211 vinceret,
3501 2145 3808 2201 secundum

2219 2235 2395 2305 ipsam
2441 2234 2604 2289 etiam
2647 2244 2994 2305 resurgeret,
3046 2251 3144 2306 per
3170 2251 3330 2305 quam
3363 2245 3544 2292 nostra
3584 2250 3816 2306 quoque

2218 2341 2447 2397 corpora
2470 2325 2778 2382 suscitaret.

2289 2417 2345 2471 6.
2362 2417 2610 2487 Magnum
2627 2417 2962 2489 mysterium,
2974 2417 3302 2472 dilectissimi
3321 2419 3535 2484 fratres,
3549 2433 3811 2487 maguum

2219 2508 2412 2562 divina:
2432 2507 2734 2562 dilectionis
2762 2508 3037 2562 indicium.
3067 2507 3240 2562 Homo
3261 2508 3426 2562 Deum
3451 2519 3814 2565 contemnens

2219 2615 2246 2653 a
2279 2598 2390 2654 Deo
2419 2598 2696 2664 discessit,
2728 2599 2870 2654 Deus
2896 2599 3166 2652 hominem
3215 2599 3443 2666 diligens
3470 2600 3536 2653 ad
3562 2599 3814 2654 homines

2221 2691 2384 2744 venit.
2415 2688 2612 2743 Dilexit
2641 2689 2884 2758 impium,
2934 2696 2992 2743 ut
3043 2687 3242 2752 faceret
3265 2688 3496 2766 justum;
3531 2689 3697 2760 555
3719 2689 3816 2744 di—

2221 2780 2349 2834 lexit
2401 2777 2688 2846 infirmum,
2722 2787 2781 2834 ut
2821 2779 3022 2834 faceret
3080 2795 3314 2845 sanum;
3353 2780 3542 2834 dilexit
3587 2795 3812 2849 perver-

2219 2887 2357 2932 sum,
2385 2877 2441 2925 ut
2475 2871 2681 2926 laceret
2709 2880 2914 2926 rectum
2938 2889 2953 2936 ;
2984 2871 3171 2926 dilexit
3199 2879 3490 2936 mortuum,
3520 2880 3582 2926 ut
3608 2871 3816 2926 faceret

2221 2963 2419 3016 vivum.
2464 2961 2524 3016 Et
2547 2962 2674 3030 quid
2702 2962 2932 3032 amplius
2962 2962 3175 3017 dicam?
3200 2961 3635 3032 quandoquidem
3667 2963 3818 3018 Deus

2221 3055 2526 3122 unigenitus
2553 3054 2840 3108 humanam
2865 3063 3108 3108 naturam
3145 3062 3350 3109 tantum
3373 3054 3582 3120 dilexit,
3604 3062 3663 3109 ut
3685 3069 3817 3110 eam

2225 3165 2331 3205 non
2361 3150 2539 3205 solum
2575 3167 2604 3204 a
2650 3159 2919 3220 potestate
2961 3150 3089 3204 mali
3117 3150 3292 3219 angeli
3323 3151 3598 3215 liberaret,
3622 3166 3813 3206 verum

2223 3242 2387 3297 etiam
2419 3243 2470 3295 in
2500 3241 2678 3311 seipse
2699 3257 2862 3311 super
2889 3257 3078 3296 omnes
3106 3242 3278 3297 bonos
3293 3243 3512 3312 angelos
3535 3243 3589 3296 in
3635 3243 3818 3298 Patris

2223 3332 2445 3387 dextera
2476 3332 2786 3388 collocaret.
2813 3332 3012 3387 Natura
3041 3334 3182 3388 enim
3210 3350 3328 3404 qua:
3350 3334 3401 3388 in
3433 3335 3611 3404 primo
3636 3336 3817 3390 homi-

2223 3439 2290 3480 ne
2319 3441 2348 3479 a
2397 3425 2538 3492 malo
2567 3425 2758 3493 angelo
2787 3426 3059 3495 captivata
3094 3425 3288 3493 fuerat,
3322 3427 3436 3496 ipsa
3467 3441 3610 3481 nunc
3639 3427 3692 3480 in
3720 3443 3813 3482 se-

2223 3517 2398 3573 cundo
2427 3517 2647 3572 homine
2673 3532 2836 3586 super
2873 3533 3060 3572 omnes
3089 3518 3261 3573 bonos
3285 3517 3508 3586 angelos
3538 3528 3726 3586 regnat
3761 3517 3812 3572 ί.

2223 3609 2424 3664 Natura
2451 3624 2574 3678 qua:
2597 3609 2654 3663 in
2682 3609 2861 3678 primo
2885 3609 3104 3664 homine
3145 3609 3398 3664 mundum
3423 3619 3651 3679 peccato
3690 3611 3818 3680 pol-

2225 3703 2342 3769 luit,
2395 3704 2506 3773 ipsa
2566 3703 2618 3756 in
2670 3702 2908 3758 secundo
2962 3702 3182 3757 homine
3226 3702 3479 3756 mundum
3512 3717 3542 3755 a
3586 3711 3819 3772 peccato

2225 3797 2522 3851 mundavit.
2552 3794 2761 3850 Primus
2792 3797 2941 3850 homo
2982 3796 3046 3850 de
3078 3806 3212 3849 terra
3256 3805 3505 3860 terrenus,
3551 3795 3815 3848 secundus

2224 3893 2376 3943 homo
2398 3889 2460 3942 de
2484 3888 2613 3942 caelo
2637 3889 2852 3942 caelestis
2878 3887 2928 3958 (Ι
2958 3886 3077 3941 Cor.
3112 3903 3203 3953 xv,
3227 3887 3339 3955 Π).
3369 3886 3602 3939 Primum
3633 3886 3814 3940 homi-

2225 3994 2348 4034 nem
2377 3979 2569 4034 mulier
2597 3988 2850 4048 corrupta
2881 3988 3060 4032 mente
3087 3977 3320 4047 decepit,
3368 3977 3667 4032 secundum
3715 3977 3818 4030 ho.

2227 4073 2423 4128 minem
2448 4073 2597 4141 virgo
2619 4072 2925 4141 incorrupta
2957 4071 3259 4138 virginitate
3280 4071 3547 4139 concepit.
3568 4069 3628 4123 ln
3651 4069 3812 4139 primi

2227 4163 2462 4218 hominis
2489 4162 2724 4232 conjuge
2751 4162 2986 4231 nequitia
3017 4161 3216 4216 diaboli
3252 4161 3527 4216 seductam
3551 4161 3815 4230 deprava-

2228 4255 2302 4308 vit
2327 4263 2597 4321 mentem,
2621 4255 2672 4308 in
2702 4253 2922 4309 secundi
2950 4260 3128 4306 autem
3161 4252 3396 4308 hominis
3421 4259 3596 4305 matre
3641 4252 3817 4322 gratia

2230 4345 2325 4400 Dei
2353 4353 2409 4400 et
2438 4353 2674 4400 mentem
2705 4344 2970 4411 integram
2999 4343 3233 4396 servavit
3259 4349 3314 4396 et
3340 4355 3557 4396 carnem
3588 4360 3603 4392 :
3649 4340 3817 4395 menti

2229 4438 2457 4494 contulit
2489 4435 2844 4490 firmissimam
2867 4433 3046 4497 ﬁdem,
3077 4433 3224 4488 carni
3256 4433 3472 4486 abstulit
3493 4432 3721 4486 omnino
3747 4430 3814 4484 lib

2231 4526 2484 4581 hidinem.
2517 4524 2783 4592 Quoniam
2841 4524 3002 4592 igitur
3043 4523 3419 4578 miserabiliter
3463 4537 3561 4592 pro
3586 4529 3820 4592 peccato

2230 4620 2514 4675 damnatus
2534 4627 2617 4674 est
2637 4619 2818 4682 homo,
2848 4617 2972 4672 ideo
2991 4617 3106 4671 sine
3135 4623 3358 4686 peccato
3379 4613 3702 4670 mirabiliter
3728 4629 3821 4669 na-

2231 4720 2316 4765 tus
2334 4719 2416 4765 est
2449 4710 2588 4765 Deus
2614 4711 2798 4765 homo.

2301 4802 2351 4855 7.
2376 4801 2668 4864 Attendite,
2694 4800 2905 4864 fratres,
2929 4799 3263 4856 medicinalis
3292 4798 3476 4868 gratim
3505 4797 3703 4861 lineas,
3732 4796 3809 4852 dio

2226 4893 2347 4946 vina
2373 4891 2526 4946 nobis
2542 4891 2872 4959 benignitate
2901 4897 3249 4945 monstratas.
3267 4889 3417 4944 Tunc
3438 4888 3504 4943 ad
3523 4887 3696 4941 Evam
3715 4903 3812 4942 an-

2226 4983 2378 5047 gelus
2422 4983 2597 5040 malus
2637 4983 2881 5047 accessit,
2905 4989 2964 5035 ut
2992 4996 3090 5051 per
3115 4995 3236 5034 eam
3266 4980 3451 5045 homo,
3483 4992 3644 5047 quem
3674 4978 3815 5032 Deus

2229 5071 2450 5136 fecerat,
2472 5086 2500 5123 a
2533 5070 2642 5124 Deo
2664 5077 3043 5139 separaretur;
3086 5083 3228 5123 nunc
3255 5075 3442 5123 autem
3490 5065 3559 5121 ad
3588 5065 3810 5120 Mariam

2227 5164 2399 5218 bonus
2439 5164 2661 5232 ang-«lus
2687 5163 2853 5228 venit,
2885 5171 2944 5218 ut
2992 5163 3044 5216 in
3073 5176 3137 5216 ea
3166 5162 3410 5216 humanm
3435 5168 3644 5213 natura:
3673 5157 3811 5212 Deus

2233 5252 2540 5322 Unigenitus
2571 5253 2829 5308 uniretur.
2865 5253 3025 5308 Venit
3049 5252 3115 5306 ad
3141 5250 3306 5305 Evam
3331 5250 3600 5316 diabolus,
3649 5255 3710 5303 ut
3734 5248 3811 5301 vi~

2228 5352 2336 5398 tam
2371 5344 2521 5397 nobis
2561 5343 2824 5411 malignus
2855 5342 3128 5406 auferret;
3159 5340 3307 5396 venit
3346 5339 3414 5394 ad
3453 5337 3676 5393 Mariam
3705 5337 3803 5392 Ga-

2228 5430 2380 5494 briel,
2406 5441 2462 5485 ut
2487 5431 2650 5485 vitam
2682 5430 3007 5486 reddendam
3048 5429 3356 5485 hominibus
3383 5428 3683 5484 nuntiaret.
3713 5425 3815 5486 Per.

2294 5599 2316 5624 ε
2350 5589 2513 5644 Abest
2541 5599 2748 5642 sanctos
2771 5603 2800 5642 a
2830 5602 2932 5642 ms.

2298 5659 2314 5697 τ
2348 5659 2489 5722 Hanc,
2524 5657 2732 5712 Natura
2769 5673 2972 5728 qum...
3005 5674 3156 5728 super
3187 5675 3373 5728 omnes
3397 5657 3558 5712 bonos
3577 5655 3801 5728 purgem

2223 5713 2428 5801 regnat,
2452 5713 2700 5801 leguntur
2727 5713 2927 5801 iniAut.
2961 5735 3015 5781 et
3058 5713 3156 5782 t'ns.
3186 5713 3322 5784 Tbu.
3357 5727 3416 5783 In
3439 5741 3538 5783 ms.
3567 5713 3721 5782 Colb.
3744 5713 3812 5777 e“

2221 5797 2427 5857 caneris
2456 5797 2618 5854 editis
2646 5813 2754 5852 non
2788 5797 3057 5865 leguntur.
