4050 6464
265 371 369 430 7‘29

1726 372 1952 430 SERMO
1980 373 2065 428 111.

3401 382 3503 440 750

267 489 419 559 primi
445 487 674 544 hominis
702 490 912 559 culpam
960 489 1123 560 coepit
1152 488 1395 543 diabolus
1426 488 1625 543 homini
1653 489 1826 544 domi-
1857 497 1901 551 Α
1931 503 2118 542 servus
2148 487 2172 526 ά
2205 503 2450 556 egressus
2476 493 2649 547 estde
2679 495 2948 563 ergastulo
2979 497 3170 550 carnis.
3203 495 3324 551 lleri
3345 497 3502 550 Chri-

263 579 396 645 nari,
421 595 519 650 per
543 577 762 634 secundi
789 579 1019 634 hominis
1060 579 1287 648 gratiam
1332 579 1495 648 cmpit
1522 579 1588 634 ab
1614 579 1831 635 homine

262 671 531 741 superari:
558 685 720 740 super
745 671 972 742 primum
1004 673 1284 742 superbus,
1313 671 1410 726 sub
1443 672 1678 728 secundo
1706 687 1832 742 cap-

262 763 421 816 tivus.
446 759 548 816 Per
588 761 733 816 illum
763 777 861 825 nos
889 761 1184 831 captivatos
1209 761 1396 826 lenuit,
1421 776 1518 831 per
1545 761 1704 816 istum
1734 777 1833 816 nos

262 849 516 904 liberatos
542 851 737 904 amisit.
773 848 980 904 Primus
1006 849 1177 902 Adam
1218 849 1370 904 nobis
1411 859 1598 907 auctor
1626 851 1831 906 exstitit

260 939 446 1009 culpae,
466 940 782 994 novissimus
812 937 980 992 Adam
1011 939 1165 994 nobis
1187 947 1374 994 auctor
1393 940 1597 994 exstitit
1625 942 1828 1006 gratim.

260 1026 353 1084 llle
373 1029 438 1084 de
465 1029 592 1084 limo
621 1029 912 1098 plasmatus
957 1039 1201 1084 terrenos
1229 1030 1470 1100 protulit,
1499 1031 1598 1086 iste
1627 1032 1693 1086 de
1721 1031 1836 1102 Spi-

259 1122 367 1175 ritu
395 1129 580 1175 sancto
609 1132 765 1175 natus
814 1119 1061 1175 cmlestes
1091 1119 1286 1176 effecit.
1321 1120 1424 1176 Per
1451 1121 1598 1175 illum
1650 1122 1832 1192 perdi-

258 1215 432 1270 dimus
451 1216 675 1285 gratiam
700 1217 956 1286 priorem,
987 1231 1082 1287 per
1104 1220 1260 1272 istum
1287 1217 1586 1288 recepimus
1614 1215 1835 1285 amplio-

258 1325 395 1364 rem.
418 1307 511 1364 llle
539 1310 736 1380 quippe
758 1310 911 1366 nobis
935 1311 1110 1364 intulit
1150 1310 1353 1380 peccati
1381 1310 1678 1375 maculam,
1711 1324 1830 1364 cum

257 1412 364 1466 qua
409 1414 752 1454 nasceremur
794 1399 864 1454 ad
907 1400 1264 1470 supplicium;
1305 1401 1404 1454 iste
1427 1399 1581 1454 nobis
1608 1399 1833 1454 contulit

255 1488 652 1557 justilicationis
693 1490 937 1557 gratiam,
969 1497 1027 1544 ut
1049 1504 1455 1557 renasceremur
1482 1489 1549 1542 ad
1581 1503 1826 1556 regnum.

256 1575 363 1632 Per
391 1578 537 1632 illum
568 1594 666 1634 nos
693 1578 830 1636 filios
856 1580 1034 1636 saeculi
1061 1581 1336 1648 generatio
1375 1580 1606 1635 carnalis
1635 1579 1828 1645 effecit,

255 1683 356 1737 per
382 1667 537 1723 istum
561 1685 658 1724 nos
688 1669 824 1726 lilios
849 1669 943 1725 Dei
970 1671 1247 1740 generatio
1275 1671 1530 1741 spiritalis
1563 1671 1826 1726 exhibuit.

219 1753 227 1760 ’
253 1757 350 1813 llle
374 1775 470 1814 nos
509 1760 652 1816 vitiis
678 1761 932 1828 subdidit,
982 1763 1083 1818 iste
1109 1778 1208 1818 nos
1237 1761 1429 1817 ﬂorere
1453 1763 1735 1818 virtutibus
1756 1761 1833 1818 fe-

1933 587 2046 633 stus
2075 593 2173 648 pro
2203 580 2358 635 nobis
2385 582 2580 651 pannis
2593 592 2676 638 est
2697 585 2995 651 involutus;
3021 586 3180 640 hodie
3201 586 3504 654 Stephanus

1933 667 2069 721 stola
2098 676 2180 722 est
2202 668 2268 723 ab
2296 684 2363 724 eo
2393 670 2806 728 immortalitatis
2835 673 3068 729 indutus.
3101 674 3224 736 Heri
3255 674 3506 743 praesepis

1933 761 2172 827 angustia
2197 761 2464 816 Christum
2495 763 2732 832 portavit
2754 763 3040 828 infantem;
3088 762 3246 817 hodie
3277 763 3504 820 immen-

1933 850 2064 904 sitas
2091 852 2212 906 cmli
2239 855 2474 923 suscepit
2502 853 2832 923 Stephanum
2869 855 3300 924 triumphantem.
3351 853 3506 910 Solus

1933 939 2209 996 descendit
2237 942 2512 1008 Dominus,
2543 952 2600 997 ut
2629 945 2830 999 multos
2870 943 3107 1000 elevaret
3136 961 3150 1008 ;
3213 942 3509 996 humiliavit

1933 1045 1992 1084 se
2023 1030 2137 1085 Rex
2166 1041 2368 1098 noster,
2414 1042 2474 1086 ut
2499 1049 2625 1088 suos
2663 1034 2856 1088 milites
2891 1034 3170 1089 exaltaret.
3220 1031 3320 1098 Qui
3366 1031 3507 1085 enim

1935 1121 2148 1190 corpori
2176 1137 2274 1178 suo
2309 1123 2529 1191 virginis
2552 1125 2875 1194 prmparavit
2898 1133 3130 1188 uterum,
3152 1125 3265 1193 ipse
3286 1123 3508 1193 martyri

1935 1225 2031 1265 suo
2061 1212 2270 1282 aperire
2314 1212 2558 1282 dignatus
2587 1223 2671 1269 est
2717 1216 2932 1270 cmlum.
2983 1215 3238 1271 Dominus
3266 1213 3509 1270 Christus

1935 1305 2209 1372 angustias
2259 1306 2460 1361 intrare
2489 1322 2595 1372 non
2626 1307 2944 1376 dedignatus
2986 1315 3070 1369 est
3113 1307 3273 1373 uteri,
3307 1315 3364 1360 ut
3391 1306 3508 1361 ani-

1935 1409 2076 1449 mam
2107 1395 2367 1466 Stephani
2396 1397 2618 1452 latitudo
2654 1398 2949 1467 susciperet
2975 1397 3116 1452 caeli.
3501 1456 3513 1467 ,ί

2005 1485 2058 1541 2.
2097 1485 2467 1543 Necessarium
2499 1487 2653 1542 nobis
2675 1496 2776 1555 est,
2809 1488 3001 1543 fratres
3026 1488 3306 1552 carissimi,
3337 1500 3506 1556 agno-

1932 1591 2086 1634 scere
2113 1576 2305 1646 quibus
2343 1579 2508 1632 armis
2547 1579 2862 1648 praecinctus
2897 1578 3198 1646 Stephanus
3251 1576 3507 1631 saevitiam

1933 1665 2236 1720 Judazorum
2266 1666 2440 1736 potuit
2465 1682 2745 1736 superare,
2773 1675 2832 1721 ut
2856 1668 2928 1721 ita
2970 1667 3254 1721 meruisset
3281 1665 3507 1727 feliciter

1933 1749 2280 1828 triumphare.
2327 1757 2510 1828 Neque
2551 1759 2693 1814 enim
2741 1758 3174 1828 parvipendenda
3235 1766 3359 1818 sunt
3387 1757 3507 1812 talis

254 1851 352 1906 cit.
383 1850 475 1908 llle
514 1868 613 1908 nos
657 1854 911 1933 per’vilia
959 1853 1172 1922 dejecit,
1219 1868 1326 1922 quo
1373 1853 1576 1923 primus
1604 1853 1824 1908 cecidit:
1865 1857 1907 1915 Β
1933 1846 2120 1910 virtus,
2167 1845 2396 1916 talisque
2423 1848 2738 1917 triumphus.
2769 1845 2921 1901 Haud
2945 1861 3076 1902 vero
3106 1845 3297 1900 vilibus
3343 1845 3506 1900 armis

253 1942 360 1997 iste
391 1959 487 1998 nos
517 1959 612 2014 per
640 1944 860 2000 virtutes
887 1945 1206 2014 elevat,quo
1234 1944 1438 2016 primus
1459 1944 1720 2000 ascendit.
1738 1943 1830 2000 llle

253 2033 456 2104 quippe
484 2034 684 2104 primus
706 2035 898 2092 cecidit
925 2035 978 2090 in
1020 2033 1309 2105 infernum,
1336 2036 1435 2091 iste
1465 2036 1668 2106 primus
1694 2050 1829 2090 con-

251 2122 466 2177 scendit
493 2125 546 2178 in
575 2123 788 2179 coelum.
1435 2127 1440 2134 '

328 2209 381 2265 8.
413 2211 640 2274 Interea,
660 2211 884 2278 ‘fratres,
915 2213 1129 2282 dignum
1159 2222 1242 2268 est
1267 2222 1324 2269 ut
1351 2213 1407 2269 in
1434 2213 1522 2270 die
1549 2213 1832 2269 dominica:

250 2300 562 2358 Nativitatis
589 2303 730 2359 diem
759 2320 974 2374 quoque
1003 2305 1283 2360 dominicae
1299 2304 1731 2361 Resurrectionis
1750 2321 1834 2362 so-

249 2392 506 2449 lemniter
544 2393 791 2450 audiatis.
829 2393 1139 2463 Unigenitus
1183 2395 1326 2450 enim
1375 2395 1536 2462 Deus,
1565 2397 1705 2451 sicut
1733 2411 1832 2466 pro

252 2482 412 2538 nobis
436 2482 683 2552 dignatus
710 2493 793 2539 est
814 2485 980 2550 nasci,
1011 2485 1086 2542 sic
1106 2500 1205 2554 pro
1229 2485 1383 2541 nobis
1404 2485 1694 2541 secundum
1714 2501 1831 2541 ear-

252 2588 380 2626 nem
403 2571 649 2640 dignatus
667 2580 748 2627 est
787 2573 942 2638 mori,
974 2573 1222 2642 dignatus
1259 2581 1342 2629 est
1363 2576 1524 2629 etiam
1563 2576 1830 2631 suscitari.

249 2662 365 2718 Iste
402 2664 598 2734 quippe
626 2665 742 2720 dies
777 2673 862 2720 est
899 2665 1242 2731 visitationis,
1297 2665 1384 2720 ille
1428 2665 1830 2736 redemptionis.

251 2749 404 2822 Opus
433 2753 573 2807 enim
623 2753 827 2822 gratim,
882 2769 988 2822 qua
1016 2769 1115 2808 nos
1145 2754 1282 2808 Deus
1311 2753 1627 2824 Unigenitus
1654 2755 1834 2812 salvos

249 2839 405 2905 fecit,
437 2851 728 2912 conceptus
753 2842 806 2897 in
837 2852 993 2898 utero
1023 2843 1214 2914 cmpit;
1243 2845 1523 2916 ipsumque
1553 2861 1688 2917 opus
1707 2861 1833 2916 gra-

251 2930 346 2985 tia:
379 2931 446 2986 de
475 2933 726 3001 sepulcro
770 2934 1118 2990 resuscitatus
1164 2934 1422 3006 implevit.
1454 2935 1758 3007 Conceptus
1781 2937 1834 2993 in

251 3026 436 3088 utero,
469 3020 636 3076 factus
660 3031 742 3078 est
782 3023 940 3094 555
971 3025 1241 3096 particeps
1267 3025 1456 3080 mortis
1479 3035 1710 3094 nostrae;
1743 3043 1829 3083 re--

247 3123 480 3178 surgens
507 3111 574 3166 de
620 3112 887 3183 sepulcro,
920 3113 1047 3169 fecit
1076 3130 1175 3170 nos
1222 3116 1512 3186 participes
1555 3116 1675 3170 vita:
1703 3133 1830 3173 suae.

1932 1937 2111 2004 potuit
2139 1937 2469 2006 prmmuniri,
2499 1937 2588 2006 qui
2614 1953 2643 1992 a
2674 1937 2856 1992 multis
2883 1951 2990 1991 non
3041 1937 3215 2006 potuit
3243 1935 3504 2005 superari.

1931 2023 2146 2078 Invicta:
2180 2039 2412 2093 namque
2441 2025 2492 2078 in
2520 2041 2586 2079 eo
2610 2026 2802 2079 enituit
2831 2025 3038 2094 insigne
3071 2025 3282 2078 virtutis
3297 2033 3341 2090 ο,
3388 2037 3507 2092 qua!

1933 2127 2034 2168 nec
2057 2111 2395 2168 frementium
2429 2113 2520 2182 (al.
2559 2113 2937 2184 frequentium)
2968 2114 3226 2170 saevitiam
3250 2113 3510 2168 formida-

1931 2204 2027 2267 vit,
2054 2219 2154 2259 nec
2177 2204 2527 2274 lapidantium
2557 2205 2750 2261 ictibus
2778 2205 2991 2260 devicta
3013 2201 3509 2270 succubuit.Usque

1932 2296 2069 2352 adeo
2097 2297 2239 2352 enim
2267 2297 2406 2352 inter
2435 2296 2725 2352 frementes
2769 2298 2933 2368 556
2971 2296 3266 2366 permansit
3292 2294 3509 2348 interri-

1935 2394 2021 2442 tus
2045 2385 2137 2460 (al.
2163 2387 2504 2457 intrepidus),
2520 2397 2576 2441 et
2603 2388 2740 2442 inter
2769 2385 3004 2457 lapidum
3032 2385 3128 2439 fuit
3149 2385 3511 2440 cruciamenta

1931 2491 2181 2541 securus,
2208 2485 2266 2531 ut
2288 2477 2713 2533 incredulitatem
2739 2475 3041 2531 Iudaeorum
3070 2475 3293 2530 fidenter
3318 2486 3510 2541 argue-

1935 2573 2034 2630 ret,
2067 2574 2122 2619 et
2141 2566 2403 2634 benignus
2433 2583 2531 2638 pro
2559 2567 2922 2637 lapidantibus
2949 2573 3221 2626 exoraret.
3249 2561 3401 2630 Quod
3429 2568 3516 2620 est

1935 2669 2063 2723 ergo
2092 2663 2202 2710 tam
2247 2670 2497 2734 magnum
2527 2666 2689 2726 atque
2727 2657 3091 2726 insuperabile
3132 2669 3302 2724 genus
3329 2667 3513 2708 armo-

1934 2762 2075 2811 rum,
2101 2761 2207 2816 quo
2237 2748 2474 2802 munitus
2493 2749 2776 2803 smvientes
2795 2749 3064 2817 argueret,
3091 2761 3191 2800 nec
3220 2746 3434 2800 timeret
3459 2741 3514 2808 ῖς

1937 2839 2235 2909 lapidantes
2265 2855 2372 2896 non
2405 2841 2796 2910 repercutiens,
2836 2841 2930 2894 sed
2963 2839 3172 2907 patiens
3195 2843 3517 2906 superaret;

1936 2927 2154 2998 insuper
2179 2937 2235 2985 et
2287 2929 2498 2984 occisus
2524 2930 2700 2983 aulam
2730 2928 2966 2984 cmlestis
2993 2927 3142 2995 regni
3170 2926 3320 2980 vivus
3343 2933 3398 2980 et
3427 2937 3520 2979 co-

1935 3029 2156 3074 renatus
2184 3020 2447 3075 intraret?
2478 3018 2670 3074 Procul
2716 3018 2878 3074 dubio
2921 3017 3217 3072 munimine
3245 3014 3394 3082 regio
3434 3027 3522 3070 se-

1937 3119 2076 3180 ptus,
2102 3111 2404 3165 nullatenus
2431 3119 2514 3165 est
2541 3110 2607 3164 ab
2635 3109 2959 3165 adversariis
3004 3117 3292 3177 superatus
3325 3122 3338 3158 :
3370 3119 3511 3173 quo-

248 3195 408 3254 Nunc
438 3199 615 3268 itaque
656 3215 840 3255 omnes
867 3201 1148 3257 Dominum
1196 3218 1481 3258 exoremus
1511 3212 1590 3272 ut,
1623 3206 1760 3260 sicut
1786 3206 1837 3262 in
1867 3209 1911 3270 C
1944 3200 2086 3254 niam
2119 3199 2230 3255 Rex
2262 3207 2466 3266 noster,
2501 3215 2624 3255 cum
2651 3200 2721 3254 sit
2759 3199 3071 3262 altissimus,
3113 3207 3213 3266 pro
3240 3195 3394 3250 nubis
3422 3193 3522 3247 hu-

252 3295 366 3349 isto
394 3294 481 3350 die
503 3295 748 3363 gaudium
771 3310 869 3374 sup
899 3294 1101 3366 p0pulo
1129 3296 1330 3360 tribuit,
1361 3295 1595 3351 ad'illum
1626 3313 1841 3368 quoque

249 3387 399 3442 diem
422 3402 607 3441 omnes
635 3402 756 3442 cum
779 3387 974 3456 gaudio
1006 3397 1061 3442 et
1086 3403 1218 3458 pace
1239 3387 1512 3459 perducat,
1547 3391 1832 3461 populum-

251 3493 367 3548 que
394 3493 548 3533 suum
582 3478 632 3532 in
665 3475 766 3533 fide
786 3487 841 3532 et
860 3480 1085 3535 caritate
1104 3478 1392 3537 custodiat.
1426 3479 1614 3534 Amen.

870 3612 1100 3667 SERMO
1133 3612 1219 3668 Ill.

255 3726 541 3782 Desanclo
582 3726 849 3797 Stephano
875 3735 1268 3848 progmtIIrtyre,
1297 3737 1346 3780 el
1387 3727 1730 3784 Conuersione
1776 3731 1838 3785 S.

1009 3813 1076 3848 au
1099 3814 1137 3848 ι.

1009 3813 1137 3850 anu.

334 3910 384 3962 l.
419 3919 442 3944 ⁸
503 3909 629 3964 Heri
681 3909 1072 3964 celebravimus
1125 3910 1476 3978 temporalem
1529 3911 1841 3980 sempiterni

256 3999 424 4068 Regis
454 4000 620 4054 nostri
650 3998 892 4054 Natalem
931 4017 944 4052 :
984 3998 1142 4054 hodie
1168 3999 1503 4055 celebramus
1544 4001 1841 4070 triumpha-
1865 4062 1877 4074 ,

255 4089 366 4142 lem
396 4088 582 4143 militis
605 4089 928 4158 passionem.
955 4087 1078 4144 lleri
1107 4089 1249 4144 enim
1275 4087 1388 4141 Rex
1422 4099 1622 4153 noster,
1655 4089 1839 4144 trabea

261 4179 445 4234 carnis
473 4179 708 4242 indutus,
739 4178 806 4232 de
833 4179 952 4232 aula
982 4179 1117 4232 uteri
1145 4177 1419 4248 virginalis
1454 4178 1733 4246 egrediens
1761 4178 1840 4232 vi-

255 4269 426 4324 sitare
468 4269 714 4337 dignatus
739 4277 820 4324 est
855 4268 1109 4323 mundum
1143 4287 1156 4322 :
1185 4269 1346 4325 hodie
1375 4271 1527 4324 miles
1566 4269 1632 4324 de
1663 4270 1841 4325 taber-

256 4360 455 4416 naculo
504 4361 746 4431 corporis
793 4362 1018 4427 exiens,
1067 4361 1424 4432 triumphator
1469 4361 1716 4430 migravit
1771 4361 1838 4416 ad

259 4451 479 4507 caelum.
509 4450 622 4516 llle,
653 4451 993 4521 sempiterna:
1034 4451 1252 4507 deitatis
1292 4451 1572 4520 majestate
1603 4460 1834 4516 servata,

1944 3289 2085 3342 milis
2113 3289 2276 3354 venit,
2320 3289 2416 3344 sed
2458 3289 2630 3344 inanis
2651 3289 2836 3344 venire
2886 3303 2992 3342 non
3031 3286 3228 3356 potuit.
3276 3284 3524 3353 Magnum

1942 3378 2140 3449 quippe
2162 3379 2476 3433 donativum
2498 3379 2608 3433 suis
2637 3379 2896 3433 militibus
2918 3377 3118 3441 attulit,
3145 3391 3254 3444 quo
3281 3390 3376 3429 eos
3417 3388 3525 3428 non

1941 3467 2115 3522 solum
2143 3469 2370 3539 copiose
2395 3468 2603 3533 ditavit,
2629 3469 2723 3523 sed
2754 3469 2918 3522 etiam
2945 3467 3013 3521 ad
3046 3465 3360 3522 certandum
3391 3463 3527 3518 invi-

1943 3556 2178 3632 ctissime
2199 3556 2541 3612 confortavit.
2567 3557 2760 3612 Attulit
2787 3572 3018 3628 namque
3038 3555 3239 3610 donum
3265 3553 3524 3617 caritatis,

1943 3662 2050 3717 quo
2102 3646 2423 3717 perduceret
2481 3648 2727 3702 homines
2781 3648 2850 3700 ad
2903 3647 3232 3702 consortium
3291 3642 3523 3699 deitatis.

1943 3735 2096 3802 Quod
2121 3738 2489 3814 ergo‘attulit,
2521 3730 2765 3806 erogavit
2799 3757 2809 3790 :
2847 3752 2945 3792 nec
2973 3737 3070 3800 sibi
3098 3734 3296 3805 aliquid
3316 3733 3524 3798 minuit,

1941 3825 2034 3880 sed
2078 3826 2395 3900 mirabiliter
2437 3835 2492 3881 et
2531 3842 2749 3881 suorum
2782 3837 2805 3874 8
2853 3827 3164 3896 pauperiem
3202 3825 3417 3892 ditavit,
3467 3831 3526 3882 et

1949 3913 2377 3970 indelicienlibus
2418 3916 2684 3970 thesauris
2713 3917 2901 3986 plenus
2931 3917 3043 3985 ipse
3070 3915 3386 3985 permansit.

2013 4005 2065 4058 ὅ.
2104 4001 2312 4060 Caritas
2341 3995 2478 4074 ergo
2523 4021 2642 4074 qua:
2669 4006 2738 4060 de
2767 4006 2906 4062 cmlo
2954 4005 3021 4060 ad
3064 4014 3234 4060 terras
3273 4004 3526 4073 deposuit

1939 4097 2236 4164 Christum,
2259 4098 2373 4168 ipsa
2401 4098 2735 4168 Stephanum
2763 4098 2830 4152 de
2865 4107 3009 4154 terra
3049 4098 3285 4154 elevavit
3312 4097 3382 4156 ad
3418 4110 3528 4152 ca:-

1941 4189 2067 4242 lum.
2101 4189 2310 4243 Caritas
2330 4203 2448 4258 quae
2472 4190 2746 4258 prmoessit
2772 4189 2824 4242 in
2849 4187 3020 4256 Rege,
3046 4187 3158 4256 ipsa
3189 4187 3526 4254 subsequen-

1942 4287 2026 4332 ter
2054 4277 2261 4334 refulsit
2289 4278 2343 4332 in
2392 4277 2583 4332 milite.
2614 4275 2659 4331 Ο
2686 4277 2998 4332 admiranda
3041 4277 3238 4344 ubique
3284 4273 3526 4344 potentia

1940 4367 2234 4424 Salvatoris
2254 4368 2266 4421 !
2291 4367 2335 4422 Ο
2354 4367 2692 4439 praedicanda
2719 4367 3082 4422 indesinenter
3108 4365 3278 4436 gratia
3298 4363 3528 4418 Redem-

1941 4459 2138 4530 ptoris!
2173 4455 2419 4515 Ostendit
2447 4459 2500 4513 in
2542 4467 2714 4513 matre
2742 4457 3066 4526 virginitatis
3110 4464 3325 4512 aeterna:
3365 4455 3527 4508 mira-

259 4542 458 4597 servile
484 4541 839 4597 cinctoriumb
870 4542 1046 4596 carnis
1073 4556 1370 4608 assumens,
1396 4543 1449 4597 in
1476 4542 1636 4613 hujus
1657 4543 1836 4598 saeculi
1865 4562 1912 4620 υ
1939 4549 2136 4613 culum,
2169 4548 2558 4604 demonstravit
2592 4549 2645 4602 in
2676 4557 2910 4619 martyre
2938 4547 3150 4602 invicta:
3177 4545 3416 4600 caritatis
3444 4544 3527 4597 in-

261 4646 513 4704 campum
540 4641 870 4704 pugnaturus
911 4631 1167 4697 intravit;
1212 4632 1313 4687 iste
1342 4632 1600 4704 depositis
1649 4649 1835 4688 corru-

266 4722 489 4798 ptilibus
515 4709 756 4792 corporis
785 4721 1125 4810 indumentis,
1171 4721 1254 4810 ad.
1285 4722 1408 4777 cmli
1437 4723 1693 4792 palatium
1742 4739 1837 4793 pe-

260 4814 505 4869 renniter
550 4819 866 4880 regnaturus
911 4809 1168 4865 ascendit.
1216 4809 1309 4865 llle
1355 4811 1633 4866 descendit
1675 4825 1838 4868 carne

259 4905 490 4971 velatus,
518 4905 616 4960 iste
641 4903 880 4959 ascendit
907 4902 1166 4972 sanguine
1207 4902 1480 4958 laurea-tus
1506 4913 1554 4954 ε.
1583 4903 1839 4958 Ascendit

245 4994 746 5066 'istelapidantibus
774 4993 991 5060 Judmis,
1031 4995 1155 5063 quia
1201 4993 1289 5049 ille
1335 4993 1609 5050 descendit
1654 4995 1840 5050 laetan-

260 5086 406 5141 tibus
445 5086 666 5155 angelis.
712 5084 891 5141 Gloria
932 5085 988 5140 in
1031 5084 1246 5141 excelsis
1291 5084 1401 5140 Deo
1461 5083 1611 5157 (Luc.
1658 5101 1715 5152 ιι,
1748 5085 1837 5157 14)

260 5176 380 5232 heri
427 5179 604 5233 sancti
645 5178 818 5246 angeli
860 5178 1192 5234 exsultantes
1237 5187 1620 5245 cantaverunt;
1679 5180 1838 5236 hodie

261 5268 300 5323 S
325 5267 592 5338 ephanum
622 5270 862 5325 laetantes
907 5271 960 5324 in
1003 5286 1160 5326 suum
1205 5271 1534 5326 consortium
1579 5287 1834 5342 suscepe-

261 5371 408 5418 runt.
443 5362 571 5418 Heri
615 5361 886 5418 Dominus’
900 5363 1065 5418 exivit
1093 5364 1160 5420 de
1202 5374 1356 5419 utero
1383 5365 1601 5433 virginis
1633 5383 1644 5418 :
1676 5364 1834 5420 hodie

304 5559 355 5629 _"
389 5549 514 5629 uss.
544 5551 776 5606 habent:
801 5551 1014 5605 Fratres
1039 5549 1314 5613 carissimi,
1353 5563 1452 5603 nec
1481 5547 1681 5602 habent
1707 5563 1840 5601 sem-

263 5623 472 5685 pilerni.

335 5688 357 5727 δ
402 5689 526 5747 Mss.
540 5733 554 5757 ,
581 5691 868 5745 tentorium.

337 5775 355 5795 τ
401 5758 506 5814 Mss
537 5801 551 5824 ,
574 5770 866 5814 coronatus.

331 5826 355 5865 δ
397 5829 485 5886 Sic
515 5845 644 5885 mss.
675 5829 740 5884 At
768 5829 917 5894 edd.,
939 5826 1102 5881 miles.

1943 4640 2159 4696 dicium.
2199 4639 2483 4709 lntegritas
2527 4639 2724 4709 quippe
2769 4639 3087 4696 intemerata
3133 4636 3425 4707 permansit
3469 4633 3524 4687 in

1942 4733 2165 4800 virgine,
2191 4731 2494 4787 dilectionis
2507 4729 2899 4790 virtusinvicta
2916 4729 3278 4801 perseveravit
3300 4727 3349 4780 in
3391 4739 3528 4779 mar-

1948 4829 2079 4892 tyre.
2115 4820 2182 4874 Et
2207 4821 2342 4876 sicut
2371 4821 2423 4874 in
2446 4829 2616 4875 matre
2647 4819 2860 4876 Domini
2899 4836 3007 4875 non
3048 4819 3224 4893 potuit
3251 4815 3528 4885 virginitas
3616 4872 3626 4882 _

1945 4913 2152 4977 violari,
2185 4912 2262 4967 sic
2287 4914 2339 4966 in
2370 4913 2622 4983 martyris
2645 4919 2826 4967 mente
2855 4926 2963 4967 non
2993 4910 3170 4980 potuit
3203 4907 3401 4964 Christi
3429 4920 3524 4960 ca-

1946 5003 2078 5057 ritas
2108 5011 2257 5057 tanto
2283 5003 2617 5058 saevientium
2664 5003 2876 5072 agmine
2917 5002 3179 5073 superari.
3221 4999 3528 5068 Stephanus

1946 5106 2097 5161 ergo,
2129 5101 2186 5146 ut
2213 5093 2446 5148 nominis
2489 5093 2572 5151 sui
2623 5109 2882 5150 coronam
2927 5093 3213 5148 meruisset
3254 5088 3527 5157 accipere,

1943 5180 2221 5235 caritatem
2252 5195 2353 5251 pro
2396 5182 2559 5237 armis
2587 5182 2852 5250 habebat,
2884 5190 2938 5237 et
2978 5196 3074 5251 per
3112 5180 3280 5248 ipsam
3328 5175 3527 5245 ubique

1942 5271 2208 5327 vincebat.
2257 5271 2360 5328 Per
2380 5276 2658 5330 caritatem
2681 5275 2775 5329 Dei
2821 5271 3169 5329 saevientibus
3189 5269 3388 5326 ludatis
3417 5283 3528 5324 nor.

1939 5362 2137 5425 cessit,
2169 5378 2264 5434 per
2293 5367 2573 5422 caritatem
2615 5365 2848 5435 proximi
2904 5380 3002 5435 pro
3051 5361 3414 5433 lapidantibus
3439 5361 3520 5416 in-

2022 5559 2044 5584 °
2086 5546 2234 5608 Mss,
2270 5545 2467 5600 Invicta
2499 5560 2718 5613 namque
2749 5545 2803 5596 in
2833 5561 2890 5597 eo
2914 5542 3202 5596 enituerunt
3246 5542 3395 5612 signa
3421 5541 3528 5594 uir-

1950 5619 2242 5690 (μίξει-φύει
2263 5632 2423 5690 nec...
2457 5615 2682 5690 deuictus
2711 5613 2993 5690 suci-ulmit.

2025 5689 2041 5724 ί
2077 5684 2197 5742 Haec
2228 5686 2409 5744 verba,
2439 5701 2529 5737 nec
2556 5684 2772 5744 timeret,
2800 5684 3061 5737 habentur
3089 5698 3152 5738 ex
3179 5697 3306 5736 mss.

2023 5767 2046 5804 ι
2087 5757 2183 5811 Ms.
2213 5765 2266 5811 ct
2297 5756 2443 5810 Λιιι..
2475 5771 2680 5808 suorum
2703 5753 2951 5823 ﬁdelium.
