4046 6546
526 445 622 500 731

1563 441 1619 492 s.
1662 432 2015 490 FL'LGENTII
2051 407 2344 488 EI'lSCOPI
2389 430 2753 487 nUsPENSIs

3698 425 3817 480 73!

529 558 796 613 tercessil.
825 555 924 609 Per
948 556 1230 610 caritatem
1262 554 1520 624 arguebat
1558 558 1907 613 errautes,-nt
1935 550 2103 603 corri-
2135 558 2176 612 Α
2209 556 2442 603 sectetur
2480 546 2785 615 exemplum
2832 545 3210 600 conversionis
3257 546 3308 599 in
3358 546 3525 600 Paulo
3558 566 3569 599 :
3605 557 3661 600 et
3706 547 3815 615 qui

527 655 781 716 gerentur
810 663 824 710 ;
855 647 1260 714 pervcarLtatem
1288 658 1386 711 pro
1414 639 1770 710 lapidanlibus
1798 638 2002 699 orabat,
2039 651 2104 691 ne

510 737 870 807 ‘punirentur.
903 734 1153 788 Caritatis
1175 734 1371 786 virtute
1411 729 1684 792 subnixus,
1714 727 1839 780 vicit
1886 725 2103 779 Saulum

529 825 822 881 crudeliter
849 825 1174 885 saavientem,
1208 832 1263 876 et
1303 835 1463 890 quem
1511 818 1696 872 habuit
1724 816 1774 869 in
1807 827 1949 868 terra
1993 829 2107 882 per-

483 945 488 951 -
529 923 851 977 secutorem,
899 915 950 967 in
979 915 1118 968 ccelo
1149 911 1342 965 meruit
1388 909 1584 962 habere
1614 914 1922 961 consortem
1988 903 2105 972 Ipsa

530 1016 716 1062 sancta
745 1015 800 1061 et
822 1005 1085 1060 indefessa
1108 1003 1304 1059 caritas
1349 999 1670 1056 desideravit
1694 996 1896 1052 orando
1926 995 2109 1065 acqui-

534 1113 673 1161 rere.
711 1111 847 1164 quos
899 1094 1136 1162 nequivit
1184 1091 1456 1146 monendo
1519 1096 1857 1144 convertere.
1928 1085 2110 1153 Neque

534 1186 700 1250 enim,
750 1184 962 1246 fratres,
989 1181 1375 1237 existimandus
1404 1187 1487 1234 est
1513 1178 1819 1246 Stephanus
1851 1183 1976 1230 tunc
2007 1174 2111 1226 ini-

536 1277 705 1330 micos
750 1275 1003 1329 dilexisse
1034 1283 1058 1309 ι
1109 1288 1230 1327 cum
1276 1287 1374 1341 pro
1416 1271 1496 1327 eis
1525 1276 1736 1330 oraret,
1785 1275 1994 1321 et-non
2041 1264 2115 1317 di-

538 1368 731 1422 lexisse
778 1381 898 1420 cum
939 1380 1124 1419 eorum
1169 1361 1595 1418 incredulitatem
1634 1359 1906 1426 arguendo
1955 1355 2115 1410 corri-

537 1466 707 1530 peret.
737 1457 903 1511 Absit-
918 1457 1022 1511 hoc
1052 1457 1118 1509 ab
1142 1455 1317 1508 anima
1343 1453 1592 1523 martyris
1615 1451 1680 1504 ad
1707 1449 1827 1504 οωιί
1857 1447 2114 1516 palatium

539 1547 855 1604 festinantis.
889 1547 1008 1616 Ipsa
1038 1546 1179 1600 enim
1203 1551 1386 1598 sancta
1415 1543 1615 1597 caritas
1653 1539 1858 1592 firmam
1882 1535 2116 1590 servavit

538 1641 592 1694 in
616 1639 865 1694 oratione
885 1637 1222 1706 patientiam,
1253 1649 1371 1703 quae.
1400 1633 1620 1701 rigidam
1651 1631 1824 1685 tenuit
1853 1631 1903 1682 in
1930 1642 2113 1681 corrc-

536 1731 723 1801 ptione
752 1743 1056 1784 censuram.
1089 1726 1154 1779 Et
1193 1726 1315 1780 ideo
1347 1725 1397 1778 in
1425 1725 1670 1778 oratione
1717 1720 1887 1774 audiri
1921 1715 2118 1772 meruit

539 1820 755 1886 lenitas,
801 1820 924 1887 quia
955 1817 1072 1872 sine
1121 1816 1344 1870 caritate
1391 1828 1496 1866 non
1535 1812 1632 1865 fuit
1680 1811 1731 1863 in
1777 1808 2118 1877 correptione

2205 638 2377 690 bonus
2407 643 2510 701 est,
2533 635 2840 704 aequitatem
2893 649 3061 702 usque
3109 632 3179 686 ad
3231 636 3388 690 linem
3433 631 3653 699 teneat;
3707 635 3814 704 qui

2207 733 2384 778 autem
2407 725 2576 778 malus
2619 732 2720 787 est,
2764 724 3086 791 quantocius
3109 740 3137 777 a
3169 739 3262 778 sua
3294 726 3661 792 perversitate
3689 725 3816 778 dis-

2210 815 2400 879 cedat;
2453 830 2552 868 nec
2604 816 2799 868 bonum
2848 815 3120 868 hominem
3155 809 3517 885 prmsumptio
3573 815 3819 884 justiti:

2209 906 2369 960 faciat
2397 889 2773 974 negligentem,
2809 921 2907 960 nec
2927 907 3125 959 malum
3156 899 3455 976 iniquitatis
3476 908 3817 962 considera-

2210 997 2284 1050 tio
2311 996 2467 1050 faciat
2493 996 2888 1066 desperantem,
2920 997 3015 1050 sed
3063 997 3152 1050 ille
3207 998 3411 1051 bonum
3464 999 3687 1052 fortiter
3720 1007 3818 1050 te-

2211 1094 2355 1152 neat,
2387 1087 2487 1140 iste
2515 1086 2710 1140 malum
2741 1087 2990 1141 celeriter
3011 1086 3244 1140 deserat.
3279 1086 3459 1141 Bonus
3508 1088 3711 1141 timeat
3743 1101 3822 1140 ne

2211 1175 2390 1250 cadat,
2420 1176 2590 1229 malus
2621 1183 2846 1230 conetur
2875 1185 2930 1228 ut
2951 1184 3153 1244 surgat.
3184 1175 3435 1244 Quisquis
3464 1190 3601 1243 ergo
3631 1176 3826 1230 malus

2213 1278 2296 1324 est
2346 1285 2468 1324 cum
2514 1268 2679 1322 Paulo
2736 1277 3108 1339 prosternatur
3163 1270 3214 1322 in
3264 1269 3438 1334 malo,
3498 1277 3559 1322 ut
3581 1283 3708 1321 cum
3741 1283 3819 1322 eo

2215 1357 2450 1425 erigatur
2479 1358 2531 1410 in
2555 1351 2696 1411 bono
2726 1375 2738 1409 :
2771 1357 3024 1425 quoniam
3047 1366 3103 1411 et
3147 1357 3237 1411 ille
3289 1357 3488 1411 cecidit
3516 1357 3720 1419 malus,
3756 1366 3816 1410 et

2214 1448 2450 1501 surrexit
2471 1448 2663 1502 bonus.
2697 1446 3003 1501 Prostratus
3031 1455 3114 1502 est
3143 1448 3375 1517 iniquus,
3402 1456 3458 1502 et
3481 1455 3705 1501 erectus
3724 1457 3813 1501 est

2212 1538 2423 1606 justus;
2459 1538 2655 1592 cecidit
2693 1539 3017 1594 smvissimus
3071 1547 3410 1607 persecutor,
3462 1548 3516 1592 et
3567 1541 3815 1592 surrexit

2217 1628 2484 1684 veridicus
2511 1629 2831 1699 prmdicator
2866 1641 2910 1682 ν.
2942 1629 3152 1684 Cadens
3194 1629 3372 1683 lumen
3423 1630 3679 1697 corporis
3707 1631 3816 1682 im-

2219 1719 2336 1786 pius
2366 1718 2616 1787 perdidit.
2649 1733 2877 1786 surgens
2906 1727 3084 1772 autem
3110 1718 3290 1773 lumen
3313 1719 3498 1773 cordis
3539 1718 3814 1787 justitia-

2222 1816 2307 1862 tus
2335 1809 2562 1878 accepit.
2589 1808 2926 1878 Conjunctus
2954 1817 3037 1863 est
3068 1809 3248 1877 itaque
3279 1808 3584 1878 Stephano,
3633 1809 3814 1865 factus

540 1911 828 1966 severitas:
855 1924 916 1964 ac
948 1924 1043 1979 per
1066 1907 1188 1971 hoc,
1218 1906 1329 1960 sive
1355 1903 1583 1970 orando,
1613 1903 1726 1955 sive
1753 1898 2114 1968 corripiendo,
2151 1923 2198 1982 Β
2221 1905 2306 1951 est
2332 1899 2447 1951 ovis
2477 1915 2544 1952 ex
2568 1899 2714 1968 lupo.
2749 1897 2814 1952 Et
2842 1913 2968 1952 ecce
2997 1913 3136 1952 nunc
3165 1897 3360 1952 Paulus
3380 1915 3504 1954 cum
3524 1899 3813 1969 Stephano

541 2001 820 2056 caritatem
869 1999 1056 2053 beatus
1081 1996 1386 2065 Stephanus
1415 1992 1731 2056 reservavit,
1768 1991 1893 2058 quia
1924 1988 2122 2042 utrobi-

542 2104 648 2158 que
669 2089 894 2143 salutem
926 2087 1219 2141 errantium
1266 2084 1541 2153 cogitavit,
1591 2089 1645 2136 et
1688 2080 1884 2135 indicio
1926 2086 2121 2132 sanctae

545 2178 808 2232 orationis
856 2176 1098 2231 ostendit
1135 2175 1555 2243 increpationem
1604 2171 1746 2225 illam
1806 2185 1912 2224 non
1959 2169 2121 2224 fuisse

544 2267 674 2331 odii,
705 2267 800 2320 sed
825 2267 1045 2320 amoris.

611 2358 666 2412 4.
707 2358 820 2413 Hoc
849 2367 1025 2412 autem
1074 2357 1294 2422 faciens,
1341 2366 1398 2412 et
1445 2355 1798 2426 prmsentihus
1843 2355 2121 2408 caritatem

547 2448 737 2503 beatus
764 2455 967 2518 martyr
987 2447 1247 2512 exhibuit,
1273 2454 1327 2500 et
1355 2446 1484 2499 utile
1509 2445 1664 2498 nimis
1692 2444 1994 2513 exemplum
2022 2457 2122 2511 po»

543 2533 702 2593 steris
746 2537 980 2606 reliquit.
1028 2537 1425 2592 Demonstravit
1465 2535 1607 2590 enim
1653 2536 1808 2607 557
1856 2533 2122 2601 geminam

548 2626 907 2681 ecclesiastici
931 2625 1321 2695 dispensatoris
1369 2625 1679 2679 industriam
1715 2643 1727 2677 :
1758 2632 1815 2678 ut
1861 2623 1927 2677 ad
1953 2613 2125 2678 corri-

547 2717 781 2786 gendum
819 2718 1104 2787 cujuslibet
1145 2718 1417 2786 peccantis
1445 2732 1708 2783 errorem,
1747 2725 1801 2770 et
1834 2731 1937 2770 non
1986 2715 2125 2769 desit

527 2811 601 2864 iin
628 2824 723 2864 ore
743 2809 1032 2878 correptio,
1064 2816 1120 2863 et
1151 2808 1218 2862 ad
1247 2807 1414 2862 Deum
1443 2824 1541 2878 pro
1583 2824 1650 2863 eo
1696 2808 1923 2876 supplex
1949 2806 2122 2862 effun-

550 2899 709 2953 datur
733 2899 926 2953 oratio.
961 2897 1031 2953 Ut
1054 2899 1144 2968 qui
1167 2899 1364 2953 malum
1393 2897 1539 2959 fecit.
1572 2913 1668 2967 per
1696 2899 2123 2968 inucrepationem

542 2989 610 3043 de
650 2989 801 3043 malis
847 2989 1098 3058 operibus
1147 2988 1527 3054 confundatur,
1578 2996 1633 3044 et
1679 3004 1777 3059 per
1823 2989 2122 3043 orationem

548 3082 689 3150 apud
718 3081 884 3136 Deum
911 3081 1223 3150 adjuvetur;
1255 3097 1318 3137 ac
1345 3082 1424 3138 sic
1455 3083 1564 3150 ipsa
1594 3083 1810 3147 caritas,
1845 3090 1897 3136 et
1946 3081 1998 3135 in
2029 3096 2123 3135 ore

542 3171 807 3240 justitiam
837 3179 1013 3236 sonet,
1065 3179 1124 3226 ut
1170 3180 1440 3226 errantem
1485 3172 1745 3240 corrigat;
1793 3171 1929 3226 etin
1961 3169 2124 3225 corde

543 3258 860 3332 patientiam
900 3269 1098 3328 servet,
1149 3271 1207 3315 ut
1251 3277 1350 3332 pro
1389 3269 1605 3316 errante
1653 3261 1949 3315 orationem
1989 3275 2123 3329 puro

543 3349 737 3407 affectu
766 3351 1072 3405 dilectionis
1101 3349 1358 3404 eilundat.
1391 3350 1490 3415 Qui
1537 3351 1679 3416 enim
1717 3357 1983 3404 errantem
2019 3364 2124 3402 non

546 3441 890 3510 corripuerit,
933 3440 1000 3495 de
1049 3440 1371 3508 negligentia
1408 3438 1761 3508 judicaturb;
1811 3439 1899 3507 qui
1948 3449 2124 3492 autem

547 3545 648 3600 pro
675 3544 742 3584 eo
772 3545 881 3584 non
909 3529 1162 3594 oraverit,
1191 3529 1258 3582 de
1286 3529 1524 3599 pernicie
1547 3529 1952 3584 condemnatur.
1984 3527 2128 3594 Quo-

551 3619 719 3686 circa,
772 3616 984 3684 fratres,
1029 3619 1075 3672 si
1122 3617 1335 3686 quando
1373 3617 1564 3686 aliquis
1602 3633 1699 3687 pro
1726 3618 1915 3670 anima:
1957 3618 2128 3673 salute

548 3707 854 3778 corripitur,
880 3725 987 3764 non
1011 3717 1364 3779 aspernanter
1378 3708 1603 3778 accipiat
1629 3707 1829 3762 monita
1859 3709 2123 3768 caritatis;

530 3815 648 3855 nec
672 3809 988 3870 praesentem
1019 3800 1290 3855 tristitiam
1307 3814 1417 3855 suae
1440 3798 1732 3854 voluntatis
1748 3798 2008 3867 attendat,
2034 3799 2128 3853 sed

551 3892 859 3948 consideret
883 3906 1001 3961 quae
1027 3892 1172 3947 lucra
1195 3891 1443 3945 utilitatis
1468 3889 1729 3958 acquirat.
1761 3887 1965 3944 Idcirco
1985 3888 2126 3942 enim

547 3982 804 4049 arguitur,
837 3989 896 4036 ut
923 3997 953 4035 a
983 3981 1163 4050 pravis
1191 3981 1444 4050 operibus
1471 3979 1789 4047 corrigatur.
1821 3977 1928 4033 Nec
1949 3987 2126 4033 tamen

537 4069 667 4127 cum
696 4071 841 4127 videt
869 4071 1262 4141 correptionem
1293 4071 1466 4138 aliqua
1500 4068 1786 4123 verborum
1817 4068 2131 4123 austeritate
2178 4093 2187 4102 -

545 4165 771 4228 fervere,
800 4164 1071 4219 existimet
1096 4163 1374 4218 caritatem
1423 4162 1475 4215 in
1503 4159 1664 4215 corde
1692 4159 1994 4227 frigescere.
2041 4158 2131 4213 Sic

547 4256 689 4309 enim
719 4257 897 4323 vigilat
921 4257 973 4309 in
1002 4271 1097 4310 ore
1143 4254 1435 4324 correptio,
1482 4261 1539 4307 ut
1582 4253 1634 4306 in
1674 4251 1840 4306 corde
1869 4267 1974 4305 non
2006 4251 2130 4305 dor-

548 4350 704 4402 mitet
729 4351 921 4402 oratio.
956 4350 1032 4404 Ac
1058 4365 1156 4418 per
1202 4349 1325 4412 hoc,
1357 4349 1410 4401 in
1457 4355 1683 4416 utroque
1711 4346 1956 4415 peccanli
2001 4360 2132 4400 con-

551 4440 690 4495 sulte
717 4441 1061 4510 prospicitur,
1084 4448 1143 4495 ut
1162 4440 1289 4494 dum
1317 4440 1478 4493 homo
1507 4447 1788 4506 correptus
1813 4437 1880 4492 de
1907 4443 2131 4507 peccato

553 4527 914 4598 confunditur,
958 4539 1014 4585 et
1062 4546 1092 4585 a
1133 4530 1287 4584 malis
1329 4529 1580 4599 operibus
1623 4538 1905 4598 separetur
1934 4535 1988 4583 et
2036 4544 2131 4599 per

2224 1994 2451 2058 laetatur,
2481 2006 2600 2044 cum
2623 1988 2898 2057 Stephano
2919 1986 3115 2041 Christi
3143 1987 3387 2042 claritate
3435 1987 3461 2025 ά
3491 1989 3812 2058 perfruitur,

2222 2099 2343 2139 cum
2373 2081 2649 2155 Stephano
2679 2079 2938 2146 exsultat,
2965 2093 3089 2132 cum
3122 2077 3399 2148 Stephano
3439 2089 3654 2150 regnat.
3691 2080 3811 2146 Quo

2223 2176 2363 2230 enim
2433 2173 2708 2243 prmcessit
2771 2171 3112 2240 Stephanus,
3168 2171 3464 2241 trucidatus
3540 2171 3814 2243 lapidibus

2225 2265 2403 2331 Pauli,
2429 2265 2556 2318 illuc
2585 2271 2802 2318 secutus
2851 2271 2933 2316 cst
2962 2260 3180 2326 Paulus,
3208 2261 3424 2330 adjutus
3473 2263 3812 2317 orationibus

2223 2356 2502 2427 Stephani.

2294 2451 2345 2503 6.
2378 2445 2549 2514 Quam
2571 2461 2697 2502 vera
2720 2446 2826 2498 vita
2859 2455 2905 2510 ο,
2930 2444 3122 2500 fratres
3150 2445 3282 2499 mei!
3317 2445 3405 2498 ubi
3458 2461 3569 2498 non
3615 2442 3812 2498 Paulus

2226 2541 2293 2595 de
2321 2540 2578 2608 Stephani
2609 2538 2884 2604 occisione
2938 2535 3313 2600 confunditur,
3356 2537 3454 2591 sed
3501 2536 3814 2606 Stephanus

2225 2631 2293 2686 de
2315 2630 2465 2684 Pauli
2512 2630 2786 2700 consortio
2832 2628 3152 2696 gratulatur,
3197 2627 3454 2695 quoniam
3505 2628 3715 2681 caritas
3761 2629 3814 2680 in

2229 2720 2705 2788 ntroquelactatur.
2751 2717 2962 2771 Caritas
2988 2717 3187 2786 quippe
3236 2717 3290 2770 in
3339 2715 3624 2784 Stephano
3652 2731 3814 2784 supe-

2227 2793 2365 2864 ravit
2393 2811 2652 2863 saevitiam
2677 2807 3005 2874 Iudaeorum,
3034 2807 3233 2862 caritas
3256 2807 3306 2860 in
3331 2805 3501 2860 Paulo
3530 2808 3814 2875 cooperuit

2228 2902 2623 2956 multitudinem
2663 2901 2823 2972 558
2851 2907 3219 2971 peccatorum,
3246 2899 3445 2954 caritas
3493 2900 3549 2952 in
3585 2909 3815 2966 utroque

2228 2998 2428 3068 pariter
2457 3011 2679 3066 regnum
2709 2995 2906 3050 meruit
2949 2993 3229 3064 possidere
3280 2994 3567 3048 cmlorum.
3601 2991 3814 3047 Caritas

2230 3089 2391 3158 igitur
2415 3097 2498 3142 est
2519 3087 2755 3141 omnium
2788 3085 2907 3140 fons
2934 3096 2990 3140 et
3039 3086 3190 3154 origo
3213 3086 3499 3150 bonorum,
3533 3086 3815 3139 munimen

2230 3178 2526 3246 egregium,
2561 3177 2646 3229 via
2670 3191 2790 3244 qua:
2813 3175 2959 3230 ducit
3000 3174 3067 3228 ad
3094 3175 3311 3230 caelum.
3345 3174 3401 3228 ln
3445 3176 3677 3230 caritate
3721 3175 3813 3244 qui

2152 3295 2198 3354 ρ
2233 3267 2487 3332 ambulat,
2520 3283 2619 3322 nec
2641 3281 2823 3320 errare
2852 3267 3072 3336 poterit,
3103 3281 3201 3320 nec
3223 3266 3435 3320 timere.
3465 3266 3588 3334 Ipsa
3610 3265 3812 3333 dirigit,

2232 3359 2346 3428 ipsa
2367 3358 2628 3428 protegit,
2673 3358 2785 3427 ipsa
2816 3357 3080 3426 perducit.
3115 3356 3400 3423 Quocirca,
3426 3355 3642 3421 fratres,
3674 3371 3814 3425 quo-

2227 3451 2368 3504 niam
2397 3449 2598 3504 scalam
2643 3449 2882 3504 caritatis
2910 3449 3187 3502 constituit
3214 3447 3480 3512 Christus,
3511 3465 3614 3518 per
3642 3464 3808 3516 quam

2228 3540 2294 3595 ad
2323 3540 2518 3595 emtum
2572 3538 2748 3593 omnis
2801 3539 2976 3608 possit
3029 3538 3394 3594 conscendere
3439 3536 3812 3605 Christianus,

2230 3645 2420 3702 puram
2453 3629 2737 3684 caritatem
2767 3628 2978 3683 fortiter
3005 3630 3258 3695 retinete,
3289 3628 3459 3698 ipsam
3492 3628 3641 3682 vobis
3672 3629 3816 3682 invi-

2228 3735 2345 3776 cem
2373 3719 2647 3780 exhibete,
2677 3719 2807 3772 etin
2836 3734 2899 3773 ea
2929 3717 3258 3790 proficiendo
3311 3717 3679 3774 conscendite.
3727 3718 3816 3773 ln-

2228 3808 2402 3863 sistite
2430 3797 2682 3878 operibus
2712 3808 2888 3871 bonis,
2923 3819 2982 3863 ut
3009 3809 3076 3863 ad
3113 3809 3330 3878 praemia
3380 3817 3582 3863 aeterna
3612 3824 3811 3878 perve-

2230 3899 2346 3952 nire
2369 3899 2604 3968 possitis,
2629 3897 2797 3967 adjuti
2840 3900 3013 3966 gratia
3042 3898 3338 3954 Salvatoris
3382 3896 3426 3962 ί,
3459 3899 3551 3968 qui
3603 3898 3731 3954 vivit
3759 3908 3816 3954 et

2219 3998 2418 4067 regnat
2440 3991 2491 4044 in
2518 3990 2710 4045 saecula
2747 3991 3089 4046 saeculorum.
3123 3990 3312 4045 Amen.

2841 4122 3073 4178 SERMO
3109 4122 3194 4178 IV.

2233 4234 2314 4290 De
2342 4234 2637 4305 Epiphania
2657 4276 2671 4300 ,
2709 4235 2868 4306 deque
2897 4233 3236 4288 Innocentum
3266 4250 3415 4298 nece,
3445 4243 3493 4286 et
3517 4233 3816 4288 muneribus

2852 4338 2863 4346 '
2882 4323 3153 4396 Magorum
3163 4364 3176 4378 .

2305 4441 2357 4494 1.
2386 4438 2584 4501 Nostis,
2618 4437 2812 4492 fratres
2862 4436 3148 4501 carissimi,
3181 4435 3305 4503 quia
3349 4433 3464 4488 dies
3512 4435 3616 4488 iste
3663 4433 3756 4501 qui
3785 4449 3816 4503 ᾳ

2233 4527 2389 4586 nobis
2413 4530 2464 4584 in
2498 4529 2759 4584 honorem
2789 4526 3000 4582 Domini
3031 4541 3128 4596 per
3152 4539 3323 4580 annos
3373 4523 3616 4592 singulos
3670 4522 3814 4578 cele-

552 4621 851 4676 orationem
884 4620 1018 4692 (Deo
1048 4619 1368 4691 miserante)
1400 4619 1653 4673 salvetur.
1698 4618 1828 4673 Nam
1859 4629 1915 4673 et
1943 4627 2128 4673 sancta
2162 4660 2206 4716 D
2232 4627 2438 4688 bratur,
2470 4636 2565 4676 ore
2585 4629 2903 4676 cunctorum
2934 4619 3167 4673 ﬁdelium
3195 4617 3494 4687 Epiphania
3529 4615 3816 4670 veneram-

548 4710 827 4780 Scriptura
857 4710 1016 4766 dicit:
1046 4712 1301 4778 Quoniam
1338 4727 1482 4782 quem
1513 4710 1680 4780 diligit
1716 4709 1985 4777 Dominus,
2018 4726 2132 4762 cor-

549 4804 670 4871 ripit
712 4819 729 4856 :
771 4803 1005 4873 ﬂagellat
1065 4814 1235 4857 autem
1285 4819 1486 4857 onmem
1535 4802 1699 4872 ﬁlium
1746 4819 1893 4872 quem
1953 4801 2130 4870 recipit

551 4889 732 4960 (Prov.
775 4907 850 4956 ιιι,
896 4891 1001 4962 12).
1284 4900 1288 4904 ’

548 4993 552 4996 ’
619 4981 673 5036 5.
705 4982 1060 5051 Christi'ergo
1089 4985 1313 5038 caritate
1339 4983 1622 5054 compulsi,
1662 4991 1715 5038 et
1739 4983 1910 5038 bonos
1942 4984 2128 5037 horta-

548 5087 687 5139 mur,
711 5080 770 5127 ut
796 5072 848 5126 in
879 5073 1020 5127 bono
1047 5082 1423 5141 permaneant,
1456 5081 1510 5127 et
1532 5072 1701 5128 malos
1723 5072 2118 5140 compellimus,

547 5171 664 5216 uta
712 5161 855 5217 malo
913 5161 1229 5216 discedant:
1265 5164 1564 5232 praesertim
1613 5163 1862 5232 quoniam
1914 5163 1965 5215 in
2010 5163 2124 5216 istis

549 5253 759 5309 duobus
788 5254 990 5310 sanctis
1038 5255 1307 5322 geminum
1357 5255 1510 5307 nobis
1565 5261 1895 5309 monstratur
1938 5255 2125 5309 salutis

549 5345 802 5398 indicium
832 5365 843 5397 :
877 5353 935 5399 ut
985 5347 1029 5398 si
1079 5346 1198 5413 quis
1243 5345 1417 5400 bonus
1456 5355 1555 5415 est,
1589 5345 1828 5400 imitetur
1873 5361 2122 5415 persevc-

547 5434 773 5488 rantiam
803 5437 1039 5490 Caritatis
1071 5437 1121 5491 in
1151 5437 1459 5507 Stephano;
1492 5437 1582 5505 qui
1607 5445 1782 5490 autem
1814 5437 1987 5492 malus
2014 5446 2118 5500 cst,

554 5623 558 5626 -
615 5601 640 5628 ⁸
681 5592 737 5646 lu
761 5611 865 5648 uno
891 5612 987 5666 ms.
1029 5613 1132 5652 non
1168 5601 1412 5666 leguntur
1437 5600 1567 5660 haec.
1602 5600 1839 5652 inimicos
1879 5597 2128 5652 dilexisse

543 5677 659 5782 ritum
711 5680 806 5786 jlrro
859 5665 934 5718 eis
981 5679 1170 5734 oraret,
1218 5665 1357 5733 etc.;
1395 5682 1491 5723 nec
1537 5685 1654 5739 qua:
1708 5679 1929 5738 postea,
1984 5669 2128 5720 Absit

583 5749 658 5788 oc.
685 5749 715 5788 e
743 5749 792 5788 c.

619 5772 658 5839 δ’
817 5803 1156 5874 judicabitur.
1171 5846 1204 5858 ..
1237 5807 1679 5860 condenmabimr.

621 5883 640 5909 τ
673 5873 791 5941 .\ls.,
817 5873 863 5928 et
889 5884 1085 5928 erectus
1116 5876 1536 5944 estﬁdeliuimus
1564 5879 1890 5946 pra'dirator.

2235 4714 2354 4767 liter
2383 4718 2739 4781 nuncupatur.
2765 4707 2833 4762 Et
2858 4709 2984 4778 quia
3004 4707 3251 4763 Graecum
3276 4707 3535 4776 probatur
3557 4719 3679 4760 esse
3723 4721 3816 4760 vo-

2231 4803 2503 4868 cabulum,
2531 4802 2716 4856 multis
2767 4810 2848 4856 est
2893 4799 3098 4858 Latinis
3153 4800 3502 4869 incognitum.
3554 4798 3686 4854 Inde
3735 4809 3816 4854 est

2232 4894 2376 4964 quod
2403 4908 2597 4949 nomen
2627 4893 2768 4947 istud
2790 4907 2979 4947 omnes
3017 4891 3238 4965 quidem
3279 4889 3455 4944 Latini
3483 4888 3692 4954 dicunt,
3722 4887 3817 4943 sed

2233 5003 2340 5042 non
2371 5001 2565 5042 omnes
2587 4987 2937 5042 inveniuntur
2959 5000 3120 5042 nosse
3147 4984 3291 5054 quod
3341 4985 3548 5040 dicunt.
3586 4982 3820 5040 Proinde

2228 5076 2429 5130 bonum
2457 5083 2534 5130 est
2560 5083 2617 5129 ut
2636 5075 2816 5130 cuncti
2837 5076 2929 5144 qui
2949 5075 3090 5129 diem
3112 5074 3430 5130 hodiernum
3459 5071 3814 5142 Epiphaniam

2232 5175 2566 5237 nuncupant,
2599 5174 2654 5220 et
2681 5182 2776 5222 cur
2805 5167 2910 5222 hoc
2938 5167 3148 5222 dicatur
3193 5168 3474 5236 ignorant,
3501 5180 3810 5226 sacramen—

2233 5265 2344 5310 tum
2372 5256 2479 5310 diei
2501 5255 2656 5324 hujus
2708 5255 2939 5310 nominis
2968 5256 3415 5327 interpretatione
3459 5262 3806 5323 cognoscant.

2234 5338 2402 5406 Debet
2431 5351 2570 5404 enim
2593 5351 2700 5404 diei
2729 5350 2885 5418 hujus
2913 5350 3225 5405 solemnitas
3253 5365 3282 5404 a
3310 5349 3552 5404 lidelibns
3573 5347 3810 5403 celebra-

2235 5440 2316 5504 ri,
2371 5448 2425 5494 et
2474 5438 2594 5494 ideo
2645 5440 3001 5496 solemnitatis
3028 5456 3188 5499 causa
3213 5456 3318 5495 non
3364 5441 3524 5496 debet
3555 5439 3808 5506 ignorari.

2301 5603 2326 5641 ἀ
2356 5604 2508 5669 Mss.,
2536 5604 2726 5660 Christi
2746 5609 2980 5660 caritate.

2306 5689 2324 5711 ι
2362 5675 2509 5738 Mss.,
2547 5674 2714 5739 Quam
2746 5693 2860 5730 vero
2882 5676 3029 5729 beata
3059 5679 3179 5730 rita.

2306 5744 2321 5781 τ
2369 5744 2462 5798 Ms.
2501 5762 2652 5809 unus,
2691 5745 2894 5799 Domini
2938 5749 3099 5801 nostri
3158 5744 3464 5800 Salvatoris.
3522 5741 3620 5801 Ms.
3653 5743 3818 5807 alter,

2228 5825 2534 5886 rooperrmte
2570 5815 2806 5870 Domino.
