4050 6460
160 409 272 466 733

1619 405 1848 462 SERMO
1871 407 1958 463 Ν.

3309 413 3410 469 754

159 515 318 575 Hunc
343 530 473 588 ergo
520 516 684 584 diem,
730 516 867 574 sicut
913 517 1166 588 diximus,
1196 493 1548 592 Epiphaniam
1577 527 1740 573 vocat
1766 525 1820 583 Α
1912 520 1966 574 4.
1999 520 2291 576 Archelaus
2319 499 2474 577 natus
2502 531 2584 577 est
2612 522 2663 578 in
2695 522 2894 593 palatio
2919 564 2934 590 ,
2979 524 3219 580 Christus
3243 528 3294 580 in
3329 527 3410 580 di-

156 607 465 666 Chrisdana
490 610 706 680 religio.
738 608 1033 681 Epiphania
1066 625 1192 665 vero
1218 610 1602 678 interpretatur
1628 607 1740 661 Ma-

157 700 451 758 ttil‘estatio.
484 699 764 757 Traditum
781 710 959 757 autem
987 711 1232 757 tenemus
1267 717 1298 755 a
1323 701 1569 756 Patribus
1598 701 1742 770 quod

161 788 484 862 Unigenitus
504 787 621 856 Dei,
638 800 924 864 postquam
952 801 1036 848 est
1055 787 1350 848 secundum
1369 808 1586 848 carnem
1613 800 1743 847 tem-

157 880 423 953 poraliter
450 890 627 948 natus,
659 883 712 936 in
741 884 842 938 isto
863 883 950 938 die
972 890 1054 937 est
1077 882 1246 952 Magis
1270 883 1606 937 venientibus
1627 897 1741 936 ma-

156 971 462 1042 nifestatus,
515 973 768 1042 aquibus
819 974 1016 1030 oblatis
1069 975 1380 1030 muneribus
1429 975 1744 1044 suppliciter

156 1073 244 1118 est
285 1064 559 1120 adoratus.
591 1062 722 1117 Nam
742 1063 866 1132 quia
897 1065 1012 1133 ipse
1040 1073 1122 1118 est
1142 1062 1281 1120 Deus
1309 1065 1401 1142 qui
1427 1064 1527 1118 sibi
1558 1065 1612 1118 in
1641 1063 1741 1118 Ve-

156 1154 263 1208 teri
320 1152 668 1209 Testamento
727 1151 922 1220 (Exod.
970 1169 1097 1220 xxv,
1137 1151 1192 1222 2)
1249 1154 1513 1223 primitias
1564 1151 1742 1207 otl‘erri

154 1247 452 1310 mandavit,
504 1245 647 1300 idem
675 1245 814 1299 Deus
846 1245 1008 1300 homo
1038 1255 1194 1298 natus
1221 1244 1458 1313 gentium
1483 1242 1743 1314 primitias

154 1354 260 1392 suo
281 1337 451 1392 cultui
481 1336 768 1391 dedicavit.
801 1335 1107 1405 Apostolica
1137 1350 1265 1388 vero
1295 1342 1523 1388 testatur
1553 1341 1742 1388 aucto-

153 1430 313 1493 ritas,
333 1429 458 1498 quia
487 1443 616 1482 unus
643 1439 718 1482 est
737 1428 877 1482 Deus
905 1430 990 1500 qui
1009 1428 1262 1499 justiﬁcat
1309 1429 1744 1482 circumcis‘onem

153 1537 220 1574 ea:
260 1520 386 1590 ﬁde,
415 1530 464 1574 et
506 1521 812 1590 prteputium
840 1537 931 1589 per
954 1520 1109 1597 ﬁdem
1143 1518 1319 1589 (Rom.
1349 1537 1425 1582 tu,
1461 1520 1551 1590 50)
1589 1538 1601 1572 :
1633 1521 1741 1575 cir-

146 1609 500 1680 cumcisionis
531 1611 748 1664 nomine
765 1608 999 1673 Judzeos,
1024 1609 1268 1679 prteputii
1296 1609 1514 1663 nomine
1556 1616 1743 1677 gentes

152 1698 524 1754 indubitanter
545 1698 857 1754 ostendens.

206 1785 280 1840 ‘2.
312 1785 401 1841 Isti
429 1795 550 1842 sunt
573 1786 680 1842 duo
712 1788 964 1856 parietes,
991 1787 1084 1856 qui
1111 1803 1180 1843 ex
1203 1787 1416 1842 diverso
1452 1796 1738 1856 venerunt,

1844 613 2103 666 versorio.
2137 613 2432 667 Archelaus
2463 621 2635 678 natus,
2667 614 2719 667 in
2754 614 2893 668 lecto
2923 623 3005 668 est
3031 624 3282 682 argenteo
3312 631 3410 684 po-

1841 701 2004 766 situs;
2053 699 2297 756 Christus
2341 710 2520 756 autem
2545 716 2547 719 '
2570 710 2759 766 natus,
2807 703 2857 756 in
2888 704 3147 772 ptmsepio
3183 713 3264 764 est
3292 705 3412 759 bre-

1840 789 2061 846 vissimo
2102 791 2414 846 collocatus.
2461 791 2556 846 Ille
2598 791 2821 846 forsitan
2866 793 3115 862 pretiosis
3143 793 3413 849 involutus

1843 888 1926 935 est
1970 881 2196 946 sericis,
2248 883 2348 935 iste
2381 882 2646 936 vilissimis
2691 883 2959 936 involutus
3002 891 3084 937 est
3112 884 3318 952 pannis.
3349 881 3415 936 Et

1834 979 2020 1033 tamen
2050 972 2138 1026 ille
2168 980 2324 1026 natus
2350 972 2402 1025 in
2430 973 2649 1040 palatio,
2699 973 3086 1037 contemnitur;
3119 973 3217 1028 iste
3258 981 3414 1028 natus

1843 1064 1898 1118 iu
1924 1063 2252 1128 diversorio,
2300 1065 2573 1131 quieritur.
2608 1064 2698 1119 llle
2725 1081 2756 1117 a
2788 1064 2952 1132 Magis
2983 1065 3287 1118 nullatenus
3315 1081 3414 1118 no-

1842 1155 2106 1221 minatur;
2131 1156 2234 1210 iste
2259 1155 2530 1222 inventus,
2554 1157 2870 1226 suppliciter
2892 1157 3162 1216 adoratur.
3185 1155 3415 1212 Omnino

1841 1245 2112 1314 spernitur
2148 1245 2529 1314 primogenitus
2557 1245 2698 1312 regis
2719 1283 2734 1307 ,
2784 1251 2838 1298 et
2867 1245 3176 1298 muneribus
3220 1243 3413 1297 adora.

1844 1343 1930 1388 tur
1950 1332 1977 1373 ἀ
2007 1334 2390 1402 primogenitus
2413 1335 2750 1403 paupercula:
2773 1335 3028 1388 mulieris.
3053 1334 3182 1399 Quis
3205 1343 3289 1388 cst
3316 1334 3416 1388 iste

1843 1438 1937 1478 rex
1958 1421 2279 1486 Iudaeorum,
2314 1438 2517 1492 pauper
2544 1432 2600 1477 et
2623 1422 2791 1486 dives,
2825 1424 3039 1477 humilis
3068 1432 3121 1477 et
3143 1423 3420 1477 sublimis?

1832 1510 1975 1577 Quis
1995 1520 2078 1566 est
2107 1512 2207 1566 iste
2229 1527 2324 1585 res
2344 1511 2650 1565 Judaaorum
2681 1512 2768 1579 qui
2790 1519 3034 1580 portatur
3064 1519 3118 1565 ut
3144 1511 3413 1580 parvulus,

1843 1599 2097 1654 adoratur
2127 1609 2183 1654 ut
2211 1600 2388 1654 Deus?
2427 1599 2682 1668 parvulus
2731 1601 2784 1653 in
2814 1599 3094 1669 praesepio,
3128 1600 3418 1654 immensus

1845 1693 1898 1746 in
1925 1692 2098 1758 cutio;
2130 1692 2247 1747 vilis
2286 1692 2338 1745 in
2369 1692 2560 1761 pannis
2583 1730 2600 1756 ,
2645 1691 2912 1761 pretiosus
2941 1691 2993 1743 in
3030 1689 3197 1744 stellis
3224 1707 3236 1742 :
3267 1691 3418 1757 cujus

1844 1784 2122 1840 nativitate
2150 1790 2447 1853 comperta,
2480 1781 2717 1838 Herodes
2763 1783 2992 1837 turbatus
3040 1793 3134 1848 est,
3175 1792 3224 1835 et
3251 1784 3417 1836 omnis

150 1875 290 1929 etin
321 1875 556 1946 lapidem
585 1876 676 1944 qui
709 1875 878 1930 lactus
900 1876 1058 1932 estin
1082 1883 1245 1946 caput
1292 1876 1502 1944 anguli,
1534 1877 1588 1930 in
1621 1877 1738 1931 uni-
1769 1887 1815 1946 Β
1846 1875 2204 1946 Hierosolyma
2232 1893 2346 1928 cum
2375 1876 2465 1929 illo
2496 1875 2682 1943 (lbid.,
2714 1875 2793 1943 ὃ).

151 1973 268 2020 tate
299 1965 419 2020 lidei
448 1975 840 2021 convenerunt.
867 1965 1017 2030 Unus
1039 1969 1215 2038 paries
1242 1967 1392 2022 venit
1425 1983 1491 2022 ex
1518 1967 1734 2032 ludatis,

149 2054 296 2109 alter
326 2054 471 2110 venit
520 2070 589 2110 ex
616 2055 884 2124 gentibus.
945 2055 1180 2125 Longea
1210 2072 1270 2112 se
1317 2057 1516 2112 diversi
1563 2065 1737 2124 erant,

147 2145 374 2213 quando
396 2145 608 2202 diversa
633 2145 924 2201 credebant
949 2163 961 2199 :
991 2148 1198 2216 positus
1225 2151 1380 2201 estin
1408 2146 1584 2201 medio
1607 2147 1740 2216 lapis

146 2233 445 2302 angularis,
467 2233 558 2303 qui
589 2234 656 2289 ad
685 2249 744 2290 se
769 2239 1055 2304 utrumque
1086 2236 1346 2304 parietem
1392 2233 1636 2297 duceret,
1684 2241 1740 2288 et

145 2331 446 2393 utrumque
467 2339 576 2378 uno
597 2323 818 2379 nomine
846 2333 1199 2395 nuncuparet,
1228 2331 1515 2391 essentque
1573 2337 1738 2376 unum

145 2413 536 2488 communione
561 2414 837 2478 vocabuli,
866 2414 956 2482 qui
987 2412 1178 2468 ﬁerent
1211 2429 1371 2467 unum
1397 2413 1448 2466 in
1478 2429 1583 2467 una
1611 2426 1738 2480 gra-

144 2503 221 2557 tia
251 2503 600 2558 sacramenti.
627 2503 726 2557 Per
753 2501 1026 2558 Christum
1062 2503 1205 2557 enim
1254 2503 1344 2570 qui
1396 2510 1481 2556 est
1507 2518 1612 2571 pax
1639 2517 1741 2556 no-

139 2600 288 2658 stra,
335 2591 534 2645 faciens
577 2599 800 2660 utraque
829 2600 855 2628 ³ι
887 2607 1047 2645 unum
1078 2591 1293 2661 (Ep/tes.
1324 2590 1523 2660 tu“),
1571 2591 1738 2646 Judzci

138 2690 198 2736 et
226 2681 462 2749 gentiles
489 2679 614 2734 facti
641 2686 762 2733 sunt
792 2694 973 2745 unum,
998 2681 1191 2746 quibus
1220 2680 1381 2750 559
1413 2679 1532 2734 tidei
1563 2681 1739 2736 unitas

139 2785 321 2826 unum
345 2769 533 2824 indidit
559 2769 788 2824 nominis
807 2766 1098 2824 Christiani
1121 2770 1460 2824 vocabulum.
1493 2771 1572 2824 Ad
1596 2771 1734 2841 lapi-

140 2864 273 2919 dem
297 2877 427 2932 ergo
454 2861 764 2931 angularem
801 2871 1027 2932 uterque
1051 2861 1228 2930 paries
1257 2862 1423 2929 venit,
1457 2871 1512 2917 et
1549 2878 1734 2916 verum

142 2951 404 3022 angulum
432 2951 556 3006 tidei
579 2951 754 3005 unitas
775 2949 920 3005 fecit.
953 2949 1154 3005 Horum
1203 2951 1430 3006 duorum
1468 2952 1734 3021 parietum

142 3060 288 3099 unus
309 3042 568 3098 adductus
607 3050 709 3109 est,
741 3042 954 3111 quando
999 3042 1304 3111 pastoribus
1351 3038 1548 3094 Judaeis
1576 3039 1733 3094 Chri-

143 3144 294 3188 stum
325 3141 506 3186 natum
527 3134 747 3201 angelus
775 3133 1067 3198 nuntiavit;
1097 3133 1232 3187 alter
1272 3133 1449 3202 paries
1477 3132 1734 3189 adductus

1835 2011 1838 2013 Α
1915 1963 1965 2018 5.
1999 1965 2135 2031 Quid
2173 1974 2256 2033 est
2278 1965 2422 2032 quod
2452 1966 2529 2020 sic
2561 1965 2810 2030 turbaris,
2852 1964 3125 2020 Herodes?
3152 1964 3414 2030 Quoniam

1842 2066 2025 2109 natum
2056 2069 2234 2122 regem
2263 2054 2563 2108 Judzcorum
2593 2055 2813 2120 audisti,
2857 2055 3111 2116 turbaris,
3156 2055 3417 2124 suspicio-

1841 2143 1998 2197 nibus
2024 2143 2263 2210 agitaris,
2303 2143 2515 2196 invidiae
2557 2144 2789 2198 stimulis
2833 2143 3180 2197 inﬂammaris
3205 2184 3224 2210 ,
3262 2153 3317 2197 et
3345 2145 3415 2197 ob

1839 2235 1943 2288 hoc
1989 2242 2176 2288 natum
2209 2246 2388 2300 regem
2437 2232 2688 2289 Occidere
2718 2235 2950 2288 conaris.
2995 2233 3172 2288 Inanis
3207 2241 3290 2288 est
3318 2235 3417 2288 ista

1840 2323 2073 2378 turbatio
2103 2330 2215 2388 tua,
2247 2330 2300 2376 et
2327 2337 2463 2376 vana
2495 2338 2716 2392 prorsus
2740 2323 2999 2392 cogitatio
3031 2332 3138 2378 tua.
3171 2323 3287 2378 Rex
3317 2325 3417 2378 iste

1838 2414 1928 2483 qui
1959 2421 2113 2469 natus
2148 2422 2232 2468 est
2280 2429 2387 2468 non
2417 2415 2562 2468 venit
2607 2427 2763 2478 reges
2789 2415 3079 2484 pugnando
3121 2431 3411 2484 superare,

1839 2504 1934 2558 sed
1962 2504 2241 2558 moriendo
2271 2503 2587 2558 mirabiliter
2613 2504 2936 2573 subjugare;
2981 2521 3081 2561 nec
3110 2505 3230 2560 ideo
3260 2514 3417 2560 natus

1840 2603 1922 2649 est
1951 2603 2008 2648 ut
2038 2594 2130 2647 tibi
2159 2595 2440 2662 succedat,
2467 2594 2562 2650 sed
2606 2603 2664 2650 ut
2692 2595 2744 2649 in
2770 2610 2894 2650 eum
2922 2596 3149 2652 mundus
3192 2595 3418 2651 ﬁdeliter

1839 2685 2043 2740 credat.
2075 2684 2235 2738 Venit
2264 2685 2406 2738 enim
2430 2725 2446 2751 ,
2497 2700 2607 2740 non
2638 2695 2696 2739 ut
2742 2694 2944 2755 pugnet
2991 2688 3140 2742 vivus
3161 2728 3176 2753 ,
3225 2687 3322 2742 sed
3359 2697 3418 2742 ut

1840 2773 2132 2842 triumphet
2158 2774 2398 2840 occisus;
2429 2789 2530 2830 nee
2559 2782 2616 2828 ut
2644 2775 2745 2829 sibi
2773 2775 2842 2830 de
2867 2776 2986 2831 aliis
3009 2777 3257 2844 gentibus
3285 2792 3417 2832 auro

1837 2862 2130 2917 exercitum
2149 2871 2375 2930 quaerat,
2407 2863 2505 2918 sed
2525 2871 2584 2918 ut
2611 2879 2711 2934 pro
2732 2865 3003 2920 salvandis
3023 2865 3273 2933 gentibus
3292 2883 3418 2937 pre-

1837 2937 2034 3015 tiosum
2063 2953 2376 3022 sanguinem
2407 2952 2614 3008 fundat.
2663 2952 2898 3008 lnaniter
2942 2953 3104 3024 560
3131 2954 3416 3010 invidendo

1837 3042 2059 3096 timuisti
2087 3057 2483 3108 successorem,
2534 3057 2694 3111 quem
2721 3043 2987 3102 credendo
3014 3043 3243 3098 debuisti
3269 3035 3416 3112 quae-

1836 3149 1957 3188 rere
1984 3134 2310 3189 salvatorem
2341 3151 2354 3185 :
2386 3134 2585 3202 quiasi
2631 3135 2684 3190 in
2713 3149 2834 3189 eum
2863 3135 3111 3190 crederes
3130 3177 3146 3202 ,
3196 3151 3317 3190 cum
3346 3151 3414 3190 eo

142 3236 247 3288 est.
278 3224 493 3294 quando
515 3224 804 3292 gentilibus
829 3223 997 3292 Magis
1024 3239 1224 3279 novum
1268 3225 1415 3280 sidus
1459 3225 1726 3295 apparuit.
1759 3234 1805 3297 (ζ
1835 3235 2116 3290 regnares;
2140 3230 2194 3276 et
2214 3222 2352 3276 sicut
2373 3222 2440 3277 ab
2463 3222 2554 3278 illo
2575 3224 2829 3293 accepisti
2851 3225 3145 3294 temporale
3167 3237 3409 3292 regnum,

214 3317 272 3371 5.
308 3316 387 3370 llli
429 3315 644 3372 fuerunt
671 3316 918 3386 primitiae
946 3315 1251 3371 Judreorum
1276 3359 1289 3380 ,
1340 3317 1426 3370 isti
1453 3315 1579 3370 facti
1610 3325 1736 3372 sunt

145 3406 402 3476 primitia:
443 3406 710 3475 gentium;
757 3407 833 3460 illi
862 3405 927 3460 de
957 3407 1204 3476 proiimo
1250 3406 1508 3473 adducti,
1553 3408 1638 3463 isti
1667 3408 1734 3464 de

143 3495 448 3564 longinquo
489 3495 717 3550 reducti.
798 3494 973 3564 Prope
1020 3497 1161 3550 enim
1209 3504 1364 3550 erant
1408 3495 1578 3551 Judaei
1643 3498 1734 3566 qui

145 3585 322 3641 Deum
372 3583 651 3651 colebant,
691 3585 849 3654 longe
878 3593 1031 3640 erant
1059 3595 1248 3654 gentes
1277 3601 1396 3656 quae
1433 3587 1589 3642 idolis
1616 3602 1733 3642 ser-

142 3679 391 3734 viebant.
434 3677 549 3734 Hoc
577 3679 762 3747 utique
791 3676 1165 3746 signiﬁcabant
1193 3688 1456 3748 pastores,
1508 3679 1597 3747 qui
1630 3695 1732 3733 na-

141 3776 334 3825 scente
362 3767 574 3824 Christo
599 3784 766 3839 prope
795 3777 919 3822 sunt
944 3768 1178 3834 inventi,
1219 3777 1275 3822 et
1303 3768 1461 3838 Magi,
1493 3769 1584 3837 qui
1611 3776 1738 3824 sunt

150 3860 217 3915 de
249 3859 558 3929 longinquis
587 3859 825 3930 partibus
847 3857 872 3896 b
898 3857 1132 3913 adducti.
1172 3847 1270 3924 Qui
1303 3866 1484 3912 tamen
1516 3858 1737 3913 venien-

155 3961 274 4018 tes,
318 3966 439 4005 cum
485 3951 583 4020 ipsi
610 3949 775 4004 Jndmi
824 3966 929 4004 non
968 3958 1180 4017 essent,
1221 3965 1399 4021 regem
1427 3949 1733 4006 Judtcorum

149 4059 207 4098 se
235 4058 486 4114 qumrere
533 4042 764 4112 professi
805 4049 967 4108 sunt,
1010 4048 1064 4096 et
1093 4041 1157 4094 ad
1197 4043 1368 4110 ipsum
1409 4041 1738 4096 adorandum

149 4149 207 4187 se
235 4133 456 4187 venisse
478 4132 745 4186 dixerunt.
780 4130 869 4185 Ait
890 4131 1031 4186 enim
1058 4132 1404 4200 evangelista,
1437 4133 1564 4201 quia
1591 4131 1735 4204 Magi

146 4223 208 4277 ab
226 4222 441 4277 Oriente
461 4207 711 4278 venerunt.
724 4222 1138 4294 Hierosolymam
1161 4224 1385 4278 dicentes
1407 4242 1423 4278 :
1447 4224 1546 4279 Ubi
1563 4228 1737 4297 estqui

145 4323 300 4372 natus
325 4323 401 4369 est
431 4331 522 4370 rex
541 4314 881 4370 Judworum?
902 4314 1131 4368 Vidimus
1152 4317 1289 4369 enim
1312 4316 1514 4370 stellam
1541 4317 1652 4386 ejus
1681 4318 1736 4370 in

147 4401 381 4482 Oriente,
402 4415 450 4458 et
471 4406 696 4460 venimus
712 4406 944 4460 'adorare
964 4421 1078 4460 eum
1106 4403 1318 4476 (Matth.
1345 4414 1400 4470 tt,
1430 4404 1574 4474 l,2).
1599 4404 1737 4472 Quid

146 4501 245 4561 est,
272 4480 566 4550 dulcissimi
591 4494 784 4550 fratres
804 4505 850 4559 ο,
879 4505 937 4550 ut
955 4495 1042 4548 isti
1071 4493 1208 4562 Magi
1231 4495 1735 4564 regemJudaeorum

1837 3315 2112 3384 acciperes
2139 3314 2303 3368 etiam
2330 3315 2738 3389 sempiternum.
2771 3315 2942 3386 Hujus
2969 3317 3110 3371 enim
3149 3317 3301 3386 pueri
3330 3332 3416 3372 re-

1837 3416 1999 3471 gnum
2038 3420 2142 3459 non
2173 3412 2259 3460 est
2281 3403 2349 3458 de
2377 3404 2484 3460 hoc
2519 3406 2743 3474 mundo,
2786 3407 2881 3461 sed
2910 3422 3006 3476 per
3033 3407 3202 3476 ipsum
3232 3423 3417 3478 regna-

1839 3502 1924 3548 tur
1947 3494 2000 3548 in
2030 3493 2246 3549 mundo.
2274 3494 2392 3564 Ipse
2414 3506 2496 3550 est
2525 3496 2668 3552 enim
2706 3495 2979 3568 Sapientia
3005 3497 3118 3565 Dei,
3141 3512 3260 3568 qua:
3287 3498 3418 3553 dicit

1838 3585 1890 3638 in
1916 3583 2219 3639 Proverbiis
2253 3602 2266 3637 :
2299 3584 2406 3639 Per
2432 3602 2513 3639 me
2541 3603 2684 3657 reges
2708 3597 2924 3658 regnant
2949 3588 3127 3660 (Prov.
3154 3605 3266 3656 vui,
3302 3588 3410 3659 l5).

1837 3673 1976 3728 l‘uer
2003 3674 2102 3728 iste
2132 3674 2368 3728 Verbum
2395 3673 2492 3729 Dei
2536 3683 2620 3730 est
2644 3714 2659 3739 ,
2709 3691 2843 3744 puer
2885 3677 2986 3730 iste
3015 3677 3194 3731 Virtus
3235 3685 3289 3730 et
3322 3676 3415 3730 Sa-

1838 3763 2038 3834 pientia
2068 3763 2165 3816 Dei
2205 3770 2306 3816 est.
2335 3762 2392 3816 Si
2421 3771 2596 3832 potes,
2620 3772 2808 3818 contra
2839 3765 2934 3819 Dei
2962 3765 3290 3833 Sapientiam
3323 3781 3416 3819 co-

1835 3854 1966 3923 gita.
1997 3853 2054 3907 In
2085 3861 2230 3908 tuam
2259 3840 2550 3923 perniciem
2578 3855 2832 3920 versaris,
2863 3863 2914 3909 et
2945 3855 3241 3910 nescis.‘Tu
3271 3856 3415 3910 enim

1837 3958 2060 4013 regnum
2095 3943 2396 3998 nullatenus
2426 3943 2729 4009 habuisses,
2763 3945 2864 4000 nisi
2895 3945 2963 4000 ab
2991 3946 3096 4000 isto
3129 3961 3293 4013 puero
3324 3947 3416 4016 qui

1837 4050 1981 4089 nunc
2008 4034 2104 4105 (al.
2131 4034 2278 4102 tunc)
2307 4043 2461 4091 natus
2489 4043 2591 4099 est,
2618 4035 2937 4104 accepisses.
2981 4035 3120 4090 Puer
3148 4035 3239 4103 qui
3269 4050 3410 4090 nunc

1838 4143 1868 4182 a
1897 4125 2065 4194 Magis
2093 4124 2292 4180 dicitur
2334 4125 2449 4180 Rex
2477 4125 2783 4180 Judteorum
2818 4137 2862 4190 ε,
2904 4125 3042 4180 idem
3071 4124 3299 4180 Creator
3336 4134 3417 4180 est

1839 4225 1892 4270 et
1922 4216 2181 4270 Dominus
2205 4215 2540 4282 angelorum.
2573 4213 2932 4285 Quapropter,
2963 4213 3115 4284 cujus
3151 4215 3309 4269 times
3335 4216 3418 4269 in»

1837 4305 2058 4362 fantiam
2089 4308 2360 4362 nascentis
2383 4348 2399 4374 ,
2449 4306 2620 4374 magis
2663 4307 2854 4362 timere
2882 4307 3046 4362 debes
3079 4307 3418 4377 omnipoten-

1839 4401 1967 4455 tiam
1993 4398 2308 4470 judicantis.
2335 4398 2455 4454 Noli
2484 4413 2606 4454 eum
2637 4399 2829 4453 timere
2869 4399 3019 4466 regni
3048 4399 3122 4452 tui
3144 4413 3411 4454 successor

1840 4505 1974 4555 rem,
2023 4490 2118 4545 sed
2148 4489 2275 4544 time
2320 4487 2649 4544 inﬁdelitatis
2678 4495 2783 4544 tua:
2804 4489 3154 4558 justissimum
3197 4489 3392 4544 damna

148 4585 480 4641 adorandum
507 4595 812 4654 qutererent
833 4625 848 4650 ,
895 4600 1014 4640 cum
1046 4585 1145 4654 ipsi
1175 4585 1341 4640 ludmi
1379 4602 1486 4641 non
1518 4589 1734 4643 essent?
1761 4595 1816 4655 1)
1840 4591 2032 4638 torem.

147 4675 214 4730 Et
241 4692 402 4746 quem
434 4677 648 4745 regem?
701 4675 896 4744 Utique
940 4690 1047 4728 non
1079 4673 1344 4730 Herodem
1371 4718 1386 4742 ,
1435 4676 1530 4732 sed
1568 4675 1728 4732 Cbri-

149 4774 309 4821 stum.
344 4763 544 4820 Volunt
571 4766 796 4821 adorare
823 4779 1004 4832 regem
1034 4779 1204 4832 nuper
1231 4773 1436 4830 natum,
1470 4781 1569 4820 nec
1596 4767 1728 4820 ado-

153 4866 275 4911 rant
300 4870 483 4925 regem
515 4865 640 4911 ante
679 4869 848 4910 annos
888 4854 1093 4922 aliquot
1120 4854 1442 4908 ordinatum.
1490 4855 1730 4910 Adorare

150 4946 372 5016 cupiunt
403 4946 659 5000 infantem
689 4946 1000 5006 iactantem.
1042 4957 1140 4998 nec
1167 4943 1391 4998 adorant
1417 4957 1598 5012 regem
1628 4960 1727 5015 po-

151 5037 290 5106 pulis
319 5039 693 5108 imperantem.
728 5035 858 5089 Nam
890 5043 944 5089 et
989 5034 1054 5089 de
1101 5033 1313 5088 Herode
1359 5047 1486 5104 rege
1512 5033 1726 5091 Iudaeo-

150 5141 268 5180 rum
299 5125 392 5181 ﬁlii
432 5126 543 5195 jam
575 5127 786 5181 fuerant
828 5124 976 5189 nati,
1019 5124 1109 5192 qui
1153 5132 1307 5178 erant
1334 5133 1487 5193 patre
1516 5133 1728 5180 mortuo

151 5217 442 5284 regnaturi.
493 5215 703 5271 Mortuo
733 5217 872 5271 enim
921 5216 1021 5269 isto
1052 5214 1263 5269 Herode
1288 5256 1302 5281 ,
1355 5214 1648 5270 Archelaus
1673 5216 1725 5270 in

149 5304 326 5362 Iudaea
358 5309 625 5376 regnavit,
659 5318 712 5362 et
749 5305 980 5360 Galilactc
1025 5305 1380 5375 principatum
1406 5304 1589 5373 junior
1631 5305 1728 5360 He-

149 5399 305 5454 rodes
332 5399 582 5454 obtinuit.

219 5633 241 5695 ‘_‘
406 5666 421 5691 ,
438 5633 724 5695 utrumque.

216 5691 242 5730 δ
444 5701 498 5748 ει
523 5687 669 5756 ΑΗΕ,
695 5692 757 5747 de
789 5690 1080 5761 longinquis
1112 5687 1336 5761 Orientis
1367 5698 1615 5761 portions.

218 5774 238 5799 τ
271 5758 416 5826 Μεε.,
456 5763 593 5827 Quid
637 5772 711 5815 est
740 5764 854 5829 hoc,
881 5758 1207 5814 dilettissimi
1258 5761 1487 5828 fratres?
1517 5758 1570 5811 In
1617 5771 1724 5811 unt)

147 5842 288 5888 ueest
318 5834 659 5888 adorandum.

1907 4676 1958 4728 6.
1991 4673 2206 4728 Utinam
2229 4689 2372 4740 eum,
2401 4672 2568 4741 Magis
2595 4672 2961 4736 adorantibus,
2994 4673 3157 4726 etiam
3194 4679 3248 4724 tu
3275 4671 3419 4739 pari-

1837 4773 1919 4818 ter
1943 4765 2215 4828 adorares,
2247 4772 2302 4818 et
2329 4778 2440 4816 non
2469 4762 2537 4816 ad
2565 4777 2687 4817 eum
2715 4761 2898 4832 Magos
2927 4761 3259 4815 fraudulenta
3307 4762 3419 4814 cal-

1837 4854 2040 4908 liditate
2064 4852 2386 4908 mandares!
2418 4851 2517 4917 Ite,
2552 4853 2742 4920 inquit,
2776 4863 2824 4906 et
2849 4855 3163 4922 interrogate
3191 4851 3417 4923 diligen-

1807 4951 1914 4996 ‘ter
1941 4944 2004 4996 de
2023 4959 2214 5013 puero;
2244 4951 2292 4994 et
2323 4958 2437 4994 cum
2465 4943 2778 5006 inveneritis,
2805 4943 3093 4996 renuntiate
3117 4941 3262 5005 mihi,
3293 4949 3420 4995 utet

1836 5051 1926 5103 ego
1954 5035 2157 5088 veniens
2187 5033 2396 5086 adorem
2425 5049 2538 5086 eum
2571 5033 2786 5105 (Matth.
2821 5049 2890 5095 ll,
2937 5034 3016 5100 8).
3067 5031 3112 5085 0
3152 5032 3416 5086 calliditas

1834 5126 1982 5182 ﬁcta!
2022 5127 2066 5180 Ο
2107 5125 2450 5181 incredulitas
2478 5126 2670 5196 impia!
2703 5125 2748 5180 Ο
2777 5126 3014 5194 nequitia
3047 5123 3412 5176 fraudulenta.

1831 5216 1886 5271 Si
1936 5216 2166 5270 adorare
2222 5215 2381 5270 istum
2429 5231 2652 5286 puerum
2701 5215 3002 5270 certissime
3049 5212 3410 5281 disponebast

1830 5322 1998 5378 quare
2027 5322 2125 5376 pro
2157 5305 2249 5361 illo
2279 5307 2478 5363 multos
2512 5323 2708 5377 pueros
2733 5305 3052 5361 occidebas?
3079 5303 3308 5373 Sanguis
3330 5304 3413 5358 im

1831 5405 2139 5463 nocentum,
2170 5411 2329 5468 quem
2375 5397 2665 5452 creduliter
2691 5395 2942 5458 elTudisti,
2974 5403 3257 5450 attestatur
3279 5399 3423 5476 quid

1901 5616 1923 5654 ἀ
1952 5618 2099 5683 Αηι.,
2137 5618 2437 5673 honoratur.

1911 5699 1932 5725 ο
1971 5688 2286 5764 M_ss.,_l’u_er
2315 5691 2409 5742 iste
2449 5690 2533 5764 qui
2563 5705 2695 5742 nunc
2724 5707 2754 5741 a
2799 5691 2968 5764 Magis
3017 5703 3282 5754 aaoratnr,
3323 5692 3407 5747 tl.-

1797 5806 1802 5810 .
1835 5769 1963 5812 (tlttt’
1994 5758 2104 5812 Rex
2125 5758 2442 5824 Iuda’omm,
2475 5759 2626 5824 idem,
2659 5768 2763 5814 etc.
