4046 6494
594 449 699 506 755

1621 442 1678 498 S.
1717 436 2074 496 FULGENTII
2114 435 2195 491 ΕΡ

2297 433 2416 489 :OPl
2458 429 2824 507 suspense
3759 429 3843 482 τω

595 565 666 621 de
713 567 814 619 hoc
857 578 1026 634 puero
1058 563 1291 617 voluisti.
1333 558 1398 613 Et
1428 567 1605 612 tamen
1649 574 1756 612 non
1803 557 1977 613 solum
2010 556 2166 609 istum
2197 558 2249 617 Α
2340 551 2394 606 8.
2423 551 2480 606 Si
2511 551 2686 606 nescis
2707 564 2889 604 veram
2933 547 3092 617 hujus
3132 546 3282 617 pueri
3326 544 3611 634 deitatem,
3643 546 3849 599 attende

597 671 822 726 puerum
844 671 951 708 non
977 652 1243 716 invenisti,
1273 650 1368 705 sed
1396 664 1496 704 nec
1523 649 1626 702 illis
1649 649 1826 717 pueris
1853 645 2051 716 aliquid
2072 660 2170 700 no-

598 743 755 798 cuisti
788 760 800 795 :
835 743 942 796 imo
972 741 1167 796 inscius
1187 780 1203 805 ,
1247 738 1390 808 quod
1420 738 1522 792 illis
1549 737 1821 806 proderat,
1853 738 1955 792 hoc
1994 735 2168 804 egisti.

600 829 706 886 Per
729 831 984 886 smvitiam
1013 831 1211 899 quippe
1251 837 1396 884 tuam
1447 827 1570 883 facti
1612 836 1737 882 sunt
1766 836 2054 898 martyres,
2082 826 2173 895 qui

601 935 701 990 per
729 919 1002 974 infantiam
1028 933 1176 974 suam
1207 919 1418 972 fuerant
1445 911 1758 971 innocentes
1792 935 1803 969 :
1837 915 2049 985 quando
2077 930 2175 985 per

603 1011 828 1079 gratiam
858 1010 1013 1076 hujus
1039 1009 1189 1078 pueri
1244 1023 1343 1077 pro
1372 1023 1440 1061 eo
1469 1015 1780 1061 meruerunt
1808 1006 1966 1073 mori,
1998 1007 2174 1074 prius-

605 1117 766 1169 quam
797 1116 918 1155 eum
949 1110 1171 1170 possent
1206 1116 1390 1155 coram
1439 1099 1742 1154 hominibus
1780 1098 2042 1154 confiteri.
2074 1097 2178 1151 Iste

606 1192 787 1260 itaque
815 1205 966 1260 puer,
1018 1191 1109 1258 qui
1140 1189 1395 1244 mundum
1437 1189 1659 1252 creavit,
1688 1190 1777 1257 qui
1809 1189 2060 1242 mundum
2090 1203 2178 1242 re-

605 1279 702 1346 git,
749 1279 838 1348 qui
867 1278 1044 1332 omnia
1073 1293 1402 1346 quaecunque
1430 1287 1455 1316 ⁸
1486 1279 1601 1332 vult
1641 1278 1765 1332 facit
1789 1319 1802 1342 ,
1850 1278 1940 1345 qui
1989 1285 2179 1331 cuncta

607 1365 836 1419 mirabili
865 1374 1026 1435 atque
1074 1366 1418 1434 insuperabili
1465 1365 1709 1420 ordine“
1757 1365 2032 1434 disponit,
2080 1365 2182 1420 hoc

607 1453 897 1517 ordinavit,
930 1455 1032 1508 hoe
1062 1455 1190 1521 egit,
1226 1461 1283 1507 ut
1334 1468 1431 1522 per
1461 1462 1607 1507 tuam
1638 1453 1888 1507 invidiam
1931 1450 2182 1506 furiosam

607 1545 682 1600 illi
714 1546 865 1615 pueri
897 1554 1123 1600 mortem
1151 1545 1484 1613 susciperent
1513 1545 1821 1612 pretiosam,
1855 1551 1909 1598 et
1936 1542 2078 1613 quod
2107 1543 2185 1597 eis

607 1635 674 1689 ad
721 1637 952 1689 salutem
1001 1643 1146 1689 tuam
1177 1636 1270 1704 (at.
1325 1634 1498 1702 suam)
1550 1641 1806 1703 prmstare
1848 1647 1953 1687 non
1999 1646 2186 1702 posses

611 1725 832 1788 amicus,
866 1725 969 1779 hoc
994 1725 1058 1777 ad
1081 1723 1476 1778 damnationem
1508 1730 1653 1776 tuam
1685 1721 1888 1776 faceres
1920 1721 2183 1776 inimicus.

609 1815 691 1869 Ad
719 1816 823 1870 hoc
841 1828 970 1883 ergo
997 1823 1049 1868 te
1076 1814 1313 1884 permisit
1345 1812 1576 1867 infantes
1600 1812 1866 1872 occidere,
1901 1820 1960 1866 ut
1983 1811 2102 1865 illos
2120 1811 2188 1866 de

2269 639 2479 696 stellam
2533 639 2585 693 in
2614 637 2752 694 caelo
2780 635 3074 705 fulgentem
3095 675 3110 700 ,
3141 634 3321 703 Magos
3349 633 3776 704 praecedentem,
3804 643 3851 687 α

2273 729 2377 784 iter
2422 728 2793 798 ignorantibus
2822 725 3221 782 ostendentem.
3246 724 3373 781 ﬂzcc
3399 724 3557 779 stella
3586 738 3850 793 nunquam

2273 827 2402 874 ante
2447 817 2713 888 apparuit,
2755 817 2880 887 quia
2910 831 3051 871 nunc
3078 831 3197 871 eam
3226 831 3363 885 puer
3390 815 3493 870 iste
3535 815 3771 879 creavit,
3806 822 3854 869 et

2275 909 2440 978 Magis
2467 908 2533 963 ad
2552 923 2610 963 se
2633 907 2969 962 venientibus
2997 907 3249 976 prmviam
3274 906 3577 977 deputavit.
3603 904 3715 960 Iste
3731 919 3856 975 puer

2277 997 2332 1052 in
2353 998 2574 1068 praesepi
2598 996 2810 1067 quidem
2842 997 3096 1068 parvulus
3135 995 3468 1063 collocatur,
3499 997 3602 1051 sed
3631 1009 3856 1065 magnus

2279 1092 2332 1146 in
2355 1091 2492 1147 cmlo
2518 1091 2832 1146 mirabiliter
2860 1098 3135 1160 operatur.
3169 1088 3433 1143 Permittit
3453 1103 3513 1143 se
3537 1087 3797 1142 manibus
3813 1089 3859 1142 in

2281 1192 2419 1237 terra
2444 1183 2672 1253 portari,
2720 1181 2814 1236 sed
2863 1180 3104 1250 pmcipit
3149 1179 3252 1234 sibi
3299 1179 3541 1235 coelestia
3595 1176 3861 1231 famulari.

2279 1272 2416 1338 Quid
2461 1280 2544 1328 est
2583 1285 2712 1339 ergo
2753 1270 2899 1340 quod
2947 1269 3245 1324 infantilem
3275 1269 3511 1324 attendis
3537 1275 3791 1333 aetatem,
3816 1278 3866 1322 et

2282 1362 2396 1430 ejus
2441 1362 2675 1418 divinam
2704 1376 2813 1414 non
2844 1359 3095 1428 intelligis
3141 1359 3502 1430 potestatem?
3527 1357 3625 1413 Sic
3652 1357 3758 1411 fuit
3783 1371 3869 1413 ve-

2286 1454 2486 1509 raciter
2511 1452 2805 1508 intimanda
2849 1452 3000 1522 pueri
3029 1451 3188 1520 hujus
3218 1451 3480 1505 naturalis
3509 1449 3795 1512 divinitas,
3817 1461 3867 1503 et

2285 1545 2540 1600 naturalis
2579 1545 2903 1609 humanitas,
2928 1552 3149 1613 utraque
3178 1541 3496 1596 naturaliter
3528 1555 3688 1606 vera,
3727 1539 3866 1594 υἱῆ-

2284 1649 2388 1704 que
2416 1633 2586 1700 unita,
2615 1647 2713 1687 nec
2736 1633 2788 1686 in
2817 1647 2876 1686 se
2914 1632 3157 1687 invicem'
3180 1631 3424 1694 confusa,
3457 1646 3566 1686 nec
3586 1646 3619 1684 a
3647 1645 3710 1684 se
3740 1631 3868 1684 invi-

2285 1737 2401 1778 cem
2429 1731 2693 1792 separata.
2718 1722 2894 1792 Ipsum
2940 1723 3080 1777 enim
3121 1722 3309 1777 habuit
3332 1722 3499 1776 Maria
3527 1723 3705 1776 tilium
3730 1722 3798 1777 de
3819 1737 3870 1776 se

2285 1810 2490 1876 natum,
2518 1812 2607 1866 cui
2636 1812 2790 1866 stella
2833 1811 3025 1866 debita:
3053 1813 3328 1868 servitutis
3356 1812 3606 1867 exhibuit
3654 1812 3873 1867 famula-

612 1916 666 1960 te
713 1907 915 1960 faceret
953 1904 1303 1973 triumphare.
1347 1902 1422 1958 Te
1451 1917 1580 1971 ergo
1623 1901 1866 1970 permisit
1903 1900 1970 1954 ad
1999 1900 2186 1969 nequi-
2217 1929 2264 1988 Β
2289 1912 2420 1958 tum.
2454 1903 2629 1973 Ipsum
2661 1903 3018 1974 eumdemque
3044 1903 3209 1958 Maria
3261 1905 3314 1958 in
3357 1903 3681 1959 Bethlehem
3712 1903 3874 1958 Deum

612 1999 762 2062 tiam,
794 1996 913 2051 illos
942 1995 1189 2066 perduxit
1219 1994 1287 2052 ad
1313 1994 1566 2064 palmam.
1604 1991 1750 2047 Unus
1775 1993 1917 2046 enim
1941 1991 2188 2060 idemque

610 2095 690 2142 est
737 2085 994 2140 Dominus
1064 2085 1445 2155 omnipotens,
1494 2083 1584 2153 qui
1634 2082 1885 2152 parvulus
1933 2081 2184 2152 vagiens;

613 2190 754 2229 unus
781 2175 1033 2244 idemque
1073 2182 1191 2236 est,
1237 2175 1329 2244 qui
1368 2181 1514 2228 tuam
1541 2173 1914 2228 crudelitatem
1941 2172 2191 2240 dignatus

615 2274 701 2320 est
726 2265 931 2334 fugere,
952 2265 1105 2334 cujus
1130 2264 1466 2333 majestatem
1496 2279 1601 2319 non
1632 2273 1786 2334 potes
1811 2263 2063 2332 effugere.
2086 2263 2192 2318 Fu-

616 2358 696 2427 git
738 2359 884 2414 enim
916 2373 1023 2412 non
1057 2357 1336 2413 formidine
1365 2358 1631 2424 humana,
1674 2357 1770 2413 sed
1797 2359 2192 2429 dispensatione

615 2446 826 2512 divina;
853 2446 989 2516 fugit
1017 2461 1122 2500 non
1147 2447 1488 2510 necessitate,
1513 2446 1607 2503 sed
1634 2455 1917 2516 potestate.
1950 2447 2073 2503 Ideo
2100 2463 2192 2502 au-

619 2544 730 2590 tem
756 2535 1004 2604 dignatus
1031 2543 1116 2590 est
1140 2536 1191 2589 in
1221 2535 1512 2606 Egyptum
1543 2535 1742 2605 fugere,
1776 2546 1834 2591 ut
1863 2546 2050 2607 postea
2074 2554 2195 2594 cru-

621 2640 738 2680 cem
768 2625 1077 2693 dignaretur
1103 2627 1425 2693 aseendere;
1457 2636 1512 2682 et
1541 2627 1630 2680 illa
1662 2635 1932 2697 potestate
1961 2645 2094 2699 puer
2118 2629 2194 2683 la-

621 2715 723 2770 tuit
761 2716 813 2770 in
861 2715 1124 2786 Egypto,
1160 2731 1265 2786 qua
1311 2725 1580 2787 potestate
1601 2717 1814 2787 juvenis
1859 2720 2113 2789 pependit
2142 2720 2193 2775 in

620 2806 787 2873 ligno.
817 2805 961 2863 Unus
989 2809 1130 2862 enim
1162 2809 1408 2879 idemque
1437 2817 1520 2864 est
1558 2809 1746 2865 mortis
1785 2817 2086 2879 susceptor,
2118 2811 2196 2864 vi-

622 2904 794 2963 usque
823 2896 1045 2966 largitor
1077 2915 1089 2951 :
1134 2914 1271 2954 unus
1301 2899 1549 2969 idemque
1578 2899 1896 2954 immortalis
1925 2915 1994 2954 es
2016 2897 2194 2968 Patre,

620 2985 864 3040 mortalis
905 3002 973 3041 ex
999 2997 1197 3053 matre;
1231 2988 1450 3059 propria
1481 2997 1752 3059 potestate
1775 2990 2028 3055 moriens,
2074 3005 2198 3060 prc-

623 3073 738 3145 pria
771 3083 1042 3145 potestate
1070 3091 1373 3147 resurgens.

697 3169 748 3222 7.
781 3168 887 3225 iste
914 3169 1094 3240 itaque
1117 3185 1252 3240 puer
1277 3170 1370 3239 qui
1393 3177 1548 3224 natus
1576 3178 1660 3226 est
1689 3169 1809 3226 ideo
1838 3186 1944 3225 non
1994 3171 2199 3225 inveni-

624 3268 714 3314 tur
741 3260 792 3314 in
824 3275 1047 3315 numero
1068 3260 1408 3329 parvulorum
1437 3259 1802 3323 morientium,
1830 3262 1951 3329 quia
1977 3261 2088 3330 ipse
2116 3268 2197 3316 est

622 3347 956 3416 exspectatio
980 3346 1237 3416 gentium.
1269 3345 1496 3414 Sanguis
1517 3349 1672 3419 561
1697 3348 1853 3417 hujus
1889 3349 2038 3418 pueri
2073 3364 2200 3418 pro-

625 3443 809 3504 pterea
833 3436 924 3507 (al.
943 3434 1187 3505 proinde)
1219 3450 1324 3490 non
1353 3450 1472 3490 cum
1503 3435 1726 3491 istorum
1747 3438 2001 3506 sanguine
2029 3437 2201 3491 fundi-

629 3533 718 3577 tur
745 3539 1057 3594 puerorum,
1086 3524 1211 3594 quia
1243 3523 1390 3580 solus
1424 3525 1476 3579 in
1505 3525 1874 3580 remissionem
1904 3523 2201 3581 fundendus

630 3622 714 3669 est
761 3623 1139 3683 peccatorum;
1169 3623 1226 3670 et
1253 3615 1329 3670 illi
1358 3629 1545 3670 omnes
1588 3614 1739 3685 pueri
1769 3615 1998 3670 inaniter
2024 3631 2202 3671 more-

630 3712 839 3772 rentur,
876 3705 977 3760 nisi
1007 3705 1164 3774 hujus
1192 3706 1454 3775 sanguine
1490 3705 1838 3760 salvarentur.
1866 3703 1930 3759 Et
1956 3705 2056 3761 iste
2084 3705 2203 3776 qui-

626 3796 752 3852 dem
792 3812 930 3868 puer
952 3798 1250 3854 certissime
1301 3799 1576 3863 morietur,
1605 3798 1730 3869 quia
1778 3797 1822 3852 si
1852 3797 1986 3851 mori
2015 3797 2198 3864 nollet,

629 3887 937 3942 nullatenus
980 3896 1310 3943 nasceretur.
1344 3887 1600 3943 Morietur
1627 3896 1826 3954 autem,
1859 3903 1966 3942 non
1997 3895 2057 3941 ut
2104 3886 2204 3941 im-

626 3978 774 4048 pleat
796 3979 1052 4034 stevitiam
1083 3987 1249 4046 tuam,
1273 3979 1369 4036 sed
1396 3990 1452 4035 ut
1474 3983 1716 4052 perficiat
1742 3982 2202 4038 mansuetudinem

629 4081 780 4122 suam
810 4085 822 4120 :
853 4067 1014 4122 faciet
1042 4071 1183 4124 enim
1211 4085 1334 4126 eum
1357 4072 1493 4126 mori
1515 4073 1816 4142 benignitas
1835 4075 2072 4144 propria,
2097 4089 2203 4130 non

629 4156 934 4224 malignitas
959 4159 1151 4213 aliena.
1184 4159 1442 4216 Morietur
1460 4177 1566 4216 non
1593 4171 1651 4216 ut
1671 4171 1728 4216 tu
1758 4163 1984 4220 infidelis
2012 4178 2204 4232 regnes

630 4247 684 4300 in
707 4249 926 4316 saaculo,
942 4250 1033 4306 sed
1056 4259 1115 4304 ut
1135 4265 1315 4306 secum
1337 4267 1562 4322 regnare
1585 4253 1742 4308 faciat
1765 4254 1947 4310 fideles
1967 4256 2018 4309 in
2041 4256 2199 4312 caelo.

633 4345 656 4375 ε
681 4335 937 4392 Morietur
967 4355 1072 4393 non
1094 4349 1153 4394 ut
1180 4355 1402 4410 regnum
1424 4344 1653 4411 amittat,
1675 4343 1771 4399 sed
1800 4354 1856 4399 ut
1887 4356 2206 4414 regnaturos

630 4427 892 4495 acquirat.
934 4429 1190 4485 Morietur
1217 4448 1323 4487 non
1354 4442 1409 4488 ut
1436 4435 1625 4506 perdat
1647 4437 1860 4492 brevem
1895 4439 2083 4506 vitam,
2112 4439 2206 4495 sed

635 4523 695 4570 ut
741 4518 986 4572 conferat
1031 4522 1435 4592 sempiternam.
1484 4525 1738 4580 Morietur
1781 4543 1887 4582 non
1916 4538 1974 4583 ut
2018 4544 2206 4584 servus

633 4606 950 4676 iniquitatis,
983 4610 1076 4665 sed
1105 4622 1163 4666 ut
1192 4612 1446 4670 Dominus
1477 4615 1787 4686 majestatis.
1814 4618 2070 4674 Morietur
2092 4636 2201 4675 non

629 4699 842 4755 vinculo
871 4702 1223 4769 necessita'is,
1253 4705 1346 4760 sed
1369 4707 1647 4777 proposito
1671 4709 1979 4764 voluntatis.
2009 4708 2205 4764 Morie-

631 4800 723 4846 tur
775 4793 1108 4859 mirabiliter,
1161 4798 1420 4852 morietur
1464 4799 1898 4863 misericorditer,
1945 4802 2208 4857 morietur

631 4884 993 4952 singulariter,
1023 4889 1284 4942 morietur
1312 4904 1407 4958 per
1451 4892 1721 4961 propriam
1774 4901 2116 4962 potestatem,
2147 4903 2206 4950 ut

631 4987 786 5029 suam
810 4974 860 5028 in
882 4977 1130 5033 omnibus
1150 4979 1438 5050 adimpleat
1461 4981 1807 5036 voluntatem.
1835 4983 1913 5038 Ad
1938 4984 2040 5040 hoc
2062 4986 2204 5040 enim

635 5065 1050 5122 misericorditer
1074 5071 1352 5135 morietur,
1383 5079 1444 5125 ut
1480 5086 1763 5140 resurgens
1790 5075 1996 5129 cunctis
2029 5076 2205 5143 genti-

633 5153 734 5210 bus
770 5156 1094 5212 dominetur.
1129 5158 1384 5214 Morietur
1429 5175 1558 5229 ergo
1583 5162 1716 5217 sicut
1747 5179 1881 5218 unus
1907 5161 1934 5201 ἀ
1957 5205 1972 5229 ,
1998 5173 2052 5218 et
2080 5167 2202 5234 qui-

635 5244 779 5314 dem,
801 5263 961 5317 quem
985 5248 1151 5304 Deum
1191 5250 1461 5305 hominem
1507 5252 1756 5320 concepit
1787 5251 1917 5307 ﬁdes
1945 5254 2163 5321 virginis
2187 5293 2200 5315 ,

636 5345 690 5388 et
720 5337 885 5392 Deum
907 5340 1176 5396 hominem
1203 5341 1411 5411 peperit
1434 5339 1729 5395 fecunditas
1759 5342 2046 5410 virginalis.

710 5523 731 5588 τ
760 5513 904 5588 M_ss.,
933 5531 1237 5588 quacunque
1261 5519 1414 5588 voluit
1447 5519 1580 5588 fecit.

713 5580 735 5617 ¹¹
767 5581 923 5653 MSS“
947 5580 1285 5653 insuperabili
1323 5580 1605 5641 divinitate.

673 5665 731 5776 ῖς
766 5650 892 5707 Hmc
919 5650 1080 5708 verba
1127 5657 1390 5710 habentur
1419 5657 1471 5710 in
1502 5672 1628 5713 mss.
1658 5665 1711 5712 et
1759 5659 1809 5710 in
1847 5660 1994 5725 ΑΜ,
2033 5676 2138 5713 non
2167 5659 2216 5712 in

695 5735 779 5776 Its.

641 5735 779 5776 atus.

711 5791 1053 5868 {Locushie
1083 5796 1288 5850 videtur
1321 5813 1558 5862 mancus,
1593 5815 1690 5853 nec
1721 5815 1784 5852 ex
1826 5815 1953 5852 mss.
1984 5798 2159 5868 putuit
2189 5814 2215 5850 a
2267 5820 2269 5823 ·

641 5863 797 5917 albis
827 5863 1053 5917 restitui.

2293 1996 2388 2067 (al.
2423 1995 2728 2060 Dominum)
2767 1995 3038 2050 hominem
3084 1995 3314 2066 peperit,
3335 2010 3496 2065 quem
3523 1994 3685 2048 stella
3715 1993 3876 2062 Magis

2291 2084 2345 2140 in
2364 2082 2584 2140 Oriente
2613 2085 2802 2155 positis
2848 2085 3134 2139 nuntiavit.
3177 2083 3316 2152 Magi
3339 2098 3470 2153 ergo
3497 2091 3806 2146 venerunt,
3826 2093 3876 2137 et

2293 2172 2458 2228 lilium
2468 2172 2698 2242 Virginis
2715 2189 2876 2228 unum
2898 2173 3252 2242 eamdemque
3271 2172 3365 2244 (at.
3385 2172 3702 2241 Dominum)
3717 2171 3876 2228 Deum

2293 2263 2561 2319 hominem
2589 2275 2978 2332 cognoverunt.

2363 2353 2417 2407 9.
2466 2352 2704 2423 Denique
2733 2354 2950 2408 attende
2979 2353 3107 2423 quid
3158 2353 3496 2418 obtulerunt,
3554 2360 3615 2408 et
3648 2367 3879 2421 agnosce

2293 2442 2419 2513 quid
2445 2442 2785 2497 crediderunt
2811 2455 2834 2480 ε
2855 2483 2870 2497 .
2918 2441 3104 2497 Refert
3131 2443 3268 2496 enim
3299 2442 3635 2511 evangelista
3659 2442 3787 2512 quia
3805 2444 3881 2495 ia-

2296 2543 2488 2588 trantes
2513 2534 2740 2598 domum,
2769 2530 3071 2587 invenerunt
3108 2550 3317 2604 puerum
3347 2550 3463 2587 cum
3508 2531 3692 2586 Maria
3723 2539 3880 2586 mm

2295 2627 2406 2698 ejus
2437 2642 2455 2680 :
2483 2635 2532 2680 et
2561 2625 2880 2695 procidentes
2906 2627 3248 2680 adorat-emat
3275 2642 3422 2691 eum;
3465 2635 3516 2679 et
3543 2627 3749 2695 apertis
3780 2625 3879 2678 the-

2295 2717 2465 2770 sauris
2494 2717 2600 2770 suis
2629 2714 2917 2770 obtulerunt
2944 2715 2990 2769 ei
3011 2731 3246 2783 munera,
3266 2731 3470 2782 aurum,
3504 2716 3626 2770 thus
3652 2726 3706 2769 et
3750 2731 3879 2786 nigro

2298 2806 2446 2859 rham
2479 2805 2692 2876 (Matth.
2726 2820 2781 2870 ιι,
2815 2803 2924 2873 ll).
2951 2802 3055 2859 Per
3083 2805 3184 2858 ista
3215 2805 3314 2858 tria
3343 2820 3633 2860 munerum
3661 2818 3877 2874 genera.

2299 2895 2352 2949 in
2383 2912 2488 2951 uno
2515 2895 2812 2965 eodemque
2832 2893 3048 2949 Christo
3070 2902 3125 2949 et
3150 2895 3328 2950 divina
3358 2895 3636 2965 majestas.
3656 2905 3717 2950 et
3738 2895 3881 2964 regia

2298 2995 2554 3057 potestas,
2580 2993 2634 3040 et
2660 2985 2892 3040 humana
2914 2986 3213 3041 mortalitas
3241 2986 3537 3041 intimatur.
3565 2986 3720 3041 Thus
3743 2987 3883 3041 enim

2299 3076 2365 3132 ad
2394 3075 2729 3142 sacrificium,
2755 3091 2942 3130 aurum
2971 3076 3208 3146 pertinet
3253 3077 3321 3132 ad
3350 3077 3637 3141 tributum,
3666 3077 3883 3147 myrrha

2299 3168 2366 3223 ad
2387 3167 2714 3237 sepulturam
2735 3167 2969 3236 pertinet
2988 3174 3339 3224 mortuorum.
3355 3167 3544 3223 Omnia
3561 3169 3680 3224 haec
3701 3178 3884 3224 sancta

2302 3259 2431 3314 fides
2455 3253 2671 3313 Christo
2693 3259 2957 3313 veraciter
2976 3258 3169 3315 offerre
3188 3276 3296 3316 non
3317 3261 3533 3325 desinit,
3558 3261 3691 3316 dum
3723 3275 3886 3314 unum

2301 3353 2658 3423 eumdemque
2705 3369 2892 3408 verum
2924 3353 3110 3420 Deum,
3134 3367 3323 3407 verum
3350 3365 3553 3420 regem,
3589 3364 3886 3418 verumque

2299 3441 2570 3495 hominem
2601 3441 2797 3507 credit,
2821 3449 2876 3497 et
2905 3456 3031 3497 vere
3065 3456 3162 3512 pro
3190 3440 3344 3497 nobis
3373 3449 3646 3495 mortuum
3677 3439 3887 3494 veraci—

2300 3541 2382 3588 ter
2402 3535 2737 3603 recognoscit
2752 3534 2770 3571 ¹
2782 3575 2795 3588 .

2370 3623 2529 3696 562
2586 3623 2672 3678 l0.
2725 3623 2782 3679 In
2812 3624 3084 3680 oblatione
3126 3624 3297 3679 thuris
3337 3623 3691 3678 confunditur
3734 3623 3886 3677 Aria-

2301 3730 2419 3780 nus,
2459 3715 2549 3783 qui
2577 3714 2677 3770 soli
2723 3713 2868 3769 Patri
2897 3715 3215 3771 sacrificium
3245 3713 3428 3770 offerri
3466 3715 3669 3773 debere
3701 3725 3728 3761 ις
3761 3730 3890 3770 con-

2302 3805 2470 3860 tendit
2495 3822 2507 3859 :
2539 3805 2592 3859 in
2622 3805 2897 3861 oblatione
2924 3805 3153 3878 myrrha:
3181 3804 3522 3860 confunditur
3541 3803 3886 3865 Manichaeus.

2299 3895 2392 3963 qui
2416 3893 2687 3949 Christum
2736 3909 2862 3950 vere
2909 3903 3178 3950 mortuum
3218 3909 3315 3964 pro
3343 3903 3526 3948 nostra
3572 3893 3757 3950 salute
3785 3911 3888 3950 non

2301 3985 2471 4041 credit
2504 4006 2516 4040 :
2549 3986 2602 4041 in
2627 4002 2759 4042 auro
2784 4001 2911 4042 vero
2932 3987 3086 4042 simul
3105 3995 3330 4055 uterque
3352 3986 3740 4052 confunditur,
3768 3989 3886 4056 quia

2303 4086 2358 4133 et
2385 4076 2708 4133 Manichzeus
2733 4077 2801 4133 de
2854 4078 3058 4133 semine
3102 4075 3269 4131 David
3315 4075 3610 4132 secundum
3667 4093 3886 4132 carnem

2305 4177 2487 4223 natum
2519 4184 2626 4225 non
2655 4169 2824 4224 credit
2855 4183 3068 4238 regem,
3101 4176 3155 4224 et
3201 4167 3429 4223 Arianus
3455 4167 3569 4223 Deo
3602 4167 3892 4237 Unigenito

2306 4258 2600 4313 naturalem
2617 4259 2891 4327 assignare
2918 4258 3105 4313 nititur
3123 4258 3456 4313 servitutem.
3478 4256 3721 4312 Proinde
3750 4267 3891 4312 uter-

2305 4363 2410 4417 que
2438 4363 2544 4403 non
2569 4348 2878 4418 experietur
2907 4362 3114 4417 regem,
3147 4362 3177 4402 a
3197 4361 3305 4417 quo
3333 4360 3432 4417 per
3459 4345 3622 4401 iidem
3673 4355 3889 4416 regatur

2307 4438 2400 4505 (at.
2451 4445 2750 4508 regnatur),
2781 4437 2875 4492 sed
2914 4453 2944 4492 a
2973 4452 3089 4507 quo.
3136 4452 3237 4506 pro
3285 4436 3616 4492 infidelitatis
3665 4437 3890 4492 crimine

2307 4529 2594 4597 puniatur:
2625 4528 2753 4596 quia
2800 4529 2867 4583 ab
2897 4543 3004 4582 uno
3034 4527 3347 4593 divinitatis,
3393 4526 3460 4581 ab
3507 4526 3685 4582 altero
3716 4528 3891 4581 carnis

2307 4617 2504 4672 veritas
2532 4617 2844 4686 denegatur.
2877 4617 2934 4671 lu
2965 4615 3156 4672 iisdem
3191 4616 3504 4672 muneribus
3540 4615 3888 4672 confunditur

2307 4708 2466 4763 etiam
2491 4706 2786 4771 Nestorius,
2819 4707 2908 4776 qui
2939 4707 3130 4761 nititur
3152 4703 3426 4760 Christum
3454 4705 3508 4760 in
3537 4705 3676 4760 duas
3705 4719 3890 4776 perso-

2306 4813 2402 4854 nas
2429 4798 2703 4854 dividere:
2730 4813 2852 4852 cum
2867 4797 3048 4852 videat
3073 4795 3255 4864 Magos
3285 4810 3391 4850 non
3418 4794 3524 4850 alia
3550 4795 3668 4851 Deo
3712 4804 3769 4850 et
3786 4795 3893 4849 alia

2306 4891 2528 4954 homini,
2555 4889 2648 4946 sed
2677 4891 2770 4944 uni
2799 4889 2910 4944 Deo
2937 4889 3142 4945 homini
3165 4887 3354 4944 eadem
3383 4901 3609 4942 munera
3630 4886 3892 4943 obtulisse

2305 4982 2635 5054 suppliciter.
2667 4981 2782 5036 Non
2813 4994 2941 5050 ergo
2982 4980 3252 5036 dividatur
3276 4980 3330 5034 in
3359 4981 3632 5050 personis,
3665 4978 3761 5050 qui
3783 4993 3886 5032 non

2310 5073 2577 5127 invenitur
2617 5071 2818 5126 divisus
2865 5071 2919 5126 in
2965 5070 3139 5126 donis.
3183 5069 3477 5140 Propterea
3525 5071 3730 5140 quippe
3758 5082 3888 5122 unus

2312 5161 2557 5230 idemque
2582 5160 2699 5216 istis
2727 5162 3036 5216 muneribus
3061 5161 3375 5223 honoratur,
3401 5169 3462 5216 ut
3483 5175 3620 5216 unus
3644 5158 3890 5227 idemque

2312 5254 2451 5308 Deus
2480 5261 2534 5308 et
2560 5254 2724 5309 homo
2781 5261 3153 5322 cognoscatur.
3199 5251 3307 5306 ista
3363 5251 3641 5320 Magorum
3689 5249 3886 5304 oblatio

2311 5344 2591 5400 confundit
2618 5346 2781 5400 etiam
2803 5343 3112 5415 Eutychetis
3136 5343 3419 5407 insaniam,
3445 5342 3540 5411 qui
3568 5356 3678 5396 non
3710 5339 3891 5394 vultin

2319 5589 2354 5640 ά
2394 5520 2537 5640 {bis
2567 5537 2722 5584 unus,
2753 5523 2874 5592 quid
2903 5522 3200 5587 obtulerint,
3229 5530 3276 5574 et
3299 5537 3546 5592 agnosces
3575 5519 3702 5589 quid
3724 5517 3884 5571 credi-

2356 5606 2463 5640 erm
2495 5630 2505 5640 .

2356 5600 2596 5731 Ὕῗέλὶιὶ,
2621 5670 2740 5714 ut...
2777 5671 3128 5731 recognoscat.
3173 5660 3268 5715 Ms.
3301 5675 3456 5725 unus,
3501 5668 3554 5713 ut
3585 5655 3883 5728 (legendum

2320 5729 2464 5801 et)...
2492 5733 2873 5801 recognoscit...

2322 5868 2355 5920 ά
2385 5807 2415 5918 ἰ
2449 5799 2523 5881 Ita
2554 5797 2679 5854 mss.
2714 5809 2766 5853 et
2794 5799 2917 5860 Ant,
2964 5799 3152 5856 (Σῖρις)ιυὶ
3188 5817 3313 5856 vero
3343 5799 3540 5855 habent
3578 5797 3886 5867 sacri/icium

2356 5886 2382 5920 e
2417 5883 2509 5920 en.

2356 5883 2509 5922 ευσνι.
