4050 6466
194 442 290 494 757

1646 427 1875 485 SEBMO
1914 429 1976 483 ν.

3316 423 3420 477 738

189 556 388 613 Christo
416 560 694 620 utramque
715 565 895 605 veram
925 547 1214 619 praedicare
1242 554 1510 601 naturam.
1534 543 1742 598 Verita-
1773 550 1815 604 Δ
1847 545 2008 600 broso
2033 543 2302 612 quondam
2337 543 2637 613 captivatus
2673 548 2922 612 aspectu,
2953 540 3136 596 militis
3162 541 3246 595 sui
3269 540 3422 595 adut.

189 654 288 700 tem
315 642 512 714 quippe
539 639 764 696 istorum
793 653 1072 694 munerum
1103 635 1260 702 tollit,
1295 633 1420 688 dum
1446 634 1498 688 in
1527 632 1744 688 Christo

188 749 337 791 unam
359 740 601 788 naturam
631 730 918 800 praedicare
942 727 1235 784 contendit.

250 823 333 878 Η.
380 822 491 878 Nos
537 823 753 891 itaque,
808 818 1138 876 dilectissimi
1185 816 1403 883 fratres,
1460 817 1747 872 offeramus

184 914 388 970 Christo
411 912 776 967 indubitanter
801 911 853 965 in
884 909 1004 976 ﬁde,
1036 908 1179 981 quod
1206 908 1343 978 Magi
1371 908 1627 963 obtulisse
1651 921 1742 962 co-

183 1010 504 1073 gnoscuntur
526 1002 578 1057 in
609 1015 830 1055 munere
861 1019 872 1054 :
906 1008 963 1054 ut
991 1014 1130 1054 vera:
1159 997 1455 1053 divinitatis
1498 997 1748 1054 humaui-

187 1094 410 1160 tatisque
438 1087 706 1151 confessio
723 1091 835 1160 ipsa
857 1089 927 1144 sit
954 1088 1096 1159 apud
1115 1087 1383 1144 Christum
1415 1096 1596 1143 nostra
1616 1086 1750 1142 ﬁde-

181 1185 245 1240 lis
270 1182 491 1238 oblatio.
516 1179 643 1236 Hmc
671 1196 894 1235 munera
916 1196 1035 1235 cum
1073 1179 1240 1248 Magis
1265 1176 1590 1234 unanimiter
1615 1178 1749 1233 otl‘e-

182 1287 372 1338 ramus,
386 1281 442 1328 et
453 1271 518 1326 ad
529 1271 806 1340 regionem
819 1280 1126 1326 sanctorum
1151 1279 1262 1325 tota
1276 1270 1452 1325 cordis
1465 1269 1751 1324 devotione

183 1363 477 1419 tendamus.
509 1361 620 1417 Nec
668 1370 944 1417 teneamus
971 1363 1113 1416 viam
1144 1362 1339 1416 veteris
1367 1362 1507 1425 vitae,
1538 1361 1632 1416 sed
1671 1359 1752 1414 di-

180 1453 227 1508 vi
237 1453 314 1508 nis
334 1453 602 1507 mandatis
622 1451 894 1508 humiliter
908 1452 1283 1520 obsequentes,
1299 1451 1440 1506 viam
1465 1458 1749 1514 mutemus,

179 1552 232 1596 et
252 1543 305 1596 in
334 1557 441 1612 qua
467 1541 562 1611 (al.
592 1549 648 1596 et
674 1541 801 1611 qua)
833 1542 1085 1611 praecepit
1113 1540 1370 1596 Dominus
1393 1540 1748 1603 ambulemus,

181 1643 235 1687 ut
253 1632 579 1702 adpatriam
601 1632 883 1702 pervenire
912 1632 1203 1696 valeamus,
1233 1631 1322 1685 ubi
1348 1631 1464 1686 sine
1501 1627 1606 1683 line
1630 1644 1754 1684 cum

179 1728 294 1794 ipso
318 1724 546 1794 Domino
567 1723 913 1792 gaudeamus.
946 1723 1044 1778 Via
1075 1724 1218 1778 enim
1257 1723 1490 1777 hominis
1531 1731 1615 1775 est
1646 1721 1753 1775 vita

157 1814 310 1888 -ejus.
343 1811 448 1879 Qui
478 1813 619 1867 male
669 1811 819 1876 vivit,
853 1812 992 1866 viam
1029 1820 1175 1867 tenet
1213 1812 1441 1876 erroris;
1475 1810 1566 1881 qui
1615 1809 1754 1864 bene

1849 639 2049 688 teraret
2077 645 2318 697 uxorem,
2341 639 2396 686 et
2421 630 2624 686 scelere
2646 629 2917 697 geminato
2939 629 3188 683 maritum
3207 642 3422 697 quoque

1847 721 2172 777 interficeret
2215 722 2588 786 innocentem,
2637 727 2758 790 post
2805 719 3258 791 perpetrationem
3294 736 3424 790 peo-

1848 811 1954 865 cati
2011 825 2107 880 per
2134 810 2451 881 prophetam
2477 817 2758 878 correptus
2787 809 3004 865 oraculo
3023 849 3039 875 ,
3067 816 3123 864 et
3149 816 3272 878 post
3297 823 3426 864 con-

1849 899 2132 956 fessionem
2162 908 2434 955 recreatus
2464 899 2766 968 medicinali
2794 913 3071 968 responso,
3102 898 3227 954 dum
3256 900 3427 968 pinni-

1850 991 2028 1045 tentite
2057 991 2221 1044 verba
2250 989 2476 1060 supplici
2503 997 2799 1059 prostratus
2835 989 3210 1045 obsecratione
3235 990 3428 1058 depro-

1849 1088 2040 1148 meret,
2067 1081 2259 1151 quibus
2278 1080 2443 1136 Deum
2463 1080 2689 1150 justum,
2704 1080 2906 1149 Regem
2934 1095 3137 1150 regum,
3162 1090 3218 1134 et
3243 1080 3427 1136 Domi-

1851 1185 1977 1224 num
2025 1170 2364 1225 dominorum
2408 1171 2728 1238 quantocius
2765 1170 3038 1240 placaret,
3072 1172 3209 1225 inter
3235 1179 3429 1226 caetera

1851 1261 2050 1317 dixisse
2091 1261 2434 1330 cognoscitur
2467 1280 2480 1314 :
2508 1263 2688 1316 Averte
2734 1264 2923 1334 [aciem
2971 1273 3109 1317 tuam
3138 1281 3170 1317 a
3207 1265 3432 1334 peccatis

1854 1351 1977 1404 meis
2007 1391 2023 1416 ,
2051 1360 2100 1402 et
2129 1367 2300 1404 omnes
2331 1351 2627 1421 iniquitates
2679 1366 2819 1404 meas
2849 1350 2960 1404 dele
3003 1349 3177 1421 (Psat.
3209 1367 3238 1405 ι.
3257 1390 3271 1414 ,
3305 1350 3426 1420 il);

1852 1452 1907 1498 et
1935 1445 2187 1514 quoniam
2217 1443 2333 1499 sine
2356 1444 2595 1512 caritatis
2621 1444 2763 1498 dono
2791 1441 2903 1497 fieri
2929 1457 3033 1497 non
3066 1457 3222 1510 posse
3245 1457 3436 1503 cerne~

1853 1531 1964 1599 bat,
1999 1534 2140 1588 illico
2168 1533 2442 1602 subjunsit
2473 1551 2485 1585 :
2515 1533 2616 1587 Cor
2644 1533 2886 1586 mundum
2917 1547 3032 1585 creo
3060 1532 3114 1584 in
3142 1547 3240 1594 me,
3275 1531 3430 1594 Deus,

1851 1632 1900 1678 et
1919 1625 2155 1694 spiritum
2176 1633 2368 1676 rectum
2387 1624 2572 1677 innova
2594 1624 2647 1674 in
2669 1619 2938 1675 tisceribus
2963 1622 3085 1675 meis
3115 1620 3298 1691 (Ibid.,
3322 1619 3431 1690 12).

1853 1714 1961 1769 Cor
2013 1721 2194 1768 autem
2240 1711 2496 1768 mundum
2544 1712 2778 1765 caritatis
2814 1725 2934 1765 esse
2963 1709 3318 1765 domicilium»
3353 1709 3436 1764 his

1855 1804 2034 1860 verbis
2077 1803 2418 1860 commendat
2468 1803 2758 1872 Apostolus
2781 1843 2795 1868 ,
2844 1801 3030 1856 dicens
3069 1818 3081 1853 :
3115 1799 3264 1855 Finis
3302 1801 3437 1854 enim

182 1906 326 1971 vivit,
355 1920 457 1976 per
497 1905 640 1958 viam
695 1903 934 1973 graditur
987 1903 1249 1958 veritatis.
1296 1901 1637 1976 Quapropter
1665 1901 1756 1970 qui
1788 1901 1832 1961 Β
1859 1896 2098 1967 ρνωεεριὶ
2119 1903 2193 1948 est
2221 1895 2414 1948 caritas
2441 1893 2505 1947 de
2528 1892 2678 1947 corde
2699 1908 2848 1962 puro,
2873 1899 2921 1945 et
2945 1891 3257 1945 conscientia
3281 1893 3434 1954 bona,

177 1994 488 2050 ambulabat
503 1994 644 2048 viam
675 1991 1059 2058 fornicationis,
1090 1993 1230 2047 viam
1262 1999 1442 2046 teneat
1463 1990 1752 2054 castitatis;

177 2088 268 2157 qui
290 2087 434 2140 viam
464 2085 681 2141 tenebat
698 2085 958 2152 avaritiae,
978 2091 1161 2139 teneat
1176 2084 1316 2137 viam
1339 2081 1753 2146 misericordiae;

176 2176 267 2246 qui
297 2173 616 2230 ambulabat
634 2189 731 2243 per
771 2174 910 2235 viam
937 2172 1186 2234 ﬁctionis,
1227 2173 1367 2226 viam
1399 2177 1580 2238 teneat
1617 2185 1759 2226 nunc

177 2266 446 2336 puritatis.
479 2265 823 2320 Ambulemus
869 2263 1008 2318 bene
1057 2278 1156 2333 per
1180 2261 1369 2328 fidem,
1402 2270 1460 2316 ut
1482 2259 1760 2330 pervenia-

176 2373 298 2413 mus
321 2358 390 2413 ad
412 2357 645 2428 speciem
667 2356 762 2426 (al.
784 2355 982 2425 spem),
1015 2353 1103 2408 ubi
1133 2354 1352 2424 plenum
1387 2353 1488 2407 erit
1507 2351 1758 2420 gaudium

177 2457 444 2514 nostrum,
474 2448 598 2518 quia
628 2447 936 2517 implebitur
969 2446 1023 2500 in
1051 2446 1210 2501 bonis
1233 2455 1258 2484 ι
1308 2444 1630 2500 desiderium
1657 2459 1758 2499 no-

169 2536 351 2595 ‘strum
370 2580 387 2606 ,
423 2539 448 2578 δ
472 2555 568 2610 per
587 2554 709 2593 eum
734 2539 824 2607 qui
848 2539 979 2592 vivit
1005 2545 1059 2593 et
1080 2547 1264 2606 regnat
1287 2538 1338 2591 in
1365 2536 1558 2592 stecula
1588 2551 1760 2592 sareu-

170 2626 381 2686 lorum.
409 2632 598 2685 Amen.

709 2739 869 2808 533
905 2735 1137 2791 δεξιΜο
1179 2736 1239 2790 v.

579 2848 656 2903 De
683 2851 899 2902 caritate
928 2847 1023 2902 Dei
1049 2864 1110 2901 ac
1137 2849 1379 2920 proximi.
1736 2903 1738 2907 ,

252 2941 304 2994 l.
339 2940 610 3008 Quantmn
652 2941 812 3009 cupio
855 2938 1124 2993 sanctitati
1154 2946 1345 2993 vestrm
1373 2937 1610 2992 debitum
1641 2937 1764 2992 red-

180 3031 308 3086 dere
337 3028 408 3085 de
436 3029 660 3085 caritate
686 3043 1013 3096 sermonem,
1038 3035 1242 3082 tantum
1271 3044 1356 3082 me
1384 3011 1620 3083 caritaiis
1650 3044 1764 3082 ma-

181 3122 261 3191 gis
288 3119 405 3175 fieri
427 3120 582 3175 video
603 3119 929 3184 debitorem;
961 3134 1062 3174 nec
1083 3119 1296 3175 invenio
1317 3121 1548 3189 qualiter
1569 3121 1766 3191 possim

185 3211 363 3267 verbis
387 3211 660 3280 explicare
688 3210 1014 3280 praeconium
1044 3209 1311 3276 caritatis,
1357 3209 1409 3264 in
1438 3224 1540 3279 qua
1569 3210 1644 3265 sic
1670 3209 1766 3265 de-

185 3303 376 3357 bemus
400 3343 417 3367 ,
462 3300 697 3370 quandiu
744 3301 799 3355 in
838 3300 944 3370 hoc
989 3300 1185 3355 saeculo
1225 3300 1451 3355 vivimus
1475 3339 1489 3364 ,
1522 3315 1768 3355 crescere

185 3395 416 3450 invicem
441 3393 737 3463 diligendo,
763 3393 900 3448 sicut
927 3409 1047 3448 eam
1070 3393 1320 3463 jubemur
1339 3407 1553 3462 semper
1571 3392 1768 3448 debere

186 3484 484 3540 reddendo.
509 3484 704 3539 Beatus
730 3499 960 3553 namque
982 3485 1256 3554 apostolus
1276 3484 1491 3550 Paulus,
1518 3482 1644 3537 dum
1672 3477 1768 3540 nos

186 3575 441 3630 omnibus
468 3574 661 3630 debitis
687 3577 1030 3646 praecepisset
1057 3576 1280 3641 absolvi,
1309 3576 1424 3631 solo
1450 3591 1549 3629 nos
1574 3586 1769 3631 mutuae

187 3669 430 3722 caritatis
458 3667 638 3722 debito
666 3682 882 3737 semper
909 3667 1078 3721 voluit
1101 3667 1358 3734 detineri,
1399 3667 1583 3721 dicens
1614 3685 1626 3719 :
1661 3665 1770 3720 Ne-

188 3760 314 3812 mini
333 3757 615 3831 quidquam
637 3758 880 3822 debeatis,
905 3759 1005 3811 nisi
1025 3767 1078 3811 ut
1099 3760 1310 3812 invicem
1337 3757 1564 3829 diligatis
1588 3757 1769 3828 (Rom.

191 3866 304 3918 stu,
326 3849 409 3922 8).
466 3849 571 3904 ista
613 3859 694 3905 est
734 3850 1040 3920 apostolicae
1077 3864 1281 3904 summa
1321 3848 1597 3903 doctrinae.
1653 3848 1775 3904 Haec

189 3949 315 3996 sunt
341 3941 592 3996 consulta
621 3941 862 3995 caritatis
892 3949 1148 4011 paternae,
1178 3948 1236 3994 ut
1260 3941 1456 3994 nemini
1485 3941 1772 4009 quidquam

189 4030 511 4095 debeamus,
545 4031 644 4084 nisi
675 4038 732 4083 ut
759 4030 985 4084 invicem
1013 4029 1312 4097 diligamus.
1359 4027 1490 4083 Cum
1520 4042 1648 4096 ergo
1677 4042 1774 4081 au-
1825 4042 1835 4052 ’

191 4120 367 4177 dimus
393 4159 414 4186 ,
457 4128 514 4174 ut
541 4119 742 4174 nemini
769 4118 1058 4189 quidquam
1089 4118 1381 4174 debeamus
1405 4159 1419 4184 ,
1458 4133 1563 4172 non
1592 4118 1644 4172 in
1675 4119 1776 4173 hoc

193 4213 770 4268 verbo‘remaneamus
793 4251 805 4274 ,
848 4212 941 4265 sed
969 4211 1247 4264 audiamus
1276 4218 1330 4265 et
1358 4209 1610 4265 faciamus
1637 4209 1776 4279 quod

195 4306 448 4375 sequitur
469 4343 484 4369 ,
529 4312 585 4358 ut
624 4319 722 4358 nos
753 4303 977 4358 invicem
1008 4297 1291 4372 diligamus
1324 4320 1334 4355 :
1368 4310 1421 4356 et
1452 4302 1779 4374 inveniemus

194 4405 444 4452 sanctam
466 4396 764 4462 caritatem,
786 4411 942 4465 quam
964 4410 1177 4465 semper
1203 4394 1446 4449 debendo
1472 4394 1779 4461 reddamus,

192 4491 250 4540 et
279 4484 562 4541 reddendo
608 4484 890 4542 salubriter
918 4485 1226 4539 debeamus.
1259 4483 1445 4554 Magna
1475 4499 1560 4539 res
1588 4485 1781 4540 caritas

1857 1995 1906 2038 et
1933 1984 2036 2054 ﬁde
2063 2000 2166 2038 non
2194 1983 2317 2053 ficta
2349 1981 2401 2053 (I
2426 1982 2558 2037 Tim.
2585 1998 2621 2047 ι,
2649 1979 2724 2050 5).

1929 2073 1979 2126 5.
2025 2072 2254 2127 Proinde
2281 2073 2387 2127 duo
2425 2071 2669 2141 quaedam
2717 2071 2768 2125 in
2815 2070 2898 2125 his
2930 2070 3205 2140 prOphetze
3252 2067 3430 2122 verbis

1858 2164 2160 2231 diligent'us
2202 2159 2590 2216 consideranda
2625 2167 2750 2214 sunt
2789 2159 2942 2214 nobis
2973 2176 2986 2209 :
3021 2173 3180 2211 unum
3227 2155 3368 2225 quod
3407 2171 3439 2210 a

1861 2269 1920 2307 se
1948 2251 2193 2327 popqscit
2221 2249 2451 2314 auferri,
2483 2249 2710 2304 alterum
2739 2247 2882 2318 quod
2911 2247 3011 2302 sibi
3041 2245 3329 2316 postulavit
3355 2251 3440 2298 at-

1862 2341 2044 2396 tribui.
2078 2337 2235 2395 Petiit
2266 2330 2408 2396 enim
2437 2338 2604 2394 deleri
2633 2337 2943 2408 iniquitates
2967 2351 3111 2403 suas,
3141 2350 3236 2391 cor
3262 2341 3442 2390 autem

1863 2431 2024 2504 565
2052 2431 2309 2486 mundum
2338 2431 2390 2485 in
2420 2445 2479 2486 se
2509 2428 2712 2492 creari,
2751 2435 2806 2482 et
2843 2426 3088 2497 spiritum
3116 2423 3444 2480 rectum/iu-

1863 2522 2052 2576 novari
2083 2523 2135 2575 in
2164 2520 2458 2575 visceribus
2503 2518 2636 2574 suis.
2685 2515 2822 2583 Quid
2859 2523 2942 2572 est
2969 2523 3145 2569 autem
3173 2511 3440 2582 iniquitas,

1866 2611 1966 2666 nisi
1992 2625 2155 2680 prava
2195 2609 2500 2679 cupiditas?
2548 2607 2616 2661 Et
2659 2607 2785 2675 quid
2825 2613 2908 2661 est
2949 2603 3130 2661 cordis
3165 2602 3444 2670 munditia,

1866 2700 1966 2754 nisi
1987 2706 2170 2753 sancta
2194 2699 2286 2751 Dei
2311 2705 2368 2752 et
2391 2697 2623 2766 proximi
2648 2697 2875 2750 caritas?
2907 2695 3098 2750 Dicens
3128 2695 3286 2763 igitur
3314 2709 3443 2764 pro-

1869 2793 2031 2860 pheta
2067 2807 2080 2842 :
2113 2790 2300 2844 Averte
2326 2790 2517 2860 faciem
2546 2797 2688 2841 tuam
2713 2804 2746 2840 α
2775 2788 2996 2856 peccatis
3025 2787 3171 2852 meis,
3199 2793 3248 2838 et
3273 2800 3446 2838 omnes

1866 2881 2160 2952 iniquitates
2206 2895 2346 2934 meas
2402 2879 2533 2943 dele,
2563 2879 2854 2945 statimque
2906 2874 3232 2945 subjungens
3279 2891 3294 2928 :
3345 2871 3448 2927 Cor

1871 2969 2115 3024 mundum
2140 2985 2257 3023 crea
2285 2969 2339 3022 in
2369 2984 2478 3033 me,
2506 2966 2668 3030 Deus,
2700 2976 2749 3019 et
2775 2965 3013 3035 spiritum
3039 2971 3232 3017 rectum
3257 2962 3447 3017 innova

1870 3062 1923 3114 in
1953 3061 2225 3114 uisceribus
2253 3059 2414 3120 meis,
2451 3056 2579 3126 quid
2606 3056 2748 3112 aliud
2774 3055 2936 3120 dixit,
2976 3054 3076 3109 nisi
3104 3070 3118 3108 :
3149 3052 3277 3109 Dele
3303 3068 3334 3106 a
3361 3067 3450 3108 me

1873 3151 2133 3208 maculam
2180 3165 2358 3221 pravae
2403 3148 2747 3218 cupiditatis,
2798 3153 2860 3202 et
2886 3145 3027 3201 dona
3067 3144 3197 3199 mihi
3225 3143 3448 3212 gratiam

1795 3251 1844 3319 ο
1873 3239 2146 3317 caritatis?
2171 3238 2336 3293 Aufer
2363 3253 2393 3291 a
2424 3253 2509 3292 me
2533 3236 2900 3306 cupiditatem,
2926 3249 3023 3306 per
3043 3249 3204 3303 quam
3233 3248 3451 3304 possum

1871 3331 2146 3398 damnari;
2177 3343 2234 3385 et
2258 3329 2397 3384 dona
2427 3329 2557 3383 mihi
2582 3327 2860 3383 caritatem
2879 3366 2895 3392 ,
2922 3341 3020 3398 per
3046 3341 3205 3395 quam
3234 3339 3446 3381 merear

1872 3419 2138 3477 coronari.
2178 3417 2340 3473 Aufer
2363 3433 2395 3472 a
2424 3432 2510 3473 me
2536 3416 2882 3488 cupiditatem
2906 3454 2925 3480 ,
2954 3423 3177 3486 propter
3199 3431 3362 3486 quan
3391 3415 3447 3471 in

1875 3519 2143 3567 tormento
2176 3510 2293 3564 sine
2331 3507 2727 3565 intermissione
2769 3506 2984 3562 doletur
3005 3515 3064 3579 et
3103 3507 3366 3574 gemitur;
3399 3513 3456 3560 et

1872 3601 2015 3656 dona
2042 3598 2171 3654 mihi
2200 3599 2497 3664 caritatem,
2528 3613 2627 3666 per
2654 3610 2814 3667 quam
2845 3596 2898 3650 in
2927 3595 3064 3651 ccelo
3092 3596 3208 3649 sine
3239 3595 3342 3649 line
3369 3608 3456 3648 re-

1875 3701 2086 3763 gnatur.
2133 3691 2188 3745 Si
2220 3690 2362 3744 enim
2391 3690 2629 3752 habuero
2659 3688 2936 3742 caritatem
2959 3725 2974 3750 ,
3002 3701 3160 3753 quam
3209 3683 3455 3738 debendo

1875 3780 2128 3845 reddam,
2159 3788 2214 3834 et
2247 3777 2517 3833 reddendo
2552 3776 2774 3830 debeam
2795 3815 2809 3840 ,
2848 3789 2954 3830 non
2984 3773 3184 3828 timebo
3209 3772 3458 3842 iniquita-

1879 3882 2009 3936 tem,
2039 3885 2198 3940 quam
2227 3869 2342 3924 sine
2370 3867 2476 3924 ﬁne
2504 3867 2735 3923 dolendo
2764 3865 3084 3936 persolvant.
3101 3860 3109 3867 ”
3124 3863 3265 3918 Bene
3300 3863 3460 3931 igitur

1881 3961 2121 4032 pmcipit
2148 3958 2436 4029 Apostolus
2490 3965 2548 4012 ut
2601 3957 2801 4012 nemini
2829 3955 3115 4024 quidquam
3142 3952 3456 4013 debeamus,

1885 4052 1984 4106 nisi
2015 4059 2073 4106 ut
2101 4049 2328 4103 invicem
2360 4048 2685 4116 diligamus:
2719 4047 2821 4100 hoc
2845 4044 2986 4098 enim
3014 4042 3197 4098 debito
3222 4040 3461 4094 aufertur

1882 4159 1911 4196 a
1941 4141 2096 4196 nobis
2144 4139 2385 4194 cumulus
2431 4138 2669 4194 omnium
2716 4136 3032 4191 delictorum
3059 4175 3072 4199 ,
3114 4133 3238 4203 quia
3269 4133 3462 4186 caritas

1881 4230 2106 4300 coeperit
2155 4227 2532 4281 multitudinem
2580 4235 2902 4296 peccatorum
2959 4223 2978 4295 (
3011 4223 3040 4278 I
3070 4223 3220 4278 Petr-
3244 4239 3327 4287 Iv,
3359 4220 3452 4291 8).

1884 4319 2051 4373 Nemo
2080 4325 2257 4371 autem
2288 4316 2681 4386 putet,.fratres
2699 4355 2714 4380 ,
2743 4315 2821 4370 sic
2843 4330 2874 4368 a
2904 4313 3058 4369 nobis
3086 4321 3338 4382 oportere
3365 4327 3462 4366 ca-

1883 4408 2094 4460 ritatem
2123 4405 2272 4458 reddi
2297 4444 2310 4466 ,
2347 4412 2404 4459 ut
2431 4404 2636 4459 reddita
2664 4403 2874 4458 desinat
2921 4400 3207 4472 aliquando
3252 4399 3460 4456 deberi.

1887 4498 2020 4554 Cum
2049 4498 2192 4554 enim
2237 4496 2496 4565 redditur,
2528 4497 2648 4566 plus
2692 4493 2949 4558 debetur;
2999 4501 3056 4547 et
3089 4507 3156 4548 eo
3186 4491 3354 4560 magis
3381 4506 3468 4545 ac-

197 4586 308 4643 est,
342 4577 680 4632 dilectissimi
708 4577 900 4631 fratres
921 4616 934 4640 ,
979 4591 1138 4644 quam
1167 4576 1393 4633 docente
1422 4577 1679 4648 Apostolo
1705 4579 1768 4632 Sit

1888 4592 2139 4662 quiritur,
2168 4605 2275 4660 quo
2304 4588 2544 4643 redditur
2572 4603 2694 4642 cum
2716 4587 2961 4643 debetur.
3011 4584 3142 4639 Nam
3170 4583 3261 4651 qui
3287 4595 3345 4636 se
3373 4595 3466 4635 ca-

196 4667 455 4735 jnbemnr
481 4683 692 4739 semper
715 4667 958 4732 reddere,
989 4676 1046 4721 ut
1073 4683 1190 4723 eam
1225 4669 1567 4725 nihilominus
1592 4671 1782 4739 jubea-

201 4775 324 4813 mur
354 4761 478 4814 sine
507 4759 899 4832 intermissione
939 4757 1154 4813 debere.
1205 4759 1248 4812 υ
1283 4762 1520 4815 caritatis
1547 4761 1783 4816 debitum

202 4848 431 4916 bonum,
463 4849 700 4906 debitum
729 4859 994 4915 sanctum,
1025 4849 1261 4903 debitum
1290 4850 1596 4906 ccclestibus
1621 4852 1786 4906 refer-

203 4949 317 4993 tum
340 4939 663 5008 commodis,
693 4940 926 4995 debitum
955 4940 1294 5009 sempiternis
1323 4941 1536 5011 plenum
1567 4941 1785 5012 omnino

121 5080 129 5088 .
203 5027 412 5085 divitiis
438 5029 451 5082 !

272 5120 332 5176 ‘2.
376 5121 600 5191 Magna,
632 5121 854 5189 fratres,
888 5123 990 5177 hoc
1017 5122 1196 5178 debito
1230 5122 1376 5178 lucra
1401 5123 1782 5192 conquirimus,

207 5211 475 5267 immensa
505 5213 784 5268 commoda
832 5214 922 5268 tali
973 5213 1157 5269 fenore
1202 5219 1594 5284 comparamus.
1652 5213 1786 5270 Dum

205 5302 356 5356 enim
387 5303 587 5358 caritas
607 5319 637 5357 a
667 5303 821 5358 nobis
855 5304 1093 5358 redditur
1132 5313 1187 5359 et
1214 5304 1455 5370 debetur,
1488 5306 1661 5360 omnis
1686 5321 1787 5360 no-

209 5398 322 5446 stra
370 5394 624 5473 iniquitas
665 5393 947 5457 dimittitur
991 5404 1045 5449 et
1082 5393 1309 5451 deletur.
1359 5395 1530 5466 Ipsam
1561 5395 1790 5466 denique

209 5482 500 5539 caritatem
529 5485 627 5540 sibi
663 5485 850 5540 beatus
897 5484 1060 5540 David
1110 5486 1177 5542 ad
1206 5487 1460 5543 delendas
1487 5489 1791 5558 iniquitates

147 5625 150 5628 .
212 5585 343 5628 suas
365 5574 616 5630 redonari
645 5576 935 5648 poscebat,
989 5577 1202 5646 quando
1251 5592 1349 5648 pro
1398 5587 1618 5648 peccato
1647 5580 1792 5648 gravi

217 5661 506 5718 Dominum
534 5665 948 5736 lacrymahiliter
977 5667 1250 5720 exorabat.
1305 5667 1434 5721 Nam
1464 5685 1584 5722 eum
1616 5670 1794 5723 illece-

284 5885 312 5907 ο
347 5871 431 5925 Ita
461 5888 586 5929 mss.
624 5875 706 5926 At.
742 5873 884 5936 edd.,
914 5873 964 5924 iu
991 5873 1135 5924 nobis

1892 4683 2062 4738 rilatis
2089 4697 2196 4752 non
2226 4695 2438 4750 seraper
2463 4680 2734 4734 existimat
2775 4677 3076 4732 debitorem
3094 4713 3109 4738 ,
3154 4687 3260 4727 non
3285 4684 3345 4725 se
3370 4670 3467 4723 de-

1892 4773 2003 4826 bito
2031 4770 2258 4840 gaudeat
2297 4767 2596 4822 absolutum
2620 4805 2635 4831 ,
2687 4766 2780 4823 sed
2827 4768 2971 4822 dono
3015 4760 3255 4818 caritatis
3294 4759 3472 4827 lugeat

1891 4859 2224 4914 destitutum.
2279 4857 2462 4926 Neque
2506 4856 2649 4911 enim
2677 4855 2839 4911 habet
2878 4853 3152 4910 caritatem
3185 4863 3347 4918 quam
3377 4847 3474 4902 ha-

1893 4951 2022 5004 bere
2050 4949 2291 5013 destitit,
2341 4947 2465 5017 quia
2512 4947 2765 5017 prodigus
2811 4945 3023 5001 debitor
3065 4957 3170 4998 non
3201 4937 3473 4996 reddendo

1895 5040 2143 5111 perdidit,
2174 5054 2335 5107 quam
2367 5047 2424 5092 ut
2451 5054 2664 5109 semper
2690 5038 2960 5102 redderet,
2989 5045 3284 5105 etsemper
3311 5029 3474 5083 habe-

1896 5141 2015 5197 ret,
2060 5130 2284 5200 accepit.
2338 5129 2598 5197 Quocirca
2641 5139 2767 5186 tunc
2812 5146 2871 5188 se
2921 5127 3130 5184 noverit
3176 5121 3476 5194 perdidisse

1896 5220 2038 5292 quod
2060 5229 2363 5290 acceperat,
2388 5220 2512 5276 dum
2535 5237 2642 5276 non
2673 5220 2963 5276 reddiderit
2981 5215 3124 5287 quod
3149 5211 3399 5269 debebat.

1967 5311 2018 5364 4.
2051 5310 2155 5365 Sed
2184 5310 2312 5367 dicit
2339 5311 2534 5383 aliquis
2564 5331 2575 5364 :
2604 5310 2702 5365 Cui
2729 5311 2867 5364 hanc
2893 5305 3096 5362 debeo?
3124 5302 3210 5359 vel
3229 5301 3315 5358 cui
3336 5301 3476 5356 bane

1868 5403 1870 5406 ’
1897 5418 1984 5456 me
2004 5409 2217 5472 oportet
2244 5400 2468 5456 reddere
2488 5399 2800 5456 caritatem?
2859 5392 3260 5466 Respondemus
3287 5391 3480 5446 carita-

1900 5503 2007 5548 tem
2037 5494 2284 5549 omnibus
2310 5493 2614 5548 hominibus
2642 5505 2760 5546 esse
2784 5486 3127 5552 reddendam,
3154 5484 3204 5540 id
3235 5492 3319 5539 est
3336 5482 3480 5537 notis

1899 5593 1954 5638 et
1985 5585 2178 5656 ignotis
2202 5627 2215 5650 ,
2266 5595 2320 5640 et
2359 5584 2512 5639 bonis
2543 5592 2598 5638 et
2626 5582 2780 5636 malis
2802 5621 2818 5645 ,
2849 5590 2904 5635 et
2931 5579 3117 5635 amicis
3143 5587 3198 5632 et
3227 5574 3475 5632 inimicis.

1902 5673 2033 5726 Nam
2064 5691 2184 5728 cum
2215 5675 2401 5728 beatus
2431 5671 2716 5738 Apostolus
2753 5670 2895 5723 dicat
2920 5687 2936 5721 :
2971 5667 3113 5740 Ergo
3137 5683 3250 5720 cum
3281 5674 3480 5732 tempus

1981 5876 2003 5912 ιο
2039 5875 2243 5928 Ahsunt
2271 5873 2471 5942 reliqua
2509 5888 2538 5925 a
2571 5888 2692 5927 mss.
