4050 6514
539 480 644 534 ’159

1581 469 1636 522 s.
1679 445 2034 522 summm
2075 438 2375 520 Et'lstlfwl
2421 467 2790 522 nt'spsxSIs

3705 468 3810 526 740

501 595 504 600 ’
539 591 802 654 habemus,
829 583 1248 656 operemur'quod
1271 583 1455 636 bonum
1483 590 1564 634 est
1579 581 1650 633 ad
1677 597 1869 640 omnes,
1896 580 2115 631 man'me
2148 584 2194 639 Α
2221 593 2389 646 queus
2419 589 2498 633 est
2527 581 2741 645 diaboli,
2767 599 2871 636 non
2903 583 3074 637 solum
3107 583 3347 653 laqueus,
3380 583 3473 638 sed
3500 586 3664 638 etiam
3692 588 3813 653 gla-

525 691 711 734 ‘autent
759 680 828 731 ad
875 678 1172 730 dantesticos
1222 675 1343 744 fidei
1393 672 1533 742 (Gal.
1569 689 1637 738 vt,
1677 671 1795 741 10),
1844 671 2119 726 evidenter

538 769 772 825 ostendit
792 768 932 836 quod
988 768 1039 820 in
1061 779 1223 834 opere
1248 764 1486 818 caritatis
1513 763 1582 817 sit
1609 762 1823 832 quidem
1846 762 1981 816 alius
2001 762 2118 816 aliis

540 863 634 929 (al.
668 861 795 930 alio)
837 857 1222 929 prcherendus,
1282 871 1440 910 nemo
1480 864 1656 908 tamen
1704 854 1774 907 sit
1815 869 1844 907 a
1883 854 2120 907 caritatis

538 947 813 1005 beneficiis
861 945 1240 1002 excludendus.
1296 944 1504 1000 Caritas
1561 946 1741 1013 itaque
1779 944 1867 997 illa
1909 953 2115 1005 sancta,

539 1055 673 1110 pura
699 1079 714 1103 ,
759 1047 813 1093 et
843 1048 898 1091 ut
928 1037 1142 1108 proprie
1176 1033 1348 1091 dicam
1375 1075 1389 1099 ,
1418 1035 1615 1090 caritas
1637 1035 1963 1096 Christiana,
2003 1047 2119 1101 qua:

537 1131 748 1200 patiens
789 1137 908 1191 est,
952 1142 1071 1197 qum
1113 1126 1339 1193 benigna
1368 1131 1489 1189 est,
1537 1139 1656 1192 qua:
1687 1139 1790 1177 non
1819 1123 2118 1222 mmttlatug,

535 1235 657 1288 qua:
687 1235 792 1273 non
821 1219 929 1286 agit
958 1231 1237 1288 perperam
1263 1256 1278 1278 ,
1311 1230 1415 1270 non
1446 1214 1678 1278 inﬂatur,
1710 1228 1814 1267 non
1843 1220 1928 1266 est
1953 1211 2121 1264 ambi-

535 1309 672 1364 tiosa
697 1349 710 1373 ,
744 1323 848 1361 non
877 1308 1066 1375 quaerit
1092 1299 1212 1375 qum
1257 1320 1352 1360 sua
1381 1313 1536 1368 sunt,
1568 1318 1685 1372 quae
1721 1317 1828 1357 non
1859 1301 2119 1367 irritatur,

511 1400 514 1404 ’
536 1413 646 1453 non
672 1397 871 1463 cogitat
897 1396 1114 1458 malum,
1145 1410 1249 1448 non
1271 1393 1466 1462 gaudet
1486 1407 1648 1462 super
1669 1390 1970 1463 iniquitate,
1993 1405 2122 1443 con-

537 1458 937 1553 gaudet'autem
967 1483 1196 1546 veritati,
1219 1458 1338 1550 qua:
1359 1481 1538 1536 omnia
1551 1458 1772 1543 ⁷ειιϐἒῑθι,
1795 1478 1972 1533 omnia
1999 1491 2121 1532 cre-

535 1577 634 1639 dit,
664 1576 840 1628 omnia
870 1582 1078 1644 sperat.
1111 1573 1288 1627 omnia
1335 1571 1583 1639 sustinet,
1611 1569 1808 1624 caritas
1839 1583 1958 1636 qua:
1983 1583 2121 1620 nun-

539 1678 696 1732 quam
727 1663 871 1717 cadit
903 1661 954 1731 (Ι
985 1661 1102 1717 Car.
1140 1677 1247 1728 xm,
1275 1659 1307 1713 ι
1332 1669 1381 1714 et
1410 1661 1564 1732 seq.),
1594 1660 1638 1714 si
1668 1659 1822 1729 (forte
1845 1656 1945 1725 sic)
1975 1672 2114 1711 com-

535 1755 802 1823 plectatur
830 1753 1032 1807 amicca
1057 1791 1070 1814 ,
1126 1759 1182 1805 ut
1225 1750 1482 1806 dilatetur
1526 1765 1695 1819 usque
1725 1748 1791 1803 ad
1820 1748 2067 1803 inimicos
2102 1765 2114 1798 :

541 1846 728 1900 amicis
757 1859 814 1898 se
842 1843 1146 1898 volentibus
1175 1841 1403 1907 reddat,
1454 1841 1681 1895 inimicis
1721 1855 1782 1895 se
1819 1837 2122 1894 nolentibus

537 1934 772 2003 ingerat;
802 1935 934 1988 istos
963 1939 1160 1997 teneat,
1190 1930 1309 1986 illos
1331 1930 1600 1999 acquirat;
1633 1929 1764 1984 istos
1783 1928 2037 1990 oblectet,
2064 1933 2121 1978 ut

541 2040 606 2078 ex
653 2025 839 2079 amicis
876 2039 981 2076 non
1027 2021 1326 2077 efﬁciantur
1359 2019 1586 2084 inimici;
1638 2018 1762 2073 illos
1807 2017 2028 2080 invitet,
2062 2022 2121 2068 ut

543 2115 673 2168 fiant
700 2130 767 2168 ex
798 2114 1024 2167 inimicis
1053 2112 1228 2168 amici.

613 2205 668 2259 5.
716 2202 1098 2263 Recordemur,
1132 2203 1340 2264 fratres,
1376 2199 1658 2255 verborum
1686 2198 1898 2254 Domini
1941 2197 2122 2252 dicen-

541 2297 610 2350 tis
643 2313 654 2347 :
691 2293 901 2362 DifiJite
929 2293 1164 2346 inimicos
1203 2300 1423 2355 uestros,
1456 2289 1738 2360 benefacite
1767 2289 1846 2341 his
1873 2290 1959 2360 qui
1996 2289 2122 2341 ode-

541 2394 660 2436 runt
688 2399 794 2446 vos,
820 2392 868 2434 et
894 2390 1038 2434 orate
1065 2397 1157 2450 pro
1179 2378 1591 2449 persequentibus
1623 2387 1675 2430 et
1694 2376 2123 2430 calumniantibus

541 2487 626 2525 ros
658 2470 868 2540 (Matth.
900 2486 952 2536 v,
983 2468 1094 2537 Μ).
1129 2467 1267 2522 Ecce
1294 2466 1562 2520 Dominus
1580 2480 1746 2535 usque
1787 2464 1852 2518 ad
1882 2463 2125 2518 inimicos

544 2560 824 2612 caritatem
847 2557 999 2625 jubet
1035 2556 1290 2623 extendi,
1330 2564 1385 2610 et
1429 2571 1599 2624 usque
1643 2555 1710 2610 ad
1755 2562 2125 2625 persecutores

543 2647 828 2703 Christiani
854 2646 1029 2700 cordis
1051 2645 1478 2700 benevolentiam
1499 2644 1730 2698 dilatari.
1761 2643 1825 2697 Et
1847 2658 1966 2712 qua:
1985 2658 2127 2697 mer-

542 2752 633 2797 ces
653 2750 873 2804 operum
905 2743 1170 2788 tantorum
1199 2733 1448 2787 dabitur?
1471 2733 1556 2787 vel
1577 2731 1719 2801 quod
1745 2732 1904 2804 565
1934 2748 2126 2787 munus

543 2833 811 2897 praecepto
841 2825 966 2878 huic
1003 2823 1376 2878 obedientibus
1402 2822 1714 2878 confertur?
1760 2822 1877 2892 Ipse
1904 2823 2126 2877 demon-

543 2926 677 2973 stret
701 2932 731 2969 a
759 2931 818 2970 se
853 2923 1208 2985 purpuratam
1254 2914 1465 2969 caritati
1514 2913 1814 2968 mercedem
1843 2951 1856 2975 ,
1896 2913 1987 2982 qui
2029 2927 2127 2983 per

547 3007 804 3077 Spiritum
844 3013 1090 3061 sanctum
1140 3005 1303 3073 gratis
1349 3005 1518 3075 ipsam
1562 3005 1810 3072 dignatur
1849 3003 2126 3059 infundere

545 3099 825 3153 caritatem
860 3116 872 3148 :
902 3097 1014 3166 ipse
1049 3095 1202 3150 nobis
1239 3095 1381 3150 dicat
1409 3095 1536 3163 quid
1567 3109 1664 3164 pro
1693 3095 1918 3148 caritate
1945 3094 2124 3148 reddi-

549 3198 700 3243 turus
758 3189 828 3243 sit
858 3187 1030 3256 dignis
1050 3228 1064 3251 ,
1096 3187 1185 3256 qui
1219 3186 1464 3241 eamdem
1509 3187 1787 3242 caritatem
1819 3187 2019 3246 donare
2046 3187 2125 3240 di-

546 3288 740 3348 gnetur
769 3278 1019 3348 indignis.
1060 3278 1214 3334 Dicat
1241 3278 1402 3346 igitur
1428 3277 1702 3342 Dominus,
1736 3279 1898 3342 dicat,
1929 3288 1983 3332 et
2009 3295 2128 3348 pro-

546 3371 667 3440 prio
695 3384 944 3423 sermone
977 3368 1393 3435 magnitudinem
1442 3369 1596 3422 nobis
1622 3383 1732 3422 sum
1759 3369 2130 3438 promissionis

549 3461 842 3516 ostendat:
879 3459 946 3514 Ut
977 3461 1118 3523 sitis,
1162 3460 1363 3527 inquit,
1403 3460 1501 3529 [itii
1542 3459 1721 3512 Patris
1749 3462 1900 3513 vestri
1944 3462 2027 3530 qui
2076 3464 2130 3515 in

550 3552 690 3605 caelis
717 3560 792 3604 est
823 3550 1012 3620 (lbid.,
1043 3549 1164 3619 45).
1215 3549 1346 3604 Cum
1387 3551 1528 3604 enim
1556 3549 1852 3619 diligendos
1873 3553 2133 3622 principe-

553 3647 636 3693 rct
673 3640 741 3693 im
759 3640 952 3705 uicos,
998 3653 1237 3693 amarum
1287 3638 1507 3694 forsitan
1547 3648 1662 3695 erat
1710 3642 1853 3710 quod
1896 3643 2133 3698 audienti

548 3726 833 3797 jubebatur
850 3745 862 3779 :
878 3727 969 3789 sit,
993 3741 1198 3796 quaeso,
1221 3727 1374 3782 dulce
1400 3729 1543 3798 quod
1567 3729 1836 3784 obedienti
1867 3733 2133 3800 promitti-

553 3830 658 3871 tur.
707 3816 978 3871 Teneatur
1005 3830 1134 3885 ergo
1165 3817 1460 3873 dulcedinis
1490 3819 1648 3887 hujus
1678 3819 1729 3873 in
1760 3821 1924 3875 corde
1953 3823 2132 3876 suavi.-

556 3913 656 3973 tas,
684 3914 739 3960 et
766 3907 1132 3960 amaritudinis
1160 3907 1302 3962 illius
1329 3909 1668 3978 superabitur
1696 3909 1998 3967 difﬁcultas.
2033 3910 2134 3978 Qui

553 3999 694 4053 enim
724 3999 1008 4052 dilexerint
1029 3999 1274 4054 inimicos
1303 4014 1450 4066 suos,
1473 4008 1528 4054 et
1548 3995 1915 4056 benefecerint
1943 4003 2022 4057 eis
2043 4005 2134 4072 qui

555 4105 650 4145 eos
679 4090 938 4155 oderunt,
971 4089 1060 4143 filii
1091 4089 1184 4144 Dei
1214 4100 1390 4145 erunt.

625 4179 677 4232 6.
708 4178 845 4245 Quid
871 4195 998 4234 vero
1025 4182 1294 4249 accepturi
1324 4182 1446 4236 sunt
1474 4183 1558 4237 isti
1592 4182 1678 4237 lilii
1714 4183 1805 4239 Dei
1851 4185 2136 4254 Apostolus

556 4271 800 4325 enuntiat
846 4270 1028 4324 dicens
1073 4288 1085 4322 :
1133 4269 1253 4340 Ipse
1299 4271 1529 4342 Spiritus
1577 4275 1917 4328 testimonium
1969 4276 2138 4328 reddit

557 4361 756 4431 spiritui
785 4369 989 4422 nostra,
1019 4363 1138 4430 quia
1173 4377 1349 4414 sumus
1376 4363 1471 4430 ﬁlii
1499 4362 1614 4416 Dei.
1648 4364 1707 4417 Si
1733 4378 1903 4418 autem
1933 4367 2060 4435 ﬁlii,
2090 4374 2138 4419 et

561 4451 788 4505 heredes
813 4467 828 4502 :
857 4451 1084 4518 [Heredes
1111 4451 1312 4520 quidem
1339 4449 1452 4515 Dei,
1477 4453 1766 4508 colmzredes
1789 4465 1956 4509 autem
1985 4454 2137 4509 Chri-

559 4545 623 4596 sti
656 4540 828 4609 (Ram.
862 4532 970 4604 vm,
999 4541 1084 4608 l6,
1119 4541 1227 4612 i7).
1259 4542 1450 4598 Audite
1480 4545 1660 4612 igitur,
1689 4546 2012 4612 Christiani;
2045 4564 2140 4601 au-

557 4633 706 4697 dite,
749 4631 840 4686 filii
880 4632 1002 4696 Dei;
1052 4631 1254 4700 audite,
1306 4635 1544 4690 hacredes
1591 4636 1681 4690 Dei
1731 4647 1786 4692 et
1831 4640 2137 4699 cohmredcs

557 4724 776 4782 Christi.
825 4721 894 4778 Ut
929 4732 1206 4794 paternam
1237 4725 1556 4795 possideatis
1587 4727 1952 4787 hzereditatcm
1979 4772 1992 4794 ,
2030 4746 2134 4784 non

561 4817 729 4871 solum
752 4816 953 4881 amicis,
976 4817 1070 4872 sed
1090 4818 1253 4871 etiam
1277 4818 1502 4873 inimicis
1527 4821 1815 4890 impendite
1837 4823 2132 4876 caritatem.

561 4909 696 4963 Nulli
729 4908 924 4962 caritas
965 4909 1300 4976 denegetur,
1345 4926 1462 4980 qua:
1510 4913 1576 4966 ab
1621 4913 1924 4966 hominibus
1975 4916 2140 4984 (forte

561 4997 829 5066 omnibus)
873 4999 1029 5053 bonis
1056 5003 1412 5057 communiter
1435 5019 1534 5073 pos
1565 5005 1757 5059 idelur.
1797 5004 1991 5059 Omnes
2020 5022 2138 5060 eam

555 5090 716 5147 simul
758 5090 952 5146 habete
976 5133 989 5156 ,
1023 5101 1077 5147 et
1112 5103 1171 5147 ut
1198 5110 1313 5149 eam
1356 5098 1524 5166 magis
1554 5098 1793 5152 habeatis
1818 5140 1831 5162 ,
1885 5108 1939 5152 et
1981 5098 2138 5152 bonis

561 5196 677 5235 eam
706 5188 760 5237 et
788 5182 941 5236 malis
971 5183 1277 5253 impendite.
1313 5184 1586 5242 Possessio
1606 5189 1746 5242 enim
1769 5197 1847 5242 est
1873 5190 2136 5242 bonorum

562 5271 660 5325 ista
690 5274 1019 5339 communis,
1055 5291 1158 5329 non
1189 5286 1401 5331 terrena
1432 5279 1639 5346 utique,
1670 5279 1763 5333 sed
1793 5280 2053 5343 cmlestis;
2085 5289 2140 5334 et

563 5361 684 5417 ideo
713 5364 914 5419 nullum
947 5365 996 5419 in
1026 5381 1087 5420 ea
1121 5366 1244 5421 facit
1272 5369 1565 5437 angustiari
1598 5384 1823 5438 persona
1855 5372 2136 5425 consortis.
2175 5414 2188 5421 -

564 5449 791 5508 Tantum
821 5471 948 5509 vero
979 5466 1202 5525 augetur
1237 5459 1462 5526 caritas,
1493 5467 1750 5529 quantum
1778 5458 1934 5512 fuerit
1963 5459 2137 5514 immi-

563 5550 690 5596 nuta
721 5545 1010 5614 cupiditas;
1044 5555 1099 5601 et
1124 5548 1269 5601 illum
1293 5547 1416 5603 facit
1437 5549 1634 5603 caritas
1660 5531 2150 5618 semperliberum,‘

562 5637 722 5702 quem
774 5647 880 5687 non
928 5638 1160 5690 tenuerit
1212 5638 1477 5706 cupiditas
1528 5638 1793 5692 mundana
1849 5639 2140 5708 captivum.

561 5723 770 5778 Caritas
809 5723 1007 5778 donum
1050 5723 1140 5780 Dei
1177 5735 1299 5792 est,
1340 5726 1554 5782 dicente
1605 5717 1864 5798 Apostolo
1899 5746 1909 5779 :
1941 5728 2142 5783 Caritas

568 5809 662 5864 Dei
690 5814 878 5881 diffusa
909 5824 982 5865 est
1009 5814 1059 5865 in
1110 5816 1349 5868 cordibus
1386 5820 1574 5871 nostris
1613 5835 1701 5888 per
1733 5818 1994 5888 Spiritum
2024 5837 2143 5873 san-

562 5907 694 5953 etum
751 5906 833 5972 qui
863 5905 1012 5957 datus
1042 5913 1116 5956 est
1146 5904 1288 5958 nobis
1330 5904 1504 5975 (Rom.
1542 5925 1598 5975 v,
1627 5908 1704 5978 5).
1756 5907 2032 5980 Cupiditas
2064 5911 2140 5966 la-

2216 668 2334 723 dius
2369 688 2380 721 :
2414 687 2506 739 per
2549 672 2717 740 ipsam
2764 672 2986 727 miseros
3034 674 3215 743 capit,
3257 689 3352 744 per
3400 675 3570 745 ipsam
3618 687 3814 745 captos

2219 757 2488 812 interficit.
2537 759 2742 815 Caritas
2777 771 2857 816 est
2887 763 3039 816 radix
3067 764 3304 817 omnium
3334 765 3625 832 bonorum,
3651 769 3812 836 cupi-

2218 848 2356 903 ditas
2408 849 2558 903 radix
2605 860 2690 905 est
2735 851 2972 906 omnium
3026 853 3284 907 malorum
3339 854 3392 922 (I
3419 854 3552 909 Tim.
3585 873 3660 918 vt,
3696 857 3812 926 10).

2218 937 2494 1007 Cupiditas
2522 955 2743 1010 semper
2761 942 3050 1007 cruciatur,
3077 943 3202 997 dum
3229 945 3486 1013 rapiendo
3515 961 3628 1000 non
3651 962 3816 1001 sana-

2222 1036 2324 1081 tur.
2351 1027 2558 1084 Caritas
2582 1037 2760 1084 autem
2783 1046 2996 1100 semper
3019 1033 3245 1098 laetatur,
3268 1036 3521 1103 quoniam
3546 1047 3816 1104 quantum

2221 1118 2643 1188 multiplicatur,
2662 1128 2867 1174 tantum
2898 1122 3096 1191 largius
3124 1135 3396 1192 erogatur.
3428 1124 3494 1179 Et
3523 1125 3650 1181 ideo
3674 1127 3821 1180 sicut

2220 1206 2562 1276 adipiscendo
2587 1212 2926 1279 pauperascit
2946 1214 3215 1282 appetitor
3244 1215 3560 1283 iniquitatis,
3587 1217 3660 1270 ita
3690 1219 3821 1271 red-

2222 1295 2398 1350 dendo
2426 1297 2640 1352 ditcscit
2660 1299 2904 1353 redditor
2931 1302 3188 1355 caritatis.
3225 1301 3576 1358 Perturbatur
3605 1307 3822 1375 cupidi-

2223 1394 2306 1439 tas
2336 1385 2460 1439 dum
2492 1387 2674 1442 ulcisci
2712 1390 2902 1457 quzerit
2932 1391 3206 1459 injuriam,
3240 1395 3525 1463 tranquilla
3554 1404 3643 1449 est
3670 1396 3821 1450 cari-

2223 1483 2305 1528 tas
2328 1474 2450 1528 dum
2480 1475 2682 1531 donare
2706 1477 3023 1533 delectatur.

2732 1609 2894 1681 563
2934 1610 3165 1665 ε.ΕῆΜο
3209 1612 3292 1666 Vl.

2579 1715 2659 1768 De
2693 1728 2872 1772 sancto
2904 1718 3164 1790 Cypriane
3201 1733 3446 1794 martyre.

2299 1830 2350 1883 1.
2391 1830 2604 1887 Clarum
2650 1835 2781 1887 tanti
2825 1836 3073 1907 martyris
3101 1839 3296 1914 patulis
3325 1839 3466 1894 diem
3486 1879 3500 1903 ,
3534 1828 3684 1897 beati
3716 1845 3831 1898 sci-

2153 1950 2199 2009 Β
2226 1921 2349 1977 licet
2376 1923 2649 1994 Cypriani,
2686 1942 2817 1996 quo,
2854 1931 3082 1984 terrenis
3098 1930 3175 1984 ‘ac
3199 1933 3527 1990 moribundis
3554 1938 3836 1992 membris

2227 2022 2456 2076 exutus,
2511 2015 2577 2068 ad
2623 2027 2836 2073 aeterna:
2875 2021 3090 2089 prmmia
3133 2023 3253 2076 vitae
3296 2026 3738 2094 transmigravit,
3775 2037 3836 2082 et

2227 2103 2514 2158 sacerdotii
2537 2103 2652 2173 ejus
2672 2105 2968 2160 doctrinam
3021 2117 3076 2164 et
3097 2112 3332 2183 martyrii
3356 2115 3510 2169 nobis
3528 2115 3834 2170 victoriam

2228 2193 2649 2258 commendavit,
2681 2195 2912 2264 fecitque
2941 2212 3009 2252 ex
3038 2201 3318 2270 temporali
3347 2203 3620 2270 quondam
3651 2206 3836 2258 tristi-

2230 2283 2301 2335 tia
2330 2283 2659 2339 liberiorem.
2711 2285 2844 2340 Dum
2896 2289 3038 2342 enim
3083 2291 3221 2346 inter
3251 2294 3542 2361 periculum
3575 2308 3835 2350 cruente

2228 2372 2417 2426 mortis
2461 2380 2516 2427 et
2543 2373 2764 2442 gloriam
2794 2374 2975 2431 devoti
3004 2381 3313 2436 certaminis
3341 2384 3630 2452 episcopus
3681 2403 3834 2439 con-

2230 2458 2429 2516 ﬁtendo
2458 2463 2679 2532 patitur,
2705 2462 2939 2519 Ecclesia
2965 2468 3167 2523 orando
3188 2472 3529 2540 compatitur.
3560 2473 3695 2539 Quis
3729 2492 3836 2530 ne-

2229 2552 2391 2616 sciat,
2423 2567 2486 2607 ac
2517 2569 2623 2608 non
2653 2556 2833 2624 potius
2859 2556 3108 2626 prudenti
3138 2561 3566 2618 consideratione
3608 2579 3835 2633 cogno-

2229 2642 2368 2707 scit,
2419 2643 2561 2698 bunc
2605 2645 2777 2714 ipsum
2817 2647 2908 2715 qui
2950 2664 3093 2703 nunc
3122 2664 3297 2704 annua
3329 2653 3838 2710 circumstitutione

2229 2731 2396 2788 festus
2433 2735 2586 2790 nobis
2614 2737 2910 2792 revolvitur
2937 2739 3050 2794 dies
3068 2782 3081 2805 ,
3113 2739 3426 2798 Christianis
3451 2760 3514 2799 ac
3548 2746 3840 2814 religiosis

2228 2824 2495 2879 mentibus
2533 2826 2624 2879 illo
2652 2835 2781 2882 tunc
2821 2835 3064 2899 tempore
3108 2830 3270 2887 fuisse
3309 2834 3594 2889 sollicitum
3620 2875 3636 2897 ,
3689 2837 3840 2892 dum

2229 2912 2484 2969 adversus
2508 2915 2783 2971 diabolum
2811 2919 2880 2972 ab
2909 2921 3148 2976 antistite
3173 2932 3422 2992 suscepto
3449 2925 3708 2990 culmine,
3739 2929 3840 2996 pia

2227 3005 2400 3074 plebis
2425 3007 2756 3076 exspectatio
2787 3009 3110 3078 trepidaret,
3144 3019 3305 3081 atque
3329 3013 3398 3066 ita
3427 3010 3559 3068 ﬁdes
3588 3016 3840 3071 resiste-

2229 3104 2313 3149 ret
2337 3099 2696 3165 persequenti,
2724 3113 2793 3152 ne
2824 3114 2952 3154 caro
2981 3103 3354 3158 succumberet
3379 3104 3713 3170 blandienti;
3754 3107 3842 3162 ita

2228 3197 2410 3258 pastor
2438 3190 2784 3258 praecederet,
2836 3208 2905 3246 ne
2943 3193 3082 3248 ovile
3113 3193 3405 3263 desereret,
3433 3197 3841 3268 desertumque

2152 3324 2198 3386 C
2232 3280 2394 3350 (quod
2425 3280 2584 3351 absit)
2616 3282 2783 3353 lupus
2813 3284 3123 3340 invaderet?
3153 3287 3395 3358 Dolebat
3423 3290 3661 3347 Ecclesia
3687 3294 3841 3348 sub—

2236 3377 2462 3423 tractum
2491 3371 2703 3426 interim
2738 3389 2840 3428 suo
2872 3377 3144 3430 consortio
3185 3384 3292 3432 tam
3331 3380 3686 3436 clarissimum
3732 3400 3836 3437 sa-

2233 3457 2506 3513 cerdotem
2538 3478 2550 3512 :
2580 3460 2674 3514 sed
2705 3469 2884 3516 tamen
2911 3464 3178 3531 gaudebat
3207 3476 3474 3535 prostrato
3504 3471 3839 3528 adversario

2233 3545 2430 3600 Christi
2462 3557 2748 3620 martyrem
2778 3552 3046 3608 exstitisse
3070 3555 3347 3610 victorem.
3371 3556 3497 3611 Erat
3525 3559 3578 3613 in
3602 3575 3839 3616 memo—

2233 3635 2311 3688 ria
2344 3635 2588 3692 doctrina
2614 3639 2910 3707 laudabilis,
2940 3645 3251 3700 versabatur
3279 3655 3404 3702 ante
3431 3649 3617 3705 oculos
3646 3652 3838 3709 virtus

2235 3726 2492 3780 mirabilis
2510 3767 2524 3789 ,
2559 3730 2771 3798 quando
2797 3739 2981 3810 tantus
3006 3733 3145 3788 Deus
3171 3736 3420 3790 servabat
3445 3739 3587 3806 quod
3615 3739 3839 3795 docue—

2235 3825 2346 3878 rat,
2382 3826 2438 3871 et
2464 3819 2590 3888 quid
2617 3823 2798 3876 casteri
2823 3822 2998 3878 facere
3024 3825 3316 3892 deberent,
3348 3845 3452 3883 non
3476 3828 3585 3897 jam
3615 3833 3835 3898 verbis,

2236 3909 2328 3964 sed
2359 3910 2606 3980 operibus
2635 3913 3054 3982 demonstrabat,
3089 3914 3246 3973 fidem
3271 3935 3594 3985 sermonum,
3626 3937 3836 3978 exem-

2236 3998 2337 4069 plis
2366 4014 2543 4053 rerum
2571 4039 2586 4064 ,
2617 4002 2798 4056 valida
2818 4005 3086 4060 soliditate
3113 4009 3434 4063 confirmans
3456 4051 3470 4074 ,
3503 4010 3745 4066 credens
3776 4023 3842 4067 et

2239 4086 2513 4145 Confidens
2539 4107 2636 4160 pro
2660 4095 2896 4153 omnium
2926 4096 3096 4150 salute
3131 4095 3398 4154 Cltiislum
3432 4108 3729 4164 mortuum,
3769 4120 3840 4158 ac

2237 4198 2296 4237 se
2343 4198 2442 4252 pro
2491 4183 2606 4252 ejus
2653 4186 2870 4240 nomine
2917 4203 3024 4241 non
3075 4189 3388 4244 subtrahere
3446 4191 3835 4248 occidendum.

2238 4271 2402 4340 Cujus
2426 4273 2566 4326 enim
2595 4276 2850 4341 sanguine
2874 4284 3002 4331 tunc
3028 4277 3273 4346 indignus
3296 4279 3598 4349 redemptus
3621 4281 3839 4344 fuerat.

2239 4361 2455 4428 dignum
2485 4377 2637 4416 suum
2665 4365 2978 4433 sanguinem
3011 4381 3108 4434 pro
3139 4367 3229 4421 illo
3258 4367 3537 4433 fundebat;
3579 4379 3638 4423 et
3665 4371 3845 4438 cujus

2239 4455 2553 4522 sanguinem
2593 4454 2644 4508 in
2679 4455 2779 4509 hac
2805 4457 2911 4509 vita
2942 4455 3166 4511 fideliter
3189 4458 3439 4520 biberat,
3481 4461 3543 4514 ab
3571 4461 3692 4530 ipso
3721 4462 3847 4517 sibi

2240 4551 2493 4596 aeternam
2524 4544 2685 4598 vitam
2714 4543 2861 4598 reddi
2892 4561 3050 4615 posse
3078 4547 3395 4610 crediderat.

2311 4631 2364 4685 2.
2409 4631 2566 4686 Dedit
2600 4634 2744 4688 enim
2773 4634 2852 4688 eis
2879 4634 3308 4690 benedictionem
3338 4638 3428 4706 qui
3455 4637 3621 4705 legem
3651 4638 3848 4695 dede-

2241 4733 2346 4791 rat,
2378 4733 2435 4778 ut
2462 4726 2802 4780 ambularent
2826 4725 2893 4780 de
2917 4726 3112 4781 virtute
3134 4728 3185 4781 in
3216 4729 3465 4783 virtutem
3497 4747 3509 4782 :
3537 4729 3602 4783 de
3623 4729 3852 4786 virtute

2243 4815 2362 4870 fidei
2403 4815 2772 4871 sincerissima:
2811 4816 2862 4871 in
2895 4817 3142 4871 virtutem
3182 4796 3533 4874 conflictionis
3557 4829 3848 4874 constan-

2243 4905 2491 4969 tissimae;
2532 4905 2600 4959 de
2636 4906 2831 4960 virtute
2859 4906 3098 4960 caritatis
3126 4906 3544 4974 flagrantissimae
3570 4908 3626 4962 in
3655 4909 3853 4963 virtu-

2242 5005 2349 5050 tem
2378 4994 2638 5065 passionis
2665 4995 3080 5063 gloriosissimaa.
3121 4995 3359 5051 Credidit
3387 4999 3524 5051 enim
3549 5037 3562 5061 ,
3613 4997 3855 5054 locutus

2244 5097 2355 5150 est;
2387 5086 2591 5149 dilexit,
2625 5093 2681 5140 et
2705 5094 2920 5140 secutus
2947 5096 3048 5141 est.
3081 5086 3338 5142 Audierat
3366 5088 3506 5141 enim
3536 5102 3564 5140 a
3593 5087 3857 5143 Domino

2243 5178 2441 5232 dictum
2476 5195 2488 5230 :
2536 5174 2635 5240 Qui
2665 5194 2743 5232 me
2769 5177 2967 5247 diligit,
3002 5179 3231 5248 sequitur
3258 5193 3338 5230 me
3385 5177 3555 5247 (Joan.
3588 5193 3666 5243 vt,
3693 5177 3854 5247 26);

2245 5277 2300 5323 et
2329 5270 2518 5322 iterum
2552 5286 2563 5318 :
2600 5264 2698 5330 Qui
2726 5267 2889 5321 credit
2926 5267 2979 5320 in
3009 5283 3107 5331 me,
3165 5284 3267 5321 non
3295 5268 3534 5321 morietur
3560 5267 3615 5320 in
3671 5279 3856 5322 cter-

2247 5378 2387 5415 num.
2412 5359 2477 5413 Et
2507 5367 2657 5428 pater
2679 5358 2773 5428 (al.
2809 5357 3031 5428 pariter;
3064 5356 3234 5413 fidelis
3257 5366 3471 5413 secutus
3495 5364 3574 5412 est
3603 5358 3858 5427 vestigia

2248 5453 2558 5509 Salvatoris.
2615 5450 2890 5507 Interritus
2918 5453 3240 5522 contempsit
3277 5435 3572 5523 principum
3591 5451 3756 5520 iussa
3791 5467 3861 5511 et

2244 5544 2480 5613 judicum
2502 5543 2752 5598 edictum.
2799 5541 3021 5597 Paratus
3050 5544 3262 5614 excepit
3286 5544 3616 5615 percussoris
3639 5545 3856 5609 ictum,

2245 5646 2299 5691 et
2321 5637 2554 5690 animum
2585 5635 2683 5689 soli
2708 5633 2816 5688 Deo
2840 5634 3111 5689 subditum
3142 5615 3302 5690 etiam
3333 5637 3443 5706 ipsa
3474 5651 3617 5690 mors
3645 5648 3860 5692 serva—

2246 5729 2322 5781 vit
2352 5728 2626 5780 invictum.
2663 5724 2902 5793 Denique
2932 5725 3063 5779 nihil
3093 5739 3213 5778 eum
3244 5727 3514 5779 revocavit
3540 5741 3569 5779 a
3599 5733 3862 5795 pastoris

2247 5818 2526 5886 gregisque
2550 5814 2812 5878 custodia,
2845 5814 3020 5868 exsilii
3053 5814 3220 5878 locus,
3251 5816 3526 5884 apparitor
3545 5815 3857 5880 violentus,

2248 5908 2633 5979 persecutionis
2665 5915 2903 5975 tempus,
2930 5905 3124 5975 judicis
3155 5916 3332 5962 metus
3357 5945 3370 5971 ,
3411 5906 3689 5960 imminens
3723 5909 3861 5972 gla-
