  <div class='ocr_page' id='page_1' title='image "/cluster/home/n/w/nwhite01/storage/ocr_20150623/65/hvd.32044015469315/378.png"; bbox 0 0 4046 6502; ppageno 0'>
   <div class='ocr_carea' id='block_1_1' title="bbox 189 430 302 502">
    <p class='ocr_par' dir='ltr' id='par_1_1' title="bbox 189 430 302 502">
     <span class='ocr_line' id='line_1_1' title="bbox 189 430 302 502; baseline 0 0"><span class='ocrx_word' id='word_1_1' title='bbox 189 430 302 502; x_wconf 74' lang='lat' dir='ltr'><strong>rm</strong></span> 
     </span>
    </p>
   </div>
   <div class='ocr_carea' id='block_1_2' title="bbox 1651 424 2066 499">
    <p class='ocr_par' dir='ltr' id='par_1_2' title="bbox 1651 424 2066 499">
     <span class='ocr_line' id='line_1_2' title="bbox 1651 424 2066 499; baseline 0.01 -21"><span class='ocrx_word' id='word_1_2' title='bbox 1651 424 1898 499; x_wconf 80' lang='lat' dir='ltr'><strong>SERMO</strong></span> <span class='ocrx_word' id='word_1_3' title='bbox 1936 424 2066 482; x_wconf 82' lang='lat' dir='ltr'><strong>vut.</strong></span> 
     </span>
    </p>
   </div>
   <div class='ocr_carea' id='block_1_3' title="bbox 3376 433 3478 508">
    <p class='ocr_par' dir='ltr' id='par_1_3' title="bbox 3376 433 3478 508">
     <span class='ocr_line' id='line_1_3' title="bbox 3376 433 3478 508; baseline 0.029 -25"><span class='ocrx_word' id='word_1_4' title='bbox 3376 433 3478 508; x_wconf 64' lang='lat' dir='ltr'><strong>vis</strong></span> 
     </span>
    </p>
   </div>
   <div class='ocr_carea' id='block_1_4' title="bbox 187 537 3471 614">
    <p class='ocr_par' dir='ltr' id='par_1_4' title="bbox 187 537 3471 614">
     <span class='ocr_line' id='line_1_4' title="bbox 187 537 3471 614; baseline -0.001 -13"><span class='ocrx_word' id='word_1_5' title='bbox 187 547 324 601; x_wconf 89' lang='lat' dir='ltr'><strong>dius</strong></span> <span class='ocrx_word' id='word_1_6' title='bbox 354 585 368 608; x_wconf 94' lang='lat'><strong>,</strong></span> <span class='ocrx_word' id='word_1_7' title='bbox 402 545 674 614; x_wconf 71' lang='lat' dir='ltr'><strong>prosimus</strong></span> <span class='ocrx_word' id='word_1_8' title='bbox 705 542 890 596; x_wconf 89' lang='lat' dir='ltr'><strong>mortis</strong></span> <span class='ocrx_word' id='word_1_9' title='bbox 917 550 1157 594; x_wconf 78' lang='lat' dir='ltr'><strong>occaSus.</strong></span> <span class='ocrx_word' id='word_1_10' title='bbox 1214 539 1341 593; x_wconf 85' lang='lat' dir='ltr'><strong>Nam</strong></span> <span class='ocrx_word' id='word_1_11' title='bbox 1393 547 1447 592; x_wconf 88' lang='lat' dir='ltr'><strong>et</strong></span> <span class='ocrx_word' id='word_1_12' title='bbox 1495 537 1546 591; x_wconf 90' lang='lat' dir='ltr'><strong>in</strong></span> <span class='ocrx_word' id='word_1_13' title='bbox 1577 538 1785 592; x_wconf 82' lang='lat' dir='ltr'><strong>exsilio</strong></span> <span class='ocrx_word' id='word_1_14' title='bbox 1814 552 1858 606; x_wconf 75' lang='grc' dir='ltr'><strong>Α</strong></span> <span class='ocrx_word' id='word_1_15' title='bbox 1890 540 2052 610; x_wconf 74' lang='lat'><strong>563</strong></span> <span class='ocrx_word' id='word_1_16' title='bbox 2078 538 2323 594; x_wconf 78' lang='lat' dir='ltr'><strong>confixus</strong></span> <span class='ocrx_word' id='word_1_17' title='bbox 2364 539 2612 594; x_wconf 86' lang='lat' dir='ltr'><strong>omnibus</strong></span> <span class='ocrx_word' id='word_1_18' title='bbox 2662 543 2936 596; x_wconf 81' lang='lat' dir='ltr'><strong>membris.</strong></span> <span class='ocrx_word' id='word_1_19' title='bbox 2980 542 3218 600; x_wconf 64' lang='lat' dir='ltr'><strong>Conﬁxae</strong></span> <span class='ocrx_word' id='word_1_20' title='bbox 3260 562 3471 611; x_wconf 77' lang='lat' dir='ltr'><strong>manus,</strong></span> 
     </span>
    </p>
   </div>
   <div class='ocr_carea' id='block_1_5' title="bbox 191 630 1794 704">
    <p class='ocr_par' dir='ltr' id='par_1_5' title="bbox 191 630 1794 704">
     <span class='ocr_line' id='line_1_5' title="bbox 191 630 1794 704; baseline -0.006 -12"><span class='ocrx_word' id='word_1_21' title='bbox 191 636 552 700; x_wconf 86' lang='lat' dir='ltr'><strong>constitutus,</strong></span> <span class='ocrx_word' id='word_1_22' title='bbox 585 645 745 704; x_wconf 88' lang='lat' dir='ltr'><strong>atque</strong></span> <span class='ocrx_word' id='word_1_23' title='bbox 770 635 836 688; x_wconf 89' lang='lat' dir='ltr'><strong>ab</strong></span> <span class='ocrx_word' id='word_1_24' title='bbox 866 631 1100 688; x_wconf 75' lang='lat' dir='ltr'><strong>Ecclesia</strong></span> <span class='ocrx_word' id='word_1_25' title='bbox 1131 632 1230 684; x_wconf 83' lang='lat' dir='ltr'><strong>sibi</strong></span> <span class='ocrx_word' id='word_1_26' title='bbox 1253 630 1536 684; x_wconf 88' lang='lat' dir='ltr'><strong>commissa</strong></span> <span class='ocrx_word' id='word_1_27' title='bbox 1566 643 1794 699; x_wconf 89' lang='lat' dir='ltr'><strong>corpore</strong></span> 
     </span>
    </p>
   </div>
   <div class='ocr_carea' id='block_1_6' title="bbox 190 722 1798 795">
    <p class='ocr_par' dir='ltr' id='par_1_6' title="bbox 190 722 1798 795">
     <span class='ocr_line' id='line_1_6' title="bbox 190 722 1798 795; baseline -0.004 -17"><span class='ocrx_word' id='word_1_28' title='bbox 190 733 417 780; x_wconf 84' lang='lat' dir='ltr'><strong>tantum</strong></span> <span class='ocrx_word' id='word_1_29' title='bbox 441 743 546 780; x_wconf 90' lang='lat' dir='ltr'><strong>non</strong></span> <span class='ocrx_word' id='word_1_30' title='bbox 576 734 756 780; x_wconf 91' lang='lat' dir='ltr'><strong>mente</strong></span> <span class='ocrx_word' id='word_1_31' title='bbox 780 733 1076 795; x_wconf 89' lang='lat' dir='ltr'><strong>separatus,</strong></span> <span class='ocrx_word' id='word_1_32' title='bbox 1104 737 1396 792; x_wconf 85' lang='lat' dir='ltr'><strong>pauperum</strong></span> <span class='ocrx_word' id='word_1_33' title='bbox 1423 722 1710 792; x_wconf 89' lang='lat' dir='ltr'><strong>alimenta;</strong></span> <span class='ocrx_word' id='word_1_34' title='bbox 1742 727 1798 773; x_wconf 91' lang='lat' dir='ltr'><strong>et</strong></span> 
     </span>
    </p>
   </div>
   <div class='ocr_carea' id='block_1_7' title="bbox 194 814 1796 884">
    <p class='ocr_par' dir='ltr' id='par_1_7' title="bbox 194 814 1796 884">
     <span class='ocr_line' id='line_1_7' title="bbox 194 814 1796 884; baseline -0.006 -12"><span class='ocrx_word' id='word_1_35' title='bbox 194 819 258 872; x_wconf 88' lang='lat' dir='ltr'><strong>in</strong></span> <span class='ocrx_word' id='word_1_36' title='bbox 307 820 523 874; x_wconf 87' lang='lat' dir='ltr'><strong>occulto</strong></span> <span class='ocrx_word' id='word_1_37' title='bbox 559 817 912 872; x_wconf 84' lang='lat' dir='ltr'><strong>absconditus</strong></span> <span class='ocrx_word' id='word_1_38' title='bbox 936 855 950 878; x_wconf 95' lang='lat'><strong>,</strong></span> <span class='ocrx_word' id='word_1_39' title='bbox 995 814 1284 884; x_wconf 75' lang='lat' dir='ltr'><strong>disciplina:</strong></span> <span class='ocrx_word' id='word_1_40' title='bbox 1319 827 1633 874; x_wconf 88' lang='lat' dir='ltr'><strong>censuram;</strong></span> <span class='ocrx_word' id='word_1_41' title='bbox 1674 819 1728 865; x_wconf 90' lang='lat' dir='ltr'><strong>et</strong></span> <span class='ocrx_word' id='word_1_42' title='bbox 1765 824 1796 863; x_wconf 89' lang='lat' dir='ltr'><strong>a</strong></span> 
     </span>
    </p>
   </div>
   <div class='ocr_carea' id='block_1_8' title="bbox 197 899 1827 978">
    <p class='ocr_par' dir='ltr' id='par_1_8' title="bbox 197 899 1827 978">
     <span class='ocr_line' id='line_1_8' title="bbox 197 899 1827 978; baseline -0.008 -13"><span class='ocrx_word' id='word_1_43' title='bbox 197 909 454 978; x_wconf 80' lang='lat' dir='ltr'><strong>principe</strong></span> <span class='ocrx_word' id='word_1_44' title='bbox 480 909 744 971; x_wconf 87' lang='lat' dir='ltr'><strong>detentus,</strong></span> <span class='ocrx_word' id='word_1_45' title='bbox 781 907 1039 974; x_wconf 77' lang='lat' dir='ltr'><strong>virginum</strong></span> <span class='ocrx_word' id='word_1_46' title='bbox 1072 904 1408 974; x_wconf 78' lang='lat' dir='ltr'><strong>pudicitiam;</strong></span> <span class='ocrx_word' id='word_1_47' title='bbox 1445 911 1500 956; x_wconf 91' lang='lat' dir='ltr'><strong>et</strong></span> <span class='ocrx_word' id='word_1_48' title='bbox 1527 900 1593 954; x_wconf 92' lang='lat' dir='ltr'><strong>ad</strong></span> <span class='ocrx_word' id='word_1_49' title='bbox 1625 899 1796 954; x_wconf 89' lang='lat' dir='ltr'><strong>tribu-</strong></span> <span class='ocrx_word' id='word_1_50' title='bbox 1822 900 1827 906; x_wconf 82' lang='grc'><em>’</em></span> 
     </span>
    </p>
   </div>
   <div class='ocr_carea' id='block_1_9' title="bbox 200 990 1796 1070">
    <p class='ocr_par' dir='ltr' id='par_1_9' title="bbox 200 990 1796 1070">
     <span class='ocr_line' id='line_1_9' title="bbox 200 990 1796 1070; baseline -0.006 -17"><span class='ocrx_word' id='word_1_51' title='bbox 200 1001 301 1054; x_wconf 86' lang='lat' dir='ltr'><strong>nal</strong></span> <span class='ocrx_word' id='word_1_52' title='bbox 331 1001 486 1070; x_wconf 80' lang='lat'><strong>567</strong></span> <span class='ocrx_word' id='word_1_53' title='bbox 525 998 830 1063; x_wconf 79' lang='lat' dir='ltr'><strong>exhibitas,</strong></span> <span class='ocrx_word' id='word_1_54' title='bbox 879 997 1197 1052; x_wconf 90' lang='lat' dir='ltr'><strong>clericorum</strong></span> <span class='ocrx_word' id='word_1_55' title='bbox 1245 995 1499 1056; x_wconf 87' lang='lat' dir='ltr'><strong>tutelam;</strong></span> <span class='ocrx_word' id='word_1_56' title='bbox 1549 1001 1603 1046; x_wconf 93' lang='lat' dir='ltr'><strong>et</strong></span> <span class='ocrx_word' id='word_1_57' title='bbox 1638 990 1796 1044; x_wconf 85' lang='lat' dir='ltr'><strong>minis</strong></span> 
     </span>
    </p>
   </div>
   <div class='ocr_carea' id='block_1_10' title="bbox 203 1084 1816 1154">
    <p class='ocr_par' dir='ltr' id='par_1_10' title="bbox 203 1084 1816 1154">
     <span class='ocr_line' id='line_1_10' title="bbox 203 1084 1816 1154; baseline -0.005 -12"><span class='ocrx_word' id='word_1_58' title='bbox 203 1100 389 1154; x_wconf 84' lang='lat' dir='ltr'><strong>actus,</strong></span> <span class='ocrx_word' id='word_1_59' title='bbox 429 1091 700 1144; x_wconf 79' lang='lat' dir='ltr'><strong>robustam</strong></span> <span class='ocrx_word' id='word_1_60' title='bbox 729 1088 1149 1150; x_wconf 86' lang='lat' dir='ltr'><strong>conscientiam;</strong></span> <span class='ocrx_word' id='word_1_61' title='bbox 1199 1095 1254 1140; x_wconf 91' lang='lat' dir='ltr'><strong>et</strong></span> <span class='ocrx_word' id='word_1_62' title='bbox 1289 1084 1511 1138; x_wconf 87' lang='lat' dir='ltr'><strong>subdole</strong></span> <span class='ocrx_word' id='word_1_63' title='bbox 1539 1097 1816 1143; x_wconf 84' lang='lat' dir='ltr'><strong>eonsum—_</strong></span> 
     </span>
    </p>
   </div>
   <div class='ocr_carea' id='block_1_11' title="bbox 203 1171 1792 1256">
    <p class='ocr_par' dir='ltr' id='par_1_11' title="bbox 203 1171 1792 1256">
     <span class='ocr_line' id='line_1_11' title="bbox 203 1171 1792 1256; baseline -0.005 -25"><span class='ocrx_word' id='word_1_64' title='bbox 203 1188 358 1249; x_wconf 88' lang='lat' dir='ltr'><strong>ptus,</strong></span> <span class='ocrx_word' id='word_1_65' title='bbox 390 1180 682 1250; x_wconf 85' lang='lat' dir='ltr'><strong>spiritalem</strong></span> <span class='ocrx_word' id='word_1_66' title='bbox 705 1179 996 1242; x_wconf 80' lang='lat' dir='ltr'><strong>cautelam;</strong></span> <span class='ocrx_word' id='word_1_67' title='bbox 1027 1185 1081 1232; x_wconf 91' lang='lat' dir='ltr'><strong>et</strong></span> <span class='ocrx_word' id='word_1_68' title='bbox 1109 1177 1288 1256; x_wconf 72' lang='lat' dir='ltr'><strong>inique</strong></span> <span class='ocrx_word' id='word_1_69' title='bbox 1312 1174 1602 1244; x_wconf 85' lang='lat' dir='ltr'><strong>judicatus,</strong></span> <span class='ocrx_word' id='word_1_70' title='bbox 1635 1171 1792 1227; x_wconf 79' lang='lat' dir='ltr'><strong>Chri-</strong></span> 
     </span>
    </p>
   </div>
   <div class='ocr_carea' id='block_1_12' title="bbox 203 1263 1796 1339">
    <p class='ocr_par' dir='ltr' id='par_1_12' title="bbox 203 1263 1796 1339">
     <span class='ocr_line' id='line_1_12' title="bbox 203 1263 1796 1339; baseline -0.004 -15"><span class='ocrx_word' id='word_1_71' title='bbox 203 1271 443 1325; x_wconf 83' lang='lat' dir='ltr'><strong>stianam</strong></span> <span class='ocrx_word' id='word_1_72' title='bbox 469 1270 782 1339; x_wconf 87' lang='lat' dir='ltr'><strong>patientiam</strong></span> <span class='ocrx_word' id='word_1_73' title='bbox 809 1269 1116 1323; x_wconf 82' lang='lat' dir='ltr'><strong>custodivit.</strong></span> <span class='ocrx_word' id='word_1_74' title='bbox 1169 1264 1384 1320; x_wconf 83' lang='lat' dir='ltr'><strong>Plebem</strong></span> <span class='ocrx_word' id='word_1_75' title='bbox 1431 1263 1796 1332; x_wconf 83' lang='lat' dir='ltr'><strong>frequentibus</strong></span> 
     </span>
    </p>
   </div>
   <div class='ocr_carea' id='block_1_13' title="bbox 207 1354 1794 1429">
    <p class='ocr_par' dir='ltr' id='par_1_13' title="bbox 207 1354 1794 1429">
     <span class='ocr_line' id='line_1_13' title="bbox 207 1354 1794 1429; baseline -0.003 -16"><span class='ocrx_word' id='word_1_76' title='bbox 207 1361 410 1415; x_wconf 85' lang='lat' dir='ltr'><strong>litteris</strong></span> <span class='ocrx_word' id='word_1_77' title='bbox 439 1361 752 1425; x_wconf 84' lang='lat' dir='ltr'><strong>admonens,</strong></span> <span class='ocrx_word' id='word_1_78' title='bbox 781 1361 968 1429; x_wconf 80' lang='lat' dir='ltr'><strong>inopes</strong></span> <span class='ocrx_word' id='word_1_79' title='bbox 987 1359 1304 1426; x_wconf 75' lang='lat' dir='ltr'><strong>largioribus</strong></span> <span class='ocrx_word' id='word_1_80' title='bbox 1330 1355 1683 1424; x_wconf 86' lang='lat' dir='ltr'><strong>elcemosynis</strong></span> <span class='ocrx_word' id='word_1_81' title='bbox 1712 1354 1794 1408; x_wconf 87' lang='lat' dir='ltr'><strong>fo-</strong></span> 
     </span>
    </p>
   </div>
   <div class='ocr_carea' id='block_1_14' title="bbox 206 1443 1795 1521">
    <p class='ocr_par' dir='ltr' id='par_1_14' title="bbox 206 1443 1795 1521">
     <span class='ocr_line' id='line_1_14' title="bbox 206 1443 1795 1521; baseline -0.006 -14"><span class='ocrx_word' id='word_1_82' title='bbox 206 1451 292 1507; x_wconf 83' lang='lat' dir='ltr'><strong>.vit</strong></span> <span class='ocrx_word' id='word_1_83' title='bbox 319 1491 333 1513; x_wconf 92' lang='lat'><strong>,</strong></span> <span class='ocrx_word' id='word_1_84' title='bbox 385 1460 664 1521; x_wconf 82' lang='lat' dir='ltr'><strong>martyres</strong></span> <span class='ocrx_word' id='word_1_85' title='bbox 695 1450 1045 1504; x_wconf 78' lang='lat' dir='ltr'><strong>hortamentis</strong></span> <span class='ocrx_word' id='word_1_86' title='bbox 1093 1449 1292 1518; x_wconf 88' lang='lat' dir='ltr'><strong>pariter</strong></span> <span class='ocrx_word' id='word_1_87' title='bbox 1333 1455 1388 1500; x_wconf 91' lang='lat' dir='ltr'><strong>et</strong></span> <span class='ocrx_word' id='word_1_88' title='bbox 1429 1445 1692 1514; x_wconf 78' lang='lat' dir='ltr'><strong>exemplis</strong></span> <span class='ocrx_word' id='word_1_89' title='bbox 1727 1443 1795 1497; x_wconf 90' lang='lat' dir='ltr'><strong>ad</strong></span> 
     </span>
    </p>
   </div>
   <div class='ocr_carea' id='block_1_15' title="bbox 209 1535 1794 1612">
    <p class='ocr_par' dir='ltr' id='par_1_15' title="bbox 209 1535 1794 1612">
     <span class='ocr_line' id='line_1_15' title="bbox 209 1535 1794 1612; baseline -0.004 -18"><span class='ocrx_word' id='word_1_90' title='bbox 209 1542 552 1596; x_wconf 82' lang='lat' dir='ltr'><strong>subeundum</strong></span> <span class='ocrx_word' id='word_1_91' title='bbox 583 1543 820 1612; x_wconf 66' lang='lat' dir='ltr'><strong>pratlium</strong></span> <span class='ocrx_word' id='word_1_92' title='bbox 866 1541 1173 1611; x_wconf 90' lang='lat' dir='ltr'><strong>promovit,</strong></span> <span class='ocrx_word' id='word_1_93' title='bbox 1210 1548 1265 1594; x_wconf 88' lang='lat' dir='ltr'><strong>et</strong></span> <span class='ocrx_word' id='word_1_94' title='bbox 1291 1539 1463 1593; x_wconf 89' lang='lat' dir='ltr'><strong>donec</strong></span> <span class='ocrx_word' id='word_1_95' title='bbox 1491 1544 1653 1607; x_wconf 88' lang='lat' dir='ltr'><strong>ponat</strong></span> <span class='ocrx_word' id='word_1_96' title='bbox 1679 1535 1794 1588; x_wconf 90' lang='lat' dir='ltr'><strong>ani—</strong></span> 
     </span>
    </p>
   </div>
   <div class='ocr_carea' id='block_1_16' title="bbox 210 1630 972 1694">
    <p class='ocr_par' dir='ltr' id='par_1_16' title="bbox 210 1630 972 1694">
     <span class='ocr_line' id='line_1_16' title="bbox 210 1630 972 1694; baseline -0.001 -11"><span class='ocrx_word' id='word_1_97' title='bbox 210 1645 379 1694; x_wconf 88' lang='lat' dir='ltr'><strong>mam,</strong></span> <span class='ocrx_word' id='word_1_98' title='bbox 408 1646 516 1684; x_wconf 91' lang='lat' dir='ltr'><strong>non</strong></span> <span class='ocrx_word' id='word_1_99' title='bbox 543 1630 745 1686; x_wconf 85' lang='lat' dir='ltr'><strong>deserit</strong></span> <span class='ocrx_word' id='word_1_100' title='bbox 770 1645 972 1685; x_wconf 89' lang='lat' dir='ltr'><strong>curam.</strong></span> 
     </span>
    </p>
   </div>
   <div class='ocr_carea' id='block_1_17' title="bbox 286 1716 1794 1788">
    <p class='ocr_par' dir='ltr' id='par_1_17' title="bbox 286 1716 1794 1788">
     <span class='ocr_line' id='line_1_17' title="bbox 286 1716 1794 1788; baseline 0 -18"><span class='ocrx_word' id='word_1_101' title='bbox 286 1718 340 1771; x_wconf 80' lang='lat'><strong>5.</strong></span> <span class='ocrx_word' id='word_1_102' title='bbox 373 1718 610 1786; x_wconf 86' lang='lat' dir='ltr'><strong>Denique</strong></span> <span class='ocrx_word' id='word_1_103' title='bbox 649 1719 946 1774; x_wconf 85' lang='lat' dir='ltr'><strong>custoditur</strong></span> <span class='ocrx_word' id='word_1_104' title='bbox 973 1728 1028 1774; x_wconf 92' lang='lat' dir='ltr'><strong>et</strong></span> <span class='ocrx_word' id='word_1_105' title='bbox 1069 1720 1320 1784; x_wconf 82' lang='lat' dir='ltr'><strong>custodit,</strong></span> <span class='ocrx_word' id='word_1_106' title='bbox 1353 1718 1555 1788; x_wconf 85' lang='lat' dir='ltr'><strong>proprii</strong></span> <span class='ocrx_word' id='word_1_107' title='bbox 1592 1716 1794 1771; x_wconf 90' lang='lat' dir='ltr'><strong>doloris</strong></span> 
     </span>
    </p>
   </div>
   <div class='ocr_carea' id='block_1_18' title="bbox 210 1808 1791 1879">
    <p class='ocr_par' dir='ltr' id='par_1_18' title="bbox 210 1808 1791 1879">
     <span class='ocr_line' id='line_1_18' title="bbox 210 1808 1791 1879; baseline -0.001 -16"><span class='ocrx_word' id='word_1_108' title='bbox 210 1824 295 1863; x_wconf 80' lang='lat' dir='ltr'><strong>se:</strong></span> <span class='ocrx_word' id='word_1_109' title='bbox 311 1825 441 1863; x_wconf 90' lang='lat' dir='ltr'><strong>urus</strong></span> <span class='ocrx_word' id='word_1_110' title='bbox 463 1815 820 1879; x_wconf 71' lang='lat' dir='ltr'><strong>contemptor,</strong></span> <span class='ocrx_word' id='word_1_111' title='bbox 869 1809 1025 1864; x_wconf 87' lang='lat' dir='ltr'><strong>alieni</strong></span> <span class='ocrx_word' id='word_1_112' title='bbox 1051 1808 1270 1879; x_wconf 87' lang='lat' dir='ltr'><strong>pudoris</strong></span> <span class='ocrx_word' id='word_1_113' title='bbox 1291 1809 1550 1865; x_wconf 88' lang='lat' dir='ltr'><strong>sollicitus</strong></span> <span class='ocrx_word' id='word_1_114' title='bbox 1572 1822 1791 1862; x_wconf 88' lang='lat' dir='ltr'><strong>conser-</strong></span> 
     </span>
    </p>
   </div>
   <div class='ocr_carea' id='block_1_19' title="bbox 1900 631 3476 708">
    <p class='ocr_par' dir='ltr' id='par_1_19' title="bbox 1900 631 3476 708">
     <span class='ocr_line' id='line_1_19' title="bbox 1900 631 3476 708; baseline 0.005 -22"><span class='ocrx_word' id='word_1_115' title='bbox 1900 631 2094 686; x_wconf 83' lang='lat' dir='ltr'><strong>confixi</strong></span> <span class='ocrx_word' id='word_1_116' title='bbox 2117 633 2298 702; x_wconf 83' lang='lat' dir='ltr'><strong>pedes,</strong></span> <span class='ocrx_word' id='word_1_117' title='bbox 2328 631 2535 686; x_wconf 83' lang='lat' dir='ltr'><strong>conlixa</strong></span> <span class='ocrx_word' id='word_1_118' title='bbox 2559 634 2738 687; x_wconf 89' lang='lat' dir='ltr'><strong>omnia</strong></span> <span class='ocrx_word' id='word_1_119' title='bbox 2763 634 3023 707; x_wconf 86' lang='lat' dir='ltr'><strong>membra.</strong></span> <span class='ocrx_word' id='word_1_120' title='bbox 3057 635 3249 692; x_wconf 91' lang='lat' dir='ltr'><strong>Totum</strong></span> <span class='ocrx_word' id='word_1_121' title='bbox 3279 656 3476 708; x_wconf 87' lang='lat' dir='ltr'><strong>corpus</strong></span> 
     </span>
    </p>
   </div>
   <div class='ocr_carea' id='block_1_20' title="bbox 1900 725 3474 796">
    <p class='ocr_par' dir='ltr' id='par_1_20' title="bbox 1900 725 3474 796">
     <span class='ocr_line' id='line_1_20' title="bbox 1900 725 3474 796; baseline 0.005 -18"><span class='ocrx_word' id='word_1_122' title='bbox 1900 726 1953 779; x_wconf 94' lang='lat' dir='ltr'><strong>in</strong></span> <span class='ocrx_word' id='word_1_123' title='bbox 1982 741 2142 780; x_wconf 88' lang='lat' dir='ltr'><strong>cruce</strong></span> <span class='ocrx_word' id='word_1_124' title='bbox 2167 725 2446 792; x_wconf 79' lang='lat' dir='ltr'><strong>ligchatur,</strong></span> <span class='ocrx_word' id='word_1_125' title='bbox 2500 734 2556 779; x_wconf 94' lang='lat' dir='ltr'><strong>et</strong></span> <span class='ocrx_word' id='word_1_126' title='bbox 2585 734 2760 780; x_wconf 90' lang='lat' dir='ltr'><strong>tamen</strong></span> <span class='ocrx_word' id='word_1_127' title='bbox 2793 726 2972 794; x_wconf 79' lang='lat' dir='ltr'><strong>lingua</strong></span> <span class='ocrx_word' id='word_1_128' title='bbox 3001 727 3218 796; x_wconf 85' lang='lat' dir='ltr'><strong>Christo</strong></span> <span class='ocrx_word' id='word_1_129' title='bbox 3248 727 3443 786; x_wconf 87' lang='lat' dir='ltr'><strong>confite</strong></span> <span class='ocrx_word' id='word_1_130' title='bbox 3462 762 3474 771; x_wconf 84' lang='lat'><strong>-</strong></span> 
     </span>
    </p>
   </div>
   <div class='ocr_carea' id='block_1_21' title="bbox 1897 813 3469 877">
    <p class='ocr_par' dir='ltr' id='par_1_21' title="bbox 1897 813 3469 877">
     <span class='ocr_line' id='line_1_21' title="bbox 1897 813 3469 877; baseline 0.005 -9"><span class='ocrx_word' id='word_1_131' title='bbox 1897 815 2085 872; x_wconf 64' lang='lat' dir='ltr'><strong>batur.</strong></span> <span class='ocrx_word' id='word_1_132' title='bbox 2112 813 2257 868; x_wconf 88' lang='lat' dir='ltr'><strong>Unus</strong></span> <span class='ocrx_word' id='word_1_133' title='bbox 2292 822 2472 868; x_wconf 90' lang='lat' dir='ltr'><strong>autem</strong></span> <span class='ocrx_word' id='word_1_134' title='bbox 2503 815 2651 869; x_wconf 90' lang='lat' dir='ltr'><strong>locus</strong></span> <span class='ocrx_word' id='word_1_135' title='bbox 2682 823 2799 870; x_wconf 90' lang='lat' dir='ltr'><strong>erat</strong></span> <span class='ocrx_word' id='word_1_136' title='bbox 2846 817 3002 870; x_wconf 90' lang='lat' dir='ltr'><strong>trium</strong></span> <span class='ocrx_word' id='word_1_137' title='bbox 3042 817 3420 877; x_wconf 81' lang='lat' dir='ltr'><strong>crucifixorum</strong></span> <span class='ocrx_word' id='word_1_138' title='bbox 3453 838 3469 876; x_wconf 91' lang='lat'><strong>:</strong></span> 
     </span>
    </p>
   </div>
   <div class='ocr_carea' id='block_1_22' title="bbox 1899 905 3476 980">
    <p class='ocr_par' dir='ltr' id='par_1_22' title="bbox 1899 905 3476 980">
     <span class='ocr_line' id='line_1_22' title="bbox 1899 905 3476 980; baseline 0.004 -22"><span class='ocrx_word' id='word_1_139' title='bbox 1899 905 1950 958; x_wconf 92' lang='lat' dir='ltr'><strong>in</strong></span> <span class='ocrx_word' id='word_1_140' title='bbox 1983 905 2162 960; x_wconf 90' lang='lat' dir='ltr'><strong>medio</strong></span> <span class='ocrx_word' id='word_1_141' title='bbox 2192 906 2486 971; x_wconf 89' lang='lat' dir='ltr'><strong>Dominus,</strong></span> <span class='ocrx_word' id='word_1_142' title='bbox 2536 907 2626 974; x_wconf 88' lang='lat' dir='ltr'><strong>qui</strong></span> <span class='ocrx_word' id='word_1_143' title='bbox 2668 909 2805 960; x_wconf 86' lang='lat' dir='ltr'><strong>inter</strong></span> <span class='ocrx_word' id='word_1_144' title='bbox 2850 909 3052 978; x_wconf 78' lang='lat' dir='ltr'><strong>iniquos</strong></span> <span class='ocrx_word' id='word_1_145' title='bbox 3082 908 3355 980; x_wconf 76' lang='lat' dir='ltr'><strong>deputatus</strong></span> <span class='ocrx_word' id='word_1_146' title='bbox 3397 921 3476 966; x_wconf 77' lang='lat' dir='ltr'><strong>est</strong></span> 
     </span>
    </p>
   </div>
   <div class='ocr_carea' id='block_1_23' title="bbox 1895 994 3476 1069">
    <p class='ocr_par' dir='ltr' id='par_1_23' title="bbox 1895 994 3476 1069">
     <span class='ocr_line' id='line_1_23' title="bbox 1895 994 3476 1069; baseline 0.005 -22"><span class='ocrx_word' id='word_1_147' title='bbox 1895 994 2056 1064; x_wconf 80' lang='lat' dir='ltr'><strong>(Isai.</strong></span> <span class='ocrx_word' id='word_1_148' title='bbox 2087 1011 2196 1059; x_wconf 83' lang='lat' dir='ltr'><strong>un,</strong></span> <span class='ocrx_word' id='word_1_149' title='bbox 2224 994 2312 1065; x_wconf 72' lang='lat' dir='ltr'><strong>l2)</strong></span> <span class='ocrx_word' id='word_1_150' title='bbox 2342 1013 2354 1047; x_wconf 92' lang='lat'><strong>:</strong></span> <span class='ocrx_word' id='word_1_151' title='bbox 2387 995 2522 1048; x_wconf 91' lang='lat' dir='ltr'><strong>duos</strong></span> <span class='ocrx_word' id='word_1_152' title='bbox 2545 996 2782 1050; x_wconf 87' lang='lat' dir='ltr'><strong>latrones</strong></span> <span class='ocrx_word' id='word_1_153' title='bbox 2810 997 2934 1050; x_wconf 91' lang='lat' dir='ltr'><strong>hinc</strong></span> <span class='ocrx_word' id='word_1_154' title='bbox 2953 1007 3113 1066; x_wconf 88' lang='lat' dir='ltr'><strong>atque</strong></span> <span class='ocrx_word' id='word_1_155' title='bbox 3134 998 3255 1054; x_wconf 89' lang='lat' dir='ltr'><strong>inde</strong></span> <span class='ocrx_word' id='word_1_156' title='bbox 3287 1015 3476 1069; x_wconf 70' lang='lat' dir='ltr'><strong>posue-</strong></span> 
     </span>
    </p>
   </div>
   <div class='ocr_carea' id='block_1_24' title="bbox 1894 1083 3473 1148">
    <p class='ocr_par' dir='ltr' id='par_1_24' title="bbox 1894 1083 3473 1148">
     <span class='ocr_line' id='line_1_24' title="bbox 1894 1083 3473 1148; baseline 0.004 -12"><span class='ocrx_word' id='word_1_157' title='bbox 1894 1091 2038 1148; x_wconf 90' lang='lat' dir='ltr'><strong>runt,</strong></span> <span class='ocrx_word' id='word_1_158' title='bbox 2068 1083 2160 1136; x_wconf 91' lang='lat' dir='ltr'><strong>sed</strong></span> <span class='ocrx_word' id='word_1_159' title='bbox 2191 1097 2407 1136; x_wconf 86' lang='lat' dir='ltr'><strong>causam</strong></span> <span class='ocrx_word' id='word_1_160' title='bbox 2435 1083 2664 1138; x_wconf 90' lang='lat' dir='ltr'><strong>similem</strong></span> <span class='ocrx_word' id='word_1_161' title='bbox 2696 1100 2802 1138; x_wconf 92' lang='lat' dir='ltr'><strong>non</strong></span> <span class='ocrx_word' id='word_1_162' title='bbox 2831 1085 3152 1139; x_wconf 90' lang='lat' dir='ltr'><strong>habuerunt.</strong></span> <span class='ocrx_word' id='word_1_163' title='bbox 3188 1085 3473 1144; x_wconf 84' lang='lat' dir='ltr'><strong>Laterihus</strong></span> 
     </span>
    </p>
   </div>
   <div class='ocr_carea' id='block_1_25' title="bbox 1887 1172 3469 1254">
    <p class='ocr_par' dir='ltr' id='par_1_25' title="bbox 1887 1172 3469 1254">
     <span class='ocr_line' id='line_1_25' title="bbox 1887 1172 3469 1254; baseline 0.004 -28"><span class='ocrx_word' id='word_1_164' title='bbox 1887 1173 2178 1242; x_wconf 84' lang='lat' dir='ltr'><strong>pendentis</strong></span> <span class='ocrx_word' id='word_1_165' title='bbox 2221 1172 2675 1254; x_wconf 83' lang='lat' dir='ltr'><strong>adjungebantur,</strong></span> <span class='ocrx_word' id='word_1_166' title='bbox 2723 1173 2815 1228; x_wconf 91' lang='lat' dir='ltr'><strong>sed</strong></span> <span class='ocrx_word' id='word_1_167' title='bbox 2857 1173 3469 1244; x_wconf 85' lang='lat' dir='ltr'><strong>longe-separahantur.</strong></span> 
     </span>
    </p>
   </div>
   <div class='ocr_carea' id='block_1_26' title="bbox 1893 1264 3499 1332">
    <p class='ocr_par' dir='ltr' id='par_1_26' title="bbox 1893 1264 3499 1332">
     <span class='ocr_line' id='line_1_26' title="bbox 1893 1264 3499 1332; baseline 0.005 -14"><span class='ocrx_word' id='word_1_168' title='bbox 1893 1265 2022 1319; x_wconf 88' lang='lat' dir='ltr'><strong>Illos</strong></span> <span class='ocrx_word' id='word_1_169' title='bbox 2033 1264 2413 1320; x_wconf 83' lang='lat' dir='ltr'><strong>crucilixerunt</strong></span> <span class='ocrx_word' id='word_1_170' title='bbox 2425 1265 2658 1320; x_wconf 88' lang='lat' dir='ltr'><strong>facinora</strong></span> <span class='ocrx_word' id='word_1_171' title='bbox 2675 1282 2792 1331; x_wconf 89' lang='lat' dir='ltr'><strong>sua,</strong></span> <span class='ocrx_word' id='word_1_172' title='bbox 2806 1264 3076 1322; x_wconf 90' lang='lat' dir='ltr'><strong>Christum</strong></span> <span class='ocrx_word' id='word_1_173' title='bbox 3093 1269 3474 1326; x_wconf 79' lang='lat' dir='ltr'><strong>crucifixerunt</strong></span> <span class='ocrx_word' id='word_1_174' title='bbox 3496 1329 3499 1332; x_wconf 65' lang='grc'><strong>,</strong></span> 
     </span>
    </p>
   </div>
   <div class='ocr_carea' id='block_1_27' title="bbox 1891 1356 3472 1428">
    <p class='ocr_par' dir='ltr' id='par_1_27' title="bbox 1891 1356 3472 1428">
     <span class='ocr_line' id='line_1_27' title="bbox 1891 1356 3472 1428; baseline 0.004 -18"><span class='ocrx_word' id='word_1_175' title='bbox 1891 1364 2111 1426; x_wconf 88' lang='lat' dir='ltr'><strong>peccata</strong></span> <span class='ocrx_word' id='word_1_176' title='bbox 2138 1363 2338 1411; x_wconf 69' lang='lat' dir='ltr'><strong>nostra.</strong></span> <span class='ocrx_word' id='word_1_177' title='bbox 2388 1356 2586 1410; x_wconf 58' lang='lat' dir='ltr'><strong>Verum</strong></span> <span class='ocrx_word' id='word_1_178' title='bbox 2627 1358 2790 1411; x_wconf 86' lang='lat' dir='ltr'><strong>etiam</strong></span> <span class='ocrx_word' id='word_1_179' title='bbox 2831 1359 2884 1411; x_wconf 92' lang='lat' dir='ltr'><strong>in</strong></span> <span class='ocrx_word' id='word_1_180' title='bbox 2915 1374 3022 1412; x_wconf 91' lang='lat' dir='ltr'><strong>uno</strong></span> <span class='ocrx_word' id='word_1_181' title='bbox 3061 1358 3298 1428; x_wconf 88' lang='lat' dir='ltr'><strong>ipsorum</strong></span> <span class='ocrx_word' id='word_1_182' title='bbox 3341 1363 3472 1417; x_wconf 87' lang='lat' dir='ltr'><strong>satis</strong></span> 
     </span>
    </p>
   </div>
   <div class='ocr_carea' id='block_1_28' title="bbox 1892 1447 3464 1522">
    <p class='ocr_par' dir='ltr' id='par_1_28' title="bbox 1892 1447 3464 1522">
     <span class='ocr_line' id='line_1_28' title="bbox 1892 1447 3464 1522; baseline 0.005 -21"><span class='ocrx_word' id='word_1_183' title='bbox 1892 1447 2142 1517; x_wconf 86' lang='lat' dir='ltr'><strong>apparuit</strong></span> <span class='ocrx_word' id='word_1_184' title='bbox 2171 1456 2426 1516; x_wconf 91' lang='lat' dir='ltr'><strong>quantum</strong></span> <span class='ocrx_word' id='word_1_185' title='bbox 2461 1449 2662 1503; x_wconf 88' lang='lat' dir='ltr'><strong>valeret</strong></span> <span class='ocrx_word' id='word_1_186' title='bbox 2714 1465 2820 1503; x_wconf 92' lang='lat' dir='ltr'><strong>non</strong></span> <span class='ocrx_word' id='word_1_187' title='bbox 2862 1451 3132 1506; x_wconf 91' lang='lat' dir='ltr'><strong>cruciatus</strong></span> <span class='ocrx_word' id='word_1_188' title='bbox 3153 1453 3464 1522; x_wconf 87' lang='lat' dir='ltr'><strong>pendentis,</strong></span> 
     </span>
    </p>
   </div>
   <div class='ocr_carea' id='block_1_29' title="bbox 1891 1540 3472 1618">
    <p class='ocr_par' dir='ltr' id='par_1_29' title="bbox 1891 1540 3472 1618">
     <span class='ocr_line' id='line_1_29' title="bbox 1891 1540 3472 1618; baseline 0.006 -24"><span class='ocrx_word' id='word_1_189' title='bbox 1891 1541 1983 1595; x_wconf 87' lang='lat' dir='ltr'><strong>sed</strong></span> <span class='ocrx_word' id='word_1_190' title='bbox 1999 1541 2171 1610; x_wconf 92' lang='lat' dir='ltr'><strong>pietas</strong></span> <span class='ocrx_word' id='word_1_191' title='bbox 2191 1540 2514 1596; x_wconf 80' lang='lat' dir='ltr'><strong>confitentis.</strong></span> <span class='ocrx_word' id='word_1_192' title='bbox 2532 1541 2827 1610; x_wconf 82' lang='lat' dir='ltr'><strong>Acquisivit</strong></span> <span class='ocrx_word' id='word_1_193' title='bbox 2849 1544 2986 1599; x_wconf 90' lang='lat' dir='ltr'><strong>latro</strong></span> <span class='ocrx_word' id='word_1_194' title='bbox 3011 1545 3062 1598; x_wconf 92' lang='lat' dir='ltr'><strong>in</strong></span> <span class='ocrx_word' id='word_1_195' title='bbox 3088 1545 3276 1601; x_wconf 90' lang='lat' dir='ltr'><strong>dolore</strong></span> <span class='ocrx_word' id='word_1_196' title='bbox 3324 1550 3472 1618; x_wconf 85' lang='lat' dir='ltr'><strong>quod</strong></span> 
     </span>
    </p>
   </div>
   <div class='ocr_carea' id='block_1_30' title="bbox 1894 1630 3470 1699">
    <p class='ocr_par' dir='ltr' id='par_1_30' title="bbox 1894 1630 3470 1699">
     <span class='ocr_line' id='line_1_30' title="bbox 1894 1630 3470 1699; baseline 0.006 -15"><span class='ocrx_word' id='word_1_197' title='bbox 1894 1630 2081 1695; x_wconf 87' lang='lat' dir='ltr'><strong>Petrus</strong></span> <span class='ocrx_word' id='word_1_198' title='bbox 2110 1631 2414 1699; x_wconf 88' lang='lat' dir='ltr'><strong>perdiderat</strong></span> <span class='ocrx_word' id='word_1_199' title='bbox 2445 1633 2495 1686; x_wconf 90' lang='lat' dir='ltr'><strong>in</strong></span> <span class='ocrx_word' id='word_1_200' title='bbox 2525 1633 2737 1687; x_wconf 87' lang='lat' dir='ltr'><strong>timore.</strong></span> <span class='ocrx_word' id='word_1_201' title='bbox 2769 1633 2960 1688; x_wconf 86' lang='lat' dir='ltr'><strong>Scelus</strong></span> <span class='ocrx_word' id='word_1_202' title='bbox 2991 1635 3228 1698; x_wconf 85' lang='lat' dir='ltr'><strong>admisit,</strong></span> <span class='ocrx_word' id='word_1_203' title='bbox 3252 1653 3470 1694; x_wconf 87' lang='lat' dir='ltr'><strong>crucem</strong></span> 
     </span>
    </p>
   </div>
   <div class='ocr_carea' id='block_1_31' title="bbox 1891 1706 3465 1796">
    <p class='ocr_par' dir='ltr' id='par_1_31' title="bbox 1891 1706 3465 1796">
     <span class='ocr_line' id='line_1_31' title="bbox 1891 1706 3465 1796; baseline 0.005 -21"><span class='ocrx_word' id='word_1_204' title='bbox 1891 1721 2152 1785; x_wconf 89' lang='lat' dir='ltr'><strong>ascendit,</strong></span> <span class='ocrx_word' id='word_1_205' title='bbox 2205 1737 2416 1776; x_wconf 85' lang='lat' dir='ltr'><strong>causam</strong></span> <span class='ocrx_word' id='word_1_206' title='bbox 2449 1706 2703 1782; x_wconf 81' lang='lat' dir='ltr'><strong>mutavit.</strong></span> <span class='ocrx_word' id='word_1_207' title='bbox 2756 1724 3060 1792; x_wconf 84' lang='lat' dir='ltr'><strong>paradisum</strong></span> <span class='ocrx_word' id='word_1_208' title='bbox 3107 1728 3465 1796; x_wconf 84' lang='lat' dir='ltr'><strong>comparavit.</strong></span> 
     </span>
    </p>
   </div>
   <div class='ocr_carea' id='block_1_32' title="bbox 1894 1810 3471 1885">
    <p class='ocr_par' dir='ltr' id='par_1_32' title="bbox 1894 1810 3471 1885">
     <span class='ocr_line' id='line_1_32' title="bbox 1894 1810 3471 1885; baseline 0.004 -21"><span class='ocrx_word' id='word_1_209' title='bbox 1894 1810 2085 1864; x_wconf 76' lang='lat' dir='ltr'><strong>Meruit</strong></span> <span class='ocrx_word' id='word_1_210' title='bbox 2121 1811 2340 1866; x_wconf 85' lang='lat' dir='ltr'><strong>omnino</strong></span> <span class='ocrx_word' id='word_1_211' title='bbox 2364 1826 2577 1865; x_wconf 85' lang='lat' dir='ltr'><strong>causam</strong></span> <span class='ocrx_word' id='word_1_212' title='bbox 2609 1819 2840 1876; x_wconf 89' lang='lat' dir='ltr'><strong>mutare,</strong></span> <span class='ocrx_word' id='word_1_213' title='bbox 2888 1813 2978 1881; x_wconf 91' lang='lat' dir='ltr'><strong>qui</strong></span> <span class='ocrx_word' id='word_1_214' title='bbox 3009 1829 3114 1868; x_wconf 89' lang='lat' dir='ltr'><strong>non</strong></span> <span class='ocrx_word' id='word_1_215' title='bbox 3145 1818 3471 1885; x_wconf 90' lang='lat' dir='ltr'><strong>contempsit</strong></span> 
     </span>
    </p>
   </div>
   <div class='ocr_carea' id='block_1_33' title="bbox 217 1895 3470 1974">
    <p class='ocr_par' dir='ltr' id='par_1_33' title="bbox 217 1895 3470 1974">
     <span class='ocr_line' id='line_1_33' title="bbox 217 1895 3470 1974; baseline 0.002 -22"><span class='ocrx_word' id='word_1_216' title='bbox 217 1909 396 1967; x_wconf 89' lang='lat' dir='ltr'><strong>vator,</strong></span> <span class='ocrx_word' id='word_1_217' title='bbox 437 1899 556 1969; x_wconf 88' lang='lat' dir='ltr'><strong>plus</strong></span> <span class='ocrx_word' id='word_1_218' title='bbox 583 1895 829 1954; x_wconf 85' lang='lat' dir='ltr'><strong>metuens</strong></span> <span class='ocrx_word' id='word_1_219' title='bbox 855 1900 1078 1954; x_wconf 73' lang='lat' dir='ltr'><strong>luxuria:</strong></span> <span class='ocrx_word' id='word_1_220' title='bbox 1103 1915 1265 1968; x_wconf 90' lang='lat' dir='ltr'><strong>quam</strong></span> <span class='ocrx_word' id='word_1_221' title='bbox 1295 1899 1527 1954; x_wconf 69' lang='lat' dir='ltr'><strong>tristitiae</strong></span> <span class='ocrx_word' id='word_1_222' title='bbox 1547 1941 1563 1965; x_wconf 94' lang='lat'><strong>,</strong></span> <span class='ocrx_word' id='word_1_223' title='bbox 1598 1898 1793 1967; x_wconf 82' lang='lat' dir='ltr'><strong>magis-</strong></span> <span class='ocrx_word' id='word_1_224' title='bbox 1822 1907 1870 1966; x_wconf 83' lang='lat' dir='ltr'><strong>B</strong></span> <span class='ocrx_word' id='word_1_225' title='bbox 1897 1902 1948 1955; x_wconf 93' lang='lat' dir='ltr'><strong>in</strong></span> <span class='ocrx_word' id='word_1_226' title='bbox 1979 1902 2191 1956; x_wconf 90' lang='lat' dir='ltr'><strong>Christo</strong></span> <span class='ocrx_word' id='word_1_227' title='bbox 2236 1901 2638 1956; x_wconf 88' lang='lat' dir='ltr'><strong>similitudinem</strong></span> <span class='ocrx_word' id='word_1_228' title='bbox 2674 1917 2866 1970; x_wconf 63' lang='lat' dir='ltr'><strong>pirate.</strong></span> <span class='ocrx_word' id='word_1_229' title='bbox 2916 1901 3087 1957; x_wconf 65' lang='lat' dir='ltr'><strong>Judaei</strong></span> <span class='ocrx_word' id='word_1_230' title='bbox 3124 1913 3470 1974; x_wconf 88' lang='lat' dir='ltr'><strong>contempse-</strong></span> 
     </span>
    </p>
   </div>
   <div class='ocr_carea' id='block_1_34' title="bbox 214 1992 1792 2062">
    <p class='ocr_par' dir='ltr' id='par_1_34' title="bbox 214 1992 1792 2062">
     <span class='ocr_line' id='line_1_34' title="bbox 214 1992 1792 2062; baseline -0.002 -17"><span class='ocrx_word' id='word_1_231' title='bbox 214 2008 324 2061; x_wconf 90' lang='lat' dir='ltr'><strong>que</strong></span> <span class='ocrx_word' id='word_1_232' title='bbox 344 2009 542 2047; x_wconf 88' lang='lat' dir='ltr'><strong>cavens</strong></span> <span class='ocrx_word' id='word_1_233' title='bbox 561 1992 760 2047; x_wconf 91' lang='lat' dir='ltr'><strong>diaboli</strong></span> <span class='ocrx_word' id='word_1_234' title='bbox 783 1993 1199 2057; x_wconf 89' lang='lat' dir='ltr'><strong>oblectamenta,</strong></span> <span class='ocrx_word' id='word_1_235' title='bbox 1224 2007 1383 2062; x_wconf 89' lang='lat' dir='ltr'><strong>quam</strong></span> <span class='ocrx_word' id='word_1_236' title='bbox 1406 1992 1792 2060; x_wconf 87' lang='lat' dir='ltr'><strong>pertimescens</strong></span> 
     </span>
    </p>
   </div>
   <div class='ocr_carea' id='block_1_35' title="bbox 218 2080 1794 2148">
    <p class='ocr_par' dir='ltr' id='par_1_35' title="bbox 218 2080 1794 2148">
     <span class='ocr_line' id='line_1_35' title="bbox 218 2080 1794 2148; baseline -0.003 -11"><span class='ocrx_word' id='word_1_237' title='bbox 218 2083 388 2137; x_wconf 84' lang='lat' dir='ltr'><strong>multa</strong></span> <span class='ocrx_word' id='word_1_238' title='bbox 413 2091 698 2137; x_wconf 83' lang='lat' dir='ltr'><strong>tormenta.</strong></span> <span class='ocrx_word' id='word_1_239' title='bbox 725 2084 827 2137; x_wconf 86' lang='lat' dir='ltr'><strong>Pro</strong></span> <span class='ocrx_word' id='word_1_240' title='bbox 851 2081 952 2137; x_wconf 87' lang='lat' dir='ltr'><strong>lide</strong></span> <span class='ocrx_word' id='word_1_241' title='bbox 972 2083 1226 2138; x_wconf 87' lang='lat' dir='ltr'><strong>adversus</strong></span> <span class='ocrx_word' id='word_1_242' title='bbox 1251 2082 1465 2137; x_wconf 89' lang='lat' dir='ltr'><strong>leonem</strong></span> <span class='ocrx_word' id='word_1_243' title='bbox 1492 2080 1674 2148; x_wconf 82' lang='lat' dir='ltr'><strong>vigilat</strong></span> <span class='ocrx_word' id='word_1_244' title='bbox 1703 2096 1794 2132; x_wconf 88' lang='lat' dir='ltr'><strong>ru-</strong></span> 
     </span>
    </p>
   </div>
   <div class='ocr_carea' id='block_1_36' title="bbox 171 2167 1789 2252">
    <p class='ocr_par' dir='ltr' id='par_1_36' title="bbox 171 2167 1789 2252">
     <span class='ocr_line' id='line_1_36' title="bbox 171 2167 1789 2252; baseline -0.004 -28"><span class='ocrx_word' id='word_1_245' title='bbox 171 2220 184 2234; x_wconf 80' lang='lat'><strong>,</strong></span> <span class='ocrx_word' id='word_1_246' title='bbox 218 2171 454 2238; x_wconf 90' lang='lat' dir='ltr'><strong>gientem</strong></span> <span class='ocrx_word' id='word_1_247' title='bbox 475 2186 618 2252; x_wconf 80' lang='lat' dir='ltr'><strong>,_pro</strong></span> <span class='ocrx_word' id='word_1_248' title='bbox 657 2171 905 2226; x_wconf 83' lang='lat' dir='ltr'><strong>castitate</strong></span> <span class='ocrx_word' id='word_1_249' title='bbox 934 2170 1190 2226; x_wconf 86' lang='lat' dir='ltr'><strong>adversus</strong></span> <span class='ocrx_word' id='word_1_250' title='bbox 1220 2169 1522 2224; x_wconf 88' lang='lat' dir='ltr'><strong>sibilantem</strong></span> <span class='ocrx_word' id='word_1_251' title='bbox 1553 2167 1789 2221; x_wconf 80' lang='lat' dir='ltr'><strong>dimicat.</strong></span> 
     </span>
    </p>
   </div>
   <div class='ocr_carea' id='block_1_37' title="bbox 219 2255 1791 2330">
    <p class='ocr_par' dir='ltr' id='par_1_37' title="bbox 219 2255 1791 2330">
     <span class='ocr_line' id='line_1_37' title="bbox 219 2255 1791 2330; baseline -0.004 -16"><span class='ocrx_word' id='word_1_252' title='bbox 219 2260 400 2317; x_wconf 81' lang='lat' dir='ltr'><strong>Vincit</strong></span> <span class='ocrx_word' id='word_1_253' title='bbox 428 2262 482 2314; x_wconf 90' lang='lat' dir='ltr'><strong>in</strong></span> <span class='ocrx_word' id='word_1_254' title='bbox 505 2277 604 2316; x_wconf 91' lang='lat' dir='ltr'><strong>suo</strong></span> <span class='ocrx_word' id='word_1_255' title='bbox 630 2276 858 2330; x_wconf 90' lang='lat' dir='ltr'><strong>corpore</strong></span> <span class='ocrx_word' id='word_1_256' title='bbox 887 2259 1179 2329; x_wconf 88' lang='lat' dir='ltr'><strong>nequitiam</strong></span> <span class='ocrx_word' id='word_1_257' title='bbox 1220 2257 1511 2320; x_wconf 65' lang='lat' dir='ltr'><strong>smvientis,</strong></span> <span class='ocrx_word' id='word_1_258' title='bbox 1557 2256 1608 2310; x_wconf 88' lang='lat' dir='ltr'><strong>in</strong></span> <span class='ocrx_word' id='word_1_259' title='bbox 1639 2255 1791 2324; x_wconf 90' lang='lat' dir='ltr'><strong>puel-</strong></span> 
     </span>
    </p>
   </div>
   <div class='ocr_carea' id='block_1_38' title="bbox 220 2347 1795 2416">
    <p class='ocr_par' dir='ltr' id='par_1_38' title="bbox 220 2347 1795 2416">
     <span class='ocr_line' id='line_1_38' title="bbox 220 2347 1795 2416; baseline -0.004 -12"><span class='ocrx_word' id='word_1_260' title='bbox 220 2351 392 2416; x_wconf 75' lang='lat' dir='ltr'><strong>larum</strong></span> <span class='ocrx_word' id='word_1_261' title='bbox 415 2367 574 2406; x_wconf 87' lang='lat' dir='ltr'><strong>carne</strong></span> <span class='ocrx_word' id='word_1_262' title='bbox 595 2351 871 2405; x_wconf 91' lang='lat' dir='ltr'><strong>mollitiem</strong></span> <span class='ocrx_word' id='word_1_263' title='bbox 887 2349 1237 2415; x_wconf 88' lang='lat' dir='ltr'><strong>blandientis;</strong></span> <span class='ocrx_word' id='word_1_264' title='bbox 1252 2349 1464 2404; x_wconf 87' lang='lat' dir='ltr'><strong>calcans</strong></span> <span class='ocrx_word' id='word_1_265' title='bbox 1484 2347 1654 2400; x_wconf 90' lang='lat' dir='ltr'><strong>minas</strong></span> <span class='ocrx_word' id='word_1_266' title='bbox 1674 2360 1795 2414; x_wconf 89' lang='lat' dir='ltr'><strong>per-</strong></span> 
     </span>
    </p>
   </div>
   <div class='ocr_carea' id='block_1_39' title="bbox 220 2441 1792 2516">
    <p class='ocr_par' dir='ltr' id='par_1_39' title="bbox 220 2441 1792 2516">
     <span class='ocr_line' id='line_1_39' title="bbox 220 2441 1792 2516; baseline -0.007 -17"><span class='ocrx_word' id='word_1_267' title='bbox 220 2445 506 2511; x_wconf 88' lang='lat' dir='ltr'><strong>secutoris,</strong></span> <span class='ocrx_word' id='word_1_268' title='bbox 528 2443 662 2497; x_wconf 89' lang='lat' dir='ltr'><strong>vitat</strong></span> <span class='ocrx_word' id='word_1_269' title='bbox 682 2442 946 2516; x_wconf 82' lang='lat' dir='ltr'><strong>fallaciam</strong></span> <span class='ocrx_word' id='word_1_270' title='bbox 969 2441 1306 2510; x_wconf 88' lang='lat' dir='ltr'><strong>deceptoris;</strong></span> <span class='ocrx_word' id='word_1_271' title='bbox 1332 2454 1429 2493; x_wconf 91' lang='lat' dir='ltr'><strong>nec</strong></span> <span class='ocrx_word' id='word_1_272' title='bbox 1451 2441 1502 2492; x_wconf 91' lang='lat' dir='ltr'><strong>in</strong></span> <span class='ocrx_word' id='word_1_273' title='bbox 1525 2451 1792 2516; x_wconf 84' lang='lat' dir='ltr'><strong>quoquam</strong></span> 
     </span>
    </p>
   </div>
   <div class='ocr_carea' id='block_1_40' title="bbox 222 2511 1793 2604">
    <p class='ocr_par' dir='ltr' id='par_1_40' title="bbox 222 2511 1793 2604">
     <span class='ocr_line' id='line_1_40' title="bbox 222 2511 1793 2604; baseline -0.006 -15"><span class='ocrx_word' id='word_1_274' title='bbox 222 2535 418 2592; x_wconf 86' lang='lat' dir='ltr'><strong>furenti</strong></span> <span class='ocrx_word' id='word_1_275' title='bbox 440 2537 599 2598; x_wconf 90' lang='lat' dir='ltr'><strong>cedit,</strong></span> <span class='ocrx_word' id='word_1_276' title='bbox 628 2551 727 2589; x_wconf 90' lang='lat' dir='ltr'><strong>nec</strong></span> <span class='ocrx_word' id='word_1_277' title='bbox 748 2512 1037 2604; x_wconf 90' lang='lat' dir='ltr'><strong>quidquam</strong></span> <span class='ocrx_word' id='word_1_278' title='bbox 1058 2533 1222 2587; x_wconf 90' lang='lat' dir='ltr'><strong>furari</strong></span> <span class='ocrx_word' id='word_1_279' title='bbox 1246 2531 1484 2585; x_wconf 91' lang='lat' dir='ltr'><strong>violento</strong></span> <span class='ocrx_word' id='word_1_280' title='bbox 1508 2511 1793 2583; x_wconf 79' lang='lat' dir='ltr'><strong>concessit.</strong></span> 
     </span>
    </p>
   </div>
   <div class='ocr_carea' id='block_1_41' title="bbox 223 2611 1795 2694">
    <p class='ocr_par' dir='ltr' id='par_1_41' title="bbox 223 2611 1795 2694">
     <span class='ocr_line' id='line_1_41' title="bbox 223 2611 1795 2694; baseline -0.006 -14"><span class='ocrx_word' id='word_1_281' title='bbox 223 2627 456 2682; x_wconf 81' lang='lat' dir='ltr'><strong>Proinde</strong></span> <span class='ocrx_word' id='word_1_282' title='bbox 490 2626 890 2682; x_wconf 90' lang='lat' dir='ltr'><strong>considerantes</strong></span> <span class='ocrx_word' id='word_1_283' title='bbox 919 2611 1035 2694; x_wconf 87' lang='lat' dir='ltr'><strong>ejus</strong></span> <span class='ocrx_word' id='word_1_284' title='bbox 1056 2625 1272 2688; x_wconf 90' lang='lat' dir='ltr'><strong>luctam,</strong></span> <span class='ocrx_word' id='word_1_285' title='bbox 1320 2621 1795 2692; x_wconf 86' lang='lat' dir='ltr'><strong>perseverant&#39;am,</strong></span> 
     </span>
    </p>
   </div>
   <div class='ocr_carea' id='block_1_42' title="bbox 228 2710 1798 2786">
    <p class='ocr_par' dir='ltr' id='par_1_42' title="bbox 228 2710 1798 2786">
     <span class='ocr_line' id='line_1_42' title="bbox 228 2710 1798 2786; baseline -0.005 -16"><span class='ocrx_word' id='word_1_286' title='bbox 228 2717 501 2772; x_wconf 80' lang='lat' dir='ltr'><strong>victoriam</strong></span> <span class='ocrx_word' id='word_1_287' title='bbox 529 2717 730 2786; x_wconf 89' lang='lat' dir='ltr'><strong>pariter</strong></span> <span class='ocrx_word' id='word_1_288' title='bbox 767 2723 821 2770; x_wconf 91' lang='lat' dir='ltr'><strong>et</strong></span> <span class='ocrx_word' id='word_1_289' title='bbox 849 2729 1124 2780; x_wconf 86' lang='lat' dir='ltr'><strong>coronam,</strong></span> <span class='ocrx_word' id='word_1_290' title='bbox 1173 2723 1227 2768; x_wconf 91' lang='lat' dir='ltr'><strong>et</strong></span> <span class='ocrx_word' id='word_1_291' title='bbox 1251 2712 1378 2782; x_wconf 88' lang='lat' dir='ltr'><strong>quid</strong></span> <span class='ocrx_word' id='word_1_292' title='bbox 1408 2710 1660 2776; x_wconf 79' lang='lat' dir='ltr'><strong>evaserit,</strong></span> <span class='ocrx_word' id='word_1_293' title='bbox 1690 2723 1798 2778; x_wconf 89' lang='lat' dir='ltr'><strong>quo</strong></span> 
     </span>
    </p>
   </div>
   <div class='ocr_carea' id='block_1_43' title="bbox 229 2803 1796 2876">
    <p class='ocr_par' dir='ltr' id='par_1_43' title="bbox 229 2803 1796 2876">
     <span class='ocr_line' id='line_1_43' title="bbox 229 2803 1796 2876; baseline -0.006 -16"><span class='ocrx_word' id='word_1_294' title='bbox 229 2807 560 2876; x_wconf 85' lang='lat' dir='ltr'><strong>pervenerit,</strong></span> <span class='ocrx_word' id='word_1_295' title='bbox 606 2806 747 2860; x_wconf 92' lang='lat' dir='ltr'><strong>dulci</strong></span> <span class='ocrx_word' id='word_1_296' title='bbox 780 2805 973 2858; x_wconf 90' lang='lat' dir='ltr'><strong>mentis</strong></span> <span class='ocrx_word' id='word_1_297' title='bbox 1001 2803 1223 2873; x_wconf 90' lang='lat' dir='ltr'><strong>speculo</strong></span> <span class='ocrx_word' id='word_1_298' title='bbox 1253 2803 1576 2863; x_wconf 80' lang='lat' dir='ltr'><strong>refoventes,</strong></span> <span class='ocrx_word' id='word_1_299' title='bbox 1622 2814 1796 2852; x_wconf 86' lang='lat' dir='ltr'><strong>annua</strong></span> 
     </span>
    </p>
   </div>
   <div class='ocr_carea' id='block_1_44' title="bbox 227 2891 1796 2962">
    <p class='ocr_par' dir='ltr' id='par_1_44' title="bbox 227 2891 1796 2962">
     <span class='ocr_line' id='line_1_44' title="bbox 227 2891 1796 2962; baseline -0.007 -10"><span class='ocrx_word' id='word_1_300' title='bbox 227 2897 509 2952; x_wconf 84' lang='lat' dir='ltr'><strong>devotione</strong></span> <span class='ocrx_word' id='word_1_301' title='bbox 537 2905 814 2950; x_wconf 84' lang='lat' dir='ltr'><strong>cantemus</strong></span> <span class='ocrx_word' id='word_1_302' title='bbox 847 2913 858 2947; x_wconf 89' lang='lat'><strong>:</strong></span> <span class='ocrx_word' id='word_1_303' title='bbox 897 2894 1202 2948; x_wconf 81' lang='lat' dir='ltr'><strong>Benedictus</strong></span> <span class='ocrx_word' id='word_1_304' title='bbox 1244 2893 1520 2955; x_wconf 76' lang='lat' dir='ltr'><strong>Dominus,</strong></span> <span class='ocrx_word' id='word_1_305' title='bbox 1567 2891 1653 2962; x_wconf 84' lang='lat' dir='ltr'><strong>qui</strong></span> <span class='ocrx_word' id='word_1_306' title='bbox 1694 2907 1796 2943; x_wconf 88' lang='lat' dir='ltr'><strong>non</strong></span> 
     </span>
    </p>
   </div>
   <div class='ocr_carea' id='block_1_45' title="bbox 230 2981 1798 3053">
    <p class='ocr_par' dir='ltr' id='par_1_45' title="bbox 230 2981 1798 3053">
     <span class='ocr_line' id='line_1_45' title="bbox 230 2981 1798 3053; baseline -0.006 -12"><span class='ocrx_word' id='word_1_307' title='bbox 230 2989 365 3042; x_wconf 80' lang='lat' dir='ltr'><strong>dedit</strong></span> <span class='ocrx_word' id='word_1_308' title='bbox 395 3005 486 3041; x_wconf 77' lang='lat' dir='ltr'><strong>nos</strong></span> <span class='ocrx_word' id='word_1_309' title='bbox 515 2989 566 3040; x_wconf 87' lang='lat' dir='ltr'><strong>in</strong></span> <span class='ocrx_word' id='word_1_310' title='bbox 591 2989 907 3041; x_wconf 76' lang='lat' dir='ltr'><strong>venationem</strong></span> <span class='ocrx_word' id='word_1_311' title='bbox 941 2985 1179 3039; x_wconf 80' lang='lat' dir='ltr'><strong>dentibus</strong></span> <span class='ocrx_word' id='word_1_312' title='bbox 1201 3001 1395 3038; x_wconf 86' lang='lat' dir='ltr'><strong>eorum.</strong></span> <span class='ocrx_word' id='word_1_313' title='bbox 1418 2981 1652 3053; x_wconf 76' lang='lat' dir='ltr'><strong>Laqueus</strong></span> <span class='ocrx_word' id='word_1_314' title='bbox 1677 2997 1798 3033; x_wconf 81' lang='lat' dir='ltr'><strong>con-</strong></span> 
     </span>
    </p>
   </div>
   <div class='ocr_carea' id='block_1_46' title="bbox 229 3071 1726 3143">
    <p class='ocr_par' dir='ltr' id='par_1_46' title="bbox 229 3071 1726 3143">
     <span class='ocr_line' id='line_1_46' title="bbox 229 3071 1726 3143; baseline -0.005 -13"><span class='ocrx_word' id='word_1_315' title='bbox 229 3081 378 3132; x_wconf 72' lang='lat' dir='ltr'><strong>tritus</strong></span> <span class='ocrx_word' id='word_1_316' title='bbox 406 3089 498 3142; x_wconf 77' lang='lat' dir='ltr'><strong>est,</strong></span> <span class='ocrx_word' id='word_1_317' title='bbox 530 3089 579 3131; x_wconf 82' lang='lat' dir='ltr'><strong>et</strong></span> <span class='ocrx_word' id='word_1_318' title='bbox 603 3095 696 3132; x_wconf 70' lang='lat' dir='ltr'><strong>nos</strong></span> <span class='ocrx_word' id='word_1_319' title='bbox 726 3077 927 3130; x_wconf 83' lang='lat' dir='ltr'><strong>liberati</strong></span> <span class='ocrx_word' id='word_1_320' title='bbox 957 3093 1132 3130; x_wconf 78' lang='lat' dir='ltr'><strong>sumus</strong></span> <span class='ocrx_word' id='word_1_321' title='bbox 1160 3075 1331 3143; x_wconf 75' lang='lat' dir='ltr'><strong>(Psal.</strong></span> <span class='ocrx_word' id='word_1_322' title='bbox 1365 3090 1545 3137; x_wconf 70' lang='lat' dir='ltr'><strong>cum,</strong></span> <span class='ocrx_word' id='word_1_323' title='bbox 1573 3071 1624 3137; x_wconf 86' lang='lat'><strong>6,</strong></span> <span class='ocrx_word' id='word_1_324' title='bbox 1650 3071 1726 3138; x_wconf 83' lang='grc'><strong>7).</strong></span> 
     </span>
    </p>
   </div>
   <div class='ocr_carea' id='block_1_47' title="bbox 830 3208 1193 3269">
    <p class='ocr_par' dir='ltr' id='par_1_47' title="bbox 830 3208 1193 3269">
     <span class='ocr_line' id='line_1_47' title="bbox 830 3208 1193 3269; baseline -0.014 0"><span class='ocrx_word' id='word_1_325' title='bbox 830 3211 1056 3269; x_wconf 81' lang='lat' dir='ltr'><strong>SERMO</strong></span> <span class='ocrx_word' id='word_1_326' title='bbox 1089 3208 1193 3266; x_wconf 77' lang='lat' dir='ltr'><strong>Vll.</strong></span> 
     </span>
    </p>
   </div>
   <div class='ocr_carea' id='block_1_48' title="bbox 519 3327 1478 3400">
    <p class='ocr_par' dir='ltr' id='par_1_48' title="bbox 519 3327 1478 3400">
     <span class='ocr_line' id='line_1_48' title="bbox 519 3327 1478 3400; baseline -0.007 -15"><span class='ocrx_word' id='word_1_327' title='bbox 519 3331 590 3385; x_wconf 86' lang='lat' dir='ltr'><strong>De</strong></span> <span class='ocrx_word' id='word_1_328' title='bbox 611 3333 812 3384; x_wconf 85' lang='lat' dir='ltr'><strong>latrone</strong></span> <span class='ocrx_word' id='word_1_329' title='bbox 838 3331 1086 3400; x_wconf 73' lang='grc' dir='ltr'><strong>στιιεὶίίπο</strong></span> <span class='ocrx_word' id='word_1_330' title='bbox 1114 3345 1226 3381; x_wconf 87' lang='lat' dir='ltr'><strong>cum</strong></span> <span class='ocrx_word' id='word_1_331' title='bbox 1257 3327 1478 3380; x_wconf 67' lang='lat' dir='ltr'><strong>Clu-isto.</strong></span> 
     </span>
    </p>
   </div>
   <div class='ocr_carea' id='block_1_49' title="bbox 307 3433 1796 3508">
    <p class='ocr_par' dir='ltr' id='par_1_49' title="bbox 307 3433 1796 3508">
     <span class='ocr_line' id='line_1_49' title="bbox 307 3433 1796 3508; baseline -0.005 -16"><span class='ocrx_word' id='word_1_332' title='bbox 307 3441 354 3493; x_wconf 88' lang='lat' dir='ltr'><strong>l.</strong></span> <span class='ocrx_word' id='word_1_333' title='bbox 410 3440 704 3494; x_wconf 81' lang='lat' dir='ltr'><strong>Mirandum</strong></span> <span class='ocrx_word' id='word_1_334' title='bbox 743 3455 850 3508; x_wconf 78' lang='lat' dir='ltr'><strong>pne</strong></span> <span class='ocrx_word' id='word_1_335' title='bbox 892 3439 1103 3493; x_wconf 75' lang='lat' dir='ltr'><strong>caeteris</strong></span> <span class='ocrx_word' id='word_1_336' title='bbox 1154 3435 1531 3492; x_wconf 86' lang='lat' dir='ltr'><strong>festivitatibus</strong></span> <span class='ocrx_word' id='word_1_337' title='bbox 1577 3433 1796 3494; x_wconf 88' lang='lat' dir='ltr'><strong>sanctis,</strong></span> 
     </span>
    </p>
   </div>
   <div class='ocr_carea' id='block_1_50' title="bbox 234 3524 1794 3598">
    <p class='ocr_par' dir='ltr' id='par_1_50' title="bbox 234 3524 1794 3598">
     <span class='ocr_line' id='line_1_50' title="bbox 234 3524 1794 3598; baseline -0.006 -13"><span class='ocrx_word' id='word_1_338' title='bbox 234 3531 699 3597; x_wconf 79' lang='lat' dir='ltr'><strong>venerandumquc</strong></span> <span class='ocrx_word' id='word_1_339' title='bbox 729 3529 1040 3598; x_wconf 84' lang='lat' dir='ltr'><strong>mysterium</strong></span> <span class='ocrx_word' id='word_1_340' title='bbox 1070 3527 1272 3581; x_wconf 86' lang='lat' dir='ltr'><strong>Pascha</strong></span> <span class='ocrx_word' id='word_1_341' title='bbox 1303 3525 1516 3579; x_wconf 88' lang='lat' dir='ltr'><strong>Domini</strong></span> <span class='ocrx_word' id='word_1_342' title='bbox 1548 3524 1794 3579; x_wconf 85' lang='lat' dir='ltr'><strong>celebra-</strong></span> 
     </span>
    </p>
   </div>
   <div class='ocr_carea' id='block_1_51' title="bbox 234 3615 1817 3683">
    <p class='ocr_par' dir='ltr' id='par_1_51' title="bbox 234 3615 1817 3683">
     <span class='ocr_line' id='line_1_51' title="bbox 234 3615 1817 3683; baseline -0.004 -11"><span class='ocrx_word' id='word_1_343' title='bbox 234 3636 367 3672; x_wconf 78' lang='lat' dir='ltr'><strong>tuu:.</strong></span> <span class='ocrx_word' id='word_1_344' title='bbox 412 3616 612 3672; x_wconf 55' lang='lat' dir='ltr'><strong>Pascha</strong></span> <span class='ocrx_word' id='word_1_345' title='bbox 652 3619 794 3672; x_wconf 82' lang='lat' dir='ltr'><strong>enim</strong></span> <span class='ocrx_word' id='word_1_346' title='bbox 840 3617 1136 3682; x_wconf 78' lang='lat' dir='ltr'><strong>Hebraice,</strong></span> <span class='ocrx_word' id='word_1_347' title='bbox 1183 3615 1370 3669; x_wconf 85' lang='lat' dir='ltr'><strong>Latine</strong></span> <span class='ocrx_word' id='word_1_348' title='bbox 1417 3616 1817 3683; x_wconf 85' lang='lat' dir='ltr'><strong>interpretatur</strong></span> 
     </span>
    </p>
   </div>
   <div class='ocr_carea' id='block_1_52' title="bbox 232 3705 1802 3774">
    <p class='ocr_par' dir='ltr' id='par_1_52' title="bbox 232 3705 1802 3774">
     <span class='ocr_line' id='line_1_52' title="bbox 232 3705 1802 3774; baseline -0.003 -13"><span class='ocrx_word' id='word_1_349' title='bbox 232 3708 528 3761; x_wconf 81' lang='lat' dir='ltr'><strong>Transitus.</strong></span> <span class='ocrx_word' id='word_1_350' title='bbox 596 3707 748 3762; x_wconf 86' lang='lat' dir='ltr'><strong>Hunc</strong></span> <span class='ocrx_word' id='word_1_351' title='bbox 794 3707 1075 3762; x_wconf 89' lang='lat' dir='ltr'><strong>transitum</strong></span> <span class='ocrx_word' id='word_1_352' title='bbox 1130 3706 1382 3774; x_wconf 90' lang='lat' dir='ltr'><strong>iniquitas</strong></span> <span class='ocrx_word' id='word_1_353' title='bbox 1431 3705 1802 3758; x_wconf 89' lang='lat' dir='ltr'><strong>intercluserat</strong></span> 
     </span>
    </p>
   </div>
   <div class='ocr_carea' id='block_1_53' title="bbox 235 3794 1804 3866">
    <p class='ocr_par' dir='ltr' id='par_1_53' title="bbox 235 3794 1804 3866">
     <span class='ocr_line' id='line_1_53' title="bbox 235 3794 1804 3866; baseline -0.004 -12"><span class='ocrx_word' id='word_1_354' title='bbox 235 3810 437 3862; x_wconf 85' lang='lat' dir='ltr'><strong>nostra,</strong></span> <span class='ocrx_word' id='word_1_355' title='bbox 469 3800 642 3853; x_wconf 90' lang='lat' dir='ltr'><strong>donec</strong></span> <span class='ocrx_word' id='word_1_356' title='bbox 679 3798 932 3852; x_wconf 81' lang='lat' dir='ltr'><strong>t-lavicula</strong></span> <span class='ocrx_word' id='word_1_357' title='bbox 956 3797 1131 3852; x_wconf 89' lang='lat' dir='ltr'><strong>crucis</strong></span> <span class='ocrx_word' id='word_1_358' title='bbox 1164 3796 1479 3866; x_wconf 87' lang='lat' dir='ltr'><strong>aperiretur.</strong></span> <span class='ocrx_word' id='word_1_359' title='bbox 1531 3795 1665 3860; x_wconf 86' lang='lat' dir='ltr'><strong>Quia</strong></span> <span class='ocrx_word' id='word_1_360' title='bbox 1697 3794 1804 3848; x_wconf 86' lang='lat' dir='ltr'><strong>Do-</strong></span> 
     </span>
    </p>
   </div>
   <div class='ocr_carea' id='block_1_54' title="bbox 237 3881 1805 3950">
    <p class='ocr_par' dir='ltr' id='par_1_54' title="bbox 237 3881 1805 3950">
     <span class='ocr_line' id='line_1_54' title="bbox 237 3881 1805 3950; baseline -0.005 -7"><span class='ocrx_word' id='word_1_361' title='bbox 237 3893 411 3944; x_wconf 86' lang='lat' dir='ltr'><strong>minus</strong></span> <span class='ocrx_word' id='word_1_362' title='bbox 436 3897 488 3943; x_wconf 89' lang='lat' dir='ltr'><strong>et</strong></span> <span class='ocrx_word' id='word_1_363' title='bbox 519 3888 764 3943; x_wconf 86' lang='lat' dir='ltr'><strong>Salvator</strong></span> <span class='ocrx_word' id='word_1_364' title='bbox 792 3896 976 3942; x_wconf 89' lang='lat' dir='ltr'><strong>noster</strong></span> <span class='ocrx_word' id='word_1_365' title='bbox 1011 3885 1166 3941; x_wconf 82' lang='lat' dir='ltr'><strong>Jesus</strong></span> <span class='ocrx_word' id='word_1_366' title='bbox 1193 3885 1432 3939; x_wconf 88' lang='lat' dir='ltr'><strong>Christus</strong></span> <span class='ocrx_word' id='word_1_367' title='bbox 1471 3883 1658 3937; x_wconf 88' lang='lat' dir='ltr'><strong>habuit</strong></span> <span class='ocrx_word' id='word_1_368' title='bbox 1686 3881 1805 3950; x_wconf 86' lang='lat' dir='ltr'><strong>qui-</strong></span> 
     </span>
    </p>
   </div>
   <div class='ocr_carea' id='block_1_55' title="bbox 235 3975 1806 4045">
    <p class='ocr_par' dir='ltr' id='par_1_55' title="bbox 235 3975 1806 4045">
     <span class='ocr_line' id='line_1_55' title="bbox 235 3975 1806 4045; baseline -0.006 -7"><span class='ocrx_word' id='word_1_369' title='bbox 235 3984 358 4038; x_wconf 83' lang='lat' dir='ltr'><strong>dem</strong></span> <span class='ocrx_word' id='word_1_370' title='bbox 390 3983 668 4037; x_wconf 88' lang='lat' dir='ltr'><strong>mortalem</strong></span> <span class='ocrx_word' id='word_1_371' title='bbox 692 3996 930 4045; x_wconf 87' lang='lat' dir='ltr'><strong>carnem,</strong></span> <span class='ocrx_word' id='word_1_372' title='bbox 963 3980 1054 4034; x_wconf 88' lang='lat' dir='ltr'><strong>sed</strong></span> <span class='ocrx_word' id='word_1_373' title='bbox 1085 3979 1314 4033; x_wconf 89' lang='lat' dir='ltr'><strong>animam</strong></span> <span class='ocrx_word' id='word_1_374' title='bbox 1335 3993 1438 4032; x_wconf 94' lang='lat' dir='ltr'><strong>non</strong></span> <span class='ocrx_word' id='word_1_375' title='bbox 1470 3975 1654 4030; x_wconf 90' lang='lat' dir='ltr'><strong>habuit</strong></span> <span class='ocrx_word' id='word_1_376' title='bbox 1684 3989 1806 4043; x_wconf 83' lang='lat' dir='ltr'><strong>pec-</strong></span> 
     </span>
    </p>
   </div>
   <div class='ocr_carea' id='block_1_56' title="bbox 234 4066 1804 4143">
    <p class='ocr_par' dir='ltr' id='par_1_56' title="bbox 234 4066 1804 4143">
     <span class='ocr_line' id='line_1_56' title="bbox 234 4066 1804 4143; baseline -0.009 -13"><span class='ocrx_word' id='word_1_377' title='bbox 234 4077 504 4130; x_wconf 87' lang='lat' dir='ltr'><strong>catricem.</strong></span> <span class='ocrx_word' id='word_1_378' title='bbox 558 4072 908 4143; x_wconf 87' lang='lat' dir='ltr'><strong>Suscipiendo</strong></span> <span class='ocrx_word' id='word_1_379' title='bbox 953 4085 1163 4139; x_wconf 69' lang='lat' dir='ltr'><strong>laenam</strong></span> <span class='ocrx_word' id='word_1_380' title='bbox 1208 4069 1325 4124; x_wconf 90' lang='lat' dir='ltr'><strong>sine</strong></span> <span class='ocrx_word' id='word_1_381' title='bbox 1373 4067 1549 4136; x_wconf 87' lang='lat' dir='ltr'><strong>culpa,</strong></span> <span class='ocrx_word' id='word_1_382' title='bbox 1593 4066 1804 4134; x_wconf 90' lang='lat' dir='ltr'><strong>culpam</strong></span> 
     </span>
    </p>
   </div>
   <div class='ocr_carea' id='block_1_57' title="bbox 237 4160 1806 4234">
    <p class='ocr_par' dir='ltr' id='par_1_57' title="bbox 237 4160 1806 4234">
     <span class='ocr_line' id='line_1_57' title="bbox 237 4160 1806 4234; baseline -0.007 -14"><span class='ocrx_word' id='word_1_383' title='bbox 237 4167 362 4222; x_wconf 83' lang='lat' dir='ltr'><strong>fecit</strong></span> <span class='ocrx_word' id='word_1_384' title='bbox 405 4166 633 4220; x_wconf 90' lang='lat' dir='ltr'><strong>transire</strong></span> <span class='ocrx_word' id='word_1_385' title='bbox 674 4167 790 4219; x_wconf 87' lang='lat' dir='ltr'><strong>sine</strong></span> <span class='ocrx_word' id='word_1_386' title='bbox 820 4179 996 4234; x_wconf 79' lang='lat' dir='ltr'><strong>poma.</strong></span> <span class='ocrx_word' id='word_1_387' title='bbox 1045 4162 1102 4216; x_wconf 91' lang='lat' dir='ltr'><strong>ln</strong></span> <span class='ocrx_word' id='word_1_388' title='bbox 1145 4162 1298 4232; x_wconf 86' lang='lat' dir='ltr'><strong>cujus</strong></span> <span class='ocrx_word' id='word_1_389' title='bbox 1339 4160 1588 4230; x_wconf 89' lang='lat' dir='ltr'><strong>passione</strong></span> <span class='ocrx_word' id='word_1_390' title='bbox 1615 4165 1806 4212; x_wconf 91' lang='lat' dir='ltr'><strong>cuncta</strong></span> 
     </span>
    </p>
   </div>
   <div class='ocr_carea' id='block_1_58' title="bbox 239 4250 1810 4320">
    <p class='ocr_par' dir='ltr' id='par_1_58' title="bbox 239 4250 1810 4320">
     <span class='ocr_line' id='line_1_58' title="bbox 239 4250 1810 4320; baseline -0.008 -6"><span class='ocrx_word' id='word_1_391' title='bbox 239 4268 504 4314; x_wconf 90' lang='lat' dir='ltr'><strong>commota</strong></span> <span class='ocrx_word' id='word_1_392' title='bbox 535 4266 660 4312; x_wconf 89' lang='lat' dir='ltr'><strong>sunt</strong></span> <span class='ocrx_word' id='word_1_393' title='bbox 695 4257 900 4320; x_wconf 88' lang='lat' dir='ltr'><strong>sidera,</strong></span> <span class='ocrx_word' id='word_1_394' title='bbox 930 4263 984 4310; x_wconf 90' lang='lat' dir='ltr'><strong>et</strong></span> <span class='ocrx_word' id='word_1_395' title='bbox 1022 4263 1273 4310; x_wconf 88' lang='lat' dir='ltr'><strong>eventum</strong></span> <span class='ocrx_word' id='word_1_396' title='bbox 1295 4251 1548 4306; x_wconf 86' lang='lat' dir='ltr'><strong>dominici</strong></span> <span class='ocrx_word' id='word_1_397' title='bbox 1575 4250 1810 4303; x_wconf 81' lang='lat' dir='ltr'><strong>vulneris</strong></span> 
     </span>
    </p>
   </div>
   <div class='ocr_carea' id='block_1_59' title="bbox 237 4339 1808 4414">
    <p class='ocr_par' dir='ltr' id='par_1_59' title="bbox 237 4339 1808 4414">
     <span class='ocr_line' id='line_1_59' title="bbox 237 4339 1808 4414; baseline -0.009 -10"><span class='ocrx_word' id='word_1_398' title='bbox 237 4350 498 4404; x_wconf 40' lang='lat' dir='ltr'><strong>‘eleutezta</strong></span> <span class='ocrx_word' id='word_1_399' title='bbox 553 4357 906 4402; x_wconf 89' lang='lat' dir='ltr'><strong>tremuerunt.</strong></span> <span class='ocrx_word' id='word_1_400' title='bbox 973 4345 1201 4414; x_wconf 79' lang='lat' dir='ltr'><strong>Expavit</strong></span> <span class='ocrx_word' id='word_1_401' title='bbox 1256 4343 1371 4396; x_wconf 91' lang='lat' dir='ltr'><strong>dies</strong></span> <span class='ocrx_word' id='word_1_402' title='bbox 1414 4357 1540 4394; x_wconf 76' lang='lat' dir='ltr'><strong>°non</strong></span> <span class='ocrx_word' id='word_1_403' title='bbox 1596 4339 1808 4396; x_wconf 81' lang='lat' dir='ltr'><strong>solitam</strong></span> 
     </span>
    </p>
   </div>
   <div class='ocr_carea' id='block_1_60' title="bbox 237 4423 1812 4502">
    <p class='ocr_par' dir='ltr' id='par_1_60' title="bbox 237 4423 1812 4502">
     <span class='ocr_line' id='line_1_60' title="bbox 237 4423 1812 4502; baseline -0.01 -7"><span class='ocrx_word' id='word_1_404' title='bbox 237 4449 478 4502; x_wconf 83' lang='lat' dir='ltr'><strong>noctem,</strong></span> <span class='ocrx_word' id='word_1_405' title='bbox 509 4448 566 4494; x_wconf 91' lang='lat' dir='ltr'><strong>et</strong></span> <span class='ocrx_word' id='word_1_406' title='bbox 588 4455 695 4494; x_wconf 92' lang='lat' dir='ltr'><strong>non</strong></span> <span class='ocrx_word' id='word_1_407' title='bbox 724 4454 846 4493; x_wconf 87' lang='lat' dir='ltr'><strong>suas</strong></span> <span class='ocrx_word' id='word_1_408' title='bbox 877 4438 1126 4492; x_wconf 83' lang='lat' dir='ltr'><strong>tenebras</strong></span> <span class='ocrx_word' id='word_1_409' title='bbox 1150 4423 1378 4489; x_wconf 78' lang='lat' dir='ltr'><strong>mutilus</strong></span> <span class='ocrx_word' id='word_1_410' title='bbox 1404 4431 1624 4486; x_wconf 89' lang='lat' dir='ltr'><strong>invenit.</strong></span> <span class='ocrx_word' id='word_1_411' title='bbox 1651 4428 1812 4482; x_wconf 89' lang='lat' dir='ltr'><strong>Stetit</strong></span> 
     </span>
    </p>
   </div>
   <div class='ocr_carea' id='block_1_61' title="bbox 237 4521 1811 4594">
    <p class='ocr_par' dir='ltr' id='par_1_61' title="bbox 237 4521 1811 4594">
     <span class='ocr_line' id='line_1_61' title="bbox 237 4521 1811 4594; baseline -0.008 -8"><span class='ocrx_word' id='word_1_412' title='bbox 237 4533 339 4586; x_wconf 85' lang='lat' dir='ltr'><strong>sub</strong></span> <span class='ocrx_word' id='word_1_413' title='bbox 386 4532 592 4586; x_wconf 89' lang='lat' dir='ltr'><strong>incerto</strong></span> <span class='ocrx_word' id='word_1_414' title='bbox 638 4531 838 4584; x_wconf 86' lang='lat' dir='ltr'><strong>lumine</strong></span> <span class='ocrx_word' id='word_1_415' title='bbox 880 4530 996 4583; x_wconf 89' lang='lat' dir='ltr'><strong>dies</strong></span> <span class='ocrx_word' id='word_1_416' title='bbox 1039 4528 1306 4589; x_wconf 89' lang='lat' dir='ltr'><strong>inclusus,</strong></span> <span class='ocrx_word' id='word_1_417' title='bbox 1337 4534 1393 4579; x_wconf 88' lang='lat' dir='ltr'><strong>et</strong></span> <span class='ocrx_word' id='word_1_418' title='bbox 1421 4538 1555 4594; x_wconf 91' lang='lat' dir='ltr'><strong>pene</strong></span> <span class='ocrx_word' id='word_1_419' title='bbox 1579 4523 1690 4592; x_wconf 88' lang='lat' dir='ltr'><strong>ipsa</strong></span> <span class='ocrx_word' id='word_1_420' title='bbox 1723 4521 1811 4574; x_wconf 78' lang='lat' dir='ltr'><strong>lux</strong></span> 
     </span>
    </p>
   </div>
   <div class='ocr_carea' id='block_1_62' title="bbox 1893 1991 3463 2064">
    <p class='ocr_par' dir='ltr' id='par_1_62' title="bbox 1893 1991 3463 2064">
     <span class='ocr_line' id='line_1_62' title="bbox 1893 1991 3463 2064; baseline 0.002 -20"><span class='ocrx_word' id='word_1_421' title='bbox 1893 1998 2020 2044; x_wconf 93' lang='lat' dir='ltr'><strong>runt</strong></span> <span class='ocrx_word' id='word_1_422' title='bbox 2039 1991 2293 2045; x_wconf 90' lang='lat' dir='ltr'><strong>miracula</strong></span> <span class='ocrx_word' id='word_1_423' title='bbox 2323 1991 2627 2050; x_wconf 82' lang='lat' dir='ltr'><strong>facientem.</strong></span> <span class='ocrx_word' id='word_1_424' title='bbox 2667 1991 2756 2045; x_wconf 90' lang='lat' dir='ltr'><strong>ille</strong></span> <span class='ocrx_word' id='word_1_425' title='bbox 2785 1992 3010 2047; x_wconf 90' lang='lat' dir='ltr'><strong>credidit</strong></span> <span class='ocrx_word' id='word_1_426' title='bbox 3037 1994 3090 2048; x_wconf 91' lang='lat' dir='ltr'><strong>in</strong></span> <span class='ocrx_word' id='word_1_427' title='bbox 3119 1995 3463 2064; x_wconf 89' lang='lat' dir='ltr'><strong>pendentem.</strong></span> 
     </span>
    </p>
   </div>
   <div class='ocr_carea' id='block_1_63' title="bbox 1892 2078 3471 2151">
    <p class='ocr_par' dir='ltr' id='par_1_63' title="bbox 1892 2078 3471 2151">
     <span class='ocr_line' id='line_1_63' title="bbox 1892 2078 3471 2151; baseline 0.001 -17"><span class='ocrx_word' id='word_1_428' title='bbox 1892 2078 2206 2134; x_wconf 90' lang='lat' dir='ltr'><strong>Consortem</strong></span> <span class='ocrx_word' id='word_1_429' title='bbox 2248 2080 2422 2133; x_wconf 90' lang='lat' dir='ltr'><strong>crucis</strong></span> <span class='ocrx_word' id='word_1_430' title='bbox 2451 2080 2732 2133; x_wconf 88' lang='lat' dir='ltr'><strong>Dominum</strong></span> <span class='ocrx_word' id='word_1_431' title='bbox 2763 2081 2983 2146; x_wconf 84' lang='lat' dir='ltr'><strong>agnovit</strong></span> <span class='ocrx_word' id='word_1_432' title='bbox 3007 2123 3022 2148; x_wconf 92' lang='lat'><strong>,</strong></span> <span class='ocrx_word' id='word_1_433' title='bbox 3065 2090 3122 2135; x_wconf 90' lang='lat' dir='ltr'><strong>et</strong></span> <span class='ocrx_word' id='word_1_434' title='bbox 3163 2083 3216 2136; x_wconf 93' lang='lat' dir='ltr'><strong>in</strong></span> <span class='ocrx_word' id='word_1_435' title='bbox 3247 2098 3471 2151; x_wconf 78' lang='lat' dir='ltr'><strong>regnum</strong></span> 
     </span>
    </p>
   </div>
   <div class='ocr_carea' id='block_1_64' title="bbox 1893 2170 3473 2228">
    <p class='ocr_par' dir='ltr' id='par_1_64' title="bbox 1893 2170 3473 2228">
     <span class='ocr_line' id='line_1_64' title="bbox 1893 2170 3473 2228; baseline 0.001 -3"><span class='ocrx_word' id='word_1_436' title='bbox 1893 2171 2150 2226; x_wconf 72' lang='lat' dir='ltr'><strong>anlorum</strong></span> <span class='ocrx_word' id='word_1_437' title='bbox 2174 2171 2312 2224; x_wconf 90' lang='lat' dir='ltr'><strong>latro</strong></span> <span class='ocrx_word' id='word_1_438' title='bbox 2337 2171 2601 2224; x_wconf 89' lang='lat' dir='ltr'><strong>violentus</strong></span> <span class='ocrx_word' id='word_1_439' title='bbox 2631 2170 2900 2226; x_wconf 87' lang='lat' dir='ltr'><strong>credendo</strong></span> <span class='ocrx_word' id='word_1_440' title='bbox 2927 2174 3032 2224; x_wconf 91' lang='lat' dir='ltr'><strong>vim</strong></span> <span class='ocrx_word' id='word_1_441' title='bbox 3063 2170 3205 2226; x_wconf 89' lang='lat' dir='ltr'><strong>fecit.</strong></span> <span class='ocrx_word' id='word_1_442' title='bbox 3241 2172 3390 2228; x_wconf 91' lang='lat' dir='ltr'><strong>Tunc</strong></span> <span class='ocrx_word' id='word_1_443' title='bbox 3421 2175 3473 2227; x_wconf 90' lang='lat' dir='ltr'><strong>in</strong></span> 
     </span>
    </p>
   </div>
   <div class='ocr_carea' id='block_1_65' title="bbox 1893 2257 3476 2331">
    <p class='ocr_par' dir='ltr' id='par_1_65' title="bbox 1893 2257 3476 2331">
     <span class='ocr_line' id='line_1_65' title="bbox 1893 2257 3476 2331; baseline 0.002 -20"><span class='ocrx_word' id='word_1_444' title='bbox 1893 2259 2104 2313; x_wconf 83' lang='lat' dir='ltr'><strong>Christo</strong></span> <span class='ocrx_word' id='word_1_445' title='bbox 2134 2259 2270 2312; x_wconf 86' lang='lat' dir='ltr'><strong>latro</strong></span> <span class='ocrx_word' id='word_1_446' title='bbox 2304 2258 2552 2323; x_wconf 83' lang='lat' dir='ltr'><strong>credidit,</strong></span> <span class='ocrx_word' id='word_1_447' title='bbox 2583 2261 2798 2327; x_wconf 90' lang='lat' dir='ltr'><strong>quando</strong></span> <span class='ocrx_word' id='word_1_448' title='bbox 2831 2257 2962 2321; x_wconf 74' lang='lat' dir='ltr'><strong>fides</strong></span> <span class='ocrx_word' id='word_1_449' title='bbox 2990 2260 3286 2328; x_wconf 88' lang='lat' dir='ltr'><strong>apostolica</strong></span> <span class='ocrx_word' id='word_1_450' title='bbox 3311 2263 3476 2331; x_wconf 88' lang='lat' dir='ltr'><strong>trepi-</strong></span> 
     </span>
    </p>
   </div>
   <div class='ocr_carea' id='block_1_66' title="bbox 1893 2348 3475 2413">
    <p class='ocr_par' dir='ltr' id='par_1_66' title="bbox 1893 2348 3475 2413">
     <span class='ocr_line' id='line_1_66' title="bbox 1893 2348 3475 2413; baseline 0.001 -11"><span class='ocrx_word' id='word_1_451' title='bbox 1893 2349 2060 2413; x_wconf 86' lang='lat' dir='ltr'><strong>davit.</strong></span> <span class='ocrx_word' id='word_1_452' title='bbox 2094 2348 2284 2403; x_wconf 82' lang='lat' dir='ltr'><strong>Merito</strong></span> <span class='ocrx_word' id='word_1_453' title='bbox 2313 2349 2499 2404; x_wconf 89' lang='lat' dir='ltr'><strong>audire</strong></span> <span class='ocrx_word' id='word_1_454' title='bbox 2528 2351 2728 2403; x_wconf 89' lang='lat' dir='ltr'><strong>meruit</strong></span> <span class='ocrx_word' id='word_1_455' title='bbox 2779 2368 2791 2401; x_wconf 89' lang='lat'>:</span> <span class='ocrx_word' id='word_1_456' title='bbox 2844 2349 3016 2403; x_wconf 84' lang='lat' dir='ltr'><strong>Hodie</strong></span> <span class='ocrx_word' id='word_1_457' title='bbox 3054 2367 3250 2404; x_wconf 76' lang='lat' dir='ltr'><strong>merum</strong></span> <span class='ocrx_word' id='word_1_458' title='bbox 3281 2352 3383 2404; x_wconf 75' lang='lat' dir='ltr'><strong>eris</strong></span> <span class='ocrx_word' id='word_1_459' title='bbox 3421 2353 3475 2404; x_wconf 87' lang='lat' dir='ltr'><strong>in</strong></span> 
     </span>
    </p>
   </div>
   <div class='ocr_carea' id='block_1_67' title="bbox 1892 2425 3474 2509">
    <p class='ocr_par' dir='ltr' id='par_1_67' title="bbox 1892 2425 3474 2509">
     <span class='ocr_line' id='line_1_67' title="bbox 1892 2425 3474 2509; baseline 0.001 -17"><span class='ocrx_word' id='word_1_460' title='bbox 1892 2440 2136 2508; x_wconf 72' lang='lat' dir='ltr'><strong>paradiso</strong></span> <span class='ocrx_word' id='word_1_461' title='bbox 2166 2437 2320 2509; x_wconf 80' lang='lat' dir='ltr'><strong>(Luc.</strong></span> <span class='ocrx_word' id='word_1_462' title='bbox 2348 2454 2498 2502; x_wconf 81' lang='lat' dir='ltr'><strong>xxm,</strong></span> <span class='ocrx_word' id='word_1_463' title='bbox 2533 2438 2645 2508; x_wconf 71' lang='grc'><strong>45).</strong></span> <span class='ocrx_word' id='word_1_464' title='bbox 2680 2425 2796 2493; x_wconf 85' lang='lat' dir='ltr'><strong>Hoc</strong></span> <span class='ocrx_word' id='word_1_465' title='bbox 2822 2439 2965 2492; x_wconf 91' lang='lat' dir='ltr'><strong>enim</strong></span> <span class='ocrx_word' id='word_1_466' title='bbox 2993 2440 3208 2508; x_wconf 89' lang='lat' dir='ltr'><strong>quidem</strong></span> <span class='ocrx_word' id='word_1_467' title='bbox 3237 2440 3352 2509; x_wconf 91' lang='lat' dir='ltr'><strong>ipse</strong></span> <span class='ocrx_word' id='word_1_468' title='bbox 3375 2441 3474 2494; x_wconf 84' lang='lat' dir='ltr'><strong>sibi</strong></span> 
     </span>
    </p>
   </div>
   <div class='ocr_carea' id='block_1_68' title="bbox 1900 2530 3476 2600">
    <p class='ocr_par' dir='ltr' id='par_1_68' title="bbox 1900 2530 3476 2600">
     <span class='ocr_line' id='line_1_68' title="bbox 1900 2530 3476 2600; baseline -0.001 -16"><span class='ocrx_word' id='word_1_469' title='bbox 1900 2547 2006 2584; x_wconf 91' lang='lat' dir='ltr'><strong>non</strong></span> <span class='ocrx_word' id='word_1_470' title='bbox 2023 2531 2360 2600; x_wconf 88' lang='lat' dir='ltr'><strong>promiserat.</strong></span> <span class='ocrx_word' id='word_1_471' title='bbox 2378 2530 2580 2599; x_wconf 72' lang='lat' dir='ltr'><strong>Magna:</strong></span> <span class='ocrx_word' id='word_1_472' title='bbox 2599 2530 2813 2598; x_wconf 89' lang='lat' dir='ltr'><strong>quidem</strong></span> <span class='ocrx_word' id='word_1_473' title='bbox 2843 2531 3224 2586; x_wconf 68' lang='lat' dir='ltr'><strong>misericordiae</strong></span> <span class='ocrx_word' id='word_1_474' title='bbox 3251 2547 3308 2585; x_wconf 91' lang='lat' dir='ltr'><strong>se</strong></span> <span class='ocrx_word' id='word_1_475' title='bbox 3329 2547 3476 2586; x_wconf 89' lang='lat' dir='ltr'><strong>com-</strong></span> 
     </span>
    </p>
   </div>
   <div class='ocr_carea' id='block_1_69' title="bbox 1896 2620 3471 2691">
    <p class='ocr_par' dir='ltr' id='par_1_69' title="bbox 1896 2620 3471 2691">
     <span class='ocr_line' id='line_1_69' title="bbox 1896 2620 3471 2691; baseline 0.001 -17"><span class='ocrx_word' id='word_1_476' title='bbox 1896 2621 2213 2684; x_wconf 90' lang='lat' dir='ltr'><strong>mendabat,</strong></span> <span class='ocrx_word' id='word_1_477' title='bbox 2244 2621 2336 2674; x_wconf 91' lang='lat' dir='ltr'><strong>sed</strong></span> <span class='ocrx_word' id='word_1_478' title='bbox 2367 2628 2422 2674; x_wconf 91' lang='lat' dir='ltr'><strong>et</strong></span> <span class='ocrx_word' id='word_1_479' title='bbox 2446 2636 2539 2674; x_wconf 91' lang='lat' dir='ltr'><strong>sua</strong></span> <span class='ocrx_word' id='word_1_480' title='bbox 2570 2621 2763 2675; x_wconf 90' lang='lat' dir='ltr'><strong>merita</strong></span> <span class='ocrx_word' id='word_1_481' title='bbox 2791 2621 3079 2691; x_wconf 74' lang='lat' dir='ltr'><strong>cogitabat.</strong></span> <span class='ocrx_word' id='word_1_482' title='bbox 3115 2620 3351 2685; x_wconf 83' lang='lat' dir='ltr'><strong>Domine,</strong></span> <span class='ocrx_word' id='word_1_483' title='bbox 3387 2623 3471 2676; x_wconf 90' lang='lat' dir='ltr'><strong>iu-</strong></span> 
     </span>
    </p>
   </div>
   <div class='ocr_carea' id='block_1_70' title="bbox 1897 2711 3473 2783">
    <p class='ocr_par' dir='ltr' id='par_1_70' title="bbox 1897 2711 3473 2783">
     <span class='ocr_line' id='line_1_70' title="bbox 1897 2711 3473 2783; baseline 0 -17"><span class='ocrx_word' id='word_1_484' title='bbox 1897 2713 2011 2781; x_wconf 90' lang='lat' dir='ltr'><strong>quit</strong></span> <span class='ocrx_word' id='word_1_485' title='bbox 2041 2711 2109 2783; x_wconf 87' lang='lat' dir='ltr'><strong>(v.</strong></span> <span class='ocrx_word' id='word_1_486' title='bbox 2124 2711 2235 2782; x_wconf 64' lang='grc'><strong>42),</strong></span> <span class='ocrx_word' id='word_1_487' title='bbox 2259 2721 2511 2766; x_wconf 84' lang='lat' dir='ltr'><strong>memento</strong></span> <span class='ocrx_word' id='word_1_488' title='bbox 2535 2712 2634 2765; x_wconf 83' lang='lat' dir='ltr'><strong>mei</strong></span> <span class='ocrx_word' id='word_1_489' title='bbox 2655 2728 2768 2766; x_wconf 85' lang='lat' dir='ltr'><strong>cum</strong></span> <span class='ocrx_word' id='word_1_490' title='bbox 2792 2714 2988 2765; x_wconf 77' lang='lat' dir='ltr'><strong>veneris</strong></span> <span class='ocrx_word' id='word_1_491' title='bbox 3010 2713 3062 2765; x_wconf 87' lang='lat' dir='ltr'><strong>in</strong></span> <span class='ocrx_word' id='word_1_492' title='bbox 3085 2729 3290 2782; x_wconf 87' lang='lat' dir='ltr'><strong>regnum</strong></span> <span class='ocrx_word' id='word_1_493' title='bbox 3315 2723 3473 2766; x_wconf 85' lang='lat' dir='ltr'><strong>tuum.</strong></span> 
     </span>
    </p>
   </div>
   <div class='ocr_carea' id='block_1_71' title="bbox 1899 2800 3478 2870">
    <p class='ocr_par' dir='ltr' id='par_1_71' title="bbox 1899 2800 3478 2870">
     <span class='ocr_line' id='line_1_71' title="bbox 1899 2800 3478 2870; baseline 0 -14"><span class='ocrx_word' id='word_1_494' title='bbox 1899 2802 2191 2870; x_wconf 83' lang='lat' dir='ltr'><strong>Quousque</strong></span> <span class='ocrx_word' id='word_1_495' title='bbox 2221 2801 2429 2855; x_wconf 90' lang='lat' dir='ltr'><strong>veniret</strong></span> <span class='ocrx_word' id='word_1_496' title='bbox 2457 2800 2714 2855; x_wconf 88' lang='lat' dir='ltr'><strong>Dominus</strong></span> <span class='ocrx_word' id='word_1_497' title='bbox 2743 2801 2796 2854; x_wconf 91' lang='lat' dir='ltr'><strong>in</strong></span> <span class='ocrx_word' id='word_1_498' title='bbox 2827 2815 3049 2869; x_wconf 81' lang='lat' dir='ltr'><strong>regnum</strong></span> <span class='ocrx_word' id='word_1_499' title='bbox 3090 2818 3266 2864; x_wconf 89' lang='lat' dir='ltr'><strong>suum,</strong></span> <span class='ocrx_word' id='word_1_500' title='bbox 3302 2803 3390 2856; x_wconf 86' lang='lat' dir='ltr'><strong>ille</strong></span> <span class='ocrx_word' id='word_1_501' title='bbox 3419 2819 3478 2860; x_wconf 88' lang='lat' dir='ltr'><strong>se</strong></span> 
     </span>
    </p>
   </div>
   <div class='ocr_carea' id='block_1_72' title="bbox 1899 2891 3478 2961">
    <p class='ocr_par' dir='ltr' id='par_1_72' title="bbox 1899 2891 3478 2961">
     <span class='ocr_line' id='line_1_72' title="bbox 1899 2891 3478 2961; baseline -0.001 -15"><span class='ocrx_word' id='word_1_502' title='bbox 1899 2893 1952 2946; x_wconf 89' lang='lat' dir='ltr'><strong>io</strong></span> <span class='ocrx_word' id='word_1_503' title='bbox 1985 2891 2156 2961; x_wconf 62' lang='lat' dir='ltr'><strong>poenis</strong></span> <span class='ocrx_word' id='word_1_504' title='bbox 2179 2891 2414 2945; x_wconf 89' lang='lat' dir='ltr'><strong>futurum</strong></span> <span class='ocrx_word' id='word_1_505' title='bbox 2443 2891 2732 2959; x_wconf 87' lang='lat' dir='ltr'><strong>sperabat,</strong></span> <span class='ocrx_word' id='word_1_506' title='bbox 2765 2899 2819 2945; x_wconf 90' lang='lat' dir='ltr'><strong>et</strong></span> <span class='ocrx_word' id='word_1_507' title='bbox 2839 2891 3030 2945; x_wconf 89' lang='lat' dir='ltr'><strong>saltem</strong></span> <span class='ocrx_word' id='word_1_508' title='bbox 3061 2892 3113 2946; x_wconf 88' lang='lat' dir='ltr'><strong>in</strong></span> <span class='ocrx_word' id='word_1_509' title='bbox 3136 2891 3251 2960; x_wconf 87' lang='lat' dir='ltr'><strong>ejus</strong></span> <span class='ocrx_word' id='word_1_510' title='bbox 3278 2892 3478 2946; x_wconf 83' lang='lat' dir='ltr'><strong>adven-</strong></span> 
     </span>
    </p>
   </div>
   <div class='ocr_carea' id='block_1_73' title="bbox 1903 2979 3099 3048">
    <p class='ocr_par' dir='ltr' id='par_1_73' title="bbox 1903 2979 3099 3048">
     <span class='ocr_line' id='line_1_73' title="bbox 1903 2979 3099 3048; baseline -0.001 -12"><span class='ocrx_word' id='word_1_511' title='bbox 1903 2990 2014 3036; x_wconf 89' lang='lat' dir='ltr'><strong>tum</strong></span> <span class='ocrx_word' id='word_1_512' title='bbox 2045 2981 2466 3036; x_wconf 89' lang='lat' dir='ltr'><strong>misericordiam</strong></span> <span class='ocrx_word' id='word_1_513' title='bbox 2497 2980 2550 3034; x_wconf 92' lang='lat' dir='ltr'><strong>in</strong></span> <span class='ocrx_word' id='word_1_514' title='bbox 2577 2995 2638 3035; x_wconf 89' lang='lat' dir='ltr'><strong>se</strong></span> <span class='ocrx_word' id='word_1_515' title='bbox 2664 2980 2778 3035; x_wconf 78' lang='lat' dir='ltr'><strong>fieri</strong></span> <span class='ocrx_word' id='word_1_516' title='bbox 2808 2979 3099 3048; x_wconf 82' lang='lat' dir='ltr'><strong>flagitabat.</strong></span> 
     </span>
    </p>
   </div>
   <div class='ocr_carea' id='block_1_74' title="bbox 1973 3070 3479 3138">
    <p class='ocr_par' dir='ltr' id='par_1_74' title="bbox 1973 3070 3479 3138">
     <span class='ocr_line' id='line_1_74' title="bbox 1973 3070 3479 3138; baseline 0.001 -12"><span class='ocrx_word' id='word_1_517' title='bbox 1973 3073 2027 3126; x_wconf 75' lang='lat'><strong>3.</strong></span> <span class='ocrx_word' id='word_1_518' title='bbox 2045 3070 2275 3126; x_wconf 89' lang='lat' dir='ltr'><strong>Proinde</strong></span> <span class='ocrx_word' id='word_1_519' title='bbox 2296 3071 2438 3124; x_wconf 86' lang='lat' dir='ltr'><strong>latro</strong></span> <span class='ocrx_word' id='word_1_520' title='bbox 2458 3085 2553 3124; x_wconf 90' lang='lat' dir='ltr'><strong>sua</strong></span> <span class='ocrx_word' id='word_1_521' title='bbox 2580 3072 2768 3125; x_wconf 90' lang='lat' dir='ltr'><strong>merita</strong></span> <span class='ocrx_word' id='word_1_522' title='bbox 2791 3071 3032 3138; x_wconf 87' lang='lat' dir='ltr'><strong>cogitans</strong></span> <span class='ocrx_word' id='word_1_523' title='bbox 3057 3071 3364 3136; x_wconf 62' lang='lat' dir='ltr'><strong>differebat;</strong></span> <span class='ocrx_word' id='word_1_524' title='bbox 3387 3072 3479 3127; x_wconf 87' lang='lat' dir='ltr'><strong>sed</strong></span> 
     </span>
    </p>
   </div>
   <div class='ocr_carea' id='block_1_75' title="bbox 1904 3160 3478 3233">
    <p class='ocr_par' dir='ltr' id='par_1_75' title="bbox 1904 3160 3478 3233">
     <span class='ocr_line' id='line_1_75' title="bbox 1904 3160 3478 3233; baseline -0.001 -14"><span class='ocrx_word' id='word_1_525' title='bbox 1904 3164 2163 3219; x_wconf 90' lang='lat' dir='ltr'><strong>Dominus</strong></span> <span class='ocrx_word' id='word_1_526' title='bbox 2203 3160 2405 3216; x_wconf 85' lang='lat' dir='ltr'><strong>latroni</strong></span> <span class='ocrx_word' id='word_1_527' title='bbox 2427 3161 2573 3232; x_wconf 90' lang='lat' dir='ltr'><strong>quod</strong></span> <span class='ocrx_word' id='word_1_528' title='bbox 2601 3163 2983 3232; x_wconf 85' lang='lat' dir='ltr'><strong>desperaverat</strong></span> <span class='ocrx_word' id='word_1_529' title='bbox 3026 3162 3305 3233; x_wconf 79' lang='lat' dir='ltr'><strong>offerebat,</strong></span> <span class='ocrx_word' id='word_1_530' title='bbox 3359 3173 3478 3217; x_wconf 89' lang='lat' dir='ltr'><strong>tan—</strong></span> 
     </span>
    </p>
   </div>
   <div class='ocr_carea' id='block_1_76' title="bbox 1829 3252 3482 3342">
    <p class='ocr_par' dir='ltr' id='par_1_76' title="bbox 1829 3252 3482 3342">
     <span class='ocr_line' id='line_1_76' title="bbox 1829 3252 3482 3342; baseline 0 -30"><span class='ocrx_word' id='word_1_531' title='bbox 1829 3276 1876 3342; x_wconf 76' lang='lat' dir='ltr'><strong>C</strong></span> <span class='ocrx_word' id='word_1_532' title='bbox 1906 3269 2064 3328; x_wconf 60' lang='lat' dir='ltr'><strong>quam</strong></span> <span class='ocrx_word' id='word_1_533' title='bbox 2087 3253 2295 3312; x_wconf 77' lang='lat' dir='ltr'><strong>diceret</strong></span> <span class='ocrx_word' id='word_1_534' title='bbox 2326 3270 2339 3310; x_wconf 88' lang='lat'><strong>:</strong></span> <span class='ocrx_word' id='word_1_535' title='bbox 2372 3252 2452 3310; x_wconf 86' lang='lat' dir='ltr'><strong>Tu</strong></span> <span class='ocrx_word' id='word_1_536' title='bbox 2479 3253 2617 3327; x_wconf 79' lang='lat' dir='ltr'><strong>petis</strong></span> <span class='ocrx_word' id='word_1_537' title='bbox 2645 3262 2700 3312; x_wconf 80' lang='lat' dir='ltr'><strong>ut</strong></span> <span class='ocrx_word' id='word_1_538' title='bbox 2724 3252 3060 3311; x_wconf 83' lang='lat' dir='ltr'><strong>meminerim</strong></span> <span class='ocrx_word' id='word_1_539' title='bbox 3117 3253 3189 3310; x_wconf 81' lang='lat' dir='ltr'><strong>tui</strong></span> <span class='ocrx_word' id='word_1_540' title='bbox 3229 3268 3352 3311; x_wconf 72' lang='lat' dir='ltr'><strong>(:th</strong></span> <span class='ocrx_word' id='word_1_541' title='bbox 3390 3269 3482 3312; x_wconf 73' lang='lat' dir='ltr'><strong>ve-</strong></span> 
     </span>
    </p>
   </div>
   <div class='ocr_carea' id='block_1_77' title="bbox 1909 3349 3484 3419">
    <p class='ocr_par' dir='ltr' id='par_1_77' title="bbox 1909 3349 3484 3419">
     <span class='ocr_line' id='line_1_77' title="bbox 1909 3349 3484 3419; baseline -0.002 -13"><span class='ocrx_word' id='word_1_542' title='bbox 1909 3368 2040 3412; x_wconf 89' lang='lat' dir='ltr'><strong>nero</strong></span> <span class='ocrx_word' id='word_1_543' title='bbox 2068 3352 2122 3406; x_wconf 91' lang='lat' dir='ltr'><strong>in</strong></span> <span class='ocrx_word' id='word_1_544' title='bbox 2151 3365 2376 3419; x_wconf 84' lang='lat' dir='ltr'><strong>regnum</strong></span> <span class='ocrx_word' id='word_1_545' title='bbox 2403 3366 2581 3405; x_wconf 90' lang='lat' dir='ltr'><strong>meum</strong></span> <span class='ocrx_word' id='word_1_546' title='bbox 2606 3393 2621 3417; x_wconf 93' lang='lat'><strong>,</strong></span> <span class='ocrx_word' id='word_1_547' title='bbox 2652 3359 2704 3404; x_wconf 91' lang='lat' dir='ltr'><strong>et</strong></span> <span class='ocrx_word' id='word_1_548' title='bbox 2734 3365 2834 3419; x_wconf 90' lang='lat' dir='ltr'><strong>ego</strong></span> <span class='ocrx_word' id='word_1_549' title='bbox 2867 3353 2962 3404; x_wconf 88' lang='lat' dir='ltr'><strong>tiht</strong></span> <span class='ocrx_word' id='word_1_550' title='bbox 2985 3351 3104 3405; x_wconf 89' lang='lat' dir='ltr'><strong>dico</strong></span> <span class='ocrx_word' id='word_1_551' title='bbox 3137 3372 3150 3402; x_wconf 89' lang='lat'><strong>:</strong></span> <span class='ocrx_word' id='word_1_552' title='bbox 3184 3349 3354 3404; x_wconf 82' lang='lat' dir='ltr'><strong>Hodie</strong></span> <span class='ocrx_word' id='word_1_553' title='bbox 3375 3367 3484 3403; x_wconf 79' lang='lat' dir='ltr'><strong>me-</strong></span> 
     </span>
    </p>
   </div>
   <div class='ocr_carea' id='block_1_78' title="bbox 1904 3440 3483 3511">
    <p class='ocr_par' dir='ltr' id='par_1_78' title="bbox 1904 3440 3483 3511">
     <span class='ocr_line' id='line_1_78' title="bbox 1904 3440 3483 3511; baseline 0.001 -18"><span class='ocrx_word' id='word_1_554' title='bbox 1904 3458 2016 3494; x_wconf 85' lang='lat' dir='ltr'><strong>cum</strong></span> <span class='ocrx_word' id='word_1_555' title='bbox 2031 3442 2134 3494; x_wconf 72' lang='lat' dir='ltr'><strong>eris</strong></span> <span class='ocrx_word' id='word_1_556' title='bbox 2147 3442 2201 3494; x_wconf 87' lang='lat' dir='ltr'><strong>iu</strong></span> <span class='ocrx_word' id='word_1_557' title='bbox 2221 3440 2486 3511; x_wconf 69' lang='lat' dir='ltr'><strong>paradiso.</strong></span> <span class='ocrx_word' id='word_1_558' title='bbox 2503 3440 2748 3507; x_wconf 76' lang='lat' dir='ltr'><strong>Agnosco</strong></span> <span class='ocrx_word' id='word_1_559' title='bbox 2770 3440 2856 3494; x_wconf 90' lang='lat' dir='ltr'><strong>cui</strong></span> <span class='ocrx_word' id='word_1_560' title='bbox 2878 3447 2932 3492; x_wconf 92' lang='lat' dir='ltr'><strong>te</strong></span> <span class='ocrx_word' id='word_1_561' title='bbox 2943 3440 3310 3506; x_wconf 89' lang='lat' dir='ltr'><strong>commendas,</strong></span> <span class='ocrx_word' id='word_1_562' title='bbox 3325 3454 3483 3508; x_wconf 88' lang='lat' dir='ltr'><strong>quem</strong></span> 
     </span>
    </p>
   </div>
   <div class='ocr_carea' id='block_1_79' title="bbox 1905 3531 3520 3600">
    <p class='ocr_par' dir='ltr' id='par_1_79' title="bbox 1905 3531 3520 3600">
     <span class='ocr_line' id='line_1_79' title="bbox 1905 3531 3520 3600; baseline -0.004 -11"><span class='ocrx_word' id='word_1_563' title='bbox 1905 3534 2079 3589; x_wconf 83' lang='lat' dir='ltr'><strong>credis</strong></span> <span class='ocrx_word' id='word_1_564' title='bbox 2124 3542 2428 3590; x_wconf 82' lang='lat' dir='ltr'><strong>venturum.</strong></span> <span class='ocrx_word' id='word_1_565' title='bbox 2475 3532 2780 3600; x_wconf 85' lang='lat' dir='ltr'><strong>Antequam</strong></span> <span class='ocrx_word' id='word_1_566' title='bbox 2821 3532 3062 3597; x_wconf 88' lang='lat' dir='ltr'><strong>veniam,</strong></span> <span class='ocrx_word' id='word_1_567' title='bbox 3115 3531 3314 3599; x_wconf 88' lang='lat' dir='ltr'><strong>ubique</strong></span> <span class='ocrx_word' id='word_1_568' title='bbox 3342 3546 3520 3584; x_wconf 65' lang='lat' dir='ltr'><strong>sum.-</strong></span> 
     </span>
    </p>
   </div>
   <div class='ocr_carea' id='block_1_80' title="bbox 1905 3604 3485 3692">
    <p class='ocr_par' dir='ltr' id='par_1_80' title="bbox 1905 3604 3485 3692">
     <span class='ocr_line' id='line_1_80' title="bbox 1905 3604 3485 3692; baseline -0.004 -14"><span class='ocrx_word' id='word_1_569' title='bbox 1905 3623 2032 3678; x_wconf 87' lang='lat' dir='ltr'><strong>Ideo</strong></span> <span class='ocrx_word' id='word_1_570' title='bbox 2063 3623 2307 3692; x_wconf 78' lang='lat' dir='ltr'><strong>quamvis</strong></span> <span class='ocrx_word' id='word_1_571' title='bbox 2351 3623 2402 3675; x_wconf 91' lang='lat' dir='ltr'><strong>in</strong></span> <span class='ocrx_word' id='word_1_572' title='bbox 2452 3621 2716 3676; x_wconf 87' lang='lat' dir='ltr'><strong>infernum</strong></span> <span class='ocrx_word' id='word_1_573' title='bbox 2744 3604 3134 3682; x_wconf 80' lang='lat' dir='ltr'><strong>descensurus,</strong></span> <span class='ocrx_word' id='word_1_574' title='bbox 3178 3620 3389 3674; x_wconf 86' lang='lat' dir='ltr'><strong>habebo</strong></span> <span class='ocrx_word' id='word_1_575' title='bbox 3435 3628 3485 3672; x_wconf 86' lang='lat' dir='ltr'><strong>te</strong></span> 
     </span>
    </p>
   </div>
   <div class='ocr_carea' id='block_1_81' title="bbox 1905 3709 3481 3780">
    <p class='ocr_par' dir='ltr' id='par_1_81' title="bbox 1905 3709 3481 3780">
     <span class='ocr_line' id='line_1_81' title="bbox 1905 3709 3481 3780; baseline -0.006 -11"><span class='ocrx_word' id='word_1_576' title='bbox 1905 3714 2066 3769; x_wconf 89' lang='lat' dir='ltr'><strong>hodie</strong></span> <span class='ocrx_word' id='word_1_577' title='bbox 2095 3729 2304 3768; x_wconf 86' lang='lat' dir='ltr'><strong>mecum</strong></span> <span class='ocrx_word' id='word_1_578' title='bbox 2334 3713 2385 3766; x_wconf 91' lang='lat' dir='ltr'><strong>in</strong></span> <span class='ocrx_word' id='word_1_579' title='bbox 2418 3712 2684 3780; x_wconf 88' lang='lat' dir='ltr'><strong>paradiso,</strong></span> <span class='ocrx_word' id='word_1_580' title='bbox 2720 3727 2824 3765; x_wconf 92' lang='lat' dir='ltr'><strong>non</strong></span> <span class='ocrx_word' id='word_1_581' title='bbox 2848 3711 3005 3764; x_wconf 90' lang='lat' dir='ltr'><strong>alteri</strong></span> <span class='ocrx_word' id='word_1_582' title='bbox 3028 3709 3481 3772; x_wconf 79' lang='lat' dir='ltr'><strong>commendatum,</strong></span> 
     </span>
    </p>
   </div>
   <div class='ocr_carea' id='block_1_82' title="bbox 1907 3797 3488 3865">
    <p class='ocr_par' dir='ltr' id='par_1_82' title="bbox 1907 3797 3488 3865">
     <span class='ocr_line' id='line_1_82' title="bbox 1907 3797 3488 3865; baseline -0.004 -7"><span class='ocrx_word' id='word_1_583' title='bbox 1907 3803 2000 3859; x_wconf 89' lang='lat' dir='ltr'><strong>sed</strong></span> <span class='ocrx_word' id='word_1_584' title='bbox 2030 3818 2262 3858; x_wconf 88' lang='lat' dir='ltr'><strong>mecum.</strong></span> <span class='ocrx_word' id='word_1_585' title='bbox 2294 3801 2374 3855; x_wconf 83' lang='lat' dir='ltr'><strong>Ad</strong></span> <span class='ocrx_word' id='word_1_586' title='bbox 2403 3800 2649 3855; x_wconf 86' lang='lat' dir='ltr'><strong>homines</strong></span> <span class='ocrx_word' id='word_1_587' title='bbox 2677 3800 2818 3854; x_wconf 90' lang='lat' dir='ltr'><strong>enim</strong></span> <span class='ocrx_word' id='word_1_588' title='bbox 2875 3799 3134 3854; x_wconf 87' lang='lat' dir='ltr'><strong>mortales</strong></span> <span class='ocrx_word' id='word_1_589' title='bbox 3167 3807 3219 3851; x_wconf 91' lang='lat' dir='ltr'><strong>et</strong></span> <span class='ocrx_word' id='word_1_590' title='bbox 3249 3797 3313 3850; x_wconf 91' lang='lat' dir='ltr'><strong>ad</strong></span> <span class='ocrx_word' id='word_1_591' title='bbox 3345 3798 3488 3865; x_wconf 82' lang='lat' dir='ltr'><strong>ipsos</strong></span> 
     </span>
    </p>
   </div>
   <div class='ocr_carea' id='block_1_83' title="bbox 1907 3886 3488 3955">
    <p class='ocr_par' dir='ltr' id='par_1_83' title="bbox 1907 3886 3488 3955">
     <span class='ocr_line' id='line_1_83' title="bbox 1907 3886 3488 3955; baseline -0.007 -6"><span class='ocrx_word' id='word_1_592' title='bbox 1907 3902 2150 3950; x_wconf 85' lang='lat' dir='ltr'><strong>mortuos</strong></span> <span class='ocrx_word' id='word_1_593' title='bbox 2175 3890 2452 3946; x_wconf 90' lang='lat' dir='ltr'><strong>descendit</strong></span> <span class='ocrx_word' id='word_1_594' title='bbox 2470 3889 2741 3944; x_wconf 89' lang='lat' dir='ltr'><strong>humilitas</strong></span> <span class='ocrx_word' id='word_1_595' title='bbox 2764 3904 2916 3951; x_wconf 90' lang='lat' dir='ltr'><strong>mea;</strong></span> <span class='ocrx_word' id='word_1_596' title='bbox 2947 3887 3016 3940; x_wconf 85' lang='lat' dir='ltr'><strong>de</strong></span> <span class='ocrx_word' id='word_1_597' title='bbox 3037 3886 3290 3955; x_wconf 15' lang='lat' dir='ltr'><strong>paradiso,</strong></span> <span class='ocrx_word' id='word_1_598' title='bbox 3311 3893 3488 3938; x_wconf 90' lang='lat' dir='ltr'><strong>autem</strong></span> 
     </span>
    </p>
   </div>
   <div class='ocr_carea' id='block_1_84' title="bbox 1911 3974 3486 4052">
    <p class='ocr_par' dir='ltr' id='par_1_84' title="bbox 1911 3974 3486 4052">
     <span class='ocr_line' id='line_1_84' title="bbox 1911 3974 3486 4052; baseline -0.007 -15"><span class='ocrx_word' id='word_1_599' title='bbox 1911 3998 2183 4052; x_wconf 89' lang='lat' dir='ltr'><strong>nunquam</strong></span> <span class='ocrx_word' id='word_1_600' title='bbox 2213 3981 2464 4036; x_wconf 87' lang='lat' dir='ltr'><strong>discessit</strong></span> <span class='ocrx_word' id='word_1_601' title='bbox 2491 3979 2740 4033; x_wconf 88' lang='lat' dir='ltr'><strong>divinitas</strong></span> <span class='ocrx_word' id='word_1_602' title='bbox 2771 3993 2908 4031; x_wconf 89' lang='lat' dir='ltr'><strong>mea.</strong></span> <span class='ocrx_word' id='word_1_603' title='bbox 2938 3975 3018 4028; x_wconf 88' lang='lat' dir='ltr'><strong>Ita</strong></span> <span class='ocrx_word' id='word_1_604' title='bbox 3049 3974 3200 4028; x_wconf 62' lang='lat' dir='ltr'><strong>facta!</strong></span> <span class='ocrx_word' id='word_1_605' title='bbox 3221 3981 3346 4028; x_wconf 89' lang='lat' dir='ltr'><strong>sunt</strong></span> <span class='ocrx_word' id='word_1_606' title='bbox 3374 3980 3486 4026; x_wconf 82' lang='lat' dir='ltr'><strong>tres</strong></span> 
     </span>
    </p>
   </div>
   <div class='ocr_carea' id='block_1_85' title="bbox 1909 4063 3490 4142">
    <p class='ocr_par' dir='ltr' id='par_1_85' title="bbox 1909 4063 3490 4142">
     <span class='ocr_line' id='line_1_85' title="bbox 1909 4063 3490 4142; baseline -0.01 -11"><span class='ocrx_word' id='word_1_607' title='bbox 1909 4091 2129 4142; x_wconf 89' lang='lat' dir='ltr'><strong>cruces,</strong></span> <span class='ocrx_word' id='word_1_608' title='bbox 2163 4083 2272 4130; x_wconf 89' lang='lat' dir='ltr'><strong>tres</strong></span> <span class='ocrx_word' id='word_1_609' title='bbox 2300 4089 2476 4128; x_wconf 74' lang='lat' dir='ltr'><strong>causa:</strong></span> <span class='ocrx_word' id='word_1_610' title='bbox 2509 4090 2522 4124; x_wconf 89' lang='lat'><strong>:</strong></span> <span class='ocrx_word' id='word_1_611' title='bbox 2556 4086 2692 4125; x_wconf 91' lang='lat' dir='ltr'><strong>unus</strong></span> <span class='ocrx_word' id='word_1_612' title='bbox 2723 4070 2986 4122; x_wconf 88' lang='lat' dir='ltr'><strong>latronum</strong></span> <span class='ocrx_word' id='word_1_613' title='bbox 3018 4065 3230 4120; x_wconf 90' lang='lat' dir='ltr'><strong>Christo</strong></span> <span class='ocrx_word' id='word_1_614' title='bbox 3268 4063 3490 4120; x_wconf 84' lang='lat' dir='ltr'><strong>insulta-</strong></span> 
     </span>
    </p>
   </div>
   <div class='ocr_carea' id='block_1_86' title="bbox 1911 4153 3530 4230">
    <p class='ocr_par' dir='ltr' id='par_1_86' title="bbox 1911 4153 3530 4230">
     <span class='ocr_line' id='line_1_86' title="bbox 1911 4153 3530 4230; baseline -0.009 -10"><span class='ocrx_word' id='word_1_615' title='bbox 1911 4167 2035 4230; x_wconf 89' lang='lat' dir='ltr'><strong>bat;</strong></span> <span class='ocrx_word' id='word_1_616' title='bbox 2067 4166 2224 4228; x_wconf 88' lang='lat' dir='ltr'><strong>alter,</strong></span> <span class='ocrx_word' id='word_1_617' title='bbox 2254 4179 2349 4217; x_wconf 91' lang='lat' dir='ltr'><strong>sua</strong></span> <span class='ocrx_word' id='word_1_618' title='bbox 2381 4161 2520 4215; x_wconf 88' lang='lat' dir='ltr'><strong>mala</strong></span> <span class='ocrx_word' id='word_1_619' title='bbox 2549 4159 2847 4220; x_wconf 85' lang='lat' dir='ltr'><strong>confessus,</strong></span> <span class='ocrx_word' id='word_1_620' title='bbox 2879 4155 3076 4211; x_wconf 84' lang='lat' dir='ltr'><strong>Christi</strong></span> <span class='ocrx_word' id='word_1_621' title='bbox 3105 4169 3165 4209; x_wconf 88' lang='lat' dir='ltr'><strong>se</strong></span> <span class='ocrx_word' id='word_1_622' title='bbox 3189 4153 3492 4208; x_wconf 84' lang='lat' dir='ltr'><strong>misericor-</strong></span> <span class='ocrx_word' id='word_1_623' title='bbox 3526 4195 3530 4198; x_wconf 78' lang='lat'><strong>.</strong></span> 
     </span>
    </p>
   </div>
   <div class='ocr_carea' id='block_1_87' title="bbox 1911 4242 3492 4312">
    <p class='ocr_par' dir='ltr' id='par_1_87' title="bbox 1911 4242 3492 4312">
     <span class='ocr_line' id='line_1_87' title="bbox 1911 4242 3492 4312; baseline -0.011 0"><span class='ocrx_word' id='word_1_624' title='bbox 1911 4259 2012 4312; x_wconf 66' lang='lat' dir='ltr'><strong>diae</strong></span> <span class='ocrx_word' id='word_1_625' title='bbox 2050 4254 2478 4310; x_wconf 88' lang='lat' dir='ltr'><strong>commendabat.</strong></span> <span class='ocrx_word' id='word_1_626' title='bbox 2509 4249 2663 4305; x_wconf 77' lang='lat' dir='ltr'><strong>Crux-</strong></span> <span class='ocrx_word' id='word_1_627' title='bbox 2697 4248 2897 4303; x_wconf 90' lang='lat' dir='ltr'><strong>Christi</strong></span> <span class='ocrx_word' id='word_1_628' title='bbox 2955 4248 3007 4300; x_wconf 92' lang='lat' dir='ltr'><strong>in</strong></span> <span class='ocrx_word' id='word_1_629' title='bbox 3037 4244 3214 4299; x_wconf 88' lang='lat' dir='ltr'><strong>medio</strong></span> <span class='ocrx_word' id='word_1_630' title='bbox 3254 4258 3360 4298; x_wconf 92' lang='lat' dir='ltr'><strong>non</strong></span> <span class='ocrx_word' id='word_1_631' title='bbox 3395 4242 3492 4295; x_wconf 92' lang='lat' dir='ltr'><strong>fuit</strong></span> 
     </span>
    </p>
   </div>
   <div class='ocr_carea' id='block_1_88' title="bbox 1913 4334 3493 4418">
    <p class='ocr_par' dir='ltr' id='par_1_88' title="bbox 1913 4334 3493 4418">
     <span class='ocr_line' id='line_1_88' title="bbox 1913 4334 3493 4418; baseline -0.011 -15"><span class='ocrx_word' id='word_1_632' title='bbox 1913 4349 2252 4418; x_wconf 87' lang='lat' dir='ltr'><strong>supplicium,</strong></span> <span class='ocrx_word' id='word_1_633' title='bbox 2282 4336 2374 4400; x_wconf 74' lang='lat' dir='ltr'><strong>Sed</strong></span> <span class='ocrx_word' id='word_1_634' title='bbox 2404 4342 2656 4398; x_wconf 90' lang='lat' dir='ltr'><strong>tribunal.</strong></span> <span class='ocrx_word' id='word_1_635' title='bbox 2681 4340 3032 4394; x_wconf 90' lang='lat' dir='ltr'><strong>lnsultantem</strong></span> <span class='ocrx_word' id='word_1_636' title='bbox 3059 4334 3349 4399; x_wconf 90' lang='lat' dir='ltr'><strong>damnavit,</strong></span> <span class='ocrx_word' id='word_1_637' title='bbox 3373 4349 3493 4388; x_wconf 88' lang='lat' dir='ltr'><strong>cre-</strong></span> 
     </span>
    </p>
   </div>
   <div class='ocr_carea' id='block_1_89' title="bbox 1913 4425 3530 4505">
    <p class='ocr_par' dir='ltr' id='par_1_89' title="bbox 1913 4425 3530 4505">
     <span class='ocr_line' id='line_1_89' title="bbox 1913 4425 3530 4505; baseline -0.011 -10"><span class='ocrx_word' id='word_1_638' title='bbox 1913 4441 2130 4496; x_wconf 90' lang='lat' dir='ltr'><strong>dentem</strong></span> <span class='ocrx_word' id='word_1_639' title='bbox 2172 4437 2438 4492; x_wconf 88' lang='lat' dir='ltr'><strong>liberavit.</strong></span> <span class='ocrx_word' id='word_1_640' title='bbox 2490 4434 2698 4505; x_wconf 75' lang='lat' dir='ltr'><strong>Tintete</strong></span> <span class='ocrx_word' id='word_1_641' title='bbox 2728 4430 3076 4492; x_wconf 87' lang='lat' dir='ltr'><strong>insultantes,</strong></span> <span class='ocrx_word' id='word_1_642' title='bbox 3109 4425 3336 4494; x_wconf 88' lang='lat' dir='ltr'><strong>gaudete</strong></span> <span class='ocrx_word' id='word_1_643' title='bbox 3374 4438 3488 4477; x_wconf 90' lang='lat' dir='ltr'><strong>cre-</strong></span> <span class='ocrx_word' id='word_1_644' title='bbox 3523 4459 3530 4478; x_wconf 61' lang='grc' dir='ltr'>ι</span> 
     </span>
    </p>
   </div>
   <div class='ocr_carea' id='block_1_90' title="bbox 1915 4514 3490 4586">
    <p class='ocr_par' dir='ltr' id='par_1_90' title="bbox 1915 4514 3490 4586">
     <span class='ocr_line' id='line_1_90' title="bbox 1915 4514 3490 4586; baseline -0.011 -1"><span class='ocrx_word' id='word_1_645' title='bbox 1915 4531 2123 4586; x_wconf 85' lang='lat' dir='ltr'><strong>dentes.</strong></span> <span class='ocrx_word' id='word_1_646' title='bbox 2160 4527 2273 4583; x_wconf 88' lang='lat' dir='ltr'><strong>Hoc</strong></span> <span class='ocrx_word' id='word_1_647' title='bbox 2301 4527 2461 4581; x_wconf 82' lang='lat' dir='ltr'><strong>faciat</strong></span> <span class='ocrx_word' id='word_1_648' title='bbox 2484 4523 2727 4578; x_wconf 89' lang='lat' dir='ltr'><strong>Christus</strong></span> <span class='ocrx_word' id='word_1_649' title='bbox 2754 4521 2805 4574; x_wconf 88' lang='lat' dir='ltr'><strong>in</strong></span> <span class='ocrx_word' id='word_1_650' title='bbox 2827 4520 3073 4574; x_wconf 85' lang='lat' dir='ltr'><strong>claritate</strong></span> <span class='ocrx_word' id='word_1_651' title='bbox 3107 4515 3252 4586; x_wconf 89' lang='lat' dir='ltr'><strong>quod</strong></span> <span class='ocrx_word' id='word_1_652' title='bbox 3283 4514 3407 4569; x_wconf 90' lang='lat' dir='ltr'><strong>fecit</strong></span> <span class='ocrx_word' id='word_1_653' title='bbox 3436 4515 3490 4568; x_wconf 92' lang='lat' dir='ltr'><strong>in</strong></span> 
     </span>
    </p>
   </div>
   <div class='ocr_carea' id='block_1_91' title="bbox 240 4602 3486 4716">
    <p class='ocr_par' dir='ltr' id='par_1_91' title="bbox 240 4602 3486 4716">
     <span class='ocr_line' id='line_1_91' title="bbox 240 4602 3486 4716; baseline -0.01 -30"><span class='ocrx_word' id='word_1_654' title='bbox 240 4621 422 4675; x_wconf 81' lang='lat' dir='ltr'><strong>mundi</strong></span> <span class='ocrx_word' id='word_1_655' title='bbox 448 4622 583 4675; x_wconf 85' lang='lat' dir='ltr'><strong>mori</strong></span> <span class='ocrx_word' id='word_1_656' title='bbox 605 4621 716 4674; x_wconf 79' lang='lat' dir='ltr'><strong>visa</strong></span> <span class='ocrx_word' id='word_1_657' title='bbox 748 4629 830 4674; x_wconf 74' lang='lat' dir='ltr'><strong>est</strong></span> <span class='ocrx_word' id='word_1_658' title='bbox 856 4635 977 4673; x_wconf 86' lang='lat' dir='ltr'><strong>cum</strong></span> <span class='ocrx_word' id='word_1_659' title='bbox 1004 4617 1132 4672; x_wconf 72' lang='lat' dir='ltr'><strong>Deo.</strong></span> <span class='ocrx_word' id='word_1_660' title='bbox 1173 4617 1252 4670; x_wconf 81' lang='lat' dir='ltr'><strong>Ad</strong></span> <span class='ocrx_word' id='word_1_661' title='bbox 1281 4617 1384 4670; x_wconf 89' lang='lat' dir='ltr'><strong>hoc</strong></span> <span class='ocrx_word' id='word_1_662' title='bbox 1411 4615 1618 4670; x_wconf 73' lang='lat' dir='ltr'><strong>scilicet</strong></span> <span class='ocrx_word' id='word_1_663' title='bbox 1639 4611 1814 4666; x_wconf 78' lang='lat' dir='ltr'><strong>omnis</strong></span> <span class='ocrx_word' id='word_1_664' title='bbox 1843 4657 1890 4716; x_wconf 66' lang='grc' dir='ltr'><strong>ι)</strong></span> <span class='ocrx_word' id='word_1_665' title='bbox 1916 4620 2234 4675; x_wconf 75' lang='lat' dir='ltr'><strong>humilitate.</strong></span> <span class='ocrx_word' id='word_1_666' title='bbox 2269 4616 2486 4670; x_wconf 86' lang='lat' dir='ltr'><strong>Munera</strong></span> <span class='ocrx_word' id='word_1_667' title='bbox 2514 4614 2689 4666; x_wconf 88' lang='lat' dir='ltr'><strong>divina</strong></span> <span class='ocrx_word' id='word_1_668' title='bbox 2712 4610 2779 4664; x_wconf 91' lang='lat' dir='ltr'><strong>de</strong></span> <span class='ocrx_word' id='word_1_669' title='bbox 2809 4607 3072 4678; x_wconf 90' lang='lat' dir='ltr'><strong>profundo</strong></span> <span class='ocrx_word' id='word_1_670' title='bbox 3095 4605 3316 4658; x_wconf 83' lang='lat' dir='ltr'><strong>veniunt</strong></span> <span class='ocrx_word' id='word_1_671' title='bbox 3339 4602 3486 4670; x_wconf 81' lang='lat' dir='ltr'><strong>judi-</strong></span> 
     </span>
    </p>
   </div>
   <div class='ocr_carea' id='block_1_92' title="bbox 242 4706 1809 4779">
    <p class='ocr_par' dir='ltr' id='par_1_92' title="bbox 242 4706 1809 4779">
     <span class='ocr_line' id='line_1_92' title="bbox 242 4706 1809 4779; baseline -0.006 -14"><span class='ocrx_word' id='word_1_672' title='bbox 242 4713 454 4767; x_wconf 82' lang='lat' dir='ltr'><strong>claritas</strong></span> <span class='ocrx_word' id='word_1_673' title='bbox 486 4711 729 4779; x_wconf 87' lang='lat' dir='ltr'><strong>migravit</strong></span> <span class='ocrx_word' id='word_1_674' title='bbox 753 4710 802 4762; x_wconf 91' lang='lat' dir='ltr'><strong>in</strong></span> <span class='ocrx_word' id='word_1_675' title='bbox 828 4716 1073 4772; x_wconf 90' lang='lat' dir='ltr'><strong>noctem,</strong></span> <span class='ocrx_word' id='word_1_676' title='bbox 1107 4722 1174 4760; x_wconf 90' lang='lat' dir='ltr'><strong>ne</strong></span> <span class='ocrx_word' id='word_1_677' title='bbox 1203 4706 1542 4774; x_wconf 87' lang='lat' dir='ltr'><strong>sacrilegium</strong></span> <span class='ocrx_word' id='word_1_678' title='bbox 1587 4716 1809 4757; x_wconf 89' lang='lat' dir='ltr'><strong>cernere</strong></span> 
     </span>
    </p>
   </div>
   <div class='ocr_carea' id='block_1_93' title="bbox 243 4793 1808 4873">
    <p class='ocr_par' dir='ltr' id='par_1_93' title="bbox 243 4793 1808 4873">
     <span class='ocr_line' id='line_1_93' title="bbox 243 4793 1808 4873; baseline -0.01 -14"><span class='ocrx_word' id='word_1_679' title='bbox 243 4812 539 4873; x_wconf 83' lang='lat' dir='ltr'><strong>cogeretur.</strong></span> <span class='ocrx_word' id='word_1_680' title='bbox 570 4802 851 4858; x_wconf 90' lang='lat' dir='ltr'><strong>Clauserat</strong></span> <span class='ocrx_word' id='word_1_681' title='bbox 879 4800 1020 4856; x_wconf 91' lang='lat' dir='ltr'><strong>enim</strong></span> <span class='ocrx_word' id='word_1_682' title='bbox 1045 4812 1174 4852; x_wconf 89' lang='lat' dir='ltr'><strong>suos</strong></span> <span class='ocrx_word' id='word_1_683' title='bbox 1202 4796 1389 4850; x_wconf 90' lang='lat' dir='ltr'><strong>oculos</strong></span> <span class='ocrx_word' id='word_1_684' title='bbox 1417 4795 1632 4857; x_wconf 73' lang='lat' dir='ltr'><strong>ett-lum,</strong></span> <span class='ocrx_word' id='word_1_685' title='bbox 1660 4808 1726 4846; x_wconf 91' lang='lat' dir='ltr'><strong>ne</strong></span> <span class='ocrx_word' id='word_1_686' title='bbox 1756 4793 1808 4844; x_wconf 90' lang='lat' dir='ltr'><strong>in</strong></span> 
     </span>
    </p>
   </div>
   <div class='ocr_carea' id='block_1_94' title="bbox 238 4883 1811 4964">
    <p class='ocr_par' dir='ltr' id='par_1_94' title="bbox 238 4883 1811 4964">
     <span class='ocr_line' id='line_1_94' title="bbox 238 4883 1811 4964; baseline -0.011 -13"><span class='ocrx_word' id='word_1_687' title='bbox 238 4911 396 4952; x_wconf 87' lang='lat' dir='ltr'><strong>cruce</strong></span> <span class='ocrx_word' id='word_1_688' title='bbox 425 4896 688 4964; x_wconf 91' lang='lat' dir='ltr'><strong>aspiceret</strong></span> <span class='ocrx_word' id='word_1_689' title='bbox 716 4892 1020 4946; x_wconf 89' lang='lat' dir='ltr'><strong>Dominum.</strong></span> <span class='ocrx_word' id='word_1_690' title='bbox 1045 4887 1111 4942; x_wconf 86' lang='lat' dir='ltr'><strong>Et</strong></span> <span class='ocrx_word' id='word_1_691' title='bbox 1133 4887 1242 4956; x_wconf 90' lang='lat' dir='ltr'><strong>jam</strong></span> <span class='ocrx_word' id='word_1_692' title='bbox 1273 4884 1503 4940; x_wconf 89' lang='lat' dir='ltr'><strong>mundus</strong></span> <span class='ocrx_word' id='word_1_693' title='bbox 1524 4885 1636 4952; x_wconf 87' lang='lat' dir='ltr'><strong>ipse</strong></span> <span class='ocrx_word' id='word_1_694' title='bbox 1662 4883 1811 4948; x_wconf 83' lang='lat' dir='ltr'><strong>testis</strong></span> 
     </span>
    </p>
   </div>
   <div class='ocr_carea' id='block_1_95' title="bbox 242 4967 1810 5048">
    <p class='ocr_par' dir='ltr' id='par_1_95' title="bbox 242 4967 1810 5048">
     <span class='ocr_line' id='line_1_95' title="bbox 242 4967 1810 5048; baseline -0.01 -8"><span class='ocrx_word' id='word_1_695' title='bbox 242 5001 357 5040; x_wconf 85' lang='lat' dir='ltr'><strong>esse</strong></span> <span class='ocrx_word' id='word_1_696' title='bbox 381 5000 485 5040; x_wconf 88' lang='lat' dir='ltr'><strong>non</strong></span> <span class='ocrx_word' id='word_1_697' title='bbox 507 4984 721 5048; x_wconf 91' lang='lat' dir='ltr'><strong>meruit,</strong></span> <span class='ocrx_word' id='word_1_698' title='bbox 740 4991 800 5036; x_wconf 92' lang='lat' dir='ltr'><strong>ut</strong></span> <span class='ocrx_word' id='word_1_699' title='bbox 818 4981 966 5035; x_wconf 89' lang='lat' dir='ltr'><strong>solus</strong></span> <span class='ocrx_word' id='word_1_700' title='bbox 986 4977 1253 5047; x_wconf 88' lang='lat' dir='ltr'><strong>aspiceret</strong></span> <span class='ocrx_word' id='word_1_701' title='bbox 1274 4976 1364 5044; x_wconf 91' lang='lat' dir='ltr'><strong>qui</strong></span> <span class='ocrx_word' id='word_1_702' title='bbox 1388 4967 1672 5043; x_wconf 73' lang='lat' dir='ltr'><strong>pet’cussit.</strong></span> <span class='ocrx_word' id='word_1_703' title='bbox 1689 4969 1810 5036; x_wconf 86' lang='lat' dir='ltr'><strong>Per-</strong></span> 
     </span>
    </p>
   </div>
   <div class='ocr_carea' id='block_1_96' title="bbox 241 5067 1809 5144">
    <p class='ocr_par' dir='ltr' id='par_1_96' title="bbox 241 5067 1809 5144">
     <span class='ocr_line' id='line_1_96' title="bbox 241 5067 1809 5144; baseline -0.01 -13"><span class='ocrx_word' id='word_1_704' title='bbox 241 5077 629 5132; x_wconf 74' lang='lat' dir='ltr'><strong>eussitlancea</strong></span> <span class='ocrx_word' id='word_1_705' title='bbox 653 5081 994 5144; x_wconf 87' lang='lat' dir='ltr'><strong>persecutor,</strong></span> <span class='ocrx_word' id='word_1_706' title='bbox 1046 5078 1102 5124; x_wconf 85' lang='lat' dir='ltr'><strong>et</strong></span> <span class='ocrx_word' id='word_1_707' title='bbox 1148 5068 1280 5122; x_wconf 90' lang='lat' dir='ltr'><strong>fudit</strong></span> <span class='ocrx_word' id='word_1_708' title='bbox 1307 5067 1534 5136; x_wconf 88' lang='lat' dir='ltr'><strong>pretium</strong></span> <span class='ocrx_word' id='word_1_709' title='bbox 1566 5072 1809 5118; x_wconf 90' lang='lat' dir='ltr'><strong>nostrum</strong></span> 
     </span>
    </p>
   </div>
   <div class='ocr_carea' id='block_1_97' title="bbox 242 5157 1809 5242">
    <p class='ocr_par' dir='ltr' id='par_1_97' title="bbox 242 5157 1809 5242">
     <span class='ocr_line' id='line_1_97' title="bbox 242 5157 1809 5242; baseline -0.01 -20"><span class='ocrx_word' id='word_1_710' title='bbox 242 5166 584 5242; x_wconf 80' lang='lat' dir='ltr'><strong>Redemptor.</strong></span> <span class='ocrx_word' id='word_1_711' title='bbox 617 5164 842 5231; x_wconf 86' lang='lat' dir='ltr'><strong>Quando</strong></span> <span class='ocrx_word' id='word_1_712' title='bbox 869 5163 1010 5218; x_wconf 79' lang='lat' dir='ltr'><strong>enim</strong></span> <span class='ocrx_word' id='word_1_713' title='bbox 1041 5175 1228 5231; x_wconf 89' lang='lat' dir='ltr'><strong>passus</strong></span> <span class='ocrx_word' id='word_1_714' title='bbox 1256 5171 1339 5214; x_wconf 89' lang='lat' dir='ltr'><strong>est</strong></span> <span class='ocrx_word' id='word_1_715' title='bbox 1366 5157 1644 5222; x_wconf 76' lang='lat' dir='ltr'><strong>Dominus,</strong></span> <span class='ocrx_word' id='word_1_716' title='bbox 1691 5170 1809 5209; x_wconf 84' lang='lat' dir='ltr'><strong>om-</strong></span> 
     </span>
    </p>
   </div>
   <div class='ocr_carea' id='block_1_98' title="bbox 242 5243 1810 5326">
    <p class='ocr_par' dir='ltr' id='par_1_98' title="bbox 242 5243 1810 5326">
     <span class='ocr_line' id='line_1_98' title="bbox 242 5243 1810 5326; baseline -0.009 -16"><span class='ocrx_word' id='word_1_717' title='bbox 242 5273 335 5312; x_wconf 87' lang='lat' dir='ltr'><strong>nes</strong></span> <span class='ocrx_word' id='word_1_718' title='bbox 355 5256 584 5326; x_wconf 86' lang='lat' dir='ltr'><strong>apostoli</strong></span> <span class='ocrx_word' id='word_1_719' title='bbox 610 5254 880 5324; x_wconf 86' lang='lat' dir='ltr'><strong>fugerunt,</strong></span> <span class='ocrx_word' id='word_1_720' title='bbox 909 5267 1099 5308; x_wconf 91' lang='lat' dir='ltr'><strong>omnes</strong></span> <span class='ocrx_word' id='word_1_721' title='bbox 1139 5251 1282 5304; x_wconf 89' lang='lat' dir='ltr'><strong>enim</strong></span> <span class='ocrx_word' id='word_1_722' title='bbox 1327 5247 1663 5315; x_wconf 87' lang='lat' dir='ltr'><strong>dimiserunt.</strong></span> <span class='ocrx_word' id='word_1_723' title='bbox 1711 5243 1810 5298; x_wconf 89' lang='lat' dir='ltr'><strong>Ubi</strong></span> 
     </span>
    </p>
   </div>
   <div class='ocr_carea' id='block_1_99' title="bbox 241 5336 1809 5411">
    <p class='ocr_par' dir='ltr' id='par_1_99' title="bbox 241 5336 1809 5411">
     <span class='ocr_line' id='line_1_99' title="bbox 241 5336 1809 5411; baseline -0.011 -9"><span class='ocrx_word' id='word_1_724' title='bbox 241 5357 318 5402; x_wconf 89' lang='lat' dir='ltr'><strong>est</strong></span> <span class='ocrx_word' id='word_1_725' title='bbox 341 5349 491 5401; x_wconf 87' lang='lat' dir='ltr'><strong>turba</strong></span> <span class='ocrx_word' id='word_1_726' title='bbox 515 5345 599 5399; x_wconf 91' lang='lat' dir='ltr'><strong>illa</strong></span> <span class='ocrx_word' id='word_1_727' title='bbox 624 5360 737 5411; x_wconf 74' lang='lat' dir='ltr'><strong>qua:</strong></span> <span class='ocrx_word' id='word_1_728' title='bbox 749 5344 1033 5397; x_wconf 88' lang='lat' dir='ltr'><strong>Dominum</strong></span> <span class='ocrx_word' id='word_1_729' title='bbox 1056 5337 1411 5410; x_wconf 61' lang='lat' dir='ltr'><strong>praecedebat,</strong></span> <span class='ocrx_word' id='word_1_730' title='bbox 1437 5336 1548 5397; x_wconf 88' lang='lat' dir='ltr'><strong>illa,</strong></span> <span class='ocrx_word' id='word_1_731' title='bbox 1571 5336 1809 5402; x_wconf 88' lang='lat' dir='ltr'><strong>inquam,</strong></span> 
     </span>
    </p>
   </div>
   <div class='ocr_carea' id='block_1_100' title="bbox 241 5424 1833 5508">
    <p class='ocr_par' dir='ltr' id='par_1_100' title="bbox 241 5424 1833 5508">
     <span class='ocr_line' id='line_1_100' title="bbox 241 5424 1833 5508; baseline -0.013 -12"><span class='ocrx_word' id='word_1_732' title='bbox 241 5443 392 5496; x_wconf 83' lang='lat' dir='ltr'><strong>turba</strong></span> <span class='ocrx_word' id='word_1_733' title='bbox 421 5453 539 5508; x_wconf 72' lang='lat' dir='ltr'><strong>qum</strong></span> <span class='ocrx_word' id='word_1_734' title='bbox 563 5437 774 5492; x_wconf 86' lang='lat' dir='ltr'><strong>dicebat</strong></span> <span class='ocrx_word' id='word_1_735' title='bbox 809 5453 821 5486; x_wconf 92' lang='lat'>:</span> <span class='ocrx_word' id='word_1_736' title='bbox 879 5431 1139 5488; x_wconf 74' lang='lat' dir='ltr'><strong>ﬂosouna</strong></span> <span class='ocrx_word' id='word_1_737' title='bbox 1158 5430 1268 5499; x_wconf 86' lang='lat' dir='ltr'><strong>[ilio</strong></span> <span class='ocrx_word' id='word_1_738' title='bbox 1301 5427 1485 5488; x_wconf 82' lang='lat' dir='ltr'><strong>Darid,</strong></span> <span class='ocrx_word' id='word_1_739' title='bbox 1515 5424 1833 5478; x_wconf 63' lang='lat' dir='ltr'><strong>benedictus</strong></span> 
     </span>
    </p>
   </div>
   <div class='ocr_carea' id='block_1_101' title="bbox 242 5515 1491 5601">
    <p class='ocr_par' dir='ltr' id='par_1_101' title="bbox 242 5515 1491 5601">
     <span class='ocr_line' id='line_1_101' title="bbox 242 5515 1491 5601; baseline -0.013 -18"><span class='ocrx_word' id='word_1_740' title='bbox 242 5532 324 5601; x_wconf 73' lang='lat' dir='ltr'><strong>qui</strong></span> <span class='ocrx_word' id='word_1_741' title='bbox 353 5530 484 5582; x_wconf 65' lang='lat' dir='ltr'><strong>venit</strong></span> <span class='ocrx_word' id='word_1_742' title='bbox 505 5528 558 5580; x_wconf 90' lang='lat' dir='ltr'><strong>in</strong></span> <span class='ocrx_word' id='word_1_743' title='bbox 581 5526 785 5579; x_wconf 81' lang='lat' dir='ltr'><strong>nomine</strong></span> <span class='ocrx_word' id='word_1_744' title='bbox 811 5522 1020 5576; x_wconf 86' lang='lat' dir='ltr'><strong>Domini</strong></span> <span class='ocrx_word' id='word_1_745' title='bbox 1047 5517 1260 5588; x_wconf 76' lang='lat' dir='ltr'><strong>(Matth.</strong></span> <span class='ocrx_word' id='word_1_746' title='bbox 1289 5533 1325 5580; x_wconf 89' lang='lat' dir='ltr'><strong>t,</strong></span> <span class='ocrx_word' id='word_1_747' title='bbox 1349 5515 1491 5584; x_wconf 31' lang='lat'><strong>29).?</strong></span> 
     </span>
    </p>
   </div>
   <div class='ocr_carea' id='block_1_102' title="bbox 248 5599 1817 5685">
    <p class='ocr_par' dir='ltr' id='par_1_102' title="bbox 248 5599 1817 5685">
     <span class='ocr_line' id='line_1_102' title="bbox 248 5599 1817 5685; baseline -0.012 -15"><span class='ocrx_word' id='word_1_748' title='bbox 307 5618 359 5672; x_wconf 76' lang='lat'><strong>2.</strong></span> <span class='ocrx_word' id='word_1_749' title='bbox 395 5616 591 5671; x_wconf 84' lang='lat' dir='ltr'><strong>Passus</strong></span> <span class='ocrx_word' id='word_1_750' title='bbox 615 5620 698 5669; x_wconf 89' lang='lat' dir='ltr'><strong>est</strong></span> <span class='ocrx_word' id='word_1_751' title='bbox 721 5611 994 5672; x_wconf 84' lang='lat' dir='ltr'><strong>Dominus,</strong></span> <span class='ocrx_word' id='word_1_752' title='bbox 1027 5617 1082 5661; x_wconf 91' lang='lat' dir='ltr'><strong>et</strong></span> <span class='ocrx_word' id='word_1_753' title='bbox 1127 5621 1314 5670; x_wconf 86' lang='lat' dir='ltr'><strong>omnes</strong></span> <span class='ocrx_word' id='word_1_754' title='bbox 1345 5603 1612 5672; x_wconf 88' lang='lat' dir='ltr'><strong>fugerunt.</strong></span> <span class='ocrx_word' id='word_1_755' title='bbox 1660 5599 1817 5666; x_wconf 39' lang='lat' dir='ltr'><strong>Facti,</strong></span> 
     </span>
    </p>
   </div>
   <div class='ocr_carea' id='block_1_103' title="bbox 242 5690 1809 5768">
    <p class='ocr_par' dir='ltr' id='par_1_103' title="bbox 242 5690 1809 5768">
     <span class='ocr_line' id='line_1_103' title="bbox 242 5690 1809 5768; baseline -0.015 -4"><span class='ocrx_word' id='word_1_756' title='bbox 242 5715 360 5764; x_wconf 84' lang='lat' dir='ltr'><strong>sunt</strong></span> <span class='ocrx_word' id='word_1_757' title='bbox 389 5721 578 5762; x_wconf 90' lang='lat' dir='ltr'><strong>omnes</strong></span> <span class='ocrx_word' id='word_1_758' title='bbox 611 5704 772 5768; x_wconf 89' lang='lat' dir='ltr'><strong>muti,</strong></span> <span class='ocrx_word' id='word_1_759' title='bbox 804 5715 990 5756; x_wconf 89' lang='lat' dir='ltr'><strong>amore</strong></span> <span class='ocrx_word' id='word_1_760' title='bbox 1020 5699 1216 5768; x_wconf 75' lang='lat' dir='ltr'><strong>tepidi,</strong></span> <span class='ocrx_word' id='word_1_761' title='bbox 1259 5697 1452 5748; x_wconf 88' lang='lat' dir='ltr'><strong>timore</strong></span> <span class='ocrx_word' id='word_1_762' title='bbox 1492 5690 1809 5759; x_wconf 79' lang='lat' dir='ltr'><strong>compressi,</strong></span> 
     </span>
    </p>
   </div>
   <div class='ocr_carea' id='block_1_104' title="bbox 242 5782 1810 5868">
    <p class='ocr_par' dir='ltr' id='par_1_104' title="bbox 242 5782 1810 5868">
     <span class='ocr_line' id='line_1_104' title="bbox 242 5782 1810 5868; baseline -0.012 -16"><span class='ocrx_word' id='word_1_763' title='bbox 242 5800 396 5868; x_wconf 88' lang='lat' dir='ltr'><strong>paulo</strong></span> <span class='ocrx_word' id='word_1_764' title='bbox 425 5807 544 5868; x_wconf 83' lang='lat' dir='ltr'><strong>post</strong></span> <span class='ocrx_word' id='word_1_765' title='bbox 574 5795 796 5865; x_wconf 88' lang='lat' dir='ltr'><strong>fugiunt.</strong></span> <span class='ocrx_word' id='word_1_766' title='bbox 842 5794 942 5847; x_wconf 80' lang='lat' dir='ltr'><strong>Alii</strong></span> <span class='ocrx_word' id='word_1_767' title='bbox 985 5806 1112 5860; x_wconf 84' lang='lat' dir='ltr'><strong>ergo</strong></span> <span class='ocrx_word' id='word_1_768' title='bbox 1151 5807 1255 5848; x_wconf 91' lang='lat' dir='ltr'><strong>non</strong></span> <span class='ocrx_word' id='word_1_769' title='bbox 1287 5793 1620 5856; x_wconf 83' lang='lat' dir='ltr'><strong>agnoverunt</strong></span> <span class='ocrx_word' id='word_1_770' title='bbox 1649 5782 1810 5834; x_wconf 88' lang='lat' dir='ltr'><strong>mira-</strong></span> 
     </span>
    </p>
   </div>
   <div class='ocr_carea' id='block_1_105' title="bbox 243 5875 1804 5956">
    <p class='ocr_par' dir='ltr' id='par_1_105' title="bbox 243 5875 1804 5956">
     <span class='ocr_line' id='line_1_105' title="bbox 243 5875 1804 5956; baseline -0.011 -13"><span class='ocrx_word' id='word_1_771' title='bbox 243 5890 355 5943; x_wconf 78' lang='lat' dir='ltr'><strong>cula</strong></span> <span class='ocrx_word' id='word_1_772' title='bbox 385 5889 666 5946; x_wconf 83' lang='lat' dir='ltr'><strong>facientem</strong></span> <span class='ocrx_word' id='word_1_773' title='bbox 694 5906 706 5954; x_wconf 89' lang='lat'><strong>;</strong></span> <span class='ocrx_word' id='word_1_774' title='bbox 751 5884 964 5956; x_wconf 87' lang='lat' dir='ltr'><strong>agnovit</strong></span> <span class='ocrx_word' id='word_1_775' title='bbox 997 5884 1132 5945; x_wconf 88' lang='lat' dir='ltr'><strong>latro</strong></span> <span class='ocrx_word' id='word_1_776' title='bbox 1175 5888 1230 5942; x_wconf 87' lang='lat' dir='ltr'><strong>in</strong></span> <span class='ocrx_word' id='word_1_777' title='bbox 1273 5893 1432 5934; x_wconf 91' lang='lat' dir='ltr'><strong>cruce</strong></span> <span class='ocrx_word' id='word_1_778' title='bbox 1464 5875 1804 5947; x_wconf 78' lang='lat' dir='ltr'><strong>pendentem,</strong></span> 
     </span>
    </p>
   </div>
   <div class='ocr_carea' id='block_1_106' title="bbox 1913 4699 3488 4772">
    <p class='ocr_par' dir='ltr' id='par_1_106' title="bbox 1913 4699 3488 4772">
     <span class='ocr_line' id='line_1_106' title="bbox 1913 4699 3488 4772; baseline -0.012 -7"><span class='ocrx_word' id='word_1_779' title='bbox 1913 4713 2018 4766; x_wconf 90' lang='lat' dir='ltr'><strong>cio.</strong></span> <span class='ocrx_word' id='word_1_780' title='bbox 2073 4708 2251 4762; x_wconf 82' lang='lat' dir='ltr'><strong>Mirari</strong></span> <span class='ocrx_word' id='word_1_781' title='bbox 2301 4723 2362 4761; x_wconf 90' lang='lat' dir='ltr'><strong>ea</strong></span> <span class='ocrx_word' id='word_1_782' title='bbox 2415 4717 2743 4772; x_wconf 49' lang='lat' dir='ltr'><strong>possumus:</strong></span> <span class='ocrx_word' id='word_1_783' title='bbox 2797 4699 3115 4766; x_wconf 86' lang='lat' dir='ltr'><strong>investigare</strong></span> <span class='ocrx_word' id='word_1_784' title='bbox 3161 4702 3341 4748; x_wconf 90' lang='lat' dir='ltr'><strong>autem</strong></span> <span class='ocrx_word' id='word_1_785' title='bbox 3383 4709 3488 4746; x_wconf 92' lang='lat' dir='ltr'><strong>non</strong></span> 
     </span>
    </p>
   </div>
   <div class='ocr_carea' id='block_1_107' title="bbox 1914 4795 2634 4864">
    <p class='ocr_par' dir='ltr' id='par_1_107' title="bbox 1914 4795 2634 4864">
     <span class='ocr_line' id='line_1_107' title="bbox 1914 4795 2634 4864; baseline -0.011 -10"><span class='ocrx_word' id='word_1_786' title='bbox 1914 4802 2178 4862; x_wconf 71' lang='lat' dir='ltr'><strong>valemus,</strong></span> <span class='ocrx_word' id='word_1_787' title='bbox 2217 4814 2316 4851; x_wconf 89' lang='lat' dir='ltr'><strong>ttec</strong></span> <span class='ocrx_word' id='word_1_788' title='bbox 2347 4795 2634 4864; x_wconf 82' lang='lat' dir='ltr'><strong>explicare.</strong></span> 
     </span>
    </p>
   </div>
   <div class='ocr_carea' id='block_1_108' title="bbox 2411 4921 2986 4998">
    <p class='ocr_par' dir='ltr' id='par_1_108' title="bbox 2411 4921 2986 4998">
     <span class='ocr_line' id='line_1_108' title="bbox 2411 4921 2986 4998; baseline -0.009 -19"><span class='ocrx_word' id='word_1_789' title='bbox 2411 4927 2569 4998; x_wconf 72' lang='lat'><strong>569</strong></span> <span class='ocrx_word' id='word_1_790' title='bbox 2598 4921 2827 4978; x_wconf 68' lang='grc' dir='ltr'><strong>διεπιΜο</strong></span> <span class='ocrx_word' id='word_1_791' title='bbox 2853 4921 2986 4977; x_wconf 88' lang='lat' dir='ltr'><strong>vut.</strong></span> 
     </span>
    </p>
   </div>
   <div class='ocr_carea' id='block_1_109' title="bbox 2316 5034 3091 5091">
    <p class='ocr_par' dir='ltr' id='par_1_109' title="bbox 2316 5034 3091 5091">
     <span class='ocr_line' id='line_1_109' title="bbox 2316 5034 3091 5091; baseline -0.012 1"><span class='ocrx_word' id='word_1_792' title='bbox 2316 5038 2394 5091; x_wconf 87' lang='lat' dir='ltr'><strong>De</strong></span> <span class='ocrx_word' id='word_1_793' title='bbox 2422 5045 2599 5090; x_wconf 75' lang='lat' dir='ltr'><strong>sancto</strong></span> <span class='ocrx_word' id='word_1_794' title='bbox 2630 5035 2713 5088; x_wconf 86' lang='lat' dir='ltr'><strong>die</strong></span> <span class='ocrx_word' id='word_1_795' title='bbox 2749 5034 3091 5086; x_wconf 78' lang='lat' dir='ltr'><strong>Pentecostes.</strong></span> 
     </span>
    </p>
   </div>
   <div class='ocr_carea' id='block_1_110' title="bbox 1995 5126 3551 5212">
    <p class='ocr_par' dir='ltr' id='par_1_110' title="bbox 1995 5137 3551 5212">
     <span class='ocr_line' id='line_1_110' title="bbox 1995 5137 3551 5212; baseline -0.012 -4"><span class='ocrx_word' id='word_1_796' title='bbox 1995 5156 2042 5208; x_wconf 88' lang='lat' dir='ltr'><strong>l.</strong></span> <span class='ocrx_word' id='word_1_797' title='bbox 2076 5151 2446 5206; x_wconf 80' lang='lat' dir='ltr'><strong>Auniversaria</strong></span> <span class='ocrx_word' id='word_1_798' title='bbox 2467 5147 2777 5203; x_wconf 86' lang='lat' dir='ltr'><strong>solemuitas</strong></span> <span class='ocrx_word' id='word_1_799' title='bbox 2797 5144 2970 5212; x_wconf 89' lang='lat' dir='ltr'><strong>agitur</strong></span> <span class='ocrx_word' id='word_1_800' title='bbox 2997 5156 3099 5209; x_wconf 89' lang='lat' dir='ltr'><strong>qua</strong></span> <span class='ocrx_word' id='word_1_801' title='bbox 3122 5139 3206 5192; x_wconf 88' lang='lat' dir='ltr'><strong>die</strong></span> <span class='ocrx_word' id='word_1_802' title='bbox 3239 5137 3489 5205; x_wconf 78' lang='lat' dir='ltr'><strong>Dominus</strong></span> <span class='ocrx_word' id='word_1_803' title='bbox 3546 5201 3551 5207; x_wconf 16' lang='lat' dir='ltr'><strong><em>ﬁ</em></strong></span> 
     </span>
    </p>
   </div>
   <div class='ocr_carea' id='block_1_111' title="bbox 1920 5230 3486 5310">
    <p class='ocr_par' dir='ltr' id='par_1_111' title="bbox 1920 5230 3486 5310">
     <span class='ocr_line' id='line_1_111' title="bbox 1920 5230 3486 5310; baseline -0.013 -9"><span class='ocrx_word' id='word_1_804' title='bbox 1920 5256 2102 5301; x_wconf 73' lang='lat' dir='ltr'><strong>noster</strong></span> <span class='ocrx_word' id='word_1_805' title='bbox 2122 5243 2278 5298; x_wconf 82' lang='lat' dir='ltr'><strong>Jesus</strong></span> <span class='ocrx_word' id='word_1_806' title='bbox 2306 5243 2549 5297; x_wconf 87' lang='lat' dir='ltr'><strong>Christus</strong></span> <span class='ocrx_word' id='word_1_807' title='bbox 2571 5239 2826 5310; x_wconf 90' lang='lat' dir='ltr'><strong>Spiritum</strong></span> <span class='ocrx_word' id='word_1_808' title='bbox 2867 5243 3111 5289; x_wconf 90' lang='lat' dir='ltr'><strong>sanctum</strong></span> <span class='ocrx_word' id='word_1_809' title='bbox 3156 5230 3486 5290; x_wconf 77' lang='lat' dir='ltr'><strong>l’aracletutn</strong></span> 
     </span>
    </p>
   </div>
   <div class='ocr_carea' id='block_1_112' title="bbox 1918 5320 3480 5405">
    <p class='ocr_par' dir='ltr' id='par_1_112' title="bbox 1918 5320 3480 5405">
     <span class='ocr_line' id='line_1_112' title="bbox 1918 5320 3480 5405; baseline -0.013 -13"><span class='ocrx_word' id='word_1_810' title='bbox 1918 5337 2084 5402; x_wconf 90' lang='lat' dir='ltr'><strong>misit,</strong></span> <span class='ocrx_word' id='word_1_811' title='bbox 2114 5349 2274 5405; x_wconf 89' lang='lat' dir='ltr'><strong>quem</strong></span> <span class='ocrx_word' id='word_1_812' title='bbox 2304 5331 2578 5400; x_wconf 86' lang='lat' dir='ltr'><strong>discipulis</strong></span> <span class='ocrx_word' id='word_1_813' title='bbox 2607 5338 2742 5388; x_wconf 44' lang='lat' dir='ltr'><strong>ante,</strong></span> <span class='ocrx_word' id='word_1_814' title='bbox 2761 5324 3025 5396; x_wconf 88' lang='lat' dir='ltr'><strong>promisit.</strong></span> <span class='ocrx_word' id='word_1_815' title='bbox 3057 5322 3272 5375; x_wconf 80' lang='lat' dir='ltr'><strong>Dixerat</strong></span> <span class='ocrx_word' id='word_1_816' title='bbox 3295 5320 3480 5375; x_wconf 87' lang='lat' dir='ltr'><strong>enim:</strong></span> 
     </span>
    </p>
   </div>
   <div class='ocr_carea' id='block_1_113' title="bbox 1919 5410 3494 5498">
    <p class='ocr_par' dir='ltr' id='par_1_113' title="bbox 1919 5410 3494 5498">
     <span class='ocr_line' id='line_1_113' title="bbox 1919 5410 3494 5498; baseline -0.013 -16"><span class='ocrx_word' id='word_1_817' title='bbox 1919 5429 2032 5484; x_wconf 81' lang='lat' dir='ltr'><strong>Non</strong></span> <span class='ocrx_word' id='word_1_818' title='bbox 2057 5433 2244 5498; x_wconf 85' lang='lat' dir='ltr'><strong>potest</strong></span> <span class='ocrx_word' id='word_1_819' title='bbox 2262 5424 2350 5478; x_wconf 89' lang='lat' dir='ltr'><strong>ille</strong></span> <span class='ocrx_word' id='word_1_820' title='bbox 2377 5424 2581 5486; x_wconf 85' lang='lat' dir='ltr'><strong>venire,</strong></span> <span class='ocrx_word' id='word_1_821' title='bbox 2604 5420 2701 5474; x_wconf 90' lang='lat' dir='ltr'><strong>nisi</strong></span> <span class='ocrx_word' id='word_1_822' title='bbox 2731 5431 2830 5486; x_wconf 88' lang='lat' dir='ltr'><strong>ego</strong></span> <span class='ocrx_word' id='word_1_823' title='bbox 2859 5414 3040 5468; x_wconf 89' lang='lat' dir='ltr'><strong>abiero</strong></span> <span class='ocrx_word' id='word_1_824' title='bbox 3065 5412 3240 5482; x_wconf 83' lang='lat' dir='ltr'><strong>(Joan.</strong></span> <span class='ocrx_word' id='word_1_825' title='bbox 3275 5425 3379 5474; x_wconf 73' lang='lat' dir='ltr'><strong>XVI,</strong></span> <span class='ocrx_word' id='word_1_826' title='bbox 3405 5410 3494 5481; x_wconf 55' lang='lat'><strong>7).,</strong></span> 
     </span>
    </p>
   </div>
   <div class='ocr_carea' id='block_1_114' title="bbox 1917 5503 3482 5584">
    <p class='ocr_par' dir='ltr' id='par_1_114' title="bbox 1917 5503 3482 5584">
     <span class='ocr_line' id='line_1_114' title="bbox 1917 5503 3482 5584; baseline -0.013 -11"><span class='ocrx_word' id='word_1_827' title='bbox 1917 5514 2336 5584; x_wconf 87' lang='lat' dir='ltr'><strong>Quadragesimo</strong></span> <span class='ocrx_word' id='word_1_828' title='bbox 2366 5513 2548 5581; x_wconf 84' lang='lat' dir='ltr'><strong>itaque</strong></span> <span class='ocrx_word' id='word_1_829' title='bbox 2575 5508 2663 5563; x_wconf 92' lang='lat' dir='ltr'><strong>die</strong></span> <span class='ocrx_word' id='word_1_830' title='bbox 2689 5515 2816 5578; x_wconf 88' lang='lat' dir='ltr'><strong>post</strong></span> <span class='ocrx_word' id='word_1_831' title='bbox 2841 5503 3286 5576; x_wconf 85' lang='lat' dir='ltr'><strong>resurrectionem</strong></span> <span class='ocrx_word' id='word_1_832' title='bbox 3313 5516 3482 5567; x_wconf 90' lang='lat' dir='ltr'><strong>suam,</strong></span> 
     </span>
    </p>
   </div>
   <div class='ocr_carea' id='block_1_115' title="bbox 1889 5592 3485 5675">
    <p class='ocr_par' dir='ltr' id='par_1_115' title="bbox 1889 5592 3485 5675">
     <span class='ocr_line' id='line_1_115' title="bbox 1889 5592 3485 5675; baseline -0.014 -13"><span class='ocrx_word' id='word_1_833' title='bbox 1889 5602 2066 5675; x_wconf 88' lang='lat' dir='ltr'><strong>cujus</strong></span> <span class='ocrx_word' id='word_1_834' title='bbox 2089 5602 2482 5667; x_wconf 83' lang='lat' dir='ltr'><strong>solemnitatem</strong></span> <span class='ocrx_word' id='word_1_835' title='bbox 2504 5605 2638 5663; x_wconf 87' lang='lat' dir='ltr'><strong>ante</strong></span> <span class='ocrx_word' id='word_1_836' title='bbox 2667 5595 2854 5650; x_wconf 80' lang='lat' dir='ltr'><strong>decem</strong></span> <span class='ocrx_word' id='word_1_837' title='bbox 2883 5593 2998 5647; x_wconf 77' lang='lat' dir='ltr'><strong>dies</strong></span> <span class='ocrx_word' id='word_1_838' title='bbox 3027 5592 3256 5659; x_wconf 87' lang='lat' dir='ltr'><strong>egimus,</strong></span> <span class='ocrx_word' id='word_1_839' title='bbox 3297 5603 3485 5647; x_wconf 81' lang='lat' dir='ltr'><strong>ascen-</strong></span> 
     </span>
    </p>
   </div>
   <div class='ocr_carea' id='block_1_116' title="bbox 1913 5676 3484 5754">
    <p class='ocr_par' dir='ltr' id='par_1_116' title="bbox 1913 5676 3484 5754">
     <span class='ocr_line' id='line_1_116' title="bbox 1913 5676 3484 5754; baseline -0.013 -4"><span class='ocrx_word' id='word_1_840' title='bbox 1913 5697 1992 5750; x_wconf 91' lang='lat' dir='ltr'><strong>dit</strong></span> <span class='ocrx_word' id='word_1_841' title='bbox 2017 5695 2068 5748; x_wconf 91' lang='lat' dir='ltr'><strong>in</strong></span> <span class='ocrx_word' id='word_1_842' title='bbox 2097 5693 2312 5754; x_wconf 79' lang='lat' dir='ltr'><strong>ccclum,</strong></span> <span class='ocrx_word' id='word_1_843' title='bbox 2337 5703 2438 5743; x_wconf 89' lang='lat' dir='ltr'><strong>nec</strong></span> <span class='ocrx_word' id='word_1_844' title='bbox 2459 5689 2741 5741; x_wconf 90' lang='lat' dir='ltr'><strong>immemor</strong></span> <span class='ocrx_word' id='word_1_845' title='bbox 2767 5681 3170 5754; x_wconf 90' lang='lat' dir='ltr'><strong>pollicitationis</strong></span> <span class='ocrx_word' id='word_1_846' title='bbox 3191 5692 3300 5731; x_wconf 66' lang='lat' dir='ltr'><strong>sua!</strong></span> <span class='ocrx_word' id='word_1_847' title='bbox 3325 5676 3484 5731; x_wconf 90' lang='lat' dir='ltr'><strong>hodie</strong></span> 
     </span>
    </p>
   </div>
   <div class='ocr_carea' id='block_1_117' title="bbox 1914 5766 3480 5851">
    <p class='ocr_par' dir='ltr' id='par_1_117' title="bbox 1914 5766 3480 5851">
     <span class='ocr_line' id='line_1_117' title="bbox 1914 5766 3480 5851; baseline -0.012 -15"><span class='ocrx_word' id='word_1_848' title='bbox 1914 5785 2056 5838; x_wconf 89' lang='lat' dir='ltr'><strong>misit</strong></span> <span class='ocrx_word' id='word_1_849' title='bbox 2083 5781 2339 5851; x_wconf 90' lang='lat' dir='ltr'><strong>Spiritum</strong></span> <span class='ocrx_word' id='word_1_850' title='bbox 2364 5785 2605 5831; x_wconf 91' lang='lat' dir='ltr'><strong>sanctum</strong></span> <span class='ocrx_word' id='word_1_851' title='bbox 2633 5817 2650 5842; x_wconf 93' lang='lat'><strong>,</strong></span> <span class='ocrx_word' id='word_1_852' title='bbox 2696 5788 2857 5842; x_wconf 91' lang='lat' dir='ltr'><strong>quem</strong></span> <span class='ocrx_word' id='word_1_853' title='bbox 2885 5770 3128 5841; x_wconf 87' lang='lat' dir='ltr'><strong>promisit</strong></span> <span class='ocrx_word' id='word_1_854' title='bbox 3155 5774 3368 5820; x_wconf 84' lang='lat' dir='ltr'><strong>centum</strong></span> <span class='ocrx_word' id='word_1_855' title='bbox 3401 5766 3480 5818; x_wconf 61' lang='grc' dir='ltr'><strong>νίν</strong></span> 
     </span>
    </p>
   </div>
   <div class='ocr_carea' id='block_1_118' title="bbox 1913 5857 3480 5943">
    <p class='ocr_par' dir='ltr' id='par_1_118' title="bbox 1913 5857 3480 5943">
     <span class='ocr_line' id='line_1_118' title="bbox 1913 5857 3480 5943; baseline -0.013 -15"><span class='ocrx_word' id='word_1_856' title='bbox 1913 5874 2073 5943; x_wconf 88' lang='lat' dir='ltr'><strong>ginti,</strong></span> <span class='ocrx_word' id='word_1_857' title='bbox 2105 5872 2193 5941; x_wconf 86' lang='lat' dir='ltr'><strong>qui</strong></span> <span class='ocrx_word' id='word_1_858' title='bbox 2221 5870 2376 5925; x_wconf 91' lang='lat' dir='ltr'><strong>simul</strong></span> <span class='ocrx_word' id='word_1_859' title='bbox 2410 5868 2616 5923; x_wconf 86' lang='lat' dir='ltr'><strong>fuerant</strong></span> <span class='ocrx_word' id='word_1_860' title='bbox 2649 5863 2991 5934; x_wconf 83' lang='lat' dir='ltr'><strong>congregati,</strong></span> <span class='ocrx_word' id='word_1_861' title='bbox 3027 5858 3346 5927; x_wconf 87' lang='lat' dir='ltr'><strong>tandemque</strong></span> <span class='ocrx_word' id='word_1_862' title='bbox 3379 5857 3480 5908; x_wconf 86' lang='lat' dir='ltr'><strong>Du-</strong></span> 
     </span>
    </p>
   </div>
  </div>
