4046 6510
653 445 756 500 745

1676 436 1732 491 S.
1774 433 2125 489 FULGENTII
2163 431 2464 487 EPISCOPI
2505 430 2870 488 RUSPENSlS
3768 441 3841 498 ω

647 561 780 615 mini
821 557 1228 628 promissionem
1270 553 1495 607 ﬁdeliter
1531 550 1933 623 exspectabant.
1971 547 2228 601 Omnibus
2257 549 2304 607 Α
2331 545 2426 598 bra
2450 545 2667 600 unitatis
2695 546 2933 615 corporis
2958 546 3171 602 Christi.
3215 545 3338 600 Non
3377 547 3519 601 enim
3543 547 3713 604 frustra
3735 555 3838 611 cete.

649 652 844 720 linguis
864 649 1025 704 loculi
1047 655 1189 702 sunt.
1213 645 1303 700 Sic
1329 645 1528 714 quippe
1559 652 1683 696 tunc
1699 641 1810 695 Deo
1833 641 2033 710 placuit
2052 638 2224 692 sancti

651 744 880 814 Spiritus
901 738 1201 809 signiﬁcare
1239 737 1596 809 praesentiam,
1633 743 1689 788 ut
1717 734 1808 804 qui
1837 749 1957 788 eum
1988 732 2224 802 accepis-

651 843 764 896 set,
796 829 1043 886 omnibus
1071 826 1261 896 linguis
1292 827 1624 894 loqueretur.
1658 821 1814 876 Prius
1841 821 2226 890 itaquevbrcvi-

653 932 739 978 ter
757 921 1049 982 videamus,
1068 918 1281 988 quando
1302 931 1424 970 eum
1449 915 1710 985 promisit.
1738 928 1906 982 quare
1925 913 2058 966 dixit
2078 931 2090 964 :
2108 911 2223 967 Non

652 1021 830 1085 potest
857 1011 1041 1066 venire
1070 1010 1209 1079 ipse,
1242 1009 1342 1063 nisi
1372 1023 1473 1072 ego
1513 1008 1718 1060 abiero.
1758 1004 1943 1075 Neque
1973 1005 2112 1059 enim
2139 1020 2225 1059 se-

653 1089 905 1176 parabi‘lis
941 1113 1020 1156 est
1050 1116 1080 1155 a
1123 1099 1256 1154 Filio
1282 1098 1373 1153 Dei
1410 1098 1639 1167 Spiritus
1667 1104 1899 1159 sanctus,
1930 1105 2020 1148 aut
2051 1098 2223 1164 impo-

648 1209 772 1251 tens
794 1205 909 1250 erat
931 1208 995 1246 eo
1014 1189 1275 1261 pnesente
1297 1189 1500 1251 venire,
1533 1203 1561 1240 a
1584 1202 1691 1255 quo
1719 1202 1824 1240 non
1855 1193 2034 1254 potest
2061 1183 2227 1238 disce-

651 1285 798 1338 dere.
831 1280 936 1337 Sed
958 1279 1207 1349 quoniam
1237 1276 1412 1331 adhuc
1441 1275 1713 1344 discipulis
1743 1274 1966 1328 inﬁrmis
1997 1271 2221 1328 formam

651 1374 794 1427 servi
827 1371 1078 1425 Dominus
1107 1365 1542 1428 demonstrabat,
1592 1365 1643 1418 in
1689 1378 1792 1432 qua
1825 1363 2052 1417 Verbum
2096 1377 2222 1418 caro

650 1465 848 1518 factum
878 1470 988 1524 est,
1014 1468 1069 1515 et
1092 1458 1354 1513 habitavit
1382 1458 1433 1510 in
1466 1457 1618 1510 nobis
1642 1473 1656 1519 ;
1689 1470 1905 1510 causam
1933 1457 2088 1522 (forte
2114 1454 2224 1508 for-

647 1559 812 1617 mam)
843 1566 972 1604 vcro
1002 1549 1159 1610 servi,
1195 1547 1244 1600 id
1275 1555 1357 1601 est
1381 1560 1596 1600 carnem
1636 1544 1868 1610 Domini,
1914 1543 2074 1596 etiam
2104 1557 2224 1597 car-

647 1642 800 1696 nales
825 1646 1078 1709 poterant
1101 1637 1333 1701 intueri;
1365 1635 1532 1689 forma
1559 1641 1734 1688 autem
1766 1633 1876 1696 Dei,
1908 1632 1958 1685 in
1989 1647 2091 1700 qua
2114 1647 2220 1686 non

648 1730 888 1799 rapinam
911 1727 1198 1780 arbitratus
1223 1733 1307 1778 est
1332 1738 1452 1778 esse
1478 1737 1536 1776 se
1565 1722 1824 1792 aequalem
1854 1721 1964 1774 Deo
1991 1718 2213 1792 (Philip.

649 1834 718 1886 ιι,
745 1819 834 1887 6),
884 1831 990 1871 non
1017 1823 1192 1885 potest
1233 1814 1333 1868 nisi
1369 1828 1399 1867 a
1429 1813 1757 1881 spiritalibus
1783 1811 2037 1878 cogitari,
2095 1826 2222 1880 pro-

2325 634 2514 703 bratis,
2536 636 2581 691 si
2607 636 2710 692 hoc
2729 638 2858 692 estis
2879 637 3022 707 quod
3050 637 3344 693 celebratis
3388 654 3401 690 :
3451 637 3524 692 illi
3548 637 3761 698 Ecclesia
3779 661 3840 702 co-

2325 726 2611 795 haerentes,
2659 743 2819 798 quam
2862 728 3119 783 Dominus
3165 729 3402 798 impleas
3449 728 3641 799 Spiritu
3683 744 3836 800 sancto,

2323 825 2439 871 toto
2476 819 2675 873 mundo
2703 826 2981 874 crescente
3009 819 3258 888 agnoscit
3287 834 3465 886 suam,
3517 831 3571 875 et
3595 825 3840 889 agnoscitur

2321 921 2354 960 a
2385 922 2499 982 sua.
2531 908 2804 978 Tanquam
2833 924 3062 979 sponsus
3089 924 3351 980 sponsam
3394 925 3499 964 non
3526 912 3729 979 perdidit
3749 930 3837 982 pro-

2321 981 2518 1064 priam,
2548 1011 2708 1052 nemo
2735 997 2785 1052 ei
2813 998 3066 1068 supponit
3085 999 3342 1053 alienam.
3388 997 3552 1053 Vobis
3571 1001 3698 1054 enim
3715 981 3838 1058 otnni-

2294 1092 2423 1146 -bus
2462 1093 2710 1160 gentibus
2756 1092 3098 1160 constitutis,
3146 1092 3254 1148 hoc
3299 1101 3385 1147 est
3413 1091 3652 1148 Ecclesiae
3675 1094 3836 1160 Christi,

2323 1181 2574 1236 membris
2587 1181 2805 1246 Christi,
2831 1183 3043 1252 corpori
3058 1181 3280 1248 Christi,
3308 1182 3725 1252 sponsteChristi,
3741 1185 3839 1255 Apo-

2321 1269 2493 1324 stolus
2515 1270 2644 1324 dicit
2669 1288 2682 1324 :
2711 1269 3030 1341 Str/ferentes
3049 1273 3268 1326 invicem
3290 1273 3348 1325 in
3371 1271 3654 1337 dilectione,
3684 1275 3837 1327 studen-

2325 1368 2400 1413 tes
2427 1360 2644 1414 invicem
2670 1377 2873 1416 servare
2904 1363 3152 1415 unitatem
3179 1361 3418 1429 Spiritus
3453 1362 3507 1414 in
3535 1361 3714 1414 vinculo
3735 1365 3836 1430 parit

2323 1447 2538 1520 (Ephes.
2566 1466 2640 1518 tv,
2670 1448 2724 1514 2,
2753 1451 2831 1519 5).
2861 1450 3054 1506 Videte
3083 1451 3207 1520 quia
3240 1451 3334 1505 ubi
3365 1452 3610 1521 prmcepit
3653 1460 3702 1505 ut
3722 1454 3834 1507 susti-

2322 1552 2546 1594 neamus
2584 1541 2846 1607 invicem,
2880 1541 2952 1596 ibi
2989 1542 3169 1611 posuit
3193 1541 3580 1606 dilectionem;
3619 1541 3696 1594 ubi
3729 1557 3834 1611 spem

2324 1628 2615 1682 nominavit
2636 1631 2870 1692 unitatis,
2898 1631 2968 1684 ibi
3008 1631 3244 1686 ostendit
3272 1629 3546 1685 vinculum
3573 1633 3719 1700 pacis.
3747 1630 3833 1686 Hec

2323 1725 2405 1772 est
2433 1717 2622 1772 domus
2652 1717 2747 1772 Dei
2789 1717 2857 1773 de
2899 1718 3036 1774 vivis
3064 1714 3334 1790 lapidibus
3376 1717 3660 1781 fabricata,
3687 1719 3731 1772 in

2324 1806 2484 1862 talem
2505 1815 2712 1876 patrem
2740 1805 2968 1864 familias
2991 1809 3225 1864 delectet
3255 1809 3524 1880 habitare,
3549 1808 3684 1878 cujus
3699 1808 3832 1864 oculos

645 1919 832 1980 pterea
862 1907 996 1961 dixit
1021 1924 1032 1958 :
1067 1904 1181 1959 Non
1199 1911 1377 1974 potest
1398 1903 1486 1957 ille
1515 1903 1718 1966 venire,
1751 1902 1850 1955 nisi
1881 1915 1982 1970 ego
2010 1901 2214 1963 abiero,
2255 1897 2295 1955 Β
2321 1896 2471 1951 ruina
2501 1896 2777 1953 divisionis
2806 1915 2912 1954 non
2939 1899 3100 1954 debet
3119 1899 3418 1955 offendere.

648 2009 901 2069 tanquam
947 1997 1149 2051 diceret
1182 2011 1194 2047 :
1235 1992 1482 2060 Quandiu
1513 1993 1657 2048 circa
1685 2007 1856 2046 meam
1883 2006 2099 2046 carnem
2131 2007 2219 2048 oc-

647 2100 876 2158 cupatus
903 2094 984 2142 est
1030 2084 1207 2139 vester
1235 2084 1464 2139 carnalis
1513 2082 1764 2145 allectus,
1813 2081 1998 2135 tandiu
2047 2097 2219 2136 meam

647 2178 980 2232 divinitatem
1028 2191 1133 2229 non
1187 2174 1409 2242 suscipit
1448 2180 1626 2226 vester
1673 2171 1927 2240 spiritalis
1981 2171 2217 2224 obtutus.

649 2267 801 2322 Bono
822 2267 962 2321 enim
984 2265 1212 2335 Spiritus
1233 2264 1402 2319 sancti
1428 2264 1743 2332 promiserat
1767 2278 1860 2317 eos
1882 2262 2224 2316 introducen-

643 2356 746 2412 dos
775 2357 826 2410 in
853 2370 1064 2410 omnem
1097 2354 1375 2408 veritatem
1395 2393 1408 2416 ,
1453 2347 1588 2407 sicut
1627 2354 1884 2422 scriptum
1925 2362 2009 2406 est
2047 2370 2058 2404 :
2091 2350 2222 2404 Fide

647 2446 906 2501 inundans
923 2445 1079 2499 corda
1099 2460 1274 2497 eorum
1296 2443 1430 2507 (Act.
1453 2461 1540 2506 xv,
1557 2443 1634 2513 9).
1663 2442 1808 2496 Beati
1832 2449 2007 2496 autem
2029 2443 2221 2496 mundo

651 2534 818 2597 corde,
845 2533 962 2604 quia
986 2533 1086 2600 ipsi
1110 2529 1270 2583 Deum
1293 2531 1528 2582 ridebunt
1552 2529 1764 2602 (Matth.
1787 2546 1856 2593 vt,
1883 2530 1960 2589 8).
1995 2530 2221 2586 Absces-

645 2624 720 2676 si:
763 2623 940 2690 itaque
975 2620 1273 2690 corporalis
1313 2619 1480 2674 forma
1527 2619 1739 2672 Domini
1782 2635 1812 2672 a
1853 2621 2220 2690 corporalibus

641 2713 817 2768 oculis
844 2727 1048 2772 eorum,
1083 2708 1141 2764 ut
1167 2725 1261 2779 per
1291 2710 1546 2780 Spiritum
1568 2718 1810 2763 sanctum
1831 2709 2082 2765 divinitas
2110 2711 2218 2766 Do-

578 2867 590 2883 .
644 2801 773 2856 mini
798 2800 1156 2854 insinuaretur
1183 2799 1434 2853 cordibus
1463 2813 1672 2851 eorum.

714 2893 766 2947 Ξ.
800 2892 950 2947 Nunc
977 2888 1169 2944 deinde
1199 2888 1474 2944 videamus
1501 2903 1668 2958 quare
1709 2897 1835 2944 tunc
1863 2890 1964 2945 hoc
1989 2900 2106 2945 erat
2143 2893 2217 2946 si-

643 2997 803 3051 gnqu
827 2980 1119 3051 prmentim
1148 2978 1378 3049 Spiritus
1400 2980 1591 3045 sancti,
1627 2989 1684 3033 ut
1711 2981 1802 3048 qui
1827 2996 1949 3035 eum
1980 2983 2221 3053 accepis-

639 3081 762 3128 sent
789 3072 980 3140 linguis
999 3071 1250 3126 omnibus
1275 3070 1640 3139 loquerentur.
1679 3070 1864 3140 Neque
1889 3075 2028 3127 enim
2055 3074 2216 3128 etiam

643 3179 784 3219 nunc
814 3179 920 3218 non
951 3161 1184 3217 donatur
1220 3161 1452 3231 Spiritus
1495 3151 1744 3227 sanctus,
1797 3171 1852 3217 et
1901 3170 2078 3218 tamen
2122 3163 2213 3233 qui

2933 2032 3158 2088 SERMO
3189 2032 3283 2087 IX.

2803 2146 2882 2200 De
2908 2156 3088 2201 sancto
3119 2146 3419 2200 Vincentio.
3479 2183 3484 2188 -

2395 2257 2444 2311 l.
2477 2257 2657 2323 Miror,
2692 2257 2917 2322 fratres,
2951 2258 2994 2312 si
3025 2257 3198 2311 adhuc
3238 2255 3445 2325 aliquid
3498 2255 3643 2310 vultis
3679 2253 3827 2308 audire.

2331 2347 2458 2404 Post
2482 2358 2682 2403 tantam
2709 2350 2906 2420 quippe
2956 2363 3074 2418 quze
3115 2348 3272 2403 nobis
3301 2348 3440 2410 lecta
3463 2355 3544 2401 est
3570 2344 3709 2400 modo
3730 2360 3828 2400 mar-

2324 2439 2443 2509 tyrii
2483 2440 2806 2507 passionem,
2835 2447 2891 2492 et
2915 2436 3215 2507 superfluus
3245 2446 3332 2492 est
3354 2436 3548 2498 diutor,
3577 2444 3627 2488 et
3647 2433 3827 2488 fastidio-

2321 2545 2411 2585 sus
2438 2531 2668 2585 auditor.
2701 2529 3000 2598 Legebatur
3023 2529 3220 2605 etenim
3253 2528 3416 2584 modo
3449 2527 3596 2581 nobis
3616 2523 3750 2594 judcx
3772 2523 3824 2578 le-

2321 2636 2438 2684 rus,
2484 2628 2657 2674 tortor
2683 2629 2969 2687 cruentus,
3014 2618 3070 2674 et
3095 2627 3304 2690 martyr
3349 2617 3613 2673 invictus:
3652 2616 3694 2669 in
3717 2613 3824 2682 cujus

2319 2725 2545 2780 corpore
2585 2710 2756 2780 pomis
2785 2710 2945 2764 variis
2982 2717 3204 2765 exarato
3240 2709 3356 2778 jam
3388 2714 3640 2762 tormenta
3671 2704 3825 2760 defecto

2320 2810 2458 2868 rant,
2485 2811 2540 2856 et
2557 2802 2728 2857 adhuc
2749 2803 2984 2857 membra
3014 2801 3304 2857 durabant.
3332 2800 3436 2854 Tot
3461 2797 3682 2854 convicta
3703 2795 3822 2848 mira-

2320 2893 2452 2948 culis
2489 2892 2810 2962 persistebat
2854 2893 3119 2962 impietas,
3165 2899 3249 2946 tot
3281 2899 3470 2945 vexata
3499 2885 3823 2956 s‘uppliciisnon

2319 2985 2542 3040 cedebat
2582 2983 2900 3049 inﬁrmitas,
2944 2983 3342 3051 agnoscebatur
3387 2991 3570 3051 operta
3612 2974 3819 3031 divinitas.

2319 3076 2543 3142 Quando
2571 3076 2713 3130 exim
2751 3074 3111 3144 corruptibilis
3139 3073 3318 3143 pulvis
3346 3079 3531 3127 contra
3565 3078 3660 3122 tam
3681 3066 3823 3119 intuta-

2319 3166 2406 3220 nia
2439 3174 2700 3220 tortnenta
2730 3164 2971 3231 duraret,
3001 3163 3100 3219 nisi
3131 3164 3183 3218 in
3215 3178 3284 3218 eo
3313 3162 3554 3216 Christus
3578 3153 3821 3212 habitaret!

639 3268 762 3308 eum
805 3252 1072 3322 accipiunt
1107 3267 1216 3306 non
1255 3252 1547 3322 loquuntur
1574 3252 1768 3321 linguis
1794 3253 2062 3318 omnibus,
2097 3265 2220 3324 ‘quo
2250 3261 2294 3322 (ζ
2328 3255 2437 3324 Ego
2467 3263 2646 3318 certe,
2680 3255 2871 3308 fratres
2896 3296 2910 3318 ,
2953 3262 3073 3324 post
3102 3261 3311 3308 tantum
3342 3249 3699 3322 spectaculum,
3721 3241 3822 3311 quod

637 3343 870 3395 evidenti
900 3341 1160 3395 miraculo
1188 3355 1247 3395 se
1276 3341 1364 3396 illo
1391 3350 1630 3410 tempore
1667 3341 2089 3397 demonstrabat.
2131 3340 2219 3398 ln-

638 3431 983 3501 telligendum
1011 3440 1114 3498 est,
1147 3432 1339 3485 fratres
1358 3433 1640 3499 carissimi,
1665 3434 1805 3488 hunc
1826 3449 1944 3489 esse
1956 3434 2217 3504 Spiritum

639 3537 752 3576 satu
770 3529 910 3586 tum,
941 3522 1274 3590 quocaritas
1300 3520 1612 3599 diﬁunditur
1643 3522 1694 3575 in
1727 3523 1979 3578 cordibus
2000 3525 2214 3579 nostris.

639 3611 704 3665 Et
718 3612 970 3682 quoniam
989 3611 1188 3666 caritas
1206 3611 1495 3666 Ecclesiam
1519 3611 1610 3666 Dei
1632 3621 2021 3682 congregatum
2044 3613 2216 3668 fuerat

638 3709 756 3755 toto
797 3702 928 3754 orbe
965 3709 1226 3755 terrarum
1250 3743 1266 3768 ,
1298 3703 1442 3770 quod
1483 3709 1609 3756 tunc
1663 3703 1826 3756 etiam
1874 3719 2010 3758 unus
2056 3705 2218 3760 homo

635 3800 850 3862 poterat
901 3792 1152 3862 Spiritum
1183 3793 1426 3848 sanctum
1457 3793 1722 3864 accipiens
1750 3793 1942 3862 linguis
1971 3795 2218 3851 omnibus

642 3884 786 3952 loqui
812 3925 849 3948 ,κ
885 3899 1022 3938 nunc
1052 3893 1240 3939 sancto
1269 3884 1473 3955 Spiritu
1503 3893 1822 3953 congregata
1873 3886 1987 3955 ipsa
2037 3888 2218 3941 unitas

639 3972 890 4028 Ecclesiae
919 3975 1111 4042 linguis
1135 3977 1385 4030 omnibus
1427 3976 1682 4044 loquitur.
1716 3975 1948 4030 Proinde
1978 3977 2022 4030 si
2065 3977 2214 4044 quis-

633 4081 793 4134 quam
810 4067 1004 4119 dixerit
1029 4066 1185 4121 alicui
1217 4076 1457 4122 nostrum
1483 4086 1496 4118 :
1519 4066 1784 4136 Accepisti
1812 4067 2070 4137 Spiritum
2091 4083 2215 4122 san-

635 4166 816 4222 ctum,
848 4171 1015 4225 quare
1045 4174 1150 4212 non
1175 4158 1368 4226 linguis
1395 4159 1645 4213 omnibus
1675 4158 1954 4227 loqueris?
1989 4174 2214 4228 tespon-

637 4246 765 4298 dere
787 4245 976 4299 debet:
998 4245 1210 4316 Loquor
1229 4263 1360 4301 sane
1383 4248 1630 4301 omnibus
1659 4247 1852 4315 linguis
1878 4265 1889 4300 :
1916 4249 2040 4318 quia
2073 4249 2126 4302 in
2147 4254 2214 4304 eo

636 4347 753 4388 sum
783 4331 980 4387 Christi
1003 4349 1250 4402 corpore,
1284 4335 1387 4387 hoc
1413 4341 1496 4387 est
1522 4335 1574 4386 in
1602 4332 1862 4400 Ecclesia,
1892 4349 2010 4403 quan
2041 4335 2214 4403 loqui-

635 4434 723 4479 tur
750 4425 1236 4492 omnibuslinguis.
1283 4424 1421 4490 Quid
1450 4424 1593 4478 enim
1629 4423 1770 4477 aliud
1803 4432 1929 4480 tunc
1968 4425 2110 4480 Deus
2135 4427 2209 4479 si-

633 4509 907 4584 gniﬁcavit
931 4531 1029 4586 per
1055 4517 1222 4570 sancti
1249 4515 1479 4585 Spiritus
1503 4517 1858 4586 praesentiam,
1906 4517 2005 4570 nisi
2036 4517 2212 4572 Eccle-

2323 3344 2589 3400 mentibus
2629 3345 2826 3398 nostris
2873 3344 3041 3398 series
3083 3343 3312 3398 decursa
3344 3339 3582 3396 lectionis
3623 3332 3816 3391 exhibuit.

2323 3451 2428 3490 non
2457 3435 2848 3489 committerem
2881 3433 3072 3488 vestris
3100 3432 3320 3486 auribus
3349 3441 3637 3486 sermonem
3659 3435 3820 3482 meum,

2322 3527 2420 3580 nisi
2451 3526 2575 3595 quia
2608 3524 2818 3579 laudem
2850 3523 3061 3578 Domini
3109 3523 3349 3590 loquitur
3386 3536 3448 3575 os
3486 3531 3646 3571 meum
3687 3508 3817 3595 (Psul.

2319 3593 2492 3679 CRLIV',
2517 3615 2626 3683 2|).
2654 3613 2708 3668 ln
2741 3613 2824 3668 his
2851 3625 2980 3680 ergo
3007 3612 3256 3664 omnibus
3280 3610 3370 3664 ille
3398 3599 3744 3676 agnoscendus,
3759 3593 3820 3646 ille

2318 3706 2718 3778 gloriﬁcandus,
2745 3706 2835 3760 ille
2863 3703 3156 3758 laudandus
3184 3710 3298 3765 est,
3328 3699 3420 3769 qui
3457 3705 3512 3752 et
3539 3695 3684 3764 prima
3706 3700 3820 3740 voca-

2321 3799 2465 3852 tione
2491 3796 2636 3850 de.lit
2662 3795 2818 3850 ﬁdem
2836 3833 2850 3857 ,
2896 3801 2970 3848 et‘
2989 3795 3042 3846 in
3069 3806 3319 3862 suprema
3346 3788 3586 3858 passione
3613 3782 3818 3835 virtutem.

2319 3887 2492 3941 Vultis
2546 3902 2706 3941 nosse
2744 3886 2868 3954 quia
2909 3893 3195 3951 utrumque
3232 3880 3489 3935 donatum
3530 3872 3644 3928 est?
3682 3864 3821 3954 Audite

2319 3978 2620 4047 apostolum
2639 3953 2859 4030 Paulum
2887 3993 2898 4026 :
2933 3973 3107 4036 Vobis,
3131 3971 3322 4039 inquit,
3342 3971 3580 4023 donatum
3597 3971 3662 4015 est
3678 3975 3702 4010 α
3715 3953 3819 4010 Chri-

2319 4078 2397 4123 sto
2414 4112 2429 4134 ,
2460 4086 2559 4122 non
2589 4069 2753 4123 solum
2779 4075 2833 4119 ut
2855 4065 3076 4119 credatis
3101 4067 3155 4117 in
3179 4080 3319 4130 eum,
3350 4075 3517 4116 verum
3541 4057 3678 4110 etiam
3693 4055 3735 4100 ut
3754 4059 3819 4114 pa-

2317 4163 2518 4216 tiamini
2540 4178 2633 4230 pro
2662 4176 2721 4212 eo
2748 4158 2966 4226 (Philip.
2992 4173 3029 4217 ι,
3059 4154 3171 4226 29).
3197 4153 3493 4223 Accepcrat
3521 4151 3623 4202 bmc
3649 4145 3816 4234 uirili“

2321 4252 2648 4306 Vincentius.
2684 4250 2839 4321 5'11
2871 4247 3187 4314 Acceperat,
3219 4245 3342 4299 ideo
3382 4239 3617 4296 habebat.
3645 4231 3693 4286 Si
3717 4231 3817 4282 enim

2320 4360 2425 4399 non
2470 4344 2760 4412 acciperet,
2805 4340 2932 4410 quid
2961 4339 3227 4394 haberet?
3277 4336 3514 4390 Habebat
3542 4332 3587 4383 in
3629 4328 3816 4379 sermone

2317 4439 2593 4504 ﬁduciam,
2635 4436 2869 4490 habebat
2917 4434 2968 4487 in
3018 4435 3269 4502 passione
3315 4425 3652 4485 tolerantiam.
3695 4412 3816 4467 Nemo

2317 4545 2446 4599 ergo
2475 4530 2541 4583 de
2571 4543 2668 4583 suo
2697 4527 2860 4582 corde
2890 4532 3195 4595 praesumat,
3222 4521 3436 4591 quando
3460 4514 3645 4588 profert
3663 4512 3815 4599 seruo:

630 4609 764 4661 siam
794 4623 943 4662 suam
973 4607 1218 4662 omnibus
1242 4607 1434 4677 linguis
1459 4609 1796 4662 locuturam?
1826 4610 1986 4680 57o
2015 4609 2208 4680 lmple-
2240 4627 2289 4687 υ
2315 4588 2455 4675 ηοῖη,
2507 4619 2674 4674 Nemo
2724 4619 2792 4672 de
2839 4588 2949 4672 suis
2985 4615 3186 4671 viribus
3233 4588 3393 4677 ﬁdat,
3442 4603 3640 4678 quando
3677 4588 3813 4651 sulleﬂ
3850 4652 3853 4655 ,

633 4708 744 4753 tum
776 4708 857 4754 est
899 4700 1080 4769 itaque
1121 4701 1263 4769 quod
1310 4701 1632 4770 promiserat
1678 4700 1936 4755 Dominus
1979 4719 1990 4754 :
2039 4701 2206 4756 Nemo

628 4790 785 4842 mittit
813 4791 982 4843 vinum
1005 4807 1187 4844 novum
1211 4793 1265 4844 in
1294 4801 1431 4844 utres
1454 4800 1640 4844 veteres
1658 4831 1672 4855 ,
1707 4791 1796 4844 sed
1823 4792 1994 4846 vinum
2022 4807 2205 4846 novum

627 4883 682 4934 in
702 4890 839 4934 utres
866 4897 1021 4935 novos
1048 4884 1275 4948 mittunt,
1305 4893 1355 4936 et
1383 4894 1595 4956 utraque
1624 4884 1960 4938 servabuntur
1988 4883 2201 4954 (Matth.

626 4987 702 5036 Ix,
737 4971 847 5043 17).
881 4971 1070 5027 Merito
1101 4987 1229 5042 ergo
1259 4989 1378 5029 cum
1409 4975 1718 5030 audirentur
1743 4976 1940 5044 linguis
1959 4977 2207 5031 omnibus

626 5063 792 5131 loqui,
821 5063 1059 5118 nonnulli
1089 5064 1338 5118 dicebant
1364 5083 1376 5117 :
1408 5064 1482 5118 Hi
1502 5076 1666 5121 musto
1687 5067 1824 5137 pleni
1846 5078 1964 5121 sunt
1987 5068 2123 5136 (Act.
2143 5085 2197 5131 ll,

626 5151 739 5222 12).
772 5150 886 5206 Jam
917 5153 1060 5209 enim
1104 5153 1229 5209 facti
1283 5154 1493 5209 fuerant
1524 5163 1668 5209 utres
1699 5157 1852 5221 novi,
1903 5157 2218 5242 sanctitatis.

624 5241 794 5306 gratia
821 5243 1084 5309 renovati,
1113 5252 1172 5298 ut
1198 5245 1323 5299 vino
1353 5259 1513 5310 novo,
1541 5244 1647 5300 hoc
1673 5255 1757 5300 cst
1784 5245 1984 5316 Spiritu
2013 5255 2200 5301 sancto

624 5331 840 5402 repleti,
854 5335 1101 5391 omnibus
1115 5336 1305 5404 linguis
1322 5337 1586 5406 loquendo
1604 5337 1890 5404 ferverent,
1905 5339 2198 5396 Ecclesiam

624 5419 944 5479 catholicam
963 5441 1060 5496 per
1081 5429 1316 5484 omnium
1339 5431 1577 5498 gentium
1602 5430 1810 5498 linguas
1836 5431 2066 5487 futuram
2095 5434 2202 5487 evi-

623 5516 935 5573 dentissimo
964 5519 1057 5576 illo
1087 5523 1345 5578 miraculo
1386 5524 1791 5593 praesignarent.
1847 5523 1921 5578 Ac
1959 5538 2056 5594 per
2093 5524 2196 5579 hoc

623 5614 768 5663 recte
796 5607 1087 5664 creduntur
1120 5611 1354 5666 hzeretici
1394 5612 1652 5682 Spiritum
1681 5621 1926 5668 sanctum
1954 5627 2060 5665 non
2097 5612 2194 5664 ha-

622 5696 769 5764 bere,
801 5699 889 5767 qui
918 5699 1228 5756 dividuntur
1249 5719 1276 5756 a
1305 5717 1551 5773 corpore,
1576 5704 1718 5772 quod
1745 5718 1843 5772 per
1864 5717 2051 5755 omnes
2075 5715 2199 5768 gen-

623 5793 702 5840 tes
730 5782 922 5855 linguis
950 5790 1199 5845 omnibus
1227 5793 1420 5845 meruit
1450 5807 1762 5860 personare.

691 5877 742 5930 3.
771 5877 918 5934 Hunc
947 5882 1123 5952 itaque
1152 5883 1290 5936 diem
1320 5885 1394 5936 sic
1423 5885 1709 5946 celebrate.
1743 5895 1994 5954 tanquam
2024 5897 2193 5936 mem-

2312 4709 2682 4764 tentationem.
2730 4705 2865 4772 Quia
2895 4713 2951 4760 et
2978 4712 3037 4758 ut
3079 4704 3220 4758 bona
3262 4699 3550 4772 prudenter
3575 4689 3810 4755 Ιοιιιιεωιιτι

2311 4800 2378 4854 ab
2408 4800 2499 4854 illo
2527 4809 2713 4853 nostra
2742 4806 2825 4851 est
2852 4795 3134 4865 sapientia.
3760 4857 3785 4868 ﬂ

2379 4890 2431 4944 2.
2479 4889 2721 4945 Recolite
2747 4859 3032 4943 Dominum
3062 4886 3331 4942 Christum
3362 4895 3485 4938 suos
3512 4879 3561 4932 in
3583 4859 3810 4930 Evangelio

2307 4977 2597 5048 discipulos
2633 4976 3030 5031 admonentem.
3077 4974 3319 5030 Recolite
3354 4975 3627 5036 ωεηγτιιω

2308 5035 2560 5124 cohortes
2597 5082 2724 5122 suas
2759 5066 2922 5121 armis
2958 5065 3286 5136 spiritalibus
3322 5035 3672 5120 instruentem,

2310 5166 2720 5224 monstrantem,
2750 5125 3014 5225 adjutoria
3041 5155 3444 5214 ministrantem,
3477 5139 3668 5218 prasmia
3690 5125 3806 5225 Ρθιίξο

2307 5257 2538 5302 centem.
2558 5245 2658 5313 Qui
2679 5213 2800 5301 cum
2818 5213 3045 5300 dixisset
3061 5245 3334 5315 discipulis
3351 5213 3458 5299 suis
3474 5213 3554 5292 ξιιι
3572 5233 3654 5285 hoc
3665 5213 3805 5315 tt!!!“

2305 5352 2600 5408 pressuram
2627 5335 2874 5408 habebitis
2904 5334 3083 5404 (Joan.
3115 5313 3222 5402 xvt,
3259 5333 3348 5406 33)
3367 5375 3382 5399 ,
3425 5343 3567 5389 mox,
3597 5327 3647 5374 ut
3668 5313 3801 5408 delet-

2307 5429 2438 5482 ritos
2464 5407 2853 5490 consolaretur,
2894 5426 3157 5495 adjunxit,
3196 5426 3308 5482 Sed
3329 5419 3584 5492 conﬁdite,
3609 5407 3709 5474 qui“
3729 5407 3798 5466 (θ’

2301 5519 2396 5573 vici
2434 5519 2677 5572 mundum
2717 5517 2989 5588 (Ibidem).
3030 5518 3168 5586 Quid
3207 5531 3336 5586 ergo
3370 5514 3622 5570 mirantur,
3659 5495 3802 5588 ira"?

2301 5595 2582 5674 cariSsirni,
2623 5611 2667 5664 si
2709 5611 2760 5664 in
2793 5610 2884 5664 illo
2912 5610 3038 5665 vicit
3066 5609 3376 5665 Vincentius
3403 5621 3431 5659 a
3457 5612 3556 5670 quo
3583 5578 3800 5681 victui-9.?

2301 5701 2528 5755 mundus
2542 5671 2578 5753 ?’
2595 5700 2659 5754 In
2689 5701 2785 5755 hoc
2813 5700 3024 5764 mutulo,
3067 5700 3256 5769 inquit,
3291 5703 3561 5767 pressurant
3586 5671 3795 5769 Ιηιὺώίιίξο

2305 5791 2412 5845 Etsi
2443 5791 2655 5859 premit,
2679 5806 2785 5844 non
2815 5789 3070 5861 opprimit
3100 5808 3112 5842 :
3139 5767 3242 5845 etsi
3272 5785 3544 5858 oppugnat,
3565 5783 3656 5828 non
3679 5767 3799 5861 0‘11"

2301 5843 2462 5952 gnat:
2490 5843 2767 5935 Geminam
2797 5843 3028 5935 mundus
3057 5881 3226 5935 aciem
3251 5843 3489 5951 producit
3511 5869 3670 5924 contra
3689 5843 3795 5907 mil?
