4050 6514
227 457 326 511 745

1666 460 1896 516 SERMO
1938 464 1998 521 Χ.

3371 465 3474 522 716

225 579 304 623 tes
339 564 554 622 Christi.
605 569 880 628 Blanditur
913 550 1068 628 [enim
1117 581 1176 628 ut
1221 573 1472 644 decipiat,
1523 582 1692 630 terret
1741 583 1875 638 utA
1903 583 2272 635 transnatavit.
2292 582 2396 637 Sed
2423 596 2534 651 ipse
2560 580 2697 634 inter
2725 578 2891 634 undas
2915 578 3226 646 gubernavit
3245 579 3476 636 cadaver

224 655 452 724 frangat.
482 655 600 712 Non
630 667 811 714 teneat
834 662 1082 718 voluntas
1111 663 1351 732 propria,
1381 671 1436 717 et
1462 669 1581 717 non'
1601 671 1802 718 terreat

223 745 509 802 crudelitas
547 747 742 805 aliena.
779 750 858 803 Ad
891 758 1146 820 utrosque
1175 751 1350 806 aditus
1374 761 1622 806 occurrat
1648 751 1802 806 Chri-

225 847 356 903 stus,
386 846 442 907 et
481 855 591 893 non
624 841 856 896 vincitur
881 841 1234 898 Christianus.
1275 841 1333 896 Si
1371 842 1720 897 consideretis
1748 842 1801 896 in

225 929 324 983 ista
351 929 602 998 passione
622 931 906 986 humanam
935 933 1188 987 virtutem
1218 931 1400 997 fuisse,
1424 933 1611 1002 incipit
1631 932 1804 987 incre-

225 1021 402 1076 dibilis
429 1036 548 1078 esse
580 1041 593 1074 :
624 1024 668 1078 si
697 1033 1018 1092 agnoscatur
1045 1024 1225 1080 divina
1254 1024 1416 1080 fuisse
1439 1065 1456 1089 ,
1498 1025 1806 1091 agnoscitur

225 1111 483 1166 mirabilis
511 1126 650 1168 esse.
694 1112 866 1168 Tanta
892 1115 1235 1182 grassabatur
1262 1113 1550 1169 crudelitas
1578 1114 1634 1167 in
1662 1129 1804 1167 mar-

225 1203 358 1272 tyris
384 1218 644 1274 corpore,
683 1214 739 1261 et
771 1215 919 1262 tanta
947 1209 1306 1277 tranquillitas
1341 1207 1717 1278 proferebatur
1748 1207 1804 1261 in

224 1306 378 1346 voce.
411 1291 516 1348 Tot
545 1310 825 1366 pinnarum
865 1298 1123 1367 asperitas
1149 1297 1403 1352 saeviebat
1440 1298 1492 1352 in
1528 1297 1801 1363 membris,

224 1386 282 1432 et
307 1385 456 1433 tanta
479 1382 737 1437 securitas
757 1385 983 1439 sonabat
1009 1385 1064 1439 in
1091 1385 1288 1441 verbis.

297 1468 351 1522 5.
385 1469 577 1524 Mirum
599 1471 655 1525 in
679 1473 896 1528 modum
923 1482 1234 1544 putaremus
1257 1475 1541 1530 Vincentio
1567 1476 1805 1544 patiente

222 1555 392 1610 alium
417 1556 585 1625 loqui,
618 1568 711 1612 aut
737 1569 885 1614 certe
918 1561 1082 1616 alium
1113 1561 1396 1616 Vincentio
1423 1562 1674 1632 loquente
1695 1572 1806 1617 tor-

223 1645 404 1714 queri.
429 1643 496 1698 Et
517 1661 668 1714 vere,
688 1647 901 1716 fratres,
925 1650 998 1702 ita
1023 1658 1158 1715 erat,
1182 1667 1401 1720 prorsus
1423 1652 1497 1705 ita
1521 1661 1656 1717 erat,
1670 1637 1806 1708 alius

221 1727 568 1803 loquebatur.
601 1734 851 1792 Promisit
879 1738 1021 1792 enim
1050 1746 1106 1792 et
1131 1739 1238 1792 hoc
1263 1740 1486 1794 testibus
1514 1741 1625 1795 suis
1652 1741 1805 1796 Chri-

218 1827 366 1879 stus.
413 1823 650 1881 Audistis
690 1827 871 1881 modo.
915 1827 974 1880 In
1022 1827 1309 1896 Evangelio
1356 1828 1705 1896 loquebatur,
1749 1841 1805 1886 et

1902 669 2222 726 exstinctum
2241 711 2257 738 ,
2295 673 2385 740 qui
2415 673 2553 726 inter
2579 669 2800 738 ungulas
2828 670 3062 723 animum
3089 669 3308 724 donavit
3335 671 3475 726 invi-

1902 767 2064 812 ctum.
2094 761 2210 816 Non
2240 762 2390 816 ﬂexit
2414 761 2624 816 ﬂamma
2652 761 2870 816 tortoris
2898 776 2993 814 cor
3026 760 3161 829 ejus,
3192 776 3297 816 non
3329 776 3476 815 mer»

1901 849 1973 903 sit
1999 865 2135 920 aqua
2164 854 2329 908 maris
2356 868 2551 922 corpus
2577 851 2690 918 ejus
2714 869 2728 917 ;
2759 851 2852 906 sed
2881 852 2934 905 in
2963 851 3045 905 his
3075 851 3322 906 omnibus
3345 850 3476 903 nihil

1901 949 1984 993 est
2016 942 2160 1010 ejus,
2203 944 2303 998 nisi
2331 943 2472 1014 quod
2501 944 2722 1012 pretiosa
2765 950 2839 994 est
2876 942 2928 994 iu
2963 950 3236 1010 conspectu
3267 940 3476 995 Domini

1901 1045 2040 1084 mors
2071 1041 2364 1086 sanctorum
2392 1034 2503 1103 ejus
2535 1031 2704 1101 (Psal.
2735 1047 2855 1097 cxv,
2883 1028 2990 1097 15).

2521 1178 2752 1234 SERMO
2792 1178 2851 1232 Χ.

1903 1288 1984 1342 De
2003 1307 2062 1344 eo
2082 1290 2218 1360 quod
2236 1289 2311 1343 ait
2335 1289 2584 1343 Micliwas
2605 1291 2874 1358 propheta,
2891 1289 3139 1343 Indicabo
3164 1289 3275 1352 tibi,
3291 1290 3476 1357 homo,

2467 1359 2594 1428 quid
2614 1359 2683 1412 sit
2703 1361 2922 1412 bonum.

1977 1469 2028 1522 1.
2054 1467 2131 1522 De
2160 1469 2407 1537 praesenti
2438 1469 2749 1538 prophetica
2778 1469 3029 1535 lectione,
3063 1471 3116 1523 in
3138 1485 3242 1539 qua
3268 1479 3478 1525 nostra-

1904 1573 2022 1612 rum
2047 1573 2237 1628 magna
2267 1560 2575 1614 continetur
2599 1559 2800 1613 utilitas
2829 1561 3143 1626 animarum,
3167 1568 3356 1614 vestrae
3384 1575 3479 1614 ca-

1903 1646 2049 1701 ritati
2085 1648 2231 1716 loqui
2259 1648 2643 1717 disposuimus,
2678 1647 2744 1701 ab
2775 1648 2864 1702 illo
2899 1657 3181 1717 poscentes
3215 1648 3480 1702 sermonis

1903 1751 2193 1806 congruam
2248 1738 2581 1804 facultatem,
2626 1754 2657 1792 a
2710 1753 2816 1806 quo
2863 1739 3059 1793 bonam
3112 1741 3276 1805 gratis
3322 1753 3479 1792 acce-

1904 1827 2078 1896 pimus
2124 1828 2474 1882 voluntatem.
2529 1829 2660 1894 Quis
2705 1837 2886 1883 autem
2938 1829 3076 1883 hanc
3123 1829 3320 1891 donat,
3377 1828 3481 1881 nisi

225 1907 445 1967 dicebat
469 1915 598 1978 suis,
629 1931 766 1985 quos
793 1916 860 1969 ad
891 1915 1263 1984 hujuscemodi
1285 1918 1577 1972 certamina
1603 1935 1813 1988 praepa-.
1839 1931 1882 1991 Β
1908 1915 2082 1985 Deus,
2120 1918 2211 1986 qui
2249 1928 2489 1987 operatur
2517 1920 2570 1971 in
2605 1921 2713 1972 suis
2742 1928 2792 1971 et
2831 1919 2956 1972 velle
2983 1928 3030 1971 et
3064 1919 3344 1988 perﬁcere,
3384 1935 3480 1986 pro

224 2002 388 2056 tabat
419 2018 432 2055 :
471 2002 652 2058 Nolite
680 2007 906 2075 cogitare
937 2006 1211 2075 quomodo,
1235 2014 1323 2058 aut
1342 2006 1466 2077 quid
1506 2008 1806 2077 loquamini.

225 2090 456 2145 Dabitur
481 2095 617 2148 enim
645 2094 781 2148 vobis
820 2096 874 2147 in
911 2094 1004 2149 illa
1032 2095 1160 2148 liora
1187 2095 1436 2166 quomodo
1467 2106 1554 2148 aut
1581 2098 1701 2166 quid
1729 2099 1809 2151 lo-

223 2181 480 2252 quamini.
506 2183 632 2239 Non
654 2187 789 2239 enim
808 2202 894 2240 vos
919 2187 1042 2240 estis
1064 2189 1150 2258 qui
1170 2187 1457 2257 loquimini,
1475 2187 1566 2239 sed
1586 2187 1812 2257 Spiritus

221 2269 410 2325 Patris
439 2273 589 2333 vestri
621 2274 706 2344 qui
742 2261 966 2344 loquitur
990 2275 1045 2327 in
1073 2275 1212 2328 vobis
1242 2273 1457 2344 (Matth.
1496 2289 1549 2337 x,
1583 2272 1668 2338 19,
1697 2273 1808 2344 20).

221 2355 372 2415 Caro
395 2375 521 2430 ergo
542 2361 862 2432 patiebatur,
879 2363 1098 2432 spiritus
1115 2361 1456 2431 loquebatur.
1477 2362 1544 2415 Et
1559 2363 1814 2431 loquente

223 2449 424 2518 spiritu
451 2466 556 2505 non
586 2451 758 2506 solum
785 2447 1205 2508 convincebatur
1231 2453 1499 2522 impietas,
1529 2453 1622 2507 sed
1652 2453 1814 2507 etiam

222 2535 639 2594 confortabatur
673 2537 972 2595 inﬁrmitas.
1005 2541 1300 2595 Clariorem
1339 2542 1493 2596 uobis
1522 2551 1815 2612 martyrem

223 2636 507 2684 tormenta
557 2631 843 2685 faciebant.
900 2630 1182 2700 Multiplici
1228 2632 1510 2686 vulnerum
1557 2633 1818 2687 varietate

221 2718 536 2784 confossus,
556 2735 663 2774 non
684 2720 967 2776 deserebat
986 2735 1239 2790 pugnam,
1256 2721 1348 2776 sed
1371 2721 1546 2775 acrius
1567 2721 1814 2774 iterabat.

221 2806 402 2863 Putes
427 2809 570 2877 quod
595 2825 718 2864 cum
741 2810 961 2865 duraret
987 2809 1220 2876 ﬂamma,
1247 2826 1354 2864 non
1382 2817 1595 2876 ureret;
1623 2819 1678 2866 et
1703 2820 1820 2864 tan-

219 2913 399 2968 quam
445 2896 590 2967 tiguli
630 2899 823 2954 lornax
869 2900 1039 2954 lutum
1082 2900 1244 2955 molle
1291 2901 1588 2970 suscipiens
1629 2901 1819 2956 durant

222 2987 489 3043 redderet
524 2997 740 3044 terram.
777 2989 998 3045 Poterat
1035 2999 1239 3061 martyr
1275 3000 1460 3046 noster
1499 2991 1680 3047 dicere
1709 2993 1817 3046 Da-

225 3080 389 3133 tiano
420 3077 574 3134 :Jam
613 3093 721 3135 non
758 3089 912 3135 curat
948 3082 1099 3149 ignes
1143 3093 1265 3136 tuos
1305 3096 1431 3137 caro
1475 3097 1596 3136 mea
1637 3101 1648 3135 :
1693 3083 1819 3152 quia

222 3171 442 3224 exaruit
478 3171 611 3224 velut
639 3179 772 3225 testa
810 3175 969 3226 virtus
1005 3190 1118 3226 mea
1159 3171 1332 3244 (Psal.
1373 3189 1487 3240 xxx,
1530 3173 1641 3243 16).
1684 3173 1819 3240 Quia

223 3260 504 3314 veraciter
530 3261 785 3330 scriptum
815 3270 898 3316 est
938 3280 950 3315 ε
991 3262 1127 3316 Vasa
1146 3264 1294 3333 ﬁguli
1319 3264 1502 3334 probat
1531 3266 1741 3334 fornax,
1771 3273 1820 3318 et

225 3350 472 3403 homines
499 3351 669 3420 justas
697 3351 907 3406 tentutio
943 3351 1285 3406 tribulationis
1317 3350 1504 3422 (Eccli.
1542 3336 1706 3418 ixvu,
1739 3354 1817 3422 6).

226 3437 508 3494 Probatus
534 3448 692 3509 atque
717 3440 969 3496 decoctus
989 3449 1073 3496 est
1095 3442 1186 3496 illo
1213 3443 1335 3510 igne
1355 3442 1684 3498 Vincentius.
1718 3443 1822 3497 Da-

226 3528 422 3581 tianus
461 3543 589 3583 vero
630 3530 761 3584 arsit
797 3539 852 3584 et
891 3531 1118 3600 crepuit.
1149 3530 1206 3585 Si
1246 3532 1391 3585 enim
1424 3547 1533 3587 non
1577 3533 1820 3601 ardebat,

225 3617 386 3672 unde
413 3616 692 3672 fumabat?
720 3618 859 3687 Quid
894 3628 1049 3674 erant
1081 3620 1246 3675 verba
1284 3621 1584 3688 irascentis,
1617 3620 1719 3675 nisi
1740 3620 1824 3676 fu—

226 3724 360 3763 mus
404 3707 672 3763 ardentis?
708 3706 850 3777 Ergo
897 3710 1119 3781 martyri
1163 3719 1348 3764 nostro
1389 3709 1724 3777 refrigerium
1769 3712 1823 3765 in

225 3796 409 3852 corde
443 3797 662 3852 habenti
688 3797 930 3852 ﬂammas
967 3799 1302 3853 extrinsecus
1337 3799 1695 3864 admovebat;
1729 3800 1824 3854 sed

227 3889 356 3958 ipse
392 3887 590 3942 facibus
613 3887 804 3943 furoris
827 3904 1102 3956 accensus,
1132 3897 1384 3957 tanquam
1412 3889 1654 3944 clibanus
1683 3891 1825 3945 intus

227 3977 558 4051 ardebat,et
578 3977 930 4032 habitatorem
951 3993 1108 4033 suum
1131 3978 1399 4032 diabolum
1423 3981 1823 4035 concremabat.

228 4065 346 4121 Per
392 4065 620 4122 furiosas
658 4068 801 4122 enim
838 4083 973 4136 quas
1003 4067 1226 4122 audistis
1266 4068 1476 4122 Datiaui
1505 4083 1687 4136 voces,
1732 4084 1828 4138 per

229 4163 429 4208 truces
479 4155 663 4209 oculos
705 4164 761 4210 et
810 4156 1047 4210 minaces
1093 4156 1301 4221 vultus,
1349 4171 1447 4226 per
1491 4156 1828 4211 turbulentos

229 4246 418 4300 totius
453 4247 694 4315 corporis
722 4255 930 4315 motus,
962 4247 1050 4302 ille
1077 4247 1346 4301 habitator
1374 4246 1489 4315 ejus
1519 4247 1743 4300 interior
1770 4262 1828 4301 se

229 4333 520 4398 movebat,
552 4349 647 4403 per
675 4335 788 4389 haec
814 4337 963 4404 signa
991 4337 1237 4404 visibilia,
1267 4345 1520 4405 tanquam
1551 4337 1708 4408 572
1731 4352 1828 4406 per

228 4425 324 4478 sui
348 4423 557 4476 vasculi
579 4425 722 4492 quod
743 4425 1059 4494 impleverat
1083 4435 1363 4496 crepantes
1391 4428 1609 4483 rimulas
1635 4428 1830 4498 prode-

229 4513 428 4567 batur.
444 4511 559 4567 Non
576 4522 781 4567 tantum
805 4516 1078 4570 cruciabat
1101 4526 1390 4587 martyrem
1411 4517 1644 4582 ﬂamma,
1658 4533 1830 4586 quan-

229 4612 361 4657 tum
396 4600 542 4655 illum
570 4604 814 4657 vastabat
843 4605 1065 4658 insania.

311 4691 375 4745 4.
409 4691 514 4744 Sed
549 4691 681 4760 jam,
707 4693 916 4755 fratres,
947 4693 1034 4746 illa
1075 4695 1254 4748 omnia
1297 4696 1638 4758 transierunt,
1669 4705 1723 4749 et
1749 4697 1825 4750 ira

228 4781 484 4847 Datiani,
510 4790 564 4835 et
589 4797 748 4851 ptena
786 4782 1068 4836 Vincentii.
1106 4782 1284 4837 Manet
1323 4794 1501 4838 autem
1535 4801 1689 4852 pmna
1721 4786 1828 4839 Da-

231 4875 421 4935 tiano,
452 4873 964 4928 coronaVincentio.
989 4874 1226 4942 Denique
1251 4884 1325 4939 ut,
1354 4878 1723 4944 praetermiSsis
1753 4878 1835 4931 in-

234 4962 411 5015 terim
433 4959 622 5014 luturzc
647 4963 1003 5017 tribulationis
1024 4961 1236 5028 finibus,
1253 4965 1412 5017 etiam
1436 4965 1488 5017 in
1509 4965 1613 5020 hoc
1633 4969 1828 5023 mundo

235 5059 550 5121 martyrum
579 5053 803 5120 gloriam
833 5053 1294 5119 demonstremus;
1326 5070 1443 5124 qua:
1472 5055 1631 5109 hodie
1661 5060 1829 5126 regio,

232 5159 371 5214 quae
402 5144 678 5211 provincia
706 5148 1078 5212 transmarina,
1110 5161 1390 5216 quousque
1417 5148 1501 5201 vel
1533 5147 1830 5202 Romanum

233 5234 563 5303 imperium,
586 5235 673 5288 vel
700 5234 1000 5289 Romanum
1028 5252 1223 5290 nomen
1250 5238 1576 5300 extenditur,
1603 5241 1833 5292 natalem

234 5338 365 5378 non
407 5323 603 5390 gaudet
641 5324 915 5379 celebrare
943 5324 1253 5381 Vincentii?
1290 5327 1418 5393 Quis
1458 5335 1638 5380 autem
1678 5329 1836 5384 hodie

235 5413 338 5468 vel
388 5428 584 5468 nomen
609 5412 819 5468 Datiani
847 5415 1101 5485 audisset,
1131 5417 1228 5471 nisi
1257 5419 1310 5472 in
1345 5419 1443 5473 ista
1483 5419 1730 5486 passione
1756 5419 1835 5472 le-

234 5506 456 5575 gisset?
483 5504 635 5572 Quod
663 5522 790 5562 vero
820 5517 967 5562 tanta
991 5525 1116 5564 cura
1142 5509 1374 5564 servavit
1401 5509 1674 5572 Dominus,
1700 5510 1836 5564 sicut

235 5596 496 5663 audistis,
537 5599 786 5669 martyris
819 5615 1044 5668 corpus,
1084 5601 1209 5669 quid
1249 5601 1389 5654 aliud
1427 5600 1832 5668 demonstravit,

237 5686 357 5742 nisi
384 5701 441 5740 se
463 5688 788 5754 gubernasse
808 5688 1128 5754 vincentem,
1153 5695 1312 5758 quam
1335 5705 1440 5743 non
1471 5689 1684 5757 reliquit
1709 5705 1837 5744 exa-

236 5778 498 5835 nimem?
520 5777 657 5832 Vicit
686 5793 812 5845 ergo
836 5779 1118 5833 Datianum
1147 5780 1332 5834 vivens
1361 5779 1688 5847 Vincentius,
1713 5781 1839 5835 vicit

237 5880 303 5926 et
335 5881 585 5923 mortuus
609 5885 623 5921 :
645 5867 829 5922 vivens
856 5877 1119 5923 tormenta
1139 5870 1384 5936 calcavit,
1409 5877 1649 5924 mortuus
1673 5871 1837 5924 maria

534 5963 804 6021 PATROL.
852 5961 1042 6020 LXV.

1912 2003 2045 2056 bona
2072 2005 2332 2058 voluntate
2361 2004 2614 2076 (Philipp.
2639 2021 2694 2068 ιι,
2727 2004 2815 2072 15)
2834 2005 2856 2057 ?
2878 2002 3108 2058 Proinde
3130 2005 3288 2058 verba
3311 2005 3482 2058 sancti

1912 2091 2163 2158 Michmae,
2185 2109 2306 2161 qua:
2331 2096 2530 2164 pariter
2559 2095 2873 2157 audivimus,
2903 2095 3104 2163 pariter
3127 2095 3482 2148 revolvamus.

1913 2178 1983 2232 Et
2007 2182 2236 2250 utinam,
2254 2171 2466 2246 fratres,
2497 2186 2636 2236 sicut
2664 2199 2726 2236 ea
2757 2196 3008 2236 sermone
3036 2183 3376 2247 revolvimus,
3408 2183 3486 2236 sic

1915 2272 2166 2340 operibus
2189 2273 2536 2341 impleamus!
2562 2272 2874 2326 Audivimus
2901 2273 3043 2327 enim
3070 2272 3233 2326 verba
3257 2272 3488 2326 hominis

1914 2360 2105 2424 sancti,
2131 2361 2361 2415 hominis
2379 2360 2527 2429 justi,
2555 2362 2786 2416 hominis
2811 2363 2903 2430 pii,
2934 2363 3164 2416 hominis
3183 2362 3248 2415 de
3270 2376 3368 2414 sua
3397 2375 3488 2413 sa-

1917 2449 2030 2503 lute
2060 2449 2296 2516 solliciti,
2325 2450 2557 2504 hominis
2587 2452 2676 2518 qui
2715 2467 2774 2505 se
2801 2451 3003 2505 sciebat
3030 2459 3266 2505 creatum
3296 2467 3326 2504 a
3356 2451 3488 2514 Deo,

1916 2538 2009 2606 qui
2031 2552 2090 2592 se
2109 2539 2379 2606 cogitabat
2403 2553 2524 2592 esse
2545 2539 2640 2592 sub
2661 2539 2805 2592 Deo:
2831 2539 2921 2608 qui
2943 2555 3063 2594 cum
3088 2553 3282 2608 magno
3299 2540 3492 2594 timore

1919 2633 1975 2680 et
2004 2633 2239 2680 tremore
2263 2626 2503 2679 divinum
2532 2628 2880 2694 exspectabat
2901 2627 3154 2695 judicium
3176 2670 3190 2692 ,
3223 2629 3274 2680 in
3301 2643 3409 2696 quo
3437 2642 3494 2680 so

1919 2725 2147 2772 noverat
2184 2733 2293 2771 non
2331 2718 2505 2772 solum
2547 2717 2614 2771 de
2651 2716 2804 2770 factis
2833 2726 2888 2772 et
2916 2718 3090 2782 dictis,
3120 2734 3303 2772 verum
3338 2727 3394 2772 et
3428 2719 3495 2773 de

1920 2806 2052 2876 ipsis
2085 2806 2500 2874 cogitationibus
2532 2805 2642 2859 suis
2667 2806 2934 2860 rationem
2963 2814 3086 2859 ante
3113 2807 3344 2870 tribunal
3367 2806 3496 2873 justi

1919 2891 2119 2949 Judicis
2142 2893 2491 2948 redditurum.
2521 2891 2775 2959 Cogitans
2798 2893 2975 2962 itaque
2989 2893 3222 2947 futurum
3237 2893 3495 2962 judicium

1922 2987 2038 3053 Dei,
2060 2987 2128 3041 de
2157 3001 2262 3056 quo
2290 2985 2548 3040 debemus
2572 2985 2734 3039 etiam
2755 3000 2853 3039 nos
2880 2986 3058 3040 cuncti
3086 2996 3345 3050 metuere,
3369 2993 3423 3039 et
3444 2986 3498 3038 in

1923 3078 2174 3134 omnibus
2185 3077 2438 3148 operibus
2460 3077 2655 3130 nostris
2671 3090 2790 3130 cum
2814 3090 3007 3144 magna
3026 3075 3198 3129 cordis
3214 3074 3500 3130 formidine

1923 3169 2160 3238 cogitare
2194 3186 2206 3220 :
2248 3168 2354 3222 hoc
2381 3167 2624 3236 cogitans
2652 3166 2814 3220 homo
2843 3165 2944 3220 iste
2972 3173 3190 3220 sanctus
3218 3173 3273 3219 et
3303 3164 3497 3232 justus,

1845 3289 1890 3350 ρ
1923 3255 2196 3331 quturebat
2231 3258 2359 3329 quid
2391 3257 2610 3322 faceret,
2637 3257 2722 3311 vel
2759 3257 2952 3325 quibus
2990 3256 3302 3310 muneribus
3333 3255 3501 3308 Deum

1918 3350 2153 3420 iudicem
2180 3351 2578 3420 deprecaretur.
2614 3346 2832 3401 Sciebat
2865 3355 3044 3420 autem
3072 3347 3498 3416 omnipotentem
3564 3349 3568 3354 ‘

1924 3442 2112 3507 Deum,
2137 3441 2229 3512 qui
2258 3440 2436 3496 omnia
2463 3438 2722 3501 condidit,
2746 3438 2838 3506 qui
2859 3447 3049 3492 cuncta
3070 3452 3135 3492 ex
3161 3438 3328 3491 nihilo
3357 3435 3498 3497 fecit,

1923 3533 2016 3601 qui
2035 3532 2170 3586 nihil
2189 3547 2258 3586 ex
2279 3531 2567 3599 indigentia
2588 3529 2940 3600 paupertatis,
2957 3528 3051 3583 sed
3075 3529 3318 3583 universa
3343 3529 3503 3598 573

1925 3636 1992 3676 ex
2027 3621 2352 3676 abundantia
2393 3620 2647 3674 bonitatis
2683 3620 2930 3684 instituit,
2961 3635 3069 3673 non
3106 3620 3219 3674 sola
3264 3633 3504 3686 quaerere

1926 3727 2150 3767 munera
2179 3720 2389 3778 nostra,
2417 3710 2512 3764 sed
2538 3710 2700 3764 etiam
2730 3723 2893 3778 opera
2923 3716 3127 3762 nostra.
3157 3707 3270 3761 lmo
3299 3707 3503 3761 sciebat

1925 3802 1980 3855 in
2004 3801 2109 3856 hoc
2129 3800 2362 3854 maxime
2389 3799 2558 3867 Deum
2577 3797 2834 3862 delectari
2860 3796 3171 3850 muneribus
3198 3797 3415 3861 nostris,
3448 3807 3504 3849 ut

1925 3891 1976 3944 ei
2015 3891 2324 3959 placeamus
2372 3887 2611 3942 moribus
2655 3887 2856 3941 sanctis
2914 3894 2969 3940 et
3009 3887 3261 3954 operibus
3324 3887 3501 3941 bonis.

1927 3979 2185 4046 Quaereris
2207 3979 2368 4047 igitur
2387 3977 2549 4031 homo
2573 3977 2674 4029 iste
2695 3974 2824 4042 quid
2851 3975 2917 4027 ab
2938 3975 3152 4028 homine
3173 3973 3504 4028 oﬂ'erendum

1927 4070 1998 4124 sit
2017 4069 2148 4134 Deo,
2167 4068 2380 4123 dicebat
2404 4085 2416 4119 :
2448 4065 2583 4130 Quid
2610 4065 2819 4135 dignum
2843 4065 3055 4132 offeram
3072 4063 3294 4117 Domino
3319 4063 3504 4133 (ΜξεΙι.

1927 4177 1999 4227 γι,
2031 4162 2126 4230 6)?
2155 4160 2272 4215 Hoc
2296 4168 2478 4214 autem
2508 4158 2693 4224 verbo,
2725 4173 2832 4226 quo
2860 4173 2966 4212 non
2995 4158 3087 4219 ait,
3121 4155 3259 4221 Quid
3284 4154 3505 4210 oll‘cram

1928 4253 2190 4307 Domino?
2217 4251 2340 4314 sed,
2375 4248 2511 4314 Quid
2547 4251 2755 4320 dignum
2793 4249 3007 4320 o/Teram
3037 4247 3298 4301 Domino?
3326 4247 3506 4301 docuit

1928 4357 2050 4409 nos,
2067 4350 2124 4395 ut
2150 4341 2195 4395 si
2219 4340 2433 4409 quando
2454 4355 2646 4393 munus
2665 4338 2857 4392 offerre
2883 4337 2992 4391 Deo
3015 4337 3277 4402 volumus,
3304 4337 3504 4405 aliquid

1928 4433 2146 4500 dignum
2171 4446 2495 4500 quaeramus,
2523 4437 2578 4484 et
2605 4430 2707 4483 hoc
2733 4427 3038 4482 offeramus.
3058 4427 3195 4494 Quid
3223 4437 3398 4482 autem
3415 4445 3503 4496 po-

1929 4530 2038 4578 test
2065 4537 2183 4577 esse
2211 4522 2264 4574 in
2293 4521 2564 4575 oblatione
2601 4519 2711 4572 Deo
2745 4517 2962 4585 dignum
2983 4556 2997 4579 ,
3031 4517 3130 4570 nisi
3165 4515 3308 4584 quod
3338 4525 3421 4569 est
3448 4517 3501 4568 in

1931 4621 2175 4666 creatura
2199 4610 2560 4681 pratcipumu?
2581 4608 2636 4661 ln
2660 4609 2906 4661 ormibus
2928 4622 3057 4660 vero
3080 4607 3342 4659 creaturis
3366 4621 3501 4672 quas

1931 4701 2056 4756 fecit
2084 4700 2338 4754 Dominus
2355 4713 2515 4766 super
2543 4696 2918 4759 terram,nulla
2948 4697 3137 4750 melior
3158 4695 3381 4748 inveniri
3407 4711 3503 4762 po-

1933 4790 2058 4843 terit
2079 4805 2237 4857 quam
2268 4789 2354 4842 illa
2383 4794 2628 4840 creatura
2655 4800 2812 4854 quam
2849 4785 2988 4841 Deus
3023 4787 3089 4839 ad
3123 4801 3272 4840 suam
3315 4787 3503 4851 imagi-

1936 4895 2059 4934 nem
2103 4879 2244 4932 fecit.
2291 4865 2416 4931 Πωο
2449 4883 2626 4929 autem
2655 4885 2898 4929 creatura
2927 4877 2981 4928 in
3013 4877 3168 4929 terris
3197 4877 3357 4930 homo
3399 4887 3499 4930 est.

2004 4969 2057 5020 2.
2089 4965 2338 5036 Quisquis
2360 4965 2518 5032 igitur
2545 4963 2736 5018 olferrc
2767 4965 2880 5017 vult
2905 4964 3103 5033 aliquid
3127 4965 3340 5032 dignum
3367 4967 3498 5027 Deo,

1936 5074 2042 5111 non
2083 5058 2227 5126 prius
2257 5055 2398 5110 aliud
2447 5055 2574 5123 quid
2620 5055 2811 5109 offerat
2855 5071 3014 5123 quam
3054 5057 3316 5124 seipsum;
3369 5057 3508 5108 Deus

1936 5148 2100 5212 enim,
2133 5146 2223 5215 qui
2247 5145 2516 5213 hominem
2547 5145 2613 5198 ad
2642 5145 2924 5211 imaginem
2947 5161 3093 5197 suam
3119 5143 3245 5198 fecit
3269 5184 3284 5205 ,
3315 5144 3505 5211 imagi-

1938 5254 2060 5292 nem
2089 5252 2240 5291 suam
2281 5237 2380 5289 sibi
2409 5235 2704 5290 delectatur
2739 5236 2917 5289 offerri
2945 5277 2959 5301 ,
3001 5236 3165 5303 ipsam
3193 5235 3293 5287 sibi
3323 5252 3507 5304 puram

1937 5333 1988 5380 et
2021 5323 2272 5379 mundam
2296 5323 2536 5392 prmcipit
2557 5323 2814 5377 exhiberi.
2840 5321 2966 5374 lnde
2990 5329 3072 5374 est
3097 5321 3238 5388 quod
3262 5320 3512 5374 Salvator

1939 5425 2123 5470 noster
2171 5413 2487 5484 quibusdam
2537 5412 2863 5467 tentantibus
2901 5426 3022 5464 eum
3071 5411 3142 5463 ita
3185 5413 3461 5480 respondit
3497 5435 3509 5466 ;

1945 5504 2162 5559 Reddite
2199 5501 2398 5557 Cmaari
2441 5519 2553 5572 qua:
2582 5501 2805 5554 Carsaris
2851 5509 3008 5566 sunt,
3053 5512 3101 5551 et
3125 5517 3237 5570 quae
3264 5513 3381 5556 sunt
3413 5504 3512 5557 Dei

1943 5597 2052 5652 Deo
2077 5595 2287 5668 (Matth.
2312 5612 2442 5661 χχιι,
2465 5594 2574 5663 2|).
2609 5593 2723 5648 Hoc
2753 5602 2834 5647 est
2853 5594 3030 5650 dicere
3056 5613 3067 5647 :
3097 5595 3141 5648 Ο
3164 5597 3345 5661 boum,
3378 5601 3513 5652 sicut

1943 5688 2228 5755 imaginem
2257 5701 2405 5740 suam
2435 5683 2630 5737 Cmsari
2663 5685 2838 5738 reddis
2868 5689 2921 5738 in
2953 5702 3169 5742 nummo
3196 5728 3209 5751 ,
3251 5691 3326 5744 sic
3357 5692 3513 5746 reddo

1943 5781 2055 5835 Deo
2090 5796 2238 5834 suam
2268 5779 2549 5846 imaginem
2581 5779 2633 5831 in
2667 5779 2858 5848 teipso.
2892 5779 3074 5834 Redde
3096 5823 3110 5846 ,
3143 5783 3323 5844 homo,
3366 5801 3510 5842 crea-

1946 5870 2046 5927 tori
2071 5879 2162 5926 tuo
2186 5870 2465 5938 imaginem
2488 5883 2666 5935 suam;
2692 5869 2854 5924 redde
2871 5871 3088 5940 justam,
3114 5889 3217 5926 non
3248 5875 3511 5948 iniquam;

3022 5963 3098 6022 ‘21
