  <div class='ocr_page' id='page_1' title='image "/cluster/home/n/w/nwhite01/storage/ocr_20150623/65/hvd.32044015469315/381.png"; bbox 0 0 4046 6526; ppageno 0'>
   <div class='ocr_carea' id='block_1_1' title="bbox 609 463 708 516">
    <p class='ocr_par' dir='ltr' id='par_1_1' title="bbox 609 463 708 516">
     <span class='ocr_line' id='line_1_1' title="bbox 609 463 708 516; baseline -0.01 0"><span class='ocrx_word' id='word_1_1' title='bbox 609 463 708 516; x_wconf 65' lang='grc'><strong>’167</strong></span> 
     </span>
    </p>
   </div>
   <div class='ocr_carea' id='block_1_2' title="bbox 1665 453 2872 512">
    <p class='ocr_par' dir='ltr' id='par_1_2' title="bbox 1665 453 2872 512">
     <span class='ocr_line' id='line_1_2' title="bbox 1665 453 2872 512; baseline 0 0"><span class='ocrx_word' id='word_1_2' title='bbox 1665 457 1720 512; x_wconf 92' lang='lat' dir='ltr'><strong>S.</strong></span> <span class='ocrx_word' id='word_1_3' title='bbox 1764 453 2124 510; x_wconf 78' lang='lat' dir='ltr'><strong>FULGENTII</strong></span> <span class='ocrx_word' id='word_1_4' title='bbox 2163 453 2464 511; x_wconf 82' lang='lat' dir='ltr'><strong>EPISCOPI</strong></span> <span class='ocrx_word' id='word_1_5' title='bbox 2505 455 2872 512; x_wconf 80' lang='lat' dir='ltr'><strong>RUSPENSIS</strong></span> 
     </span>
    </p>
   </div>
   <div class='ocr_carea' id='block_1_3' title="bbox 3763 450 3852 508">
    <p class='ocr_par' dir='ltr' id='par_1_3' title="bbox 3763 450 3852 508">
     <span class='ocr_line' id='line_1_3' title="bbox 3763 450 3852 508; baseline 0 0"><span class='ocrx_word' id='word_1_6' title='bbox 3763 450 3852 508; x_wconf 62' lang='lat' dir='ltr'><strong>7L3</strong></span> 
     </span>
    </p>
   </div>
   <div class='ocr_carea' id='block_1_4' title="bbox 605 570 3852 643">
    <p class='ocr_par' dir='ltr' id='par_1_4' title="bbox 605 570 3852 643">
     <span class='ocr_line' id='line_1_4' title="bbox 605 570 3852 643; baseline -0.002 -11"><span class='ocrx_word' id='word_1_7' title='bbox 605 577 771 632; x_wconf 83' lang='lat' dir='ltr'><strong>redde</strong></span> <span class='ocrx_word' id='word_1_8' title='bbox 799 575 1074 638; x_wconf 83' lang='lat' dir='ltr'><strong>humilem,</strong></span> <span class='ocrx_word' id='word_1_9' title='bbox 1094 589 1201 628; x_wconf 88' lang='lat' dir='ltr'><strong>non</strong></span> <span class='ocrx_word' id='word_1_10' title='bbox 1215 573 1528 643; x_wconf 76' lang='lat' dir='ltr'><strong>superbam:</strong></span> <span class='ocrx_word' id='word_1_11' title='bbox 1557 586 1659 624; x_wconf 90' lang='lat' dir='ltr'><strong>non</strong></span> <span class='ocrx_word' id='word_1_12' title='bbox 1693 573 1916 624; x_wconf 86' lang='lat' dir='ltr'><strong>avaritia</strong></span> <span class='ocrx_word' id='word_1_13' title='bbox 1939 578 2166 638; x_wconf 92' lang='lat' dir='ltr'><strong>turpem,</strong></span> <span class='ocrx_word' id='word_1_14' title='bbox 2204 576 2245 630; x_wconf 83' lang='lat' dir='ltr'><strong>A</strong></span> <span class='ocrx_word' id='word_1_15' title='bbox 2275 572 2762 640; x_wconf 76' lang='lat' dir='ltr'><strong>concupiscentiam</strong></span> <span class='ocrx_word' id='word_1_16' title='bbox 2794 579 2957 636; x_wconf 91' lang='lat' dir='ltr'><strong>tuam,</strong></span> <span class='ocrx_word' id='word_1_17' title='bbox 2989 570 3198 640; x_wconf 80' lang='lat' dir='ltr'><strong>corrige</strong></span> <span class='ocrx_word' id='word_1_18' title='bbox 3219 570 3382 625; x_wconf 88' lang='lat' dir='ltr'><strong>vitam</strong></span> <span class='ocrx_word' id='word_1_19' title='bbox 3405 577 3550 624; x_wconf 89' lang='lat' dir='ltr'><strong>tuam</strong></span> <span class='ocrx_word' id='word_1_20' title='bbox 3575 613 3590 635; x_wconf 92' lang='lat'><strong>,</strong></span> <span class='ocrx_word' id='word_1_21' title='bbox 3622 580 3676 622; x_wconf 91' lang='lat' dir='ltr'><strong>et</strong></span> <span class='ocrx_word' id='word_1_22' title='bbox 3709 581 3852 625; x_wconf 86' lang='lat' dir='ltr'><strong>recte</strong></span> 
     </span>
    </p>
   </div>
   <div class='ocr_carea' id='block_1_5' title="bbox 607 660 2174 740">
    <p class='ocr_par' dir='ltr' id='par_1_5' title="bbox 607 660 2174 740">
     <span class='ocr_line' id='line_1_5' title="bbox 607 660 2174 740; baseline -0.009 -13"><span class='ocrx_word' id='word_1_23' title='bbox 607 688 714 727; x_wconf 91' lang='lat' dir='ltr'><strong>non</strong></span> <span class='ocrx_word' id='word_1_24' title='bbox 743 666 1480 740; x_wconf 83' lang='lat' dir='ltr'><strong>rapacitatedeformem,non</strong></span> <span class='ocrx_word' id='word_1_25' title='bbox 1511 662 1638 715; x_wconf 84' lang='lat' dir='ltr'><strong>vitio</strong></span> <span class='ocrx_word' id='word_1_26' title='bbox 1662 661 1947 714; x_wconf 78' lang='lat' dir='ltr'><strong>iracundiae</strong></span> <span class='ocrx_word' id='word_1_27' title='bbox 1979 660 2174 723; x_wconf 90' lang='lat' dir='ltr'><strong>levem,</strong></span> 
     </span>
    </p>
   </div>
   <div class='ocr_carea' id='block_1_6' title="bbox 607 747 2180 817">
    <p class='ocr_par' dir='ltr' id='par_1_6' title="bbox 607 747 2180 817">
     <span class='ocr_line' id='line_1_6' title="bbox 607 747 2180 817; baseline -0.01 -1"><span class='ocrx_word' id='word_1_28' title='bbox 607 778 714 817; x_wconf 89' lang='lat' dir='ltr'><strong>non</strong></span> <span class='ocrx_word' id='word_1_29' title='bbox 743 769 954 814; x_wconf 90' lang='lat' dir='ltr'><strong>terrena</strong></span> <span class='ocrx_word' id='word_1_30' title='bbox 997 755 1281 810; x_wconf 79' lang='lat' dir='ltr'><strong>dilectione</strong></span> <span class='ocrx_word' id='word_1_31' title='bbox 1327 752 1608 806; x_wconf 90' lang='lat' dir='ltr'><strong>contritam</strong></span> <span class='ocrx_word' id='word_1_32' title='bbox 1635 794 1648 816; x_wconf 91' lang='lat'><strong>,</strong></span> <span class='ocrx_word' id='word_1_33' title='bbox 1677 765 1782 803; x_wconf 90' lang='lat' dir='ltr'><strong>non</strong></span> <span class='ocrx_word' id='word_1_34' title='bbox 1811 747 2180 803; x_wconf 81' lang='lat' dir='ltr'><strong>livoru&#39;sordi-</strong></span> 
     </span>
    </p>
   </div>
   <div class='ocr_carea' id='block_1_7' title="bbox 606 838 2181 915">
    <p class='ocr_par' dir='ltr' id='par_1_7' title="bbox 606 838 2181 915">
     <span class='ocr_line' id='line_1_7' title="bbox 606 838 2181 915; baseline -0.009 -11"><span class='ocrx_word' id='word_1_35' title='bbox 606 851 747 915; x_wconf 88' lang='lat' dir='ltr'><strong>dam,</strong></span> <span class='ocrx_word' id='word_1_36' title='bbox 783 864 887 903; x_wconf 93' lang='lat' dir='ltr'><strong>non</strong></span> <span class='ocrx_word' id='word_1_37' title='bbox 909 845 1260 900; x_wconf 88' lang='lat' dir='ltr'><strong>fornicatione</strong></span> <span class='ocrx_word' id='word_1_38' title='bbox 1287 842 1574 913; x_wconf 85' lang='lat' dir='ltr'><strong>pollutam;</strong></span> <span class='ocrx_word' id='word_1_39' title='bbox 1607 839 1700 894; x_wconf 90' lang='lat' dir='ltr'><strong>sed</strong></span> <span class='ocrx_word' id='word_1_40' title='bbox 1731 838 2027 908; x_wconf 68' lang='lat' dir='ltr'><strong>prudentiae</strong></span> <span class='ocrx_word' id='word_1_41' title='bbox 2047 851 2181 906; x_wconf 89' lang='lat' dir='ltr'><strong>pon-</strong></span> 
     </span>
    </p>
   </div>
   <div class='ocr_carea' id='block_1_8' title="bbox 605 929 2183 1008">
    <p class='ocr_par' dir='ltr' id='par_1_8' title="bbox 605 929 2183 1008">
     <span class='ocr_line' id='line_1_8' title="bbox 605 929 2183 1008; baseline -0.01 -10"><span class='ocrx_word' id='word_1_42' title='bbox 605 944 734 998; x_wconf 88' lang='lat' dir='ltr'><strong>dere</strong></span> <span class='ocrx_word' id='word_1_43' title='bbox 773 942 1050 1008; x_wconf 82' lang='lat' dir='ltr'><strong>integram,</strong></span> <span class='ocrx_word' id='word_1_44' title='bbox 1085 936 1202 990; x_wconf 86' lang='lat' dir='ltr'><strong>hdei</strong></span> <span class='ocrx_word' id='word_1_45' title='bbox 1225 935 1451 989; x_wconf 83' lang='lat' dir='ltr'><strong>veritate</strong></span> <span class='ocrx_word' id='word_1_46' title='bbox 1481 931 1732 986; x_wconf 84' lang='lat' dir='ltr'><strong>mundam</strong></span> <span class='ocrx_word' id='word_1_47' title='bbox 1753 971 1767 994; x_wconf 95' lang='lat'><strong>,</strong></span> <span class='ocrx_word' id='word_1_48' title='bbox 1799 938 1855 985; x_wconf 90' lang='lat' dir='ltr'><strong>et</strong></span> <span class='ocrx_word' id='word_1_49' title='bbox 1883 929 2038 984; x_wconf 89' lang='lat' dir='ltr'><strong>bonis</strong></span> <span class='ocrx_word' id='word_1_50' title='bbox 2066 944 2183 982; x_wconf 82' lang='lat' dir='ltr'><strong>mo-</strong></span> 
     </span>
    </p>
   </div>
   <div class='ocr_carea' id='block_1_9' title="bbox 604 1021 2180 1100">
    <p class='ocr_par' dir='ltr' id='par_1_9' title="bbox 604 1021 2180 1100">
     <span class='ocr_line' id='line_1_9' title="bbox 604 1021 2180 1100; baseline -0.01 -12"><span class='ocrx_word' id='word_1_51' title='bbox 604 1036 753 1091; x_wconf 89' lang='lat' dir='ltr'><strong>ribus</strong></span> <span class='ocrx_word' id='word_1_52' title='bbox 793 1042 953 1100; x_wconf 88' lang='lat' dir='ltr'><strong>atque</strong></span> <span class='ocrx_word' id='word_1_53' title='bbox 988 1028 1239 1098; x_wconf 88' lang='lat' dir='ltr'><strong>operibus</strong></span> <span class='ocrx_word' id='word_1_54' title='bbox 1285 1024 1636 1094; x_wconf 67' lang='lat' dir='ltr'><strong>splendidam.</strong></span> <span class='ocrx_word' id='word_1_55' title='bbox 1681 1021 1962 1088; x_wconf 85' lang='lat' dir='ltr'><strong>Quomodo</strong></span> <span class='ocrx_word' id='word_1_56' title='bbox 2001 1027 2180 1074; x_wconf 89' lang='lat' dir='ltr'><strong>autem</strong></span> 
     </span>
    </p>
   </div>
   <div class='ocr_carea' id='block_1_10' title="bbox 604 1111 2182 1188">
    <p class='ocr_par' dir='ltr' id='par_1_10' title="bbox 604 1111 2182 1188">
     <span class='ocr_line' id='line_1_10' title="bbox 604 1111 2182 1188; baseline -0.008 -11"><span class='ocrx_word' id='word_1_57' title='bbox 604 1123 718 1177; x_wconf 88' lang='lat' dir='ltr'><strong>Deo</strong></span> <span class='ocrx_word' id='word_1_58' title='bbox 771 1121 1054 1188; x_wconf 81' lang='lat' dir='ltr'><strong>imaginem</strong></span> <span class='ocrx_word' id='word_1_59' title='bbox 1105 1132 1256 1171; x_wconf 90' lang='lat' dir='ltr'><strong>suam</strong></span> <span class='ocrx_word' id='word_1_60' title='bbox 1298 1115 1584 1170; x_wconf 88' lang='lat' dir='ltr'><strong>reddamus</strong></span> <span class='ocrx_word' id='word_1_61' title='bbox 1615 1114 1666 1166; x_wconf 92' lang='lat' dir='ltr'><strong>in</strong></span> <span class='ocrx_word' id='word_1_62' title='bbox 1697 1113 1870 1176; x_wconf 91' lang='lat' dir='ltr'><strong>nobis,</strong></span> <span class='ocrx_word' id='word_1_63' title='bbox 1919 1111 2182 1180; x_wconf 83' lang='lat' dir='ltr'><strong>propheta</strong></span> 
     </span>
    </p>
   </div>
   <div class='ocr_carea' id='block_1_11' title="bbox 603 1202 2176 1269">
    <p class='ocr_par' dir='ltr' id='par_1_11' title="bbox 603 1202 2176 1269">
     <span class='ocr_line' id='line_1_11' title="bbox 603 1202 2176 1269; baseline -0.008 -4"><span class='ocrx_word' id='word_1_64' title='bbox 603 1211 973 1265; x_wconf 81' lang='lat' dir='ltr'><strong>sanctissimus</strong></span> <span class='ocrx_word' id='word_1_65' title='bbox 1018 1207 1271 1261; x_wconf 89' lang='lat' dir='ltr'><strong>admonet</strong></span> <span class='ocrx_word' id='word_1_66' title='bbox 1297 1205 1481 1260; x_wconf 88' lang='lat' dir='ltr'><strong>dicens</strong></span> <span class='ocrx_word' id='word_1_67' title='bbox 1523 1222 1534 1257; x_wconf 91' lang='lat'>:</span> <span class='ocrx_word' id='word_1_68' title='bbox 1580 1203 1828 1256; x_wconf 81' lang='lat' dir='ltr'><strong>Indicabo</strong></span> <span class='ocrx_word' id='word_1_69' title='bbox 1853 1202 1966 1269; x_wconf 90' lang='lat' dir='ltr'><strong>tibi,</strong></span> <span class='ocrx_word' id='word_1_70' title='bbox 2000 1202 2176 1263; x_wconf 81' lang='lat' dir='ltr'><strong>homo,</strong></span> 
     </span>
    </p>
   </div>
   <div class='ocr_carea' id='block_1_12' title="bbox 603 1289 2184 1371">
    <p class='ocr_par' dir='ltr' id='par_1_12' title="bbox 603 1289 2184 1371">
     <span class='ocr_line' id='line_1_12' title="bbox 603 1289 2184 1371; baseline -0.008 -17"><span class='ocrx_word' id='word_1_71' title='bbox 603 1301 724 1371; x_wconf 85' lang='lat' dir='ltr'><strong>quid</strong></span> <span class='ocrx_word' id='word_1_72' title='bbox 745 1301 811 1352; x_wconf 76' lang='lat' dir='ltr'><strong>sit</strong></span> <span class='ocrx_word' id='word_1_73' title='bbox 839 1297 1023 1351; x_wconf 88' lang='lat' dir='ltr'><strong>bonum</strong></span> <span class='ocrx_word' id='word_1_74' title='bbox 1053 1307 1100 1349; x_wconf 84' lang='lat' dir='ltr'><strong>et</strong></span> <span class='ocrx_word' id='word_1_75' title='bbox 1138 1295 1258 1364; x_wconf 84' lang='lat' dir='ltr'><strong>quid</strong></span> <span class='ocrx_word' id='word_1_76' title='bbox 1302 1293 1553 1348; x_wconf 78' lang='lat' dir='ltr'><strong>Dominus</strong></span> <span class='ocrx_word' id='word_1_77' title='bbox 1591 1299 1787 1361; x_wconf 78' lang='lat' dir='ltr'><strong>(puerat</strong></span> <span class='ocrx_word' id='word_1_78' title='bbox 1815 1309 1848 1344; x_wconf 89' lang='lat' dir='ltr'><strong>a</strong></span> <span class='ocrx_word' id='word_1_79' title='bbox 1878 1303 1944 1344; x_wconf 88' lang='lat' dir='ltr'><strong>te.</strong></span> <span class='ocrx_word' id='word_1_80' title='bbox 1999 1289 2184 1360; x_wconf 80' lang='lat' dir='ltr'><strong>Utique</strong></span> 
     </span>
    </p>
   </div>
   <div class='ocr_carea' id='block_1_13' title="bbox 603 1379 2182 1460">
    <p class='ocr_par' dir='ltr' id='par_1_13' title="bbox 603 1379 2182 1460">
     <span class='ocr_line' id='line_1_13' title="bbox 603 1379 2182 1460; baseline -0.008 -18"><span class='ocrx_word' id='word_1_81' title='bbox 603 1391 774 1460; x_wconf 81' lang='lat' dir='ltr'><strong>facere</strong></span> <span class='ocrx_word' id='word_1_82' title='bbox 805 1387 1077 1457; x_wconf 80' lang='lat' dir='ltr'><strong>judicium,</strong></span> <span class='ocrx_word' id='word_1_83' title='bbox 1125 1393 1175 1437; x_wconf 88' lang='lat' dir='ltr'><strong>et</strong></span> <span class='ocrx_word' id='word_1_84' title='bbox 1216 1384 1494 1452; x_wconf 79' lang='lat' dir='ltr'><strong>justitiam,</strong></span> <span class='ocrx_word' id='word_1_85' title='bbox 1545 1390 1593 1433; x_wconf 85' lang='lat' dir='ltr'><strong>et</strong></span> <span class='ocrx_word' id='word_1_86' title='bbox 1636 1380 1849 1449; x_wconf 84' lang='lat' dir='ltr'><strong>diligere</strong></span> <span class='ocrx_word' id='word_1_87' title='bbox 1890 1379 2182 1432; x_wconf 57' lang='lat' dir='ltr'><strong>misericoro</strong></span> 
     </span>
    </p>
   </div>
   <div class='ocr_carea' id='block_1_14' title="bbox 602 1466 2179 1540">
    <p class='ocr_par' dir='ltr' id='par_1_14' title="bbox 602 1466 2179 1540">
     <span class='ocr_line' id='line_1_14' title="bbox 602 1466 2179 1540; baseline -0.008 -9"><span class='ocrx_word' id='word_1_88' title='bbox 602 1479 760 1540; x_wconf 86' lang='lat' dir='ltr'><strong>diam,</strong></span> <span class='ocrx_word' id='word_1_89' title='bbox 789 1487 837 1531; x_wconf 89' lang='lat' dir='ltr'><strong>et</strong></span> <span class='ocrx_word' id='word_1_90' title='bbox 853 1476 1126 1530; x_wconf 82' lang='lat' dir='ltr'><strong>sollicitum</strong></span> <span class='ocrx_word' id='word_1_91' title='bbox 1147 1472 1410 1525; x_wconf 88' lang='lat' dir='ltr'><strong>ambulare</strong></span> <span class='ocrx_word' id='word_1_92' title='bbox 1430 1487 1543 1523; x_wconf 87' lang='lat' dir='ltr'><strong>cum</strong></span> <span class='ocrx_word' id='word_1_93' title='bbox 1568 1468 1674 1522; x_wconf 89' lang='lat' dir='ltr'><strong>Deo</strong></span> <span class='ocrx_word' id='word_1_94' title='bbox 1696 1478 1779 1522; x_wconf 90' lang='lat' dir='ltr'><strong>tuo</strong></span> <span class='ocrx_word' id='word_1_95' title='bbox 1804 1468 1877 1538; x_wconf 82' lang='grc' dir='ltr'><strong>(Μ</strong></span> <span class='ocrx_word' id='word_1_96' title='bbox 1885 1468 1988 1520; x_wconf 86' lang='lat' dir='ltr'><strong>ich.</strong></span> <span class='ocrx_word' id='word_1_97' title='bbox 2003 1484 2076 1532; x_wconf 70' lang='grc' dir='ltr'><strong>γι,</strong></span> <span class='ocrx_word' id='word_1_98' title='bbox 2101 1466 2179 1535; x_wconf 89' lang='grc'><strong>8).</strong></span> 
     </span>
    </p>
   </div>
   <div class='ocr_carea' id='block_1_15' title="bbox 671 1553 2184 1630">
    <p class='ocr_par' dir='ltr' id='par_1_15' title="bbox 671 1553 2184 1630">
     <span class='ocr_line' id='line_1_15' title="bbox 671 1553 2184 1630; baseline -0.007 -12"><span class='ocrx_word' id='word_1_99' title='bbox 671 1565 725 1618; x_wconf 77' lang='grc'><strong>5.</strong></span> <span class='ocrx_word' id='word_1_100' title='bbox 758 1563 996 1617; x_wconf 86' lang='lat' dir='ltr'><strong>Primum</strong></span> <span class='ocrx_word' id='word_1_101' title='bbox 1042 1563 1221 1630; x_wconf 84' lang='lat' dir='ltr'><strong>itaque</strong></span> <span class='ocrx_word' id='word_1_102' title='bbox 1245 1558 1372 1627; x_wconf 89' lang='lat' dir='ltr'><strong>quid</strong></span> <span class='ocrx_word' id='word_1_103' title='bbox 1414 1558 1484 1610; x_wconf 86' lang='lat' dir='ltr'><strong>sit</strong></span> <span class='ocrx_word' id='word_1_104' title='bbox 1513 1556 1691 1610; x_wconf 87' lang='lat' dir='ltr'><strong>facere</strong></span> <span class='ocrx_word' id='word_1_105' title='bbox 1715 1554 1990 1623; x_wconf 91' lang='lat' dir='ltr'><strong>judicium,</strong></span> <span class='ocrx_word' id='word_1_106' title='bbox 2039 1553 2184 1622; x_wconf 89' lang='lat' dir='ltr'><strong>quod</strong></span> 
     </span>
    </p>
   </div>
   <div class='ocr_carea' id='block_1_16' title="bbox 600 1639 2182 1720">
    <p class='ocr_par' dir='ltr' id='par_1_16' title="bbox 600 1639 2182 1720">
     <span class='ocr_line' id='line_1_16' title="bbox 600 1639 2182 1720; baseline -0.009 -13"><span class='ocrx_word' id='word_1_107' title='bbox 600 1652 792 1708; x_wconf 90' lang='lat' dir='ltr'><strong>beatus</strong></span> <span class='ocrx_word' id='word_1_108' title='bbox 835 1651 1100 1720; x_wconf 84' lang='lat' dir='ltr'><strong>propheta</strong></span> <span class='ocrx_word' id='word_1_109' title='bbox 1143 1648 1371 1716; x_wconf 92' lang='lat' dir='ltr'><strong>primum</strong></span> <span class='ocrx_word' id='word_1_110' title='bbox 1400 1643 1610 1714; x_wconf 89' lang='lat' dir='ltr'><strong>posuit,</strong></span> <span class='ocrx_word' id='word_1_111' title='bbox 1654 1643 2004 1710; x_wconf 89' lang='lat' dir='ltr'><strong>inquiramus.</strong></span> <span class='ocrx_word' id='word_1_112' title='bbox 2030 1639 2182 1694; x_wconf 71' lang='lat' dir='ltr'><strong>ludi-</strong></span> 
     </span>
    </p>
   </div>
   <div class='ocr_carea' id='block_1_17' title="bbox 599 1731 2184 1801">
    <p class='ocr_par' dir='ltr' id='par_1_17' title="bbox 599 1731 2184 1801">
     <span class='ocr_line' id='line_1_17' title="bbox 599 1731 2184 1801; baseline -0.009 -3"><span class='ocrx_word' id='word_1_113' title='bbox 599 1745 742 1798; x_wconf 91' lang='lat' dir='ltr'><strong>cium</strong></span> <span class='ocrx_word' id='word_1_114' title='bbox 789 1742 986 1797; x_wconf 92' lang='lat' dir='ltr'><strong>dicitur</strong></span> <span class='ocrx_word' id='word_1_115' title='bbox 1028 1745 1358 1801; x_wconf 85' lang='lat' dir='ltr'><strong>conventus,</strong></span> <span class='ocrx_word' id='word_1_116' title='bbox 1389 1736 1482 1790; x_wconf 91' lang='lat' dir='ltr'><strong>ubi</strong></span> <span class='ocrx_word' id='word_1_117' title='bbox 1512 1734 1784 1790; x_wconf 87' lang='lat' dir='ltr'><strong>accusatio</strong></span> <span class='ocrx_word' id='word_1_118' title='bbox 1804 1773 1819 1796; x_wconf 93' lang='lat'><strong>,</strong></span> <span class='ocrx_word' id='word_1_119' title='bbox 1849 1740 1904 1786; x_wconf 91' lang='lat' dir='ltr'><strong>et</strong></span> <span class='ocrx_word' id='word_1_120' title='bbox 1940 1731 2184 1787; x_wconf 83' lang='lat' dir='ltr'><strong>defensio</strong></span> 
     </span>
    </p>
   </div>
   <div class='ocr_carea' id='block_1_18' title="bbox 599 1824 2184 1899">
    <p class='ocr_par' dir='ltr' id='par_1_18' title="bbox 599 1824 2184 1899">
     <span class='ocr_line' id='line_1_18' title="bbox 599 1824 2184 1899; baseline -0.008 -14"><span class='ocrx_word' id='word_1_121' title='bbox 599 1829 884 1899; x_wconf 88' lang='lat' dir='ltr'><strong>cujuslibet</strong></span> <span class='ocrx_word' id='word_1_122' title='bbox 924 1828 1158 1882; x_wconf 89' lang='lat' dir='ltr'><strong>hominis</strong></span> <span class='ocrx_word' id='word_1_123' title='bbox 1205 1825 1484 1893; x_wconf 84' lang='lat' dir='ltr'><strong>agitatur:</strong></span> <span class='ocrx_word' id='word_1_124' title='bbox 1530 1824 1670 1878; x_wconf 92' lang='lat' dir='ltr'><strong>unde</strong></span> <span class='ocrx_word' id='word_1_125' title='bbox 1717 1837 1941 1877; x_wconf 89' lang='lat' dir='ltr'><strong>necesse</strong></span> <span class='ocrx_word' id='word_1_126' title='bbox 1994 1827 2080 1876; x_wconf 88' lang='lat' dir='ltr'><strong>est</strong></span> <span class='ocrx_word' id='word_1_127' title='bbox 2124 1827 2184 1873; x_wconf 90' lang='lat' dir='ltr'><strong>ut</strong></span> 
     </span>
    </p>
   </div>
   <div class='ocr_carea' id='block_1_19' title="bbox 2278 660 3322 729">
    <p class='ocr_par' dir='ltr' id='par_1_19' title="bbox 2278 660 3322 729">
     <span class='ocr_line' id='line_1_19' title="bbox 2278 660 3322 729; baseline 0.001 -16"><span class='ocrx_word' id='word_1_128' title='bbox 2278 660 2566 729; x_wconf 88' lang='lat' dir='ltr'><strong>judicando</strong></span> <span class='ocrx_word' id='word_1_129' title='bbox 2598 661 2849 715; x_wconf 84' lang='lat' dir='ltr'><strong>liberabis</strong></span> <span class='ocrx_word' id='word_1_130' title='bbox 2878 660 3110 714; x_wconf 90' lang='lat' dir='ltr'><strong>animam</strong></span> <span class='ocrx_word' id='word_1_131' title='bbox 3156 669 3322 714; x_wconf 85' lang='lat' dir='ltr'><strong>tuam.</strong></span> 
     </span>
    </p>
   </div>
   <div class='ocr_carea' id='block_1_20' title="bbox 2352 750 3858 820">
    <p class='ocr_par' dir='ltr' id='par_1_20' title="bbox 2352 750 3858 820">
     <span class='ocr_line' id='line_1_20' title="bbox 2352 750 3858 820; baseline 0 -16"><span class='ocrx_word' id='word_1_132' title='bbox 2352 750 2402 805; x_wconf 81' lang='lat'><strong>5.</strong></span> <span class='ocrx_word' id='word_1_133' title='bbox 2429 751 2584 816; x_wconf 83' lang='lat' dir='ltr'><strong>Ecce,</strong></span> <span class='ocrx_word' id='word_1_134' title='bbox 2619 753 2809 806; x_wconf 83' lang='lat' dir='ltr'><strong>fratres</strong></span> <span class='ocrx_word' id='word_1_135' title='bbox 2827 791 2842 816; x_wconf 96' lang='lat'><strong>,</strong></span> <span class='ocrx_word' id='word_1_136' title='bbox 2869 760 3127 820; x_wconf 88' lang='lat' dir='ltr'><strong>quantum</strong></span> <span class='ocrx_word' id='word_1_137' title='bbox 3158 752 3412 806; x_wconf 90' lang='lat' dir='ltr'><strong>Dominus</strong></span> <span class='ocrx_word' id='word_1_138' title='bbox 3438 750 3610 816; x_wconf 87' lang='lat' dir='ltr'><strong>dedit,</strong></span> <span class='ocrx_word' id='word_1_139' title='bbox 3640 751 3769 820; x_wconf 89' lang='lat' dir='ltr'><strong>quid</strong></span> <span class='ocrx_word' id='word_1_140' title='bbox 3795 754 3858 806; x_wconf 86' lang='lat' dir='ltr'><strong>sit</strong></span> 
     </span>
    </p>
   </div>
   <div class='ocr_carea' id='block_1_21' title="bbox 2281 836 3856 910">
    <p class='ocr_par' dir='ltr' id='par_1_21' title="bbox 2281 836 3856 910">
     <span class='ocr_line' id='line_1_21' title="bbox 2281 836 3856 910; baseline -0.001 -16"><span class='ocrx_word' id='word_1_141' title='bbox 2281 841 2458 896; x_wconf 88' lang='lat' dir='ltr'><strong>facere</strong></span> <span class='ocrx_word' id='word_1_142' title='bbox 2499 841 2760 909; x_wconf 85' lang='lat' dir='ltr'><strong>judicium</strong></span> <span class='ocrx_word' id='word_1_143' title='bbox 2806 841 3069 906; x_wconf 80' lang='lat' dir='ltr'><strong>diximus;</strong></span> <span class='ocrx_word' id='word_1_144' title='bbox 3120 840 3247 910; x_wconf 88' lang='lat' dir='ltr'><strong>quid</strong></span> <span class='ocrx_word' id='word_1_145' title='bbox 3283 840 3477 895; x_wconf 90' lang='lat' dir='ltr'><strong>deinde</strong></span> <span class='ocrx_word' id='word_1_146' title='bbox 3505 840 3576 894; x_wconf 87' lang='lat' dir='ltr'><strong>sit</strong></span> <span class='ocrx_word' id='word_1_147' title='bbox 3596 836 3856 908; x_wconf 84' lang='lat' dir='ltr'><strong>justitiam</strong></span> 
     </span>
    </p>
   </div>
   <div class='ocr_carea' id='block_1_22' title="bbox 2281 928 3858 994">
    <p class='ocr_par' dir='ltr' id='par_1_22' title="bbox 2281 928 3858 994">
     <span class='ocr_line' id='line_1_22' title="bbox 2281 928 3858 994; baseline -0.003 -10"><span class='ocrx_word' id='word_1_148' title='bbox 2281 930 2459 986; x_wconf 88' lang='lat' dir='ltr'><strong>facere</strong></span> <span class='ocrx_word' id='word_1_149' title='bbox 2484 973 2498 994; x_wconf 92' lang='lat'><strong>,</strong></span> <span class='ocrx_word' id='word_1_150' title='bbox 2531 947 2671 986; x_wconf 91' lang='lat' dir='ltr'><strong>nunc</strong></span> <span class='ocrx_word' id='word_1_151' title='bbox 2697 930 2952 985; x_wconf 81' lang='lat' dir='ltr'><strong>dicamus.</strong></span> <span class='ocrx_word' id='word_1_152' title='bbox 2996 929 3263 985; x_wconf 83' lang='lat' dir='ltr'><strong>Justitiam</strong></span> <span class='ocrx_word' id='word_1_153' title='bbox 3294 929 3468 984; x_wconf 88' lang='lat' dir='ltr'><strong>facere</strong></span> <span class='ocrx_word' id='word_1_154' title='bbox 3496 937 3600 991; x_wconf 88' lang='lat' dir='ltr'><strong>est,</strong></span> <span class='ocrx_word' id='word_1_155' title='bbox 3632 936 3693 980; x_wconf 91' lang='lat' dir='ltr'><strong>ut</strong></span> <span class='ocrx_word' id='word_1_156' title='bbox 3723 928 3858 994; x_wconf 82' lang='lat' dir='ltr'><strong>quod</strong></span> 
     </span>
    </p>
   </div>
   <div class='ocr_carea' id='block_1_23' title="bbox 2283 1017 3857 1085">
    <p class='ocr_par' dir='ltr' id='par_1_23' title="bbox 2283 1017 3857 1085">
     <span class='ocr_line' id='line_1_23' title="bbox 2283 1017 3857 1085; baseline -0.003 -10"><span class='ocrx_word' id='word_1_157' title='bbox 2283 1022 2376 1075; x_wconf 89' lang='lat' dir='ltr'><strong>tibi</strong></span> <span class='ocrx_word' id='word_1_158' title='bbox 2417 1021 2529 1075; x_wconf 82' lang='lat' dir='ltr'><strong>fieri</strong></span> <span class='ocrx_word' id='word_1_159' title='bbox 2554 1037 2660 1075; x_wconf 90' lang='lat' dir='ltr'><strong>non</strong></span> <span class='ocrx_word' id='word_1_160' title='bbox 2685 1021 2795 1085; x_wconf 92' lang='lat' dir='ltr'><strong>vis,</strong></span> <span class='ocrx_word' id='word_1_161' title='bbox 2825 1021 2976 1074; x_wconf 89' lang='lat' dir='ltr'><strong>alteri</strong></span> <span class='ocrx_word' id='word_1_162' title='bbox 3009 1035 3076 1074; x_wconf 94' lang='lat' dir='ltr'><strong>ne</strong></span> <span class='ocrx_word' id='word_1_163' title='bbox 3102 1021 3309 1085; x_wconf 88' lang='lat' dir='ltr'><strong>feceris,</strong></span> <span class='ocrx_word' id='word_1_164' title='bbox 3355 1021 3447 1075; x_wconf 87' lang='lat' dir='ltr'><strong>sed</strong></span> <span class='ocrx_word' id='word_1_165' title='bbox 3479 1027 3533 1074; x_wconf 92' lang='lat' dir='ltr'><strong>et</strong></span> <span class='ocrx_word' id='word_1_166' title='bbox 3562 1019 3669 1072; x_wconf 89' lang='lat' dir='ltr'><strong>hoc</strong></span> <span class='ocrx_word' id='word_1_167' title='bbox 3709 1017 3857 1071; x_wconf 84' lang='lat' dir='ltr'><strong>alteri</strong></span> 
     </span>
    </p>
   </div>
   <div class='ocr_carea' id='block_1_24' title="bbox 2283 1107 3855 1178">
    <p class='ocr_par' dir='ltr' id='par_1_24' title="bbox 2283 1107 3855 1178">
     <span class='ocr_line' id='line_1_24' title="bbox 2283 1107 3855 1178; baseline -0.004 -14"><span class='ocrx_word' id='word_1_168' title='bbox 2283 1111 2466 1174; x_wconf 84' lang='lat' dir='ltr'><strong>facias,</strong></span> <span class='ocrx_word' id='word_1_169' title='bbox 2488 1111 2634 1178; x_wconf 90' lang='lat' dir='ltr'><strong>quod</strong></span> <span class='ocrx_word' id='word_1_170' title='bbox 2668 1110 2764 1164; x_wconf 89' lang='lat' dir='ltr'><strong>tibi</strong></span> <span class='ocrx_word' id='word_1_171' title='bbox 2786 1110 2854 1163; x_wconf 87' lang='lat' dir='ltr'><strong>ab</strong></span> <span class='ocrx_word' id='word_1_172' title='bbox 2881 1111 3052 1164; x_wconf 89' lang='lat' dir='ltr'><strong>altero</strong></span> <span class='ocrx_word' id='word_1_173' title='bbox 3082 1109 3197 1164; x_wconf 84' lang='lat' dir='ltr'><strong>fieri</strong></span> <span class='ocrx_word' id='word_1_174' title='bbox 3220 1108 3521 1163; x_wconf 89' lang='lat' dir='ltr'><strong>delectaris.</strong></span> <span class='ocrx_word' id='word_1_175' title='bbox 3554 1107 3651 1160; x_wconf 78' lang='lat' dir='ltr'><strong>Vis</strong></span> <span class='ocrx_word' id='word_1_176' title='bbox 3681 1115 3855 1158; x_wconf 87' lang='lat' dir='ltr'><strong>autem</strong></span> 
     </span>
    </p>
   </div>
   <div class='ocr_carea' id='block_1_25' title="bbox 2283 1194 3856 1263">
    <p class='ocr_par' dir='ltr' id='par_1_25' title="bbox 2283 1194 3856 1263">
     <span class='ocr_line' id='line_1_25' title="bbox 2283 1194 3856 1263; baseline -0.004 -11"><span class='ocrx_word' id='word_1_177' title='bbox 2283 1201 2378 1254; x_wconf 90' lang='lat' dir='ltr'><strong>tibi</strong></span> <span class='ocrx_word' id='word_1_178' title='bbox 2409 1201 2608 1254; x_wconf 90' lang='lat' dir='ltr'><strong>bonum</strong></span> <span class='ocrx_word' id='word_1_179' title='bbox 2638 1201 2706 1254; x_wconf 90' lang='lat' dir='ltr'><strong>ab</strong></span> <span class='ocrx_word' id='word_1_180' title='bbox 2736 1199 2882 1254; x_wconf 91' lang='lat' dir='ltr'><strong>omni</strong></span> <span class='ocrx_word' id='word_1_181' title='bbox 2927 1199 3143 1253; x_wconf 90' lang='lat' dir='ltr'><strong>homine</strong></span> <span class='ocrx_word' id='word_1_182' title='bbox 3174 1198 3287 1251; x_wconf 83' lang='lat' dir='ltr'><strong>fieri</strong></span> <span class='ocrx_word' id='word_1_183' title='bbox 3318 1216 3330 1250; x_wconf 89' lang='lat'><strong>:</strong></span> <span class='ocrx_word' id='word_1_184' title='bbox 3356 1197 3458 1252; x_wconf 91' lang='lat' dir='ltr'><strong>hoc</strong></span> <span class='ocrx_word' id='word_1_185' title='bbox 3486 1196 3630 1250; x_wconf 90' lang='lat' dir='ltr'><strong>enim</strong></span> <span class='ocrx_word' id='word_1_186' title='bbox 3657 1194 3856 1263; x_wconf 87' lang='lat' dir='ltr'><strong>justum</strong></span> 
     </span>
    </p>
   </div>
   <div class='ocr_carea' id='block_1_26' title="bbox 2284 1285 3856 1354">
    <p class='ocr_par' dir='ltr' id='par_1_26' title="bbox 2284 1285 3856 1354">
     <span class='ocr_line' id='line_1_26' title="bbox 2284 1285 3856 1354; baseline -0.004 -12"><span class='ocrx_word' id='word_1_187' title='bbox 2284 1296 2387 1354; x_wconf 79' lang='lat' dir='ltr'><strong>est,</strong></span> <span class='ocrx_word' id='word_1_188' title='bbox 2420 1297 2480 1342; x_wconf 91' lang='lat' dir='ltr'><strong>ut</strong></span> <span class='ocrx_word' id='word_1_189' title='bbox 2498 1289 2674 1342; x_wconf 89' lang='lat' dir='ltr'><strong>omnis</strong></span> <span class='ocrx_word' id='word_1_190' title='bbox 2702 1289 2862 1342; x_wconf 89' lang='lat' dir='ltr'><strong>homo</strong></span> <span class='ocrx_word' id='word_1_191' title='bbox 2890 1288 3090 1342; x_wconf 89' lang='lat' dir='ltr'><strong>bonum</strong></span> <span class='ocrx_word' id='word_1_192' title='bbox 3121 1287 3280 1341; x_wconf 86' lang='lat' dir='ltr'><strong>faciat</strong></span> <span class='ocrx_word' id='word_1_193' title='bbox 3307 1286 3538 1350; x_wconf 90' lang='lat' dir='ltr'><strong>homini;</strong></span> <span class='ocrx_word' id='word_1_194' title='bbox 3571 1285 3702 1352; x_wconf 88' lang='lat' dir='ltr'><strong>quia</strong></span> <span class='ocrx_word' id='word_1_195' title='bbox 3730 1299 3856 1338; x_wconf 83' lang='lat' dir='ltr'><strong>eon-</strong></span> 
     </span>
    </p>
   </div>
   <div class='ocr_carea' id='block_1_27' title="bbox 2285 1373 3853 1448">
    <p class='ocr_par' dir='ltr' id='par_1_27' title="bbox 2285 1373 3853 1448">
     <span class='ocr_line' id='line_1_27' title="bbox 2285 1373 3853 1448; baseline -0.004 -16"><span class='ocrx_word' id='word_1_196' title='bbox 2285 1388 2364 1433; x_wconf 91' lang='lat' dir='ltr'><strong>tra</strong></span> <span class='ocrx_word' id='word_1_197' title='bbox 2411 1379 2670 1448; x_wconf 89' lang='lat' dir='ltr'><strong>justitiam</strong></span> <span class='ocrx_word' id='word_1_198' title='bbox 2701 1378 2826 1433; x_wconf 87' lang='lat' dir='ltr'><strong>facit</strong></span> <span class='ocrx_word' id='word_1_199' title='bbox 2863 1379 2952 1446; x_wconf 93' lang='lat' dir='ltr'><strong>qui</strong></span> <span class='ocrx_word' id='word_1_200' title='bbox 2991 1373 3200 1432; x_wconf 82' lang='lat' dir='ltr'><strong>homini</strong></span> <span class='ocrx_word' id='word_1_201' title='bbox 3234 1376 3433 1430; x_wconf 91' lang='lat' dir='ltr'><strong>malum</strong></span> <span class='ocrx_word' id='word_1_202' title='bbox 3474 1373 3620 1429; x_wconf 87' lang='lat' dir='ltr'><strong>facit.</strong></span> <span class='ocrx_word' id='word_1_203' title='bbox 3657 1375 3853 1427; x_wconf 78' lang='lat' dir='ltr'><strong>Malum</strong></span> 
     </span>
    </p>
   </div>
   <div class='ocr_carea' id='block_1_28' title="bbox 2284 1462 3855 1535">
    <p class='ocr_par' dir='ltr' id='par_1_28' title="bbox 2284 1462 3855 1535">
     <span class='ocr_line' id='line_1_28' title="bbox 2284 1462 3855 1535; baseline -0.004 -14"><span class='ocrx_word' id='word_1_204' title='bbox 2284 1477 2464 1522; x_wconf 89' lang='lat' dir='ltr'><strong>autem</strong></span> <span class='ocrx_word' id='word_1_205' title='bbox 2502 1467 2623 1522; x_wconf 88' lang='lat' dir='ltr'><strong>dico</strong></span> <span class='ocrx_word' id='word_1_206' title='bbox 2669 1466 2796 1521; x_wconf 90' lang='lat' dir='ltr'><strong>illud</strong></span> <span class='ocrx_word' id='word_1_207' title='bbox 2827 1482 2962 1535; x_wconf 88' lang='lat' dir='ltr'><strong>opus</strong></span> <span class='ocrx_word' id='word_1_208' title='bbox 2989 1481 3096 1534; x_wconf 91' lang='lat' dir='ltr'><strong>quo</strong></span> <span class='ocrx_word' id='word_1_209' title='bbox 3125 1479 3221 1534; x_wconf 88' lang='lat' dir='ltr'><strong>per</strong></span> <span class='ocrx_word' id='word_1_210' title='bbox 3247 1479 3466 1534; x_wconf 88' lang='lat' dir='ltr'><strong>pravam</strong></span> <span class='ocrx_word' id='word_1_211' title='bbox 3506 1462 3855 1531; x_wconf 84' lang='lat' dir='ltr'><strong>cupiditatem</strong></span> 
     </span>
    </p>
   </div>
   <div class='ocr_carea' id='block_1_29' title="bbox 2283 1552 3856 1626">
    <p class='ocr_par' dir='ltr' id='par_1_29' title="bbox 2283 1552 3856 1626">
     <span class='ocr_line' id='line_1_29' title="bbox 2283 1552 3856 1626; baseline -0.006 -13"><span class='ocrx_word' id='word_1_212' title='bbox 2283 1565 2572 1626; x_wconf 84' lang='lat' dir='ltr'><strong>peccatur,</strong></span> <span class='ocrx_word' id='word_1_213' title='bbox 2613 1571 2722 1626; x_wconf 84' lang='lat' dir='ltr'><strong>non</strong></span> <span class='ocrx_word' id='word_1_214' title='bbox 2749 1570 2856 1624; x_wconf 92' lang='lat' dir='ltr'><strong>quo</strong></span> <span class='ocrx_word' id='word_1_215' title='bbox 2881 1571 2980 1624; x_wconf 89' lang='lat' dir='ltr'><strong>per</strong></span> <span class='ocrx_word' id='word_1_216' title='bbox 3018 1554 3295 1609; x_wconf 88' lang='lat' dir='ltr'><strong>caritatem</strong></span> <span class='ocrx_word' id='word_1_217' title='bbox 3323 1567 3481 1624; x_wconf 74' lang='lat' dir='ltr'><strong>pmna</strong></span> <span class='ocrx_word' id='word_1_218' title='bbox 3511 1552 3856 1621; x_wconf 76' lang='lat' dir='ltr'><strong>peccantibus</strong></span> 
     </span>
    </p>
   </div>
   <div class='ocr_carea' id='block_1_30' title="bbox 2285 1625 3857 1712">
    <p class='ocr_par' dir='ltr' id='par_1_30' title="bbox 2285 1625 3857 1712">
     <span class='ocr_line' id='line_1_30' title="bbox 2285 1625 3857 1712; baseline -0.004 -13"><span class='ocrx_word' id='word_1_219' title='bbox 2285 1625 2567 1712; x_wconf 88' lang='lat' dir='ltr'><strong>irrogatur.</strong></span> <span class='ocrx_word' id='word_1_220' title='bbox 2601 1625 2796 1697; x_wconf 63' lang='lat' dir='ltr'><strong>Malum</strong></span> <span class='ocrx_word' id='word_1_221' title='bbox 2826 1657 2964 1696; x_wconf 93' lang='lat' dir='ltr'><strong>nunc</strong></span> <span class='ocrx_word' id='word_1_222' title='bbox 2989 1656 3090 1710; x_wconf 92' lang='lat' dir='ltr'><strong>ego</strong></span> <span class='ocrx_word' id='word_1_223' title='bbox 3118 1640 3238 1696; x_wconf 90' lang='lat' dir='ltr'><strong>dico</strong></span> <span class='ocrx_word' id='word_1_224' title='bbox 3262 1679 3277 1705; x_wconf 97' lang='lat'><strong>,</strong></span> <span class='ocrx_word' id='word_1_225' title='bbox 3308 1656 3412 1694; x_wconf 92' lang='lat' dir='ltr'><strong>non</strong></span> <span class='ocrx_word' id='word_1_226' title='bbox 3442 1629 3552 1710; x_wconf 90' lang='lat' dir='ltr'><strong>quo</strong></span> <span class='ocrx_word' id='word_1_227' title='bbox 3581 1641 3857 1708; x_wconf 84' lang='lat' dir='ltr'><strong>proximus</strong></span> 
     </span>
    </p>
   </div>
   <div class='ocr_carea' id='block_1_31' title="bbox 2285 1730 3857 1804">
    <p class='ocr_par' dir='ltr' id='par_1_31' title="bbox 2285 1730 3857 1804">
     <span class='ocr_line' id='line_1_31' title="bbox 2285 1730 3857 1804; baseline -0.004 -16"><span class='ocrx_word' id='word_1_228' title='bbox 2285 1751 2314 1788; x_wconf 88' lang='lat' dir='ltr'><strong>a</strong></span> <span class='ocrx_word' id='word_1_229' title='bbox 2344 1736 2500 1804; x_wconf 92' lang='lat' dir='ltr'><strong>culpa</strong></span> <span class='ocrx_word' id='word_1_230' title='bbox 2545 1741 2850 1796; x_wconf 87' lang='lat' dir='ltr'><strong>revocatur,</strong></span> <span class='ocrx_word' id='word_1_231' title='bbox 2897 1732 2993 1786; x_wconf 83' lang='lat' dir='ltr'><strong>sed</strong></span> <span class='ocrx_word' id='word_1_232' title='bbox 3021 1747 3130 1801; x_wconf 91' lang='lat' dir='ltr'><strong>quo</strong></span> <span class='ocrx_word' id='word_1_233' title='bbox 3183 1731 3322 1786; x_wconf 89' lang='lat' dir='ltr'><strong>Deus</strong></span> <span class='ocrx_word' id='word_1_234' title='bbox 3344 1731 3520 1800; x_wconf 89' lang='lat' dir='ltr'><strong>justus</strong></span> <span class='ocrx_word' id='word_1_235' title='bbox 3549 1730 3617 1784; x_wconf 87' lang='lat' dir='ltr'><strong>ad</strong></span> <span class='ocrx_word' id='word_1_236' title='bbox 3646 1731 3857 1784; x_wconf 84' lang='lat' dir='ltr'><strong>iracun-</strong></span> 
     </span>
    </p>
   </div>
   <div class='ocr_carea' id='block_1_32' title="bbox 2285 1821 3857 1892">
    <p class='ocr_par' dir='ltr' id='par_1_32' title="bbox 2285 1821 3857 1892">
     <span class='ocr_line' id='line_1_32' title="bbox 2285 1821 3857 1892; baseline -0.004 -13"><span class='ocrx_word' id='word_1_237' title='bbox 2285 1826 2426 1880; x_wconf 90' lang='lat' dir='ltr'><strong>diam</strong></span> <span class='ocrx_word' id='word_1_238' title='bbox 2453 1830 2796 1892; x_wconf 86' lang='lat' dir='ltr'><strong>provocatur.</strong></span> <span class='ocrx_word' id='word_1_239' title='bbox 2824 1821 2956 1874; x_wconf 91' lang='lat' dir='ltr'><strong>lllud</strong></span> <span class='ocrx_word' id='word_1_240' title='bbox 2988 1822 3187 1875; x_wconf 91' lang='lat' dir='ltr'><strong>malum</strong></span> <span class='ocrx_word' id='word_1_241' title='bbox 3226 1821 3372 1885; x_wconf 91' lang='lat' dir='ltr'><strong>dico,</strong></span> <span class='ocrx_word' id='word_1_242' title='bbox 3413 1836 3523 1875; x_wconf 89' lang='lat' dir='ltr'><strong>non</strong></span> <span class='ocrx_word' id='word_1_243' title='bbox 3551 1821 3700 1888; x_wconf 89' lang='lat' dir='ltr'><strong>quod</strong></span> <span class='ocrx_word' id='word_1_244' title='bbox 3727 1821 3857 1874; x_wconf 88' lang='lat' dir='ltr'><strong>bene</strong></span> 
     </span>
    </p>
   </div>
   <div class='ocr_carea' id='block_1_33' title="bbox 599 1908 3856 1988">
    <p class='ocr_par' dir='ltr' id='par_1_33' title="bbox 599 1908 3856 1988">
     <span class='ocr_line' id='line_1_33' title="bbox 599 1908 3856 1988; baseline -0.005 -15"><span class='ocrx_word' id='word_1_245' title='bbox 599 1917 932 1988; x_wconf 88' lang='lat' dir='ltr'><strong>adjudicatus</strong></span> <span class='ocrx_word' id='word_1_246' title='bbox 959 1925 1116 1971; x_wconf 84' lang='lat' dir='ltr'><strong>exeat</strong></span> <span class='ocrx_word' id='word_1_247' title='bbox 1143 1914 1235 1985; x_wconf 72' lang='lat' dir='ltr'><strong>qni</strong></span> <span class='ocrx_word' id='word_1_248' title='bbox 1265 1914 1424 1968; x_wconf 77' lang='lat' dir='ltr'><strong>fuerit</strong></span> <span class='ocrx_word' id='word_1_249' title='bbox 1451 1928 1606 1979; x_wconf 90' lang='lat' dir='ltr'><strong>reus,</strong></span> <span class='ocrx_word' id='word_1_250' title='bbox 1637 1920 1691 1966; x_wconf 86' lang='lat' dir='ltr'><strong>et</strong></span> <span class='ocrx_word' id='word_1_251' title='bbox 1718 1913 1891 1966; x_wconf 91' lang='lat' dir='ltr'><strong>victor</strong></span> <span class='ocrx_word' id='word_1_252' title='bbox 1927 1908 2179 1964; x_wconf 79' lang='lat' dir='ltr'><strong>abscedat</strong></span> <span class='ocrx_word' id='word_1_253' title='bbox 2212 1920 2252 1977; x_wconf 77' lang='grc' dir='ltr'>Β</span> <span class='ocrx_word' id='word_1_254' title='bbox 2282 1915 2421 1968; x_wconf 81' lang='lat' dir='ltr'><strong>solet</strong></span> <span class='ocrx_word' id='word_1_255' title='bbox 2468 1912 2665 1967; x_wconf 81' lang='lat' dir='ltr'><strong>inferre</strong></span> <span class='ocrx_word' id='word_1_256' title='bbox 2697 1911 2959 1966; x_wconf 79' lang='lat' dir='ltr'><strong>severitas</strong></span> <span class='ocrx_word' id='word_1_257' title='bbox 2982 1950 2998 1975; x_wconf 82' lang='lat'><strong>,</strong></span> <span class='ocrx_word' id='word_1_258' title='bbox 3043 1911 3138 1965; x_wconf 86' lang='lat' dir='ltr'><strong>sed</strong></span> <span class='ocrx_word' id='word_1_259' title='bbox 3184 1910 3328 1979; x_wconf 84' lang='lat' dir='ltr'><strong>quod</strong></span> <span class='ocrx_word' id='word_1_260' title='bbox 3375 1910 3518 1964; x_wconf 82' lang='lat' dir='ltr'><strong>male</strong></span> <span class='ocrx_word' id='word_1_261' title='bbox 3545 1918 3856 1978; x_wconf 72' lang='lat' dir='ltr'><strong>perpetrare</strong></span> 
     </span>
    </p>
   </div>
   <div class='ocr_carea' id='block_1_34' title="bbox 598 1999 2173 2078">
    <p class='ocr_par' dir='ltr' id='par_1_34' title="bbox 598 1999 2173 2078">
     <span class='ocr_line' id='line_1_34' title="bbox 598 1999 2173 2078; baseline -0.009 -15"><span class='ocrx_word' id='word_1_262' title='bbox 598 2010 690 2077; x_wconf 85' lang='lat' dir='ltr'><strong>qui</strong></span> <span class='ocrx_word' id='word_1_263' title='bbox 716 2009 974 2078; x_wconf 83' lang='lat' dir='ltr'><strong>probatur</strong></span> <span class='ocrx_word' id='word_1_264' title='bbox 1003 2005 1272 2060; x_wconf 77' lang='lat' dir='ltr'><strong>innoxius.</strong></span> <span class='ocrx_word' id='word_1_265' title='bbox 1305 2003 1596 2057; x_wconf 78' lang='lat' dir='ltr'><strong>Revertere</strong></span> <span class='ocrx_word' id='word_1_266' title='bbox 1619 2001 1780 2070; x_wconf 79' lang='lat' dir='ltr'><strong>igitur</strong></span> <span class='ocrx_word' id='word_1_267' title='bbox 1804 1999 1870 2053; x_wconf 90' lang='lat' dir='ltr'><strong>ad</strong></span> <span class='ocrx_word' id='word_1_268' title='bbox 1891 2009 1964 2061; x_wconf 93' lang='lat' dir='ltr'><strong>te,</strong></span> <span class='ocrx_word' id='word_1_269' title='bbox 1991 2000 2173 2052; x_wconf 89' lang='lat' dir='ltr'><strong>homo.</strong></span> 
     </span>
    </p>
   </div>
   <div class='ocr_carea' id='block_1_35' title="bbox 598 2089 2176 2176">
    <p class='ocr_par' dir='ltr' id='par_1_35' title="bbox 598 2089 2176 2176">
     <span class='ocr_line' id='line_1_35' title="bbox 598 2089 2176 2176; baseline -0.006 -24"><span class='ocrx_word' id='word_1_270' title='bbox 598 2098 653 2152; x_wconf 92' lang='lat' dir='ltr'><strong>ln</strong></span> <span class='ocrx_word' id='word_1_271' title='bbox 678 2107 731 2153; x_wconf 90' lang='lat' dir='ltr'><strong>te</strong></span> <span class='ocrx_word' id='word_1_272' title='bbox 758 2113 938 2166; x_wconf 63' lang='lat' dir='ltr'><strong>quaere</strong></span> <span class='ocrx_word' id='word_1_273' title='bbox 966 2096 1363 2150; x_wconf 88' lang='lat' dir='ltr'><strong>accusationem</strong></span> <span class='ocrx_word' id='word_1_274' title='bbox 1383 2135 1397 2159; x_wconf 94' lang='lat'><strong>,</strong></span> <span class='ocrx_word' id='word_1_275' title='bbox 1424 2093 1477 2176; x_wconf 75' lang='lat' dir='ltr'><strong>ip</strong></span> <span class='ocrx_word' id='word_1_276' title='bbox 1503 2101 1554 2146; x_wconf 88' lang='lat' dir='ltr'><strong>te</strong></span> <span class='ocrx_word' id='word_1_277' title='bbox 1583 2107 1764 2159; x_wconf 60' lang='lat' dir='ltr'><strong>quaere</strong></span> <span class='ocrx_word' id='word_1_278' title='bbox 1785 2089 2176 2151; x_wconf 83' lang='lat' dir='ltr'><strong>defensionem,</strong></span> 
     </span>
    </p>
   </div>
   <div class='ocr_carea' id='block_1_36' title="bbox 599 2183 2179 2258">
    <p class='ocr_par' dir='ltr' id='par_1_36' title="bbox 599 2183 2179 2258">
     <span class='ocr_line' id='line_1_36' title="bbox 599 2183 2179 2258; baseline -0.009 -16"><span class='ocrx_word' id='word_1_279' title='bbox 599 2190 653 2242; x_wconf 90' lang='lat' dir='ltr'><strong>in</strong></span> <span class='ocrx_word' id='word_1_280' title='bbox 681 2198 737 2242; x_wconf 92' lang='lat' dir='ltr'><strong>te</strong></span> <span class='ocrx_word' id='word_1_281' title='bbox 777 2203 956 2258; x_wconf 64' lang='lat' dir='ltr'><strong>quaere</strong></span> <span class='ocrx_word' id='word_1_282' title='bbox 979 2186 1258 2255; x_wconf 89' lang='lat' dir='ltr'><strong>judicium.</strong></span> <span class='ocrx_word' id='word_1_283' title='bbox 1301 2183 1413 2237; x_wconf 91' lang='lat' dir='ltr'><strong>lmo</strong></span> <span class='ocrx_word' id='word_1_284' title='bbox 1445 2191 1500 2236; x_wconf 91' lang='lat' dir='ltr'><strong>tu</strong></span> <span class='ocrx_word' id='word_1_285' title='bbox 1531 2190 1648 2235; x_wconf 90' lang='lat' dir='ltr'><strong>esto</strong></span> <span class='ocrx_word' id='word_1_286' title='bbox 1684 2189 1740 2235; x_wconf 90' lang='lat' dir='ltr'><strong>et</strong></span> <span class='ocrx_word' id='word_1_287' title='bbox 1765 2187 2051 2235; x_wconf 88' lang='lat' dir='ltr'><strong>accusator</strong></span> <span class='ocrx_word' id='word_1_288' title='bbox 2071 2218 2086 2241; x_wconf 93' lang='lat'><strong>,</strong></span> <span class='ocrx_word' id='word_1_289' title='bbox 2123 2187 2179 2230; x_wconf 88' lang='lat' dir='ltr'><strong>et</strong></span> 
     </span>
    </p>
   </div>
   <div class='ocr_carea' id='block_1_37' title="bbox 600 2267 2174 2344">
    <p class='ocr_par' dir='ltr' id='par_1_37' title="bbox 600 2267 2174 2344">
     <span class='ocr_line' id='line_1_37' title="bbox 600 2267 2174 2344; baseline -0.01 -11"><span class='ocrx_word' id='word_1_290' title='bbox 600 2279 878 2341; x_wconf 85' lang='lat' dir='ltr'><strong>defensor,</strong></span> <span class='ocrx_word' id='word_1_291' title='bbox 926 2284 983 2330; x_wconf 92' lang='lat' dir='ltr'><strong>et</strong></span> <span class='ocrx_word' id='word_1_292' title='bbox 1005 2275 1192 2344; x_wconf 87' lang='lat' dir='ltr'><strong>judex.</strong></span> <span class='ocrx_word' id='word_1_293' title='bbox 1221 2273 1367 2327; x_wconf 84' lang='lat' dir='ltr'><strong>intra</strong></span> <span class='ocrx_word' id='word_1_294' title='bbox 1409 2272 1463 2324; x_wconf 90' lang='lat' dir='ltr'><strong>in</strong></span> <span class='ocrx_word' id='word_1_295' title='bbox 1492 2270 1836 2325; x_wconf 88' lang='lat' dir='ltr'><strong>secretarium</strong></span> <span class='ocrx_word' id='word_1_296' title='bbox 1868 2267 2046 2323; x_wconf 86' lang='lat' dir='ltr'><strong>cordis</strong></span> <span class='ocrx_word' id='word_1_297' title='bbox 2079 2267 2174 2330; x_wconf 91' lang='lat' dir='ltr'><strong>tui,</strong></span> 
     </span>
    </p>
   </div>
   <div class='ocr_carea' id='block_1_38' title="bbox 601 2358 2174 2423">
    <p class='ocr_par' dir='ltr' id='par_1_38' title="bbox 601 2358 2174 2423">
     <span class='ocr_line' id='line_1_38' title="bbox 601 2358 2174 2423; baseline -0.009 0"><span class='ocrx_word' id='word_1_298' title='bbox 601 2368 693 2423; x_wconf 86' lang='lat' dir='ltr'><strong>ubi</strong></span> <span class='ocrx_word' id='word_1_299' title='bbox 722 2367 821 2422; x_wconf 92' lang='lat' dir='ltr'><strong>soli</strong></span> <span class='ocrx_word' id='word_1_300' title='bbox 855 2375 909 2421; x_wconf 90' lang='lat' dir='ltr'><strong>te</strong></span> <span class='ocrx_word' id='word_1_301' title='bbox 935 2365 1117 2419; x_wconf 84' lang='lat' dir='ltr'><strong>vident</strong></span> <span class='ocrx_word' id='word_1_302' title='bbox 1139 2363 1280 2418; x_wconf 90' lang='lat' dir='ltr'><strong>oculi</strong></span> <span class='ocrx_word' id='word_1_303' title='bbox 1307 2361 1520 2415; x_wconf 88' lang='lat' dir='ltr'><strong>Domini</strong></span> <span class='ocrx_word' id='word_1_304' title='bbox 1547 2359 1642 2413; x_wconf 93' lang='lat' dir='ltr'><strong>Dei</strong></span> <span class='ocrx_word' id='word_1_305' title='bbox 1673 2359 1769 2412; x_wconf 91' lang='lat' dir='ltr'><strong>tui.</strong></span> <span class='ocrx_word' id='word_1_306' title='bbox 1792 2358 1867 2412; x_wconf 91' lang='lat' dir='ltr'><strong>lbi</strong></span> <span class='ocrx_word' id='word_1_307' title='bbox 1892 2366 1942 2412; x_wconf 92' lang='lat' dir='ltr'><strong>te</strong></span> <span class='ocrx_word' id='word_1_308' title='bbox 1965 2371 2174 2417; x_wconf 82' lang='lat' dir='ltr'><strong>accusa,</strong></span> 
     </span>
    </p>
   </div>
   <div class='ocr_carea' id='block_1_39' title="bbox 600 2449 2179 2512">
    <p class='ocr_par' dir='ltr' id='par_1_39' title="bbox 600 2449 2179 2512">
     <span class='ocr_line' id='line_1_39' title="bbox 600 2449 2179 2512; baseline -0.006 -1"><span class='ocrx_word' id='word_1_309' title='bbox 600 2466 660 2511; x_wconf 92' lang='lat' dir='ltr'><strong>ut</strong></span> <span class='ocrx_word' id='word_1_310' title='bbox 705 2456 885 2510; x_wconf 91' lang='lat' dir='ltr'><strong>valeas</strong></span> <span class='ocrx_word' id='word_1_311' title='bbox 925 2454 1266 2509; x_wconf 87' lang='lat' dir='ltr'><strong>accusatione</strong></span> <span class='ocrx_word' id='word_1_312' title='bbox 1319 2451 1553 2505; x_wconf 89' lang='lat' dir='ltr'><strong>defendi.</strong></span> <span class='ocrx_word' id='word_1_313' title='bbox 1585 2449 1661 2504; x_wconf 90' lang='lat' dir='ltr'><strong>lbi</strong></span> <span class='ocrx_word' id='word_1_314' title='bbox 1699 2457 1753 2503; x_wconf 91' lang='lat' dir='ltr'><strong>te</strong></span> <span class='ocrx_word' id='word_1_315' title='bbox 1799 2449 2086 2512; x_wconf 90' lang='lat' dir='ltr'><strong>convince,</strong></span> <span class='ocrx_word' id='word_1_316' title='bbox 2119 2456 2179 2501; x_wconf 90' lang='lat' dir='ltr'><strong>ut</strong></span> 
     </span>
    </p>
   </div>
   <div class='ocr_carea' id='block_1_40' title="bbox 600 2538 2178 2619">
    <p class='ocr_par' dir='ltr' id='par_1_40' title="bbox 600 2538 2178 2619">
     <span class='ocr_line' id='line_1_40' title="bbox 600 2538 2178 2619; baseline -0.006 -18"><span class='ocrx_word' id='word_1_317' title='bbox 600 2546 881 2601; x_wconf 87' lang='lat' dir='ltr'><strong>victoriam</strong></span> <span class='ocrx_word' id='word_1_318' title='bbox 911 2544 1083 2613; x_wconf 90' lang='lat' dir='ltr'><strong>possis</strong></span> <span class='ocrx_word' id='word_1_319' title='bbox 1105 2541 1345 2612; x_wconf 88' lang='lat' dir='ltr'><strong>adipisci.</strong></span> <span class='ocrx_word' id='word_1_320' title='bbox 1371 2539 1446 2595; x_wconf 91' lang='lat' dir='ltr'><strong>lbi</strong></span> <span class='ocrx_word' id='word_1_321' title='bbox 1469 2548 1524 2619; x_wconf 85' lang='lat' dir='ltr'><strong>te_</strong></span> <span class='ocrx_word' id='word_1_322' title='bbox 1538 2538 1857 2603; x_wconf 87' lang='lat' dir='ltr'><strong>condemna,</strong></span> <span class='ocrx_word' id='word_1_323' title='bbox 1890 2547 1949 2593; x_wconf 91' lang='lat' dir='ltr'><strong>ut</strong></span> <span class='ocrx_word' id='word_1_324' title='bbox 1969 2553 2178 2592; x_wconf 89' lang='lat' dir='ltr'><strong>merea-</strong></span> 
     </span>
    </p>
   </div>
   <div class='ocr_carea' id='block_1_41' title="bbox 600 2628 2178 2702">
    <p class='ocr_par' dir='ltr' id='par_1_41' title="bbox 600 2628 2178 2702">
     <span class='ocr_line' id='line_1_41' title="bbox 600 2628 2178 2702; baseline -0.006 -10"><span class='ocrx_word' id='word_1_325' title='bbox 600 2640 676 2692; x_wconf 90' lang='lat' dir='ltr'><strong>ris</strong></span> <span class='ocrx_word' id='word_1_326' title='bbox 722 2636 944 2691; x_wconf 88' lang='lat' dir='ltr'><strong>absolvi.</strong></span> <span class='ocrx_word' id='word_1_327' title='bbox 977 2635 1052 2688; x_wconf 91' lang='lat' dir='ltr'><strong>lbi</strong></span> <span class='ocrx_word' id='word_1_328' title='bbox 1080 2642 1133 2688; x_wconf 89' lang='lat' dir='ltr'><strong>te</strong></span> <span class='ocrx_word' id='word_1_329' title='bbox 1157 2632 1284 2702; x_wconf 91' lang='lat' dir='ltr'><strong>puni</strong></span> <span class='ocrx_word' id='word_1_330' title='bbox 1308 2671 1324 2696; x_wconf 93' lang='lat'><strong>,</strong></span> <span class='ocrx_word' id='word_1_331' title='bbox 1353 2632 1398 2685; x_wconf 90' lang='lat' dir='ltr'><strong>si</strong></span> <span class='ocrx_word' id='word_1_332' title='bbox 1440 2631 1518 2684; x_wconf 89' lang='lat' dir='ltr'><strong>vis</strong></span> <span class='ocrx_word' id='word_1_333' title='bbox 1549 2630 1616 2684; x_wconf 89' lang='lat' dir='ltr'><strong>ab</strong></span> <span class='ocrx_word' id='word_1_334' title='bbox 1643 2639 1860 2683; x_wconf 56' lang='lat' dir='ltr'><strong>aeternae.</strong></span> <span class='ocrx_word' id='word_1_335' title='bbox 1887 2628 2178 2698; x_wconf 87' lang='lat' dir='ltr'><strong>punitionis</strong></span> 
     </span>
    </p>
   </div>
   <div class='ocr_carea' id='block_1_42' title="bbox 600 2717 2179 2796">
    <p class='ocr_par' dir='ltr' id='par_1_42' title="bbox 600 2717 2179 2796">
     <span class='ocr_line' id='line_1_42' title="bbox 600 2717 2179 2796; baseline -0.006 -15"><span class='ocrx_word' id='word_1_336' title='bbox 600 2724 862 2796; x_wconf 88' lang='lat' dir='ltr'><strong>supplicio</strong></span> <span class='ocrx_word' id='word_1_337' title='bbox 891 2722 1129 2777; x_wconf 90' lang='lat' dir='ltr'><strong>liberari.</strong></span> <span class='ocrx_word' id='word_1_338' title='bbox 1156 2720 1263 2775; x_wconf 89' lang='lat' dir='ltr'><strong>Fac</strong></span> <span class='ocrx_word' id='word_1_339' title='bbox 1291 2721 1344 2774; x_wconf 91' lang='lat' dir='ltr'><strong>in</strong></span> <span class='ocrx_word' id='word_1_340' title='bbox 1377 2727 1453 2784; x_wconf 90' lang='lat' dir='ltr'><strong>te,</strong></span> <span class='ocrx_word' id='word_1_341' title='bbox 1485 2717 1789 2772; x_wconf 87' lang='lat' dir='ltr'><strong>Christiane</strong></span> <span class='ocrx_word' id='word_1_342' title='bbox 1809 2756 1822 2779; x_wconf 94' lang='lat'><strong>,</strong></span> <span class='ocrx_word' id='word_1_343' title='bbox 1847 2732 2032 2771; x_wconf 90' lang='lat' dir='ltr'><strong>verum</strong></span> <span class='ocrx_word' id='word_1_344' title='bbox 2060 2731 2179 2771; x_wconf 88' lang='lat' dir='ltr'><strong>rec-</strong></span> 
     </span>
    </p>
   </div>
   <div class='ocr_carea' id='block_1_43' title="bbox 599 2807 2173 2888">
    <p class='ocr_par' dir='ltr' id='par_1_43' title="bbox 599 2807 2173 2888">
     <span class='ocr_line' id='line_1_43' title="bbox 599 2807 2173 2888; baseline -0.008 -14"><span class='ocrx_word' id='word_1_345' title='bbox 599 2830 818 2888; x_wconf 89' lang='lat' dir='ltr'><strong>tumque</strong></span> <span class='ocrx_word' id='word_1_346' title='bbox 842 2816 1119 2886; x_wconf 88' lang='lat' dir='ltr'><strong>judicium,</strong></span> <span class='ocrx_word' id='word_1_347' title='bbox 1149 2813 1378 2868; x_wconf 89' lang='lat' dir='ltr'><strong>sollicite</strong></span> <span class='ocrx_word' id='word_1_348' title='bbox 1399 2819 1607 2867; x_wconf 90' lang='lat' dir='ltr'><strong>secreta</strong></span> <span class='ocrx_word' id='word_1_349' title='bbox 1626 2811 1703 2864; x_wconf 90' lang='lat' dir='ltr'><strong>tui</strong></span> <span class='ocrx_word' id='word_1_350' title='bbox 1725 2809 1906 2864; x_wconf 90' lang='lat' dir='ltr'><strong>cordis</strong></span> <span class='ocrx_word' id='word_1_351' title='bbox 1935 2807 2173 2863; x_wconf 86' lang='lat' dir='ltr'><strong>attende.</strong></span> 
     </span>
    </p>
   </div>
   <div class='ocr_carea' id='block_1_44' title="bbox 597 2904 2179 2972">
    <p class='ocr_par' dir='ltr' id='par_1_44' title="bbox 597 2904 2179 2972">
     <span class='ocr_line' id='line_1_44' title="bbox 597 2904 2179 2972; baseline -0.009 -6"><span class='ocrx_word' id='word_1_352' title='bbox 597 2912 757 2966; x_wconf 88' lang='lat' dir='ltr'><strong>Facta</strong></span> <span class='ocrx_word' id='word_1_353' title='bbox 786 2918 877 2964; x_wconf 91' lang='lat' dir='ltr'><strong>tua</strong></span> <span class='ocrx_word' id='word_1_354' title='bbox 907 2908 1046 2961; x_wconf 90' lang='lat' dir='ltr'><strong>mala</strong></span> <span class='ocrx_word' id='word_1_355' title='bbox 1075 2906 1170 2960; x_wconf 90' lang='lat' dir='ltr'><strong>tibi</strong></span> <span class='ocrx_word' id='word_1_356' title='bbox 1199 2915 1324 2960; x_wconf 91' lang='lat' dir='ltr'><strong>ante</strong></span> <span class='ocrx_word' id='word_1_357' title='bbox 1352 2904 1537 2959; x_wconf 91' lang='lat' dir='ltr'><strong>oculos</strong></span> <span class='ocrx_word' id='word_1_358' title='bbox 1564 2910 1685 2958; x_wconf 90' lang='lat' dir='ltr'><strong>tuos</strong></span> <span class='ocrx_word' id='word_1_359' title='bbox 1713 2916 1854 2972; x_wconf 90' lang='lat' dir='ltr'><strong>pone</strong></span> <span class='ocrx_word' id='word_1_360' title='bbox 1885 2919 1898 2954; x_wconf 90' lang='lat'><strong>:</strong></span> <span class='ocrx_word' id='word_1_361' title='bbox 1929 2914 2179 2970; x_wconf 60' lang='lat' dir='ltr'><strong>quaecun-</strong></span> 
     </span>
    </p>
   </div>
   <div class='ocr_carea' id='block_1_45' title="bbox 595 2991 2177 3072">
    <p class='ocr_par' dir='ltr' id='par_1_45' title="bbox 595 2991 2177 3072">
     <span class='ocr_line' id='line_1_45' title="bbox 595 2991 2177 3072; baseline -0.008 -16"><span class='ocrx_word' id='word_1_362' title='bbox 595 3017 702 3072; x_wconf 90' lang='lat' dir='ltr'><strong>que</strong></span> <span class='ocrx_word' id='word_1_363' title='bbox 729 2997 1008 3054; x_wconf 86' lang='lat' dir='ltr'><strong>deleveras</strong></span> <span class='ocrx_word' id='word_1_364' title='bbox 1052 2997 1107 3051; x_wconf 90' lang='lat' dir='ltr'><strong>in</strong></span> <span class='ocrx_word' id='word_1_365' title='bbox 1136 2995 1327 3049; x_wconf 91' lang='lat' dir='ltr'><strong>intimo</strong></span> <span class='ocrx_word' id='word_1_366' title='bbox 1357 2993 1495 3047; x_wconf 91' lang='lat' dir='ltr'><strong>libro</strong></span> <span class='ocrx_word' id='word_1_367' title='bbox 1527 3000 1632 3046; x_wconf 75' lang='lat' dir='ltr'><strong>tua:</strong></span> <span class='ocrx_word' id='word_1_368' title='bbox 1659 2991 2049 3046; x_wconf 83' lang='lat' dir='ltr'><strong>recordationis</strong></span> <span class='ocrx_word' id='word_1_369' title='bbox 2087 3004 2177 3044; x_wconf 89' lang='lat' dir='ltr'><strong>re-</strong></span> 
     </span>
    </p>
   </div>
   <div class='ocr_carea' id='block_1_46' title="bbox 597 3081 2178 3157">
    <p class='ocr_par' dir='ltr' id='par_1_46' title="bbox 597 3081 2178 3157">
     <span class='ocr_line' id='line_1_46' title="bbox 597 3081 2178 3157; baseline -0.008 -11"><span class='ocrx_word' id='word_1_370' title='bbox 597 3107 760 3146; x_wconf 89' lang='lat' dir='ltr'><strong>cense</strong></span> <span class='ocrx_word' id='word_1_371' title='bbox 797 3088 1108 3157; x_wconf 89' lang='lat' dir='ltr'><strong>frequenter</strong></span> <span class='ocrx_word' id='word_1_372' title='bbox 1130 3100 1193 3140; x_wconf 92' lang='lat' dir='ltr'><strong>ac</strong></span> <span class='ocrx_word' id='word_1_373' title='bbox 1213 3085 1420 3153; x_wconf 85' lang='lat' dir='ltr'><strong>relege;</strong></span> <span class='ocrx_word' id='word_1_374' title='bbox 1447 3084 1563 3138; x_wconf 89' lang='lat' dir='ltr'><strong>sine</strong></span> <span class='ocrx_word' id='word_1_375' title='bbox 1586 3083 1924 3137; x_wconf 85' lang='lat' dir='ltr'><strong>conniventia</strong></span> <span class='ocrx_word' id='word_1_376' title='bbox 1950 3081 2178 3150; x_wconf 90' lang='lat' dir='ltr'><strong>teipsum</strong></span> 
     </span>
    </p>
   </div>
   <div class='ocr_carea' id='block_1_47' title="bbox 597 3170 2180 3248">
    <p class='ocr_par' dir='ltr' id='par_1_47' title="bbox 597 3170 2180 3248">
     <span class='ocr_line' id='line_1_47' title="bbox 597 3170 2180 3248; baseline -0.008 -11"><span class='ocrx_word' id='word_1_377' title='bbox 597 3183 805 3237; x_wconf 89' lang='lat' dir='ltr'><strong>discute</strong></span> <span class='ocrx_word' id='word_1_378' title='bbox 827 3189 884 3234; x_wconf 91' lang='lat' dir='ltr'><strong>tu</strong></span> <span class='ocrx_word' id='word_1_379' title='bbox 910 3179 1045 3248; x_wconf 89' lang='lat' dir='ltr'><strong>ipse,</strong></span> <span class='ocrx_word' id='word_1_380' title='bbox 1073 3185 1128 3231; x_wconf 93' lang='lat' dir='ltr'><strong>et</strong></span> <span class='ocrx_word' id='word_1_381' title='bbox 1151 3175 1536 3244; x_wconf 89' lang='lat' dir='ltr'><strong>cogitationum</strong></span> <span class='ocrx_word' id='word_1_382' title='bbox 1560 3174 1843 3228; x_wconf 89' lang='lat' dir='ltr'><strong>tormentis</strong></span> <span class='ocrx_word' id='word_1_383' title='bbox 1869 3170 2065 3242; x_wconf 86' lang='lat' dir='ltr'><strong>alllige.</strong></span> <span class='ocrx_word' id='word_1_384' title='bbox 2097 3171 2180 3226; x_wconf 86' lang='lat' dir='ltr'><strong>Tu</strong></span> 
     </span>
    </p>
   </div>
   <div class='ocr_carea' id='block_1_48' title="bbox 2279 2003 3858 2075">
    <p class='ocr_par' dir='ltr' id='par_1_48' title="bbox 2279 2003 3858 2075">
     <span class='ocr_line' id='line_1_48' title="bbox 2279 2003 3858 2075; baseline -0.005 -11"><span class='ocrx_word' id='word_1_385' title='bbox 2279 2009 2555 2064; x_wconf 88' lang='lat' dir='ltr'><strong>consuevit</strong></span> <span class='ocrx_word' id='word_1_386' title='bbox 2609 2007 2879 2075; x_wconf 88' lang='lat' dir='ltr'><strong>iniquitas.</strong></span> <span class='ocrx_word' id='word_1_387' title='bbox 2931 2004 3063 2058; x_wconf 85' lang='lat' dir='ltr'><strong>illud</strong></span> <span class='ocrx_word' id='word_1_388' title='bbox 3101 2004 3297 2058; x_wconf 91' lang='lat' dir='ltr'><strong>malum</strong></span> <span class='ocrx_word' id='word_1_389' title='bbox 3340 2019 3486 2058; x_wconf 89' lang='lat' dir='ltr'><strong>nunc</strong></span> <span class='ocrx_word' id='word_1_390' title='bbox 3511 2003 3668 2066; x_wconf 89' lang='lat' dir='ltr'><strong>dico,</strong></span> <span class='ocrx_word' id='word_1_391' title='bbox 3714 2003 3858 2071; x_wconf 84' lang='lat' dir='ltr'><strong>quod</strong></span> 
     </span>
    </p>
   </div>
   <div class='ocr_carea' id='block_1_49' title="bbox 2279 2093 3856 2165">
    <p class='ocr_par' dir='ltr' id='par_1_49' title="bbox 2279 2093 3856 2165">
     <span class='ocr_line' id='line_1_49' title="bbox 2279 2093 3856 2165; baseline -0.004 -13"><span class='ocrx_word' id='word_1_392' title='bbox 2279 2112 2550 2165; x_wconf 88' lang='lat' dir='ltr'><strong>nunquam</strong></span> <span class='ocrx_word' id='word_1_393' title='bbox 2596 2103 2774 2165; x_wconf 87' lang='lat' dir='ltr'><strong>potest</strong></span> <span class='ocrx_word' id='word_1_394' title='bbox 2799 2109 2918 2148; x_wconf 83' lang='lat' dir='ltr'><strong>esse</strong></span> <span class='ocrx_word' id='word_1_395' title='bbox 2941 2094 3142 2162; x_wconf 91' lang='lat' dir='ltr'><strong>justum</strong></span> <span class='ocrx_word' id='word_1_396' title='bbox 3167 2134 3182 2159; x_wconf 92' lang='lat'><strong>,</strong></span> <span class='ocrx_word' id='word_1_397' title='bbox 3225 2094 3317 2147; x_wconf 92' lang='lat' dir='ltr'><strong>sed</strong></span> <span class='ocrx_word' id='word_1_398' title='bbox 3347 2108 3562 2162; x_wconf 90' lang='lat' dir='ltr'><strong>semper</strong></span> <span class='ocrx_word' id='word_1_399' title='bbox 3589 2093 3856 2146; x_wconf 83' lang='lat' dir='ltr'><strong>invenitur</strong></span> 
     </span>
    </p>
   </div>
   <div class='ocr_carea' id='block_1_50' title="bbox 2278 2180 3849 2254">
    <p class='ocr_par' dir='ltr' id='par_1_50' title="bbox 2278 2180 3849 2254">
     <span class='ocr_line' id='line_1_50' title="bbox 2278 2180 3849 2254; baseline -0.003 -15"><span class='ocrx_word' id='word_1_400' title='bbox 2278 2185 2551 2254; x_wconf 89' lang='lat' dir='ltr'><strong>injustum.</strong></span> <span class='ocrx_word' id='word_1_401' title='bbox 2613 2183 2744 2238; x_wconf 92' lang='lat' dir='ltr'><strong>lllud</strong></span> <span class='ocrx_word' id='word_1_402' title='bbox 2775 2183 2972 2236; x_wconf 89' lang='lat' dir='ltr'><strong>malum</strong></span> <span class='ocrx_word' id='word_1_403' title='bbox 3013 2182 3134 2237; x_wconf 92' lang='lat' dir='ltr'><strong>dico</strong></span> <span class='ocrx_word' id='word_1_404' title='bbox 3158 2222 3173 2245; x_wconf 93' lang='lat'><strong>,</strong></span> <span class='ocrx_word' id='word_1_405' title='bbox 3213 2197 3320 2250; x_wconf 89' lang='lat' dir='ltr'><strong>quo</strong></span> <span class='ocrx_word' id='word_1_406' title='bbox 3349 2180 3682 2250; x_wconf 82' lang='lat' dir='ltr'><strong>delinquitur</strong></span> <span class='ocrx_word' id='word_1_407' title='bbox 3728 2181 3849 2247; x_wconf 86' lang='lat' dir='ltr'><strong>Deo,</strong></span> 
     </span>
    </p>
   </div>
   <div class='ocr_carea' id='block_1_51' title="bbox 2280 2269 3851 2342">
    <p class='ocr_par' dir='ltr' id='par_1_51' title="bbox 2280 2269 3851 2342">
     <span class='ocr_line' id='line_1_51' title="bbox 2280 2269 3851 2342; baseline -0.004 -14"><span class='ocrx_word' id='word_1_408' title='bbox 2280 2291 2385 2328; x_wconf 91' lang='lat' dir='ltr'><strong>non</strong></span> <span class='ocrx_word' id='word_1_409' title='bbox 2415 2289 2522 2342; x_wconf 90' lang='lat' dir='ltr'><strong>quo</strong></span> <span class='ocrx_word' id='word_1_410' title='bbox 2549 2272 2845 2328; x_wconf 89' lang='lat' dir='ltr'><strong>consulitur</strong></span> <span class='ocrx_word' id='word_1_411' title='bbox 2868 2271 3132 2339; x_wconf 85' lang='lat' dir='ltr'><strong>proximo.</strong></span> <span class='ocrx_word' id='word_1_412' title='bbox 3165 2269 3298 2324; x_wconf 84' lang='lat' dir='ltr'><strong>Illud</strong></span> <span class='ocrx_word' id='word_1_413' title='bbox 3327 2285 3456 2339; x_wconf 84' lang='lat' dir='ltr'><strong>ergo</strong></span> <span class='ocrx_word' id='word_1_414' title='bbox 3481 2270 3688 2323; x_wconf 89' lang='lat' dir='ltr'><strong>malum</strong></span> <span class='ocrx_word' id='word_1_415' title='bbox 3717 2285 3851 2323; x_wconf 89' lang='lat' dir='ltr'><strong>nunc</strong></span> 
     </span>
    </p>
   </div>
   <div class='ocr_carea' id='block_1_52' title="bbox 2278 2361 3851 2431">
    <p class='ocr_par' dir='ltr' id='par_1_52' title="bbox 2278 2361 3851 2431">
     <span class='ocr_line' id='line_1_52' title="bbox 2278 2361 3851 2431; baseline -0.001 -14"><span class='ocrx_word' id='word_1_416' title='bbox 2278 2364 2400 2418; x_wconf 90' lang='lat' dir='ltr'><strong>dico</strong></span> <span class='ocrx_word' id='word_1_417' title='bbox 2423 2404 2437 2427; x_wconf 94' lang='lat'><strong>,</strong></span> <span class='ocrx_word' id='word_1_418' title='bbox 2469 2362 2612 2431; x_wconf 88' lang='lat' dir='ltr'><strong>quod</strong></span> <span class='ocrx_word' id='word_1_419' title='bbox 2640 2362 2717 2416; x_wconf 91' lang='lat' dir='ltr'><strong>sic</strong></span> <span class='ocrx_word' id='word_1_420' title='bbox 2759 2369 2843 2415; x_wconf 88' lang='lat' dir='ltr'><strong>est</strong></span> <span class='ocrx_word' id='word_1_421' title='bbox 2885 2361 3134 2416; x_wconf 85' lang='lat' dir='ltr'><strong>omnibus</strong></span> <span class='ocrx_word' id='word_1_422' title='bbox 3180 2361 3498 2416; x_wconf 79' lang='lat' dir='ltr'><strong>facientibus</strong></span> <span class='ocrx_word' id='word_1_423' title='bbox 3525 2361 3728 2415; x_wconf 90' lang='lat' dir='ltr'><strong>malum</strong></span> <span class='ocrx_word' id='word_1_424' title='bbox 3755 2401 3770 2423; x_wconf 88' lang='lat'><strong>,</strong></span> <span class='ocrx_word' id='word_1_425' title='bbox 3800 2369 3851 2416; x_wconf 86' lang='lat' dir='ltr'><strong>ut</strong></span> 
     </span>
    </p>
   </div>
   <div class='ocr_carea' id='block_1_53' title="bbox 2279 2449 3848 2522">
    <p class='ocr_par' dir='ltr' id='par_1_53' title="bbox 2279 2449 3848 2522">
     <span class='ocr_line' id='line_1_53' title="bbox 2279 2449 3848 2522; baseline -0.003 -15"><span class='ocrx_word' id='word_1_426' title='bbox 2279 2453 2407 2507; x_wconf 93' lang='lat' dir='ltr'><strong>nulli</strong></span> <span class='ocrx_word' id='word_1_427' title='bbox 2432 2452 2652 2522; x_wconf 90' lang='lat' dir='ltr'><strong>patienti</strong></span> <span class='ocrx_word' id='word_1_428' title='bbox 2667 2451 2735 2505; x_wconf 87' lang='lat' dir='ltr'><strong>sit</strong></span> <span class='ocrx_word' id='word_1_429' title='bbox 2756 2452 2973 2505; x_wconf 88' lang='lat' dir='ltr'><strong>bonum.</strong></span> <span class='ocrx_word' id='word_1_430' title='bbox 2998 2449 3265 2505; x_wconf 88' lang='lat' dir='ltr'><strong>Justitiam</strong></span> <span class='ocrx_word' id='word_1_431' title='bbox 3291 2451 3452 2521; x_wconf 81' lang='lat' dir='ltr'><strong>igitur</strong></span> <span class='ocrx_word' id='word_1_432' title='bbox 3480 2451 3647 2505; x_wconf 89' lang='lat' dir='ltr'><strong>homo</strong></span> <span class='ocrx_word' id='word_1_433' title='bbox 3678 2449 3848 2512; x_wconf 81' lang='lat' dir='ltr'><strong>faciet,</strong></span> 
     </span>
    </p>
   </div>
   <div class='ocr_carea' id='block_1_54' title="bbox 2277 2539 3851 2606">
    <p class='ocr_par' dir='ltr' id='par_1_54' title="bbox 2277 2539 3851 2606">
     <span class='ocr_line' id='line_1_54' title="bbox 2277 2539 3851 2606; baseline -0.003 -8"><span class='ocrx_word' id='word_1_434' title='bbox 2277 2543 2322 2598; x_wconf 86' lang='lat' dir='ltr'><strong>si</strong></span> <span class='ocrx_word' id='word_1_435' title='bbox 2353 2543 2548 2596; x_wconf 89' lang='lat' dir='ltr'><strong>malum</strong></span> <span class='ocrx_word' id='word_1_436' title='bbox 2573 2541 2703 2595; x_wconf 91' lang='lat' dir='ltr'><strong>nulli</strong></span> <span class='ocrx_word' id='word_1_437' title='bbox 2730 2539 2914 2606; x_wconf 87' lang='lat' dir='ltr'><strong>faciat,</strong></span> <span class='ocrx_word' id='word_1_438' title='bbox 2941 2549 2997 2594; x_wconf 90' lang='lat' dir='ltr'><strong>et</strong></span> <span class='ocrx_word' id='word_1_439' title='bbox 3017 2540 3218 2595; x_wconf 89' lang='lat' dir='ltr'><strong>bonum</strong></span> <span class='ocrx_word' id='word_1_440' title='bbox 3247 2540 3496 2594; x_wconf 88' lang='lat' dir='ltr'><strong>omnibus</strong></span> <span class='ocrx_word' id='word_1_441' title='bbox 3514 2539 3714 2606; x_wconf 89' lang='lat' dir='ltr'><strong>faciat;</strong></span> <span class='ocrx_word' id='word_1_442' title='bbox 3732 2539 3851 2593; x_wconf 83' lang='lat' dir='ltr'><strong>illud</strong></span> 
     </span>
    </p>
   </div>
   <div class='ocr_carea' id='block_1_55' title="bbox 2278 2631 3850 2703">
    <p class='ocr_par' dir='ltr' id='par_1_55' title="bbox 2278 2631 3850 2703">
     <span class='ocr_line' id='line_1_55' title="bbox 2278 2631 3850 2703; baseline -0.002 -14"><span class='ocrx_word' id='word_1_443' title='bbox 2278 2644 2455 2689; x_wconf 90' lang='lat' dir='ltr'><strong>autem</strong></span> <span class='ocrx_word' id='word_1_444' title='bbox 2496 2633 2626 2687; x_wconf 89' lang='lat' dir='ltr'><strong>nulli</strong></span> <span class='ocrx_word' id='word_1_445' title='bbox 2655 2631 2815 2687; x_wconf 83' lang='lat' dir='ltr'><strong>faciat</strong></span> <span class='ocrx_word' id='word_1_446' title='bbox 2834 2631 3055 2699; x_wconf 90' lang='lat' dir='ltr'><strong>malum,</strong></span> <span class='ocrx_word' id='word_1_447' title='bbox 3084 2647 3115 2686; x_wconf 91' lang='lat' dir='ltr'><strong>a</strong></span> <span class='ocrx_word' id='word_1_448' title='bbox 3153 2648 3261 2703; x_wconf 90' lang='lat' dir='ltr'><strong>quo</strong></span> <span class='ocrx_word' id='word_1_449' title='bbox 3286 2649 3385 2688; x_wconf 91' lang='lat' dir='ltr'><strong>nos</strong></span> <span class='ocrx_word' id='word_1_450' title='bbox 3407 2633 3597 2688; x_wconf 86' lang='lat' dir='ltr'><strong>beatus</strong></span> <span class='ocrx_word' id='word_1_451' title='bbox 3629 2633 3850 2703; x_wconf 46' lang='lat' dir='ltr'><strong>Aposto‘</strong></span> 
     </span>
    </p>
   </div>
   <div class='ocr_carea' id='block_1_56' title="bbox 2278 2722 3850 2795">
    <p class='ocr_par' dir='ltr' id='par_1_56' title="bbox 2278 2722 3850 2795">
     <span class='ocr_line' id='line_1_56' title="bbox 2278 2722 3850 2795; baseline -0.003 -15"><span class='ocrx_word' id='word_1_452' title='bbox 2278 2727 2361 2782; x_wconf 89' lang='lat' dir='ltr'><strong>lus</strong></span> <span class='ocrx_word' id='word_1_453' title='bbox 2389 2725 2638 2795; x_wconf 86' lang='lat' dir='ltr'><strong>prohibet</strong></span> <span class='ocrx_word' id='word_1_454' title='bbox 2659 2724 2843 2779; x_wconf 77' lang='lat' dir='ltr'><strong>dicens</strong></span> <span class='ocrx_word' id='word_1_455' title='bbox 2877 2742 2889 2777; x_wconf 94' lang='lat'><strong>:</strong></span> <span class='ocrx_word' id='word_1_456' title='bbox 2917 2722 3066 2778; x_wconf 83' lang='lat' dir='ltr'><strong>Nulli</strong></span> <span class='ocrx_word' id='word_1_457' title='bbox 3086 2725 3279 2778; x_wconf 86' lang='lat' dir='ltr'><strong>malum</strong></span> <span class='ocrx_word' id='word_1_458' title='bbox 3306 2742 3401 2795; x_wconf 86' lang='lat' dir='ltr'><strong>pro</strong></span> <span class='ocrx_word' id='word_1_459' title='bbox 3423 2723 3563 2778; x_wconf 84' lang='lat' dir='ltr'><strong>malo</strong></span> <span class='ocrx_word' id='word_1_460' title='bbox 3586 2723 3850 2777; x_wconf 72' lang='lat' dir='ltr'><strong>reddente:</strong></span> 
     </span>
    </p>
   </div>
   <div class='ocr_carea' id='block_1_57' title="bbox 2280 2813 3850 2887">
    <p class='ocr_par' dir='ltr' id='par_1_57' title="bbox 2280 2813 3850 2887">
     <span class='ocr_line' id='line_1_57' title="bbox 2280 2813 3850 2887; baseline -0.002 -17"><span class='ocrx_word' id='word_1_461' title='bbox 2280 2815 2456 2887; x_wconf 82' lang='lat' dir='ltr'><strong>(Rom.</strong></span> <span class='ocrx_word' id='word_1_462' title='bbox 2496 2832 2569 2870; x_wconf 83' lang='lat' dir='ltr'><strong>xu</strong></span> <span class='ocrx_word' id='word_1_463' title='bbox 2593 2857 2608 2881; x_wconf 95' lang='lat'><strong>,</strong></span> <span class='ocrx_word' id='word_1_464' title='bbox 2641 2814 2752 2884; x_wconf 86' lang='lat' dir='ltr'><strong>l7).</strong></span> <span class='ocrx_word' id='word_1_465' title='bbox 2797 2813 3003 2881; x_wconf 87' lang='lat' dir='ltr'><strong>Quibus</strong></span> <span class='ocrx_word' id='word_1_466' title='bbox 3037 2817 3221 2885; x_wconf 90' lang='lat' dir='ltr'><strong>utique</strong></span> <span class='ocrx_word' id='word_1_467' title='bbox 3255 2815 3434 2871; x_wconf 89' lang='lat' dir='ltr'><strong>verbis</strong></span> <span class='ocrx_word' id='word_1_468' title='bbox 3460 2816 3676 2885; x_wconf 89' lang='lat' dir='ltr'><strong>plenam</strong></span> <span class='ocrx_word' id='word_1_469' title='bbox 3705 2815 3850 2869; x_wconf 83' lang='lat' dir='ltr'><strong>nobis</strong></span> 
     </span>
    </p>
   </div>
   <div class='ocr_carea' id='block_1_58' title="bbox 2277 2904 3851 2963">
    <p class='ocr_par' dir='ltr' id='par_1_58' title="bbox 2277 2904 3851 2963">
     <span class='ocr_line' id='line_1_58' title="bbox 2277 2904 3851 2963; baseline -0.003 -1"><span class='ocrx_word' id='word_1_470' title='bbox 2277 2907 2712 2963; x_wconf 90' lang='lat' dir='ltr'><strong>benevolentiam</strong></span> <span class='ocrx_word' id='word_1_471' title='bbox 2741 2906 3156 2961; x_wconf 89' lang='lat' dir='ltr'><strong>commendavit.</strong></span> <span class='ocrx_word' id='word_1_472' title='bbox 3187 2905 3303 2960; x_wconf 81' lang='lat' dir='ltr'><strong>Non</strong></span> <span class='ocrx_word' id='word_1_473' title='bbox 3331 2906 3474 2960; x_wconf 90' lang='lat' dir='ltr'><strong>enim</strong></span> <span class='ocrx_word' id='word_1_474' title='bbox 3512 2905 3651 2958; x_wconf 81' lang='lat' dir='ltr'><strong>dixit</strong></span> <span class='ocrx_word' id='word_1_475' title='bbox 3676 2922 3690 2957; x_wconf 88' lang='lat'>:</span> <span class='ocrx_word' id='word_1_476' title='bbox 3722 2904 3851 2958; x_wconf 80' lang='lat' dir='ltr'><strong>Nulli</strong></span> 
     </span>
    </p>
   </div>
   <div class='ocr_carea' id='block_1_59' title="bbox 2278 2993 3850 3067">
    <p class='ocr_par' dir='ltr' id='par_1_59' title="bbox 2278 2993 3850 3067">
     <span class='ocr_line' id='line_1_59' title="bbox 2278 2993 3850 3067; baseline -0.001 -16"><span class='ocrx_word' id='word_1_477' title='bbox 2278 2997 2478 3051; x_wconf 90' lang='lat' dir='ltr'><strong>malum</strong></span> <span class='ocrx_word' id='word_1_478' title='bbox 2500 2994 2772 3062; x_wconf 87' lang='lat' dir='ltr'><strong>facientes,</strong></span> <span class='ocrx_word' id='word_1_479' title='bbox 2796 2993 2890 3051; x_wconf 88' lang='lat' dir='ltr'><strong>sed</strong></span> <span class='ocrx_word' id='word_1_480' title='bbox 2902 2994 3049 3050; x_wconf 79' lang='lat' dir='ltr'><strong>Nulli</strong></span> <span class='ocrx_word' id='word_1_481' title='bbox 3081 2997 3270 3050; x_wconf 88' lang='lat' dir='ltr'><strong>malum</strong></span> <span class='ocrx_word' id='word_1_482' title='bbox 3291 3013 3383 3067; x_wconf 89' lang='lat' dir='ltr'><strong>pro</strong></span> <span class='ocrx_word' id='word_1_483' title='bbox 3398 2997 3536 3051; x_wconf 87' lang='lat' dir='ltr'><strong>malo</strong></span> <span class='ocrx_word' id='word_1_484' title='bbox 3562 2995 3850 3050; x_wconf 75' lang='lat' dir='ltr'><strong>reddentes.</strong></span> 
     </span>
    </p>
   </div>
   <div class='ocr_carea' id='block_1_60' title="bbox 2278 3081 3851 3154">
    <p class='ocr_par' dir='ltr' id='par_1_60' title="bbox 2278 3081 3851 3154">
     <span class='ocr_line' id='line_1_60' title="bbox 2278 3081 3851 3154; baseline 0.002 -16"><span class='ocrx_word' id='word_1_485' title='bbox 2278 3082 2577 3140; x_wconf 86' lang='lat' dir='ltr'><strong>Ostendens</strong></span> <span class='ocrx_word' id='word_1_486' title='bbox 2603 3099 2795 3154; x_wconf 89' lang='lat' dir='ltr'><strong>parum</strong></span> <span class='ocrx_word' id='word_1_487' title='bbox 2815 3098 2935 3139; x_wconf 87' lang='lat' dir='ltr'><strong>esse</strong></span> <span class='ocrx_word' id='word_1_488' title='bbox 2951 3081 3258 3139; x_wconf 89' lang='lat' dir='ltr'><strong>Christiano</strong></span> <span class='ocrx_word' id='word_1_489' title='bbox 3279 3085 3476 3138; x_wconf 90' lang='lat' dir='ltr'><strong>malum</strong></span> <span class='ocrx_word' id='word_1_490' title='bbox 3499 3099 3608 3139; x_wconf 89' lang='lat' dir='ltr'><strong>non</strong></span> <span class='ocrx_word' id='word_1_491' title='bbox 3633 3083 3851 3141; x_wconf 79' lang='lat' dir='ltr'><strong>inferre.</strong></span> 
     </span>
    </p>
   </div>
   <div class='ocr_carea' id='block_1_61' title="bbox 2280 3173 3847 3244">
    <p class='ocr_par' dir='ltr' id='par_1_61' title="bbox 2280 3173 3847 3244">
     <span class='ocr_line' id='line_1_61' title="bbox 2280 3173 3847 3244; baseline -0.003 -14"><span class='ocrx_word' id='word_1_492' title='bbox 2280 3175 2383 3232; x_wconf 90' lang='lat' dir='ltr'><strong>nisi</strong></span> <span class='ocrx_word' id='word_1_493' title='bbox 2408 3175 2578 3230; x_wconf 91' lang='lat' dir='ltr'><strong>discat</strong></span> <span class='ocrx_word' id='word_1_494' title='bbox 2591 3175 2754 3230; x_wconf 89' lang='lat' dir='ltr'><strong>etiam</strong></span> <span class='ocrx_word' id='word_1_495' title='bbox 2775 3189 2883 3230; x_wconf 92' lang='lat' dir='ltr'><strong>non</strong></span> <span class='ocrx_word' id='word_1_496' title='bbox 2909 3173 3131 3231; x_wconf 88' lang='lat' dir='ltr'><strong>referre.</strong></span> <span class='ocrx_word' id='word_1_497' title='bbox 3154 3173 3304 3230; x_wconf 90' lang='lat' dir='ltr'><strong>Unde</strong></span> <span class='ocrx_word' id='word_1_498' title='bbox 3327 3175 3676 3244; x_wconf 89' lang='lat' dir='ltr'><strong>cognoscitur</strong></span> <span class='ocrx_word' id='word_1_499' title='bbox 3686 3189 3847 3242; x_wconf 82' lang='lat' dir='ltr'><strong>quam</strong></span> 
     </span>
    </p>
   </div>
   <div class='ocr_carea' id='block_1_62' title="bbox 591 3261 3851 3338">
    <p class='ocr_par' dir='ltr' id='par_1_62' title="bbox 591 3261 3851 3338">
     <span class='ocr_line' id='line_1_62' title="bbox 591 3261 3851 3338; baseline -0.003 -12"><span class='ocrx_word' id='word_1_500' title='bbox 591 3272 653 3326; x_wconf 83' lang='lat' dir='ltr'><strong>in</strong></span> <span class='ocrx_word' id='word_1_501' title='bbox 682 3279 734 3324; x_wconf 92' lang='lat' dir='ltr'><strong>te</strong></span> <span class='ocrx_word' id='word_1_502' title='bbox 753 3268 952 3338; x_wconf 85' lang='lat' dir='ltr'><strong>justam</strong></span> <span class='ocrx_word' id='word_1_503' title='bbox 973 3265 1293 3321; x_wconf 89' lang='lat' dir='ltr'><strong>sententiam</strong></span> <span class='ocrx_word' id='word_1_504' title='bbox 1315 3262 1801 3333; x_wconf 85' lang='lat' dir='ltr'><strong>promc.Quidquid</strong></span> <span class='ocrx_word' id='word_1_505' title='bbox 1823 3261 1950 3315; x_wconf 91' lang='lat' dir='ltr'><strong>mali</strong></span> <span class='ocrx_word' id='word_1_506' title='bbox 1965 3261 2170 3316; x_wconf 80' lang='lat' dir='ltr'><strong>feceras</strong></span> <span class='ocrx_word' id='word_1_507' title='bbox 2198 3277 2244 3338; x_wconf 69' lang='grc' dir='ltr'><strong>η</strong></span> <span class='ocrx_word' id='word_1_508' title='bbox 2279 3265 2567 3335; x_wconf 90' lang='lat' dir='ltr'><strong>pessimum</strong></span> <span class='ocrx_word' id='word_1_509' title='bbox 2596 3263 2669 3319; x_wconf 88' lang='lat' dir='ltr'><strong>sit</strong></span> <span class='ocrx_word' id='word_1_510' title='bbox 2689 3265 2735 3318; x_wconf 91' lang='lat' dir='ltr'><strong>si</strong></span> <span class='ocrx_word' id='word_1_511' title='bbox 2757 3279 2855 3318; x_wconf 90' lang='lat' dir='ltr'><strong>nos</strong></span> <span class='ocrx_word' id='word_1_512' title='bbox 2877 3264 3035 3318; x_wconf 89' lang='lat' dir='ltr'><strong>alicui</strong></span> <span class='ocrx_word' id='word_1_513' title='bbox 3060 3268 3256 3318; x_wconf 88' lang='lat' dir='ltr'><strong>malum</strong></span> <span class='ocrx_word' id='word_1_514' title='bbox 3285 3263 3563 3329; x_wconf 84' lang='lat' dir='ltr'><strong>faciamus,</strong></span> <span class='ocrx_word' id='word_1_515' title='bbox 3590 3264 3704 3332; x_wconf 90' lang='lat' dir='ltr'><strong>qui,</strong></span> <span class='ocrx_word' id='word_1_516' title='bbox 3736 3278 3851 3316; x_wconf 80' lang='lat' dir='ltr'><strong>ma-</strong></span> 
     </span>
    </p>
   </div>
   <div class='ocr_carea' id='block_1_63' title="bbox 595 3352 2176 3431">
    <p class='ocr_par' dir='ltr' id='par_1_63' title="bbox 595 3352 2176 3431">
     <span class='ocr_line' id='line_1_63' title="bbox 595 3352 2176 3431; baseline -0.006 -14"><span class='ocrx_word' id='word_1_517' title='bbox 595 3359 869 3431; x_wconf 85' lang='lat' dir='ltr'><strong>peccaudo</strong></span> <span class='ocrx_word' id='word_1_518' title='bbox 889 3399 904 3424; x_wconf 96' lang='lat'><strong>,</strong></span> <span class='ocrx_word' id='word_1_519' title='bbox 931 3357 1064 3427; x_wconf 89' lang='lat' dir='ltr'><strong>puni</strong></span> <span class='ocrx_word' id='word_1_520' title='bbox 1091 3355 1359 3410; x_wconf 87' lang='lat' dir='ltr'><strong>veraciter</strong></span> <span class='ocrx_word' id='word_1_521' title='bbox 1383 3353 1724 3423; x_wconf 65' lang='lat' dir='ltr'><strong>paenitendo;</strong></span> <span class='ocrx_word' id='word_1_522' title='bbox 1754 3363 1809 3408; x_wconf 89' lang='lat' dir='ltr'><strong>et</strong></span> <span class='ocrx_word' id='word_1_523' title='bbox 1825 3354 1990 3422; x_wconf 85' lang='lat' dir='ltr'><strong>judex</strong></span> <span class='ocrx_word' id='word_1_524' title='bbox 2017 3352 2176 3409; x_wconf 81' lang='lat' dir='ltr'><strong>effec-</strong></span> 
     </span>
    </p>
   </div>
   <div class='ocr_carea' id='block_1_64' title="bbox 590 3441 2178 3518">
    <p class='ocr_par' dir='ltr' id='par_1_64' title="bbox 590 3441 2178 3518">
     <span class='ocr_line' id='line_1_64' title="bbox 590 3441 2178 3518; baseline -0.003 -15"><span class='ocrx_word' id='word_1_525' title='bbox 590 3459 683 3504; x_wconf 76' lang='lat' dir='ltr'><strong>tus</strong></span> <span class='ocrx_word' id='word_1_526' title='bbox 711 3455 1053 3518; x_wconf 79' lang='lat' dir='ltr'><strong>peccatorum</strong></span> <span class='ocrx_word' id='word_1_527' title='bbox 1099 3452 1314 3499; x_wconf 90' lang='lat' dir='ltr'><strong>tuorum</strong></span> <span class='ocrx_word' id='word_1_528' title='bbox 1339 3484 1353 3509; x_wconf 89' lang='lat'><strong>,</strong></span> <span class='ocrx_word' id='word_1_529' title='bbox 1400 3441 1545 3511; x_wconf 86' lang='lat' dir='ltr'><strong>quod</strong></span> <span class='ocrx_word' id='word_1_530' title='bbox 1573 3443 1750 3498; x_wconf 88' lang='lat' dir='ltr'><strong>facere</strong></span> <span class='ocrx_word' id='word_1_531' title='bbox 1774 3444 1950 3498; x_wconf 89' lang='lat' dir='ltr'><strong>solent</strong></span> <span class='ocrx_word' id='word_1_532' title='bbox 1970 3443 2178 3512; x_wconf 87' lang='lat' dir='ltr'><strong>judices</strong></span> 
     </span>
    </p>
   </div>
   <div class='ocr_carea' id='block_1_65' title="bbox 589 3533 2175 3608">
    <p class='ocr_par' dir='ltr' id='par_1_65' title="bbox 589 3533 2175 3608">
     <span class='ocr_line' id='line_1_65' title="bbox 589 3533 2175 3608; baseline -0.002 -14"><span class='ocrx_word' id='word_1_533' title='bbox 589 3539 913 3608; x_wconf 84' lang='lat' dir='ltr'><strong>capitalibus</strong></span> <span class='ocrx_word' id='word_1_534' title='bbox 931 3537 1036 3591; x_wconf 85' lang='lat' dir='ltr'><strong>reis</strong></span> <span class='ocrx_word' id='word_1_535' title='bbox 1050 3537 1155 3590; x_wconf 89' lang='lat' dir='ltr'><strong>hoc</strong></span> <span class='ocrx_word' id='word_1_536' title='bbox 1176 3535 1288 3605; x_wconf 87' lang='lat' dir='ltr'><strong>ipse</strong></span> <span class='ocrx_word' id='word_1_537' title='bbox 1309 3533 1392 3589; x_wconf 84' lang='lat' dir='ltr'><strong>fac</strong></span> <span class='ocrx_word' id='word_1_538' title='bbox 1411 3533 1779 3603; x_wconf 89' lang='lat' dir='ltr'><strong>iniquitatibus</strong></span> <span class='ocrx_word' id='word_1_539' title='bbox 1800 3536 1923 3591; x_wconf 90' lang='lat' dir='ltr'><strong>tuis.</strong></span> <span class='ocrx_word' id='word_1_540' title='bbox 1945 3536 2061 3590; x_wconf 85' lang='lat' dir='ltr'><strong>Noli</strong></span> <span class='ocrx_word' id='word_1_541' title='bbox 2083 3552 2175 3592; x_wconf 87' lang='lat' dir='ltr'><strong>ac-</strong></span> 
     </span>
    </p>
   </div>
   <div class='ocr_carea' id='block_1_66' title="bbox 591 3623 2170 3698">
    <p class='ocr_par' dir='ltr' id='par_1_66' title="bbox 591 3623 2170 3698">
     <span class='ocr_line' id='line_1_66' title="bbox 591 3623 2170 3698; baseline 0 -15"><span class='ocrx_word' id='word_1_542' title='bbox 591 3628 771 3698; x_wconf 91' lang='lat' dir='ltr'><strong>cipere</strong></span> <span class='ocrx_word' id='word_1_543' title='bbox 783 3641 1066 3698; x_wconf 89' lang='lat' dir='ltr'><strong>personam</strong></span> <span class='ocrx_word' id='word_1_544' title='bbox 1078 3623 1240 3696; x_wconf 61' lang='lat' dir='ltr'><strong>57E.</strong></span> <span class='ocrx_word' id='word_1_545' title='bbox 1249 3633 1414 3689; x_wconf 88' lang='lat' dir='ltr'><strong>tuam,</strong></span> <span class='ocrx_word' id='word_1_546' title='bbox 1432 3640 1550 3679; x_wconf 92' lang='lat' dir='ltr'><strong>cum</strong></span> <span class='ocrx_word' id='word_1_547' title='bbox 1559 3623 1766 3693; x_wconf 88' lang='lat' dir='ltr'><strong>judicas</strong></span> <span class='ocrx_word' id='word_1_548' title='bbox 1776 3641 1989 3680; x_wconf 88' lang='lat' dir='ltr'><strong>causam</strong></span> <span class='ocrx_word' id='word_1_549' title='bbox 2005 3634 2170 3683; x_wconf 89' lang='lat' dir='ltr'><strong>tuam.</strong></span> 
     </span>
    </p>
   </div>
   <div class='ocr_carea' id='block_1_67' title="bbox 591 3715 2173 3786">
    <p class='ocr_par' dir='ltr' id='par_1_67' title="bbox 591 3715 2173 3786">
     <span class='ocr_line' id='line_1_67' title="bbox 591 3715 2173 3786; baseline 0 -14"><span class='ocrx_word' id='word_1_550' title='bbox 591 3716 698 3772; x_wconf 88' lang='lat' dir='ltr'><strong>Sed</strong></span> <span class='ocrx_word' id='word_1_551' title='bbox 741 3731 861 3772; x_wconf 92' lang='lat' dir='ltr'><strong>cum</strong></span> <span class='ocrx_word' id='word_1_552' title='bbox 898 3716 1185 3771; x_wconf 82' lang='lat' dir='ltr'><strong>severitate</strong></span> <span class='ocrx_word' id='word_1_553' title='bbox 1214 3715 1355 3768; x_wconf 90' lang='lat' dir='ltr'><strong>mala</strong></span> <span class='ocrx_word' id='word_1_554' title='bbox 1403 3722 1492 3768; x_wconf 88' lang='lat' dir='ltr'><strong>tua</strong></span> <span class='ocrx_word' id='word_1_555' title='bbox 1528 3715 1767 3778; x_wconf 91' lang='lat' dir='ltr'><strong>discute,</strong></span> <span class='ocrx_word' id='word_1_556' title='bbox 1827 3730 1945 3769; x_wconf 92' lang='lat' dir='ltr'><strong>cum</strong></span> <span class='ocrx_word' id='word_1_557' title='bbox 1990 3717 2173 3786; x_wconf 84' lang='lat' dir='ltr'><strong>rigore</strong></span> 
     </span>
    </p>
   </div>
   <div class='ocr_carea' id='block_1_68' title="bbox 592 3795 2172 3878">
    <p class='ocr_par' dir='ltr' id='par_1_68' title="bbox 592 3795 2172 3878">
     <span class='ocr_line' id='line_1_68' title="bbox 592 3795 2172 3878; baseline 0.001 -17"><span class='ocrx_word' id='word_1_558' title='bbox 592 3809 669 3878; x_wconf 86' lang='lat' dir='ltr'><strong>(al</strong></span> <span class='ocrx_word' id='word_1_559' title='bbox 691 3806 894 3876; x_wconf 87' lang='lat' dir='ltr'><strong>vigore)</strong></span> <span class='ocrx_word' id='word_1_560' title='bbox 920 3807 972 3860; x_wconf 92' lang='lat' dir='ltr'><strong>in</strong></span> <span class='ocrx_word' id='word_1_561' title='bbox 991 3813 1212 3876; x_wconf 86' lang='lat' dir='ltr'><strong>peccata</strong></span> <span class='ocrx_word' id='word_1_562' title='bbox 1241 3814 1332 3859; x_wconf 88' lang='lat' dir='ltr'><strong>tua</strong></span> <span class='ocrx_word' id='word_1_563' title='bbox 1362 3795 1824 3860; x_wconf 84' lang='lat' dir='ltr'><strong>condemnationis</strong></span> <span class='ocrx_word' id='word_1_564' title='bbox 1849 3809 2172 3862; x_wconf 80' lang='lat' dir='ltr'><strong>sententiam</strong></span> 
     </span>
    </p>
   </div>
   <div class='ocr_carea' id='block_1_69' title="bbox 589 3895 2033 3967">
    <p class='ocr_par' dir='ltr' id='par_1_69' title="bbox 589 3895 2033 3967">
     <span class='ocr_line' id='line_1_69' title="bbox 589 3895 2033 3967; baseline 0.001 -17"><span class='ocrx_word' id='word_1_565' title='bbox 589 3913 796 3967; x_wconf 90' lang='lat' dir='ltr'><strong>prome,</strong></span> <span class='ocrx_word' id='word_1_566' title='bbox 829 3906 883 3951; x_wconf 90' lang='lat' dir='ltr'><strong>et</strong></span> <span class='ocrx_word' id='word_1_567' title='bbox 911 3904 1130 3965; x_wconf 87' lang='lat' dir='ltr'><strong>peccata</strong></span> <span class='ocrx_word' id='word_1_568' title='bbox 1159 3910 1277 3964; x_wconf 61' lang='lat' dir='ltr'><strong>quae</strong></span> <span class='ocrx_word' id='word_1_569' title='bbox 1300 3895 1352 3949; x_wconf 92' lang='lat' dir='ltr'><strong>in</strong></span> <span class='ocrx_word' id='word_1_570' title='bbox 1377 3903 1430 3949; x_wconf 88' lang='lat' dir='ltr'><strong>te</strong></span> <span class='ocrx_word' id='word_1_571' title='bbox 1458 3895 1804 3962; x_wconf 89' lang='lat' dir='ltr'><strong>condemnas,</strong></span> <span class='ocrx_word' id='word_1_572' title='bbox 1829 3897 2033 3951; x_wconf 92' lang='lat' dir='ltr'><strong>occide.</strong></span> 
     </span>
    </p>
   </div>
   <div class='ocr_carea' id='block_1_70' title="bbox 662 3985 2169 4055">
    <p class='ocr_par' dir='ltr' id='par_1_70' title="bbox 662 3985 2169 4055">
     <span class='ocr_line' id='line_1_70' title="bbox 662 3985 2169 4055; baseline 0.001 -15"><span class='ocrx_word' id='word_1_573' title='bbox 662 3987 715 4040; x_wconf 78' lang='grc'><strong>4.</strong></span> <span class='ocrx_word' id='word_1_574' title='bbox 743 3985 858 4042; x_wconf 83' lang='lat' dir='ltr'><strong>Hoc</strong></span> <span class='ocrx_word' id='word_1_575' title='bbox 879 3994 961 4041; x_wconf 90' lang='lat' dir='ltr'><strong>est</strong></span> <span class='ocrx_word' id='word_1_576' title='bbox 982 3995 1160 4040; x_wconf 89' lang='lat' dir='ltr'><strong>autem</strong></span> <span class='ocrx_word' id='word_1_577' title='bbox 1183 3992 1405 4054; x_wconf 89' lang='lat' dir='ltr'><strong>peccata</strong></span> <span class='ocrx_word' id='word_1_578' title='bbox 1435 3985 1682 4040; x_wconf 91' lang='lat' dir='ltr'><strong>occidere</strong></span> <span class='ocrx_word' id='word_1_579' title='bbox 1708 4024 1722 4048; x_wconf 87' lang='lat'><strong>,</strong></span> <span class='ocrx_word' id='word_1_580' title='bbox 1754 3987 1990 4055; x_wconf 89' lang='lat' dir='ltr'><strong>peccatis</strong></span> <span class='ocrx_word' id='word_1_581' title='bbox 2013 3987 2169 4041; x_wconf 88' lang='lat' dir='ltr'><strong>dein-</strong></span> 
     </span>
    </p>
   </div>
   <div class='ocr_carea' id='block_1_71' title="bbox 588 4073 2168 4148">
    <p class='ocr_par' dir='ltr' id='par_1_71' title="bbox 588 4073 2168 4148">
     <span class='ocr_line' id='line_1_71' title="bbox 588 4073 2168 4148; baseline -0.003 -13"><span class='ocrx_word' id='word_1_582' title='bbox 588 4093 715 4148; x_wconf 90' lang='lat' dir='ltr'><strong>ceps</strong></span> <span class='ocrx_word' id='word_1_583' title='bbox 754 4077 1058 4132; x_wconf 88' lang='lat' dir='ltr'><strong>nullatenus</strong></span> <span class='ocrx_word' id='word_1_584' title='bbox 1086 4075 1326 4131; x_wconf 86' lang='lat' dir='ltr'><strong>obedire.</strong></span> <span class='ocrx_word' id='word_1_585' title='bbox 1370 4073 1491 4128; x_wconf 88' lang='lat' dir='ltr'><strong>Noli</strong></span> <span class='ocrx_word' id='word_1_586' title='bbox 1519 4088 1650 4142; x_wconf 86' lang='lat' dir='ltr'><strong>ergo</strong></span> <span class='ocrx_word' id='word_1_587' title='bbox 1677 4089 1797 4130; x_wconf 87' lang='lat' dir='ltr'><strong>esse</strong></span> <span class='ocrx_word' id='word_1_588' title='bbox 1825 4084 2168 4144; x_wconf 89' lang='lat' dir='ltr'><strong>peccatorum</strong></span> 
     </span>
    </p>
   </div>
   <div class='ocr_carea' id='block_1_72' title="bbox 587 4163 2166 4234">
    <p class='ocr_par' dir='ltr' id='par_1_72' title="bbox 587 4163 2166 4234">
     <span class='ocr_line' id='line_1_72' title="bbox 587 4163 2166 4234; baseline -0.002 -11"><span class='ocrx_word' id='word_1_589' title='bbox 587 4167 778 4231; x_wconf 89' lang='lat' dir='ltr'><strong>factor,</strong></span> <span class='ocrx_word' id='word_1_590' title='bbox 819 4174 873 4220; x_wconf 90' lang='lat' dir='ltr'><strong>et</strong></span> <span class='ocrx_word' id='word_1_591' title='bbox 914 4166 1022 4223; x_wconf 87' lang='lat' dir='ltr'><strong>eris</strong></span> <span class='ocrx_word' id='word_1_592' title='bbox 1050 4165 1280 4220; x_wconf 90' lang='lat' dir='ltr'><strong>occisor.</strong></span> <span class='ocrx_word' id='word_1_593' title='bbox 1307 4163 1364 4218; x_wconf 92' lang='lat' dir='ltr'><strong>Si</strong></span> <span class='ocrx_word' id='word_1_594' title='bbox 1395 4179 1526 4219; x_wconf 89' lang='lat' dir='ltr'><strong>vero</strong></span> <span class='ocrx_word' id='word_1_595' title='bbox 1552 4164 1718 4218; x_wconf 85' lang='lat' dir='ltr'><strong>fueris</strong></span> <span class='ocrx_word' id='word_1_596' title='bbox 1746 4165 1796 4216; x_wconf 89' lang='lat' dir='ltr'><strong>in</strong></span> <span class='ocrx_word' id='word_1_597' title='bbox 1825 4174 2047 4234; x_wconf 87' lang='lat' dir='ltr'><strong>peccata</strong></span> <span class='ocrx_word' id='word_1_598' title='bbox 2077 4174 2166 4220; x_wconf 90' lang='lat' dir='ltr'><strong>tua</strong></span> 
     </span>
    </p>
   </div>
   <div class='ocr_carea' id='block_1_73' title="bbox 587 4255 2168 4329">
    <p class='ocr_par' dir='ltr' id='par_1_73' title="bbox 587 4255 2168 4329">
     <span class='ocr_line' id='line_1_73' title="bbox 587 4255 2168 4329; baseline -0.001 -17"><span class='ocrx_word' id='word_1_599' title='bbox 587 4259 748 4329; x_wconf 80' lang='lat' dir='ltr'><strong>iudex</strong></span> <span class='ocrx_word' id='word_1_600' title='bbox 767 4259 963 4328; x_wconf 90' lang='lat' dir='ltr'><strong>justus,</strong></span> <span class='ocrx_word' id='word_1_601' title='bbox 986 4259 1052 4313; x_wconf 92' lang='lat' dir='ltr'><strong>de</strong></span> <span class='ocrx_word' id='word_1_602' title='bbox 1065 4258 1214 4326; x_wconf 85' lang='lat' dir='ltr'><strong>justo</strong></span> <span class='ocrx_word' id='word_1_603' title='bbox 1245 4257 1336 4310; x_wconf 90' lang='lat' dir='ltr'><strong>Dei</strong></span> <span class='ocrx_word' id='word_1_604' title='bbox 1359 4255 1560 4324; x_wconf 90' lang='lat' dir='ltr'><strong>judicio</strong></span> <span class='ocrx_word' id='word_1_605' title='bbox 1589 4257 1739 4310; x_wconf 85' lang='lat' dir='ltr'><strong>exies</strong></span> <span class='ocrx_word' id='word_1_606' title='bbox 1765 4256 2063 4311; x_wconf 89' lang='lat' dir='ltr'><strong>absolutus.</strong></span> <span class='ocrx_word' id='word_1_607' title='bbox 2097 4256 2168 4311; x_wconf 89' lang='lat' dir='ltr'><strong>Ut</strong></span> 
     </span>
    </p>
   </div>
   <div class='ocr_carea' id='block_1_74' title="bbox 587 4344 2163 4416">
    <p class='ocr_par' dir='ltr' id='par_1_74' title="bbox 587 4344 2163 4416">
     <span class='ocr_line' id='line_1_74' title="bbox 587 4344 2163 4416; baseline -0.001 -15"><span class='ocrx_word' id='word_1_608' title='bbox 587 4355 766 4402; x_wconf 89' lang='lat' dir='ltr'><strong>autem</strong></span> <span class='ocrx_word' id='word_1_609' title='bbox 797 4348 848 4401; x_wconf 89' lang='lat' dir='ltr'><strong>in</strong></span> <span class='ocrx_word' id='word_1_610' title='bbox 880 4348 1107 4416; x_wconf 89' lang='lat' dir='ltr'><strong>teipsum</strong></span> <span class='ocrx_word' id='word_1_611' title='bbox 1133 4345 1336 4413; x_wconf 88' lang='lat' dir='ltr'><strong>justum</strong></span> <span class='ocrx_word' id='word_1_612' title='bbox 1377 4344 1550 4413; x_wconf 90' lang='lat' dir='ltr'><strong>possis</strong></span> <span class='ocrx_word' id='word_1_613' title='bbox 1578 4344 1851 4399; x_wconf 84' lang='lat' dir='ltr'><strong>celebrare</strong></span> <span class='ocrx_word' id='word_1_614' title='bbox 1875 4344 2163 4414; x_wconf 86' lang='lat' dir='ltr'><strong>judicium,</strong></span> 
     </span>
    </p>
   </div>
   <div class='ocr_carea' id='block_1_75' title="bbox 586 4433 2165 4507">
    <p class='ocr_par' dir='ltr' id='par_1_75' title="bbox 586 4433 2165 4507">
     <span class='ocr_line' id='line_1_75' title="bbox 586 4433 2165 4507; baseline -0.001 -15"><span class='ocrx_word' id='word_1_615' title='bbox 586 4439 709 4492; x_wconf 91' lang='lat' dir='ltr'><strong>audi</strong></span> <span class='ocrx_word' id='word_1_616' title='bbox 737 4437 1037 4507; x_wconf 89' lang='lat' dir='ltr'><strong>apostolum</strong></span> <span class='ocrx_word' id='word_1_617' title='bbox 1066 4435 1290 4488; x_wconf 88' lang='lat' dir='ltr'><strong>Paulum</strong></span> <span class='ocrx_word' id='word_1_618' title='bbox 1316 4476 1330 4501; x_wconf 92' lang='lat'><strong>,</strong></span> <span class='ocrx_word' id='word_1_619' title='bbox 1353 4450 1442 4503; x_wconf 77' lang='lat' dir='ltr'><strong>qui</strong></span> <span class='ocrx_word' id='word_1_620' title='bbox 1471 4433 1629 4487; x_wconf 89' lang='lat' dir='ltr'><strong>docet</strong></span> <span class='ocrx_word' id='word_1_621' title='bbox 1655 4449 1774 4501; x_wconf 74' lang='lat' dir='ltr'><strong>qum</strong></span> <span class='ocrx_word' id='word_1_622' title='bbox 1802 4434 1855 4487; x_wconf 92' lang='lat' dir='ltr'><strong>in</strong></span> <span class='ocrx_word' id='word_1_623' title='bbox 1885 4442 1939 4488; x_wconf 86' lang='lat' dir='ltr'><strong>te</strong></span> <span class='ocrx_word' id='word_1_624' title='bbox 1964 4435 2165 4490; x_wconf 87' lang='lat' dir='ltr'><strong>debeas</strong></span> 
     </span>
    </p>
   </div>
   <div class='ocr_carea' id='block_1_76' title="bbox 585 4525 2162 4599">
    <p class='ocr_par' dir='ltr' id='par_1_76' title="bbox 585 4525 2162 4599">
     <span class='ocr_line' id='line_1_76' title="bbox 585 4525 2162 4599; baseline -0.001 -16"><span class='ocrx_word' id='word_1_625' title='bbox 585 4544 748 4599; x_wconf 90' lang='lat' dir='ltr'><strong>opera</strong></span> <span class='ocrx_word' id='word_1_626' title='bbox 779 4527 1133 4593; x_wconf 85' lang='lat' dir='ltr'><strong>mortificare,</strong></span> <span class='ocrx_word' id='word_1_627' title='bbox 1162 4534 1221 4580; x_wconf 90' lang='lat' dir='ltr'><strong>ut</strong></span> <span class='ocrx_word' id='word_1_628' title='bbox 1248 4526 1316 4579; x_wconf 90' lang='lat' dir='ltr'><strong>ad</strong></span> <span class='ocrx_word' id='word_1_629' title='bbox 1345 4526 1510 4579; x_wconf 89' lang='lat' dir='ltr'><strong>vitam</strong></span> <span class='ocrx_word' id='word_1_630' title='bbox 1531 4525 1713 4579; x_wconf 89' lang='lat' dir='ltr'><strong>valeas</strong></span> <span class='ocrx_word' id='word_1_631' title='bbox 1737 4527 2038 4595; x_wconf 88' lang='lat' dir='ltr'><strong>pervenire.</strong></span> <span class='ocrx_word' id='word_1_632' title='bbox 2068 4525 2162 4581; x_wconf 82' lang='lat' dir='ltr'><strong>Di-</strong></span> 
     </span>
    </p>
   </div>
   <div class='ocr_carea' id='block_1_77' title="bbox 2279 3354 3853 3426">
    <p class='ocr_par' dir='ltr' id='par_1_77' title="bbox 2279 3354 3853 3426">
     <span class='ocr_line' id='line_1_77' title="bbox 2279 3354 3853 3426; baseline -0.001 -15"><span class='ocrx_word' id='word_1_633' title='bbox 2279 3357 2389 3411; x_wconf 92' lang='lat' dir='ltr'><strong>lum</strong></span> <span class='ocrx_word' id='word_1_634' title='bbox 2419 3356 2738 3412; x_wconf 89' lang='lat' dir='ltr'><strong>facientibus</strong></span> <span class='ocrx_word' id='word_1_635' title='bbox 2765 3355 2901 3422; x_wconf 91' lang='lat' dir='ltr'><strong>aliis,</strong></span> <span class='ocrx_word' id='word_1_636' title='bbox 2932 3356 3130 3410; x_wconf 90' lang='lat' dir='ltr'><strong>malum</strong></span> <span class='ocrx_word' id='word_1_637' title='bbox 3161 3371 3259 3426; x_wconf 90' lang='lat' dir='ltr'><strong>pro</strong></span> <span class='ocrx_word' id='word_1_638' title='bbox 3304 3355 3448 3410; x_wconf 85' lang='lat' dir='ltr'><strong>male</strong></span> <span class='ocrx_word' id='word_1_639' title='bbox 3479 3354 3708 3410; x_wconf 85' lang='lat' dir='ltr'><strong>reddere</strong></span> <span class='ocrx_word' id='word_1_640' title='bbox 3748 3372 3853 3410; x_wconf 90' lang='lat' dir='ltr'><strong>non</strong></span> 
     </span>
    </p>
   </div>
   <div class='ocr_carea' id='block_1_78' title="bbox 2278 3445 2556 3502">
    <p class='ocr_par' dir='ltr' id='par_1_78' title="bbox 2278 3445 2556 3502">
     <span class='ocr_line' id='line_1_78' title="bbox 2278 3445 2556 3502; baseline 0 -2"><span class='ocrx_word' id='word_1_641' title='bbox 2278 3445 2556 3502; x_wconf 90' lang='lat' dir='ltr'><strong>debemus.</strong></span> 
     </span>
    </p>
   </div>
   <div class='ocr_carea' id='block_1_79' title="bbox 2348 3536 3853 3607">
    <p class='ocr_par' dir='ltr' id='par_1_79' title="bbox 2348 3536 3853 3607">
     <span class='ocr_line' id='line_1_79' title="bbox 2348 3536 3853 3607; baseline -0.001 -17"><span class='ocrx_word' id='word_1_642' title='bbox 2348 3537 2402 3590; x_wconf 89' lang='lat'><strong>6.</strong></span> <span class='ocrx_word' id='word_1_643' title='bbox 2453 3537 2618 3592; x_wconf 89' lang='lat' dir='ltr'><strong>Serva</strong></span> <span class='ocrx_word' id='word_1_644' title='bbox 2668 3537 2849 3606; x_wconf 91' lang='lat' dir='ltr'><strong>igitur,</strong></span> <span class='ocrx_word' id='word_1_645' title='bbox 2901 3536 3226 3603; x_wconf 87' lang='lat' dir='ltr'><strong>Christiane,</strong></span> <span class='ocrx_word' id='word_1_646' title='bbox 3279 3537 3571 3593; x_wconf 87' lang='lat' dir='ltr'><strong>secundum</strong></span> <span class='ocrx_word' id='word_1_647' title='bbox 3617 3536 3853 3607; x_wconf 86' lang='lat' dir='ltr'><strong>regulam</strong></span> 
     </span>
    </p>
   </div>
   <div class='ocr_carea' id='block_1_80' title="bbox 2273 3626 3852 3701">
    <p class='ocr_par' dir='ltr' id='par_1_80' title="bbox 2273 3626 3852 3701">
     <span class='ocr_line' id='line_1_80' title="bbox 2273 3626 3852 3701; baseline -0.004 -17"><span class='ocrx_word' id='word_1_648' title='bbox 2273 3629 2554 3700; x_wconf 89' lang='lat' dir='ltr'><strong>justitiam.</strong></span> <span class='ocrx_word' id='word_1_649' title='bbox 2599 3627 2804 3683; x_wconf 88' lang='lat' dir='ltr'><strong>Bonum</strong></span> <span class='ocrx_word' id='word_1_650' title='bbox 2833 3628 2991 3701; x_wconf 75' lang='lat'><strong>575</strong></span> <span class='ocrx_word' id='word_1_651' title='bbox 3019 3629 3163 3682; x_wconf 91' lang='lat' dir='ltr'><strong>omni</strong></span> <span class='ocrx_word' id='word_1_652' title='bbox 3194 3628 3398 3682; x_wconf 87' lang='lat' dir='ltr'><strong>homini</strong></span> <span class='ocrx_word' id='word_1_653' title='bbox 3428 3627 3622 3690; x_wconf 83' lang='lat' dir='ltr'><strong>facito;</strong></span> <span class='ocrx_word' id='word_1_654' title='bbox 3655 3626 3852 3680; x_wconf 86' lang='lat' dir='ltr'><strong>malum</strong></span> 
     </span>
    </p>
   </div>
   <div class='ocr_carea' id='block_1_81' title="bbox 2273 3717 3849 3782">
    <p class='ocr_par' dir='ltr' id='par_1_81' title="bbox 2273 3717 3849 3782">
     <span class='ocr_line' id='line_1_81' title="bbox 2273 3717 3849 3782; baseline -0.001 -12"><span class='ocrx_word' id='word_1_655' title='bbox 2273 3734 2404 3774; x_wconf 88' lang='lat' dir='ltr'><strong>vero</strong></span> <span class='ocrx_word' id='word_1_656' title='bbox 2435 3720 2534 3774; x_wconf 77' lang='lat' dir='ltr'><strong>nec</strong></span> <span class='ocrx_word' id='word_1_657' title='bbox 2578 3717 2744 3772; x_wconf 87' lang='lat' dir='ltr'><strong>facias</strong></span> <span class='ocrx_word' id='word_1_658' title='bbox 2789 3718 2967 3782; x_wconf 91' lang='lat' dir='ltr'><strong>alicui,</strong></span> <span class='ocrx_word' id='word_1_659' title='bbox 3003 3733 3103 3773; x_wconf 93' lang='lat' dir='ltr'><strong>nec</strong></span> <span class='ocrx_word' id='word_1_660' title='bbox 3144 3717 3352 3772; x_wconf 90' lang='lat' dir='ltr'><strong>reddas.</strong></span> <span class='ocrx_word' id='word_1_661' title='bbox 3392 3717 3449 3771; x_wconf 93' lang='lat' dir='ltr'><strong>Si</strong></span> <span class='ocrx_word' id='word_1_662' title='bbox 3479 3717 3623 3772; x_wconf 88' lang='lat' dir='ltr'><strong>enim</strong></span> <span class='ocrx_word' id='word_1_663' title='bbox 3652 3717 3849 3771; x_wconf 88' lang='lat' dir='ltr'><strong>malum</strong></span> 
     </span>
    </p>
   </div>
   <div class='ocr_carea' id='block_1_82' title="bbox 2273 3801 3848 3895">
    <p class='ocr_par' dir='ltr' id='par_1_82' title="bbox 2273 3801 3848 3895">
     <span class='ocr_line' id='line_1_82' title="bbox 2273 3801 3848 3895; baseline -0.001 -33"><span class='ocrx_word' id='word_1_664' title='bbox 2273 3824 2373 3877; x_wconf 90' lang='lat' dir='ltr'><strong>pro</strong></span> <span class='ocrx_word' id='word_1_665' title='bbox 2394 3801 2536 3895; x_wconf 68' lang='lat' dir='ltr'><strong>male</strong></span> <span class='ocrx_word' id='word_1_666' title='bbox 2563 3808 2886 3871; x_wconf 91' lang='lat' dir='ltr'><strong>reddideris,</strong></span> <span class='ocrx_word' id='word_1_667' title='bbox 2917 3809 3080 3862; x_wconf 90' lang='lat' dir='ltr'><strong>etiam</strong></span> <span class='ocrx_word' id='word_1_668' title='bbox 3113 3817 3168 3862; x_wconf 91' lang='lat' dir='ltr'><strong>tu</strong></span> <span class='ocrx_word' id='word_1_669' title='bbox 3197 3809 3312 3862; x_wconf 92' lang='lat' dir='ltr'><strong>sine</strong></span> <span class='ocrx_word' id='word_1_670' title='bbox 3340 3808 3503 3863; x_wconf 89' lang='lat' dir='ltr'><strong>dubio</strong></span> <span class='ocrx_word' id='word_1_671' title='bbox 3531 3809 3710 3861; x_wconf 89' lang='lat' dir='ltr'><strong>malus</strong></span> <span class='ocrx_word' id='word_1_672' title='bbox 3728 3810 3848 3862; x_wconf 89' lang='lat' dir='ltr'><strong>eris.</strong></span> 
     </span>
    </p>
   </div>
   <div class='ocr_carea' id='block_1_83' title="bbox 2273 3896 3848 3967">
    <p class='ocr_par' dir='ltr' id='par_1_83' title="bbox 2273 3896 3848 3967">
     <span class='ocr_line' id='line_1_83' title="bbox 2273 3896 3848 3967; baseline 0.001 -17"><span class='ocrx_word' id='word_1_673' title='bbox 2273 3896 2422 3952; x_wconf 88' lang='lat' dir='ltr'><strong>Tunc</strong></span> <span class='ocrx_word' id='word_1_674' title='bbox 2452 3897 2540 3951; x_wconf 91' lang='lat' dir='ltr'><strong>ille</strong></span> <span class='ocrx_word' id='word_1_675' title='bbox 2561 3896 2650 3964; x_wconf 91' lang='lat' dir='ltr'><strong>qui</strong></span> <span class='ocrx_word' id='word_1_676' title='bbox 2674 3897 2822 3967; x_wconf 88' lang='lat' dir='ltr'><strong>prior</strong></span> <span class='ocrx_word' id='word_1_677' title='bbox 2849 3896 2941 3950; x_wconf 91' lang='lat' dir='ltr'><strong>tibi</strong></span> <span class='ocrx_word' id='word_1_678' title='bbox 2963 3897 3160 3951; x_wconf 92' lang='lat' dir='ltr'><strong>malum</strong></span> <span class='ocrx_word' id='word_1_679' title='bbox 3198 3899 3339 3962; x_wconf 85' lang='lat' dir='ltr'><strong>fecit,</strong></span> <span class='ocrx_word' id='word_1_680' title='bbox 3363 3913 3471 3952; x_wconf 92' lang='lat' dir='ltr'><strong>non</strong></span> <span class='ocrx_word' id='word_1_681' title='bbox 3501 3898 3651 3953; x_wconf 84' lang='lat' dir='ltr'><strong>solus</strong></span> <span class='ocrx_word' id='word_1_682' title='bbox 3679 3899 3848 3952; x_wconf 86' lang='lat' dir='ltr'><strong>malus</strong></span> 
     </span>
    </p>
   </div>
   <div class='ocr_carea' id='block_1_84' title="bbox 2271 3989 3850 4060">
    <p class='ocr_par' dir='ltr' id='par_1_84' title="bbox 2271 3989 3850 4060">
     <span class='ocr_line' id='line_1_84' title="bbox 2271 3989 3850 4060; baseline -0.002 -14"><span class='ocrx_word' id='word_1_683' title='bbox 2271 3991 2534 4060; x_wconf 81' lang='lat' dir='ltr'><strong>erit,quia</strong></span> <span class='ocrx_word' id='word_1_684' title='bbox 2565 3991 2771 4046; x_wconf 92' lang='lat' dir='ltr'><strong>socium</strong></span> <span class='ocrx_word' id='word_1_685' title='bbox 2800 3991 3016 4046; x_wconf 75' lang='lat' dir='ltr'><strong>malitia:</strong></span> <span class='ocrx_word' id='word_1_686' title='bbox 3047 4000 3098 4045; x_wconf 90' lang='lat' dir='ltr'><strong>te</strong></span> <span class='ocrx_word' id='word_1_687' title='bbox 3124 3991 3355 4045; x_wconf 88' lang='lat' dir='ltr'><strong>habebit.</strong></span> <span class='ocrx_word' id='word_1_688' title='bbox 3382 3989 3514 4044; x_wconf 88' lang='lat' dir='ltr'><strong>Cum</strong></span> <span class='ocrx_word' id='word_1_689' title='bbox 3527 3999 3713 4044; x_wconf 86' lang='lat' dir='ltr'><strong>autem</strong></span> <span class='ocrx_word' id='word_1_690' title='bbox 3740 4005 3850 4043; x_wconf 48' lang='lat' dir='ltr'><strong>cm-</strong></span> 
     </span>
    </p>
   </div>
   <div class='ocr_carea' id='block_1_85' title="bbox 2270 4081 3850 4153">
    <p class='ocr_par' dir='ltr' id='par_1_85' title="bbox 2270 4081 3850 4153">
     <span class='ocr_line' id='line_1_85' title="bbox 2270 4081 3850 4153; baseline -0.002 -16"><span class='ocrx_word' id='word_1_691' title='bbox 2270 4084 2414 4152; x_wconf 91' lang='lat' dir='ltr'><strong>peris</strong></span> <span class='ocrx_word' id='word_1_692' title='bbox 2453 4083 2652 4137; x_wconf 91' lang='lat' dir='ltr'><strong>malum</strong></span> <span class='ocrx_word' id='word_1_693' title='bbox 2679 4099 2778 4153; x_wconf 89' lang='lat' dir='ltr'><strong>pro</strong></span> <span class='ocrx_word' id='word_1_694' title='bbox 2809 4084 2950 4138; x_wconf 88' lang='lat' dir='ltr'><strong>male</strong></span> <span class='ocrx_word' id='word_1_695' title='bbox 2979 4083 3220 4148; x_wconf 90' lang='lat' dir='ltr'><strong>reddere,</strong></span> <span class='ocrx_word' id='word_1_696' title='bbox 3252 4084 3305 4137; x_wconf 92' lang='lat' dir='ltr'><strong>in</strong></span> <span class='ocrx_word' id='word_1_697' title='bbox 3344 4083 3447 4136; x_wconf 89' lang='lat' dir='ltr'><strong>hoc</strong></span> <span class='ocrx_word' id='word_1_698' title='bbox 3474 4083 3644 4149; x_wconf 85' lang='lat' dir='ltr'><strong>magis</strong></span> <span class='ocrx_word' id='word_1_699' title='bbox 3669 4081 3850 4150; x_wconf 73' lang='lat' dir='ltr'><strong>culpa~</strong></span> 
     </span>
    </p>
   </div>
   <div class='ocr_carea' id='block_1_86' title="bbox 2270 4171 3849 4243">
    <p class='ocr_par' dir='ltr' id='par_1_86' title="bbox 2270 4171 3849 4243">
     <span class='ocr_line' id='line_1_86' title="bbox 2270 4171 3849 4243; baseline -0.001 -16"><span class='ocrx_word' id='word_1_700' title='bbox 2270 4171 2394 4227; x_wconf 88' lang='lat' dir='ltr'><strong>bilis</strong></span> <span class='ocrx_word' id='word_1_701' title='bbox 2421 4174 2550 4239; x_wconf 90' lang='lat' dir='ltr'><strong>eris,</strong></span> <span class='ocrx_word' id='word_1_702' title='bbox 2594 4173 2716 4242; x_wconf 92' lang='lat' dir='ltr'><strong>quia</strong></span> <span class='ocrx_word' id='word_1_703' title='bbox 2739 4174 2936 4228; x_wconf 88' lang='lat' dir='ltr'><strong>malum</strong></span> <span class='ocrx_word' id='word_1_704' title='bbox 2975 4173 3121 4243; x_wconf 85' lang='lat' dir='ltr'><strong>quod</strong></span> <span class='ocrx_word' id='word_1_705' title='bbox 3151 4174 3202 4228; x_wconf 94' lang='lat' dir='ltr'><strong>in</strong></span> <span class='ocrx_word' id='word_1_706' title='bbox 3233 4173 3351 4227; x_wconf 68' lang='lat' dir='ltr'><strong>aliis</strong></span> <span class='ocrx_word' id='word_1_707' title='bbox 3379 4173 3687 4228; x_wconf 80' lang='lat' dir='ltr'><strong>exsecraris</strong></span> <span class='ocrx_word' id='word_1_708' title='bbox 3705 4215 3720 4238; x_wconf 96' lang='lat'><strong>,</strong></span> <span class='ocrx_word' id='word_1_709' title='bbox 3746 4173 3849 4227; x_wconf 86' lang='lat' dir='ltr'><strong>hoc</strong></span> 
     </span>
    </p>
   </div>
   <div class='ocr_carea' id='block_1_87' title="bbox 2269 4263 3848 4330">
    <p class='ocr_par' dir='ltr' id='par_1_87' title="bbox 2269 4263 3848 4330">
     <span class='ocr_line' id='line_1_87' title="bbox 2269 4263 3848 4330; baseline -0.001 -12"><span class='ocrx_word' id='word_1_710' title='bbox 2269 4265 2513 4320; x_wconf 91' lang='lat' dir='ltr'><strong>imitaris.</strong></span> <span class='ocrx_word' id='word_1_711' title='bbox 2546 4265 2714 4319; x_wconf 85' lang='lat' dir='ltr'><strong>Malus</strong></span> <span class='ocrx_word' id='word_1_712' title='bbox 2742 4273 2922 4321; x_wconf 91' lang='lat' dir='ltr'><strong>autem</strong></span> <span class='ocrx_word' id='word_1_713' title='bbox 2953 4266 3142 4330; x_wconf 91' lang='lat' dir='ltr'><strong>factus,</strong></span> <span class='ocrx_word' id='word_1_714' title='bbox 3173 4281 3280 4319; x_wconf 92' lang='lat' dir='ltr'><strong>non</strong></span> <span class='ocrx_word' id='word_1_715' title='bbox 3307 4264 3475 4318; x_wconf 92' lang='lat' dir='ltr'><strong>vincis</strong></span> <span class='ocrx_word' id='word_1_716' title='bbox 3503 4265 3727 4328; x_wconf 84' lang='lat' dir='ltr'><strong>malum,</strong></span> <span class='ocrx_word' id='word_1_717' title='bbox 3755 4263 3848 4317; x_wconf 83' lang='lat' dir='ltr'><strong>sed</strong></span> 
     </span>
    </p>
   </div>
   <div class='ocr_carea' id='block_1_88' title="bbox 2266 4355 3849 4426">
    <p class='ocr_par' dir='ltr' id='par_1_88' title="bbox 2266 4355 3849 4426">
     <span class='ocr_line' id='line_1_88' title="bbox 2266 4355 3849 4426; baseline 0.001 -19"><span class='ocrx_word' id='word_1_718' title='bbox 2266 4355 2495 4408; x_wconf 90' lang='lat' dir='ltr'><strong>vinceris</strong></span> <span class='ocrx_word' id='word_1_719' title='bbox 2542 4370 2572 4408; x_wconf 88' lang='lat' dir='ltr'><strong>a</strong></span> <span class='ocrx_word' id='word_1_720' title='bbox 2614 4355 2778 4418; x_wconf 88' lang='lat' dir='ltr'><strong>male,</strong></span> <span class='ocrx_word' id='word_1_721' title='bbox 2830 4363 2887 4410; x_wconf 89' lang='lat' dir='ltr'><strong>et</strong></span> <span class='ocrx_word' id='word_1_722' title='bbox 2909 4355 3053 4424; x_wconf 89' lang='lat' dir='ltr'><strong>quod</strong></span> <span class='ocrx_word' id='word_1_723' title='bbox 3101 4355 3254 4426; x_wconf 84' lang='lat' dir='ltr'><strong>pejus</strong></span> <span class='ocrx_word' id='word_1_724' title='bbox 3299 4362 3420 4419; x_wconf 89' lang='lat' dir='ltr'><strong>est,</strong></span> <span class='ocrx_word' id='word_1_725' title='bbox 3465 4370 3579 4408; x_wconf 85' lang='lat' dir='ltr'><strong>non</strong></span> <span class='ocrx_word' id='word_1_726' title='bbox 3610 4356 3849 4409; x_wconf 87' lang='lat' dir='ltr'><strong>vinceris</strong></span> 
     </span>
    </p>
   </div>
   <div class='ocr_carea' id='block_1_89' title="bbox 2267 4444 3846 4514">
    <p class='ocr_par' dir='ltr' id='par_1_89' title="bbox 2267 4444 3846 4514">
     <span class='ocr_line' id='line_1_89' title="bbox 2267 4444 3846 4514; baseline 0.002 -18"><span class='ocrx_word' id='word_1_727' title='bbox 2267 4444 2444 4498; x_wconf 90' lang='lat' dir='ltr'><strong>alieno</strong></span> <span class='ocrx_word' id='word_1_728' title='bbox 2471 4445 2636 4512; x_wconf 90' lang='lat' dir='ltr'><strong>malo,</strong></span> <span class='ocrx_word' id='word_1_729' title='bbox 2674 4445 2767 4499; x_wconf 91' lang='lat' dir='ltr'><strong>sed</strong></span> <span class='ocrx_word' id='word_1_730' title='bbox 2796 4454 2905 4500; x_wconf 92' lang='lat' dir='ltr'><strong>tuo.</strong></span> <span class='ocrx_word' id='word_1_731' title='bbox 2937 4446 3052 4501; x_wconf 85' lang='lat' dir='ltr'><strong>Non</strong></span> <span class='ocrx_word' id='word_1_732' title='bbox 3095 4454 3175 4501; x_wconf 85' lang='lat' dir='ltr'><strong>est</strong></span> <span class='ocrx_word' id='word_1_733' title='bbox 3215 4446 3355 4500; x_wconf 88' lang='lat' dir='ltr'><strong>enim</strong></span> <span class='ocrx_word' id='word_1_734' title='bbox 3393 4445 3846 4514; x_wconf 89' lang='lat' dir='ltr'><strong>quemadmodum</strong></span> 
     </span>
    </p>
   </div>
   <div class='ocr_carea' id='block_1_90' title="bbox 2265 4533 3846 4598">
    <p class='ocr_par' dir='ltr' id='par_1_90' title="bbox 2265 4533 3846 4598">
     <span class='ocr_line' id='line_1_90' title="bbox 2265 4533 3846 4598; baseline 0.001 -11"><span class='ocrx_word' id='word_1_735' title='bbox 2265 4534 2438 4588; x_wconf 88' lang='lat' dir='ltr'><strong>malus</strong></span> <span class='ocrx_word' id='word_1_736' title='bbox 2466 4533 2581 4598; x_wconf 80' lang='lat' dir='ltr'><strong>tias,</strong></span> <span class='ocrx_word' id='word_1_737' title='bbox 2621 4535 2721 4589; x_wconf 90' lang='lat' dir='ltr'><strong>nisi</strong></span> <span class='ocrx_word' id='word_1_738' title='bbox 2751 4551 2781 4588; x_wconf 88' lang='lat' dir='ltr'><strong>a</strong></span> <span class='ocrx_word' id='word_1_739' title='bbox 2808 4536 3049 4590; x_wconf 92' lang='lat' dir='ltr'><strong>bonitate</strong></span> <span class='ocrx_word' id='word_1_740' title='bbox 3079 4535 3316 4590; x_wconf 83' lang='lat' dir='ltr'><strong>delicias.</strong></span> <span class='ocrx_word' id='word_1_741' title='bbox 3364 4535 3438 4590; x_wconf 87' lang='lat' dir='ltr'><strong>lta</strong></span> <span class='ocrx_word' id='word_1_742' title='bbox 3469 4534 3560 4590; x_wconf 80' lang='lat' dir='ltr'><strong>fiet</strong></span> <span class='ocrx_word' id='word_1_743' title='bbox 3589 4543 3650 4589; x_wconf 89' lang='lat' dir='ltr'><strong>ut</strong></span> <span class='ocrx_word' id='word_1_744' title='bbox 3680 4538 3734 4590; x_wconf 90' lang='lat' dir='ltr'><strong>in</strong></span> <span class='ocrx_word' id='word_1_745' title='bbox 3764 4549 3846 4590; x_wconf 88' lang='lat' dir='ltr'><strong>te-</strong></span> 
     </span>
    </p>
   </div>
   <div class='ocr_carea' id='block_1_91' title="bbox 584 4619 3842 4702">
    <p class='ocr_par' dir='ltr' id='par_1_91' title="bbox 584 4619 3842 4702">
     <span class='ocr_line' id='line_1_91' title="bbox 584 4619 3842 4702; baseline 0.001 -25"><span class='ocrx_word' id='word_1_746' title='bbox 584 4623 656 4678; x_wconf 91' lang='lat' dir='ltr'><strong>cit</strong></span> <span class='ocrx_word' id='word_1_747' title='bbox 684 4622 826 4676; x_wconf 89' lang='lat' dir='ltr'><strong>enim</strong></span> <span class='ocrx_word' id='word_1_748' title='bbox 859 4637 872 4674; x_wconf 90' lang='lat'><strong>:</strong></span> <span class='ocrx_word' id='word_1_749' title='bbox 918 4620 1233 4690; x_wconf 82' lang='lat' dir='ltr'><strong>Mortiﬁcate</strong></span> <span class='ocrx_word' id='word_1_750' title='bbox 1260 4619 1485 4674; x_wconf 86' lang='lat' dir='ltr'><strong>membra</strong></span> <span class='ocrx_word' id='word_1_751' title='bbox 1512 4630 1696 4686; x_wconf 79' lang='lat' dir='ltr'><strong>vestra,</strong></span> <span class='ocrx_word' id='word_1_752' title='bbox 1726 4637 1839 4691; x_wconf 75' lang='lat' dir='ltr'><strong>qua:</strong></span> <span class='ocrx_word' id='word_1_753' title='bbox 1864 4631 1983 4676; x_wconf 79' lang='lat' dir='ltr'><strong>sunt</strong></span> <span class='ocrx_word' id='word_1_754' title='bbox 2011 4640 2164 4694; x_wconf 77' lang='lat' dir='ltr'><strong>super</strong></span> <span class='ocrx_word' id='word_1_755' title='bbox 2194 4643 2240 4702; x_wconf 76' lang='grc' dir='ltr'>ι)</span> <span class='ocrx_word' id='word_1_756' title='bbox 2266 4627 2381 4695; x_wconf 88' lang='lat' dir='ltr'><strong>ipso</strong></span> <span class='ocrx_word' id='word_1_757' title='bbox 2410 4640 2689 4680; x_wconf 90' lang='lat' dir='ltr'><strong>remaneas</strong></span> <span class='ocrx_word' id='word_1_758' title='bbox 2715 4625 3088 4681; x_wconf 89' lang='lat' dir='ltr'><strong>damnabiliter</strong></span> <span class='ocrx_word' id='word_1_759' title='bbox 3113 4627 3283 4682; x_wconf 87' lang='lat' dir='ltr'><strong>victus</strong></span> <span class='ocrx_word' id='word_1_760' title='bbox 3302 4668 3318 4693; x_wconf 90' lang='lat'><strong>,</strong></span> <span class='ocrx_word' id='word_1_761' title='bbox 3341 4627 3387 4681; x_wconf 90' lang='lat' dir='ltr'><strong>si</strong></span> <span class='ocrx_word' id='word_1_762' title='bbox 3416 4627 3580 4682; x_wconf 90' lang='lat' dir='ltr'><strong>lueris</strong></span> <span class='ocrx_word' id='word_1_763' title='bbox 3611 4636 3718 4682; x_wconf 70' lang='lat' dir='ltr'><strong>tute</strong></span> <span class='ocrx_word' id='word_1_764' title='bbox 3745 4645 3842 4681; x_wconf 79' lang='lat' dir='ltr'><strong>vo-</strong></span> 
     </span>
    </p>
   </div>
   <div class='ocr_carea' id='block_1_92' title="bbox 582 4711 2164 4785">
    <p class='ocr_par' dir='ltr' id='par_1_92' title="bbox 582 4711 2164 4785">
     <span class='ocr_line' id='line_1_92' title="bbox 582 4711 2164 4785; baseline -0.001 -17"><span class='ocrx_word' id='word_1_765' title='bbox 582 4725 790 4779; x_wconf 86' lang='lat' dir='ltr'><strong>terram,</strong></span> <span class='ocrx_word' id='word_1_766' title='bbox 825 4713 1216 4785; x_wconf 75' lang='lat' dir='ltr'><strong>fornicationem</strong></span> <span class='ocrx_word' id='word_1_767' title='bbox 1239 4750 1253 4773; x_wconf 95' lang='lat'><strong>,</strong></span> <span class='ocrx_word' id='word_1_768' title='bbox 1284 4711 1662 4764; x_wconf 85' lang='lat' dir='ltr'><strong>immunditiam</strong></span> <span class='ocrx_word' id='word_1_769' title='bbox 1687 4751 1702 4773; x_wconf 92' lang='lat'><strong>,</strong></span> <span class='ocrx_word' id='word_1_770' title='bbox 1727 4711 2010 4778; x_wconf 85' lang='lat' dir='ltr'><strong>libidinem,</strong></span> <span class='ocrx_word' id='word_1_771' title='bbox 2045 4731 2164 4768; x_wconf 89' lang='lat' dir='ltr'><strong>con-</strong></span> 
     </span>
    </p>
   </div>
   <div class='ocr_carea' id='block_1_93' title="bbox 581 4801 2158 4874">
    <p class='ocr_par' dir='ltr' id='par_1_93' title="bbox 581 4801 2158 4874">
     <span class='ocr_line' id='line_1_93' title="bbox 581 4801 2158 4874; baseline -0.001 -16"><span class='ocrx_word' id='word_1_772' title='bbox 581 4805 943 4874; x_wconf 77' lang='lat' dir='ltr'><strong>cupiscentiam</strong></span> <span class='ocrx_word' id='word_1_773' title='bbox 979 4803 1190 4865; x_wconf 80' lang='lat' dir='ltr'><strong>malam,</strong></span> <span class='ocrx_word' id='word_1_774' title='bbox 1222 4810 1270 4853; x_wconf 88' lang='lat' dir='ltr'><strong>et</strong></span> <span class='ocrx_word' id='word_1_775' title='bbox 1311 4801 1601 4866; x_wconf 85' lang='lat' dir='ltr'><strong>avaritiam,</strong></span> <span class='ocrx_word' id='word_1_776' title='bbox 1649 4817 1762 4872; x_wconf 75' lang='lat' dir='ltr'><strong>qua:</strong></span> <span class='ocrx_word' id='word_1_777' title='bbox 1790 4811 1865 4854; x_wconf 79' lang='lat' dir='ltr'><strong>est</strong></span> <span class='ocrx_word' id='word_1_778' title='bbox 1903 4802 2158 4856; x_wconf 86' lang='lat' dir='ltr'><strong>idolorum</strong></span> 
     </span>
    </p>
   </div>
   <div class='ocr_carea' id='block_1_94' title="bbox 580 4891 2156 4964">
    <p class='ocr_par' dir='ltr' id='par_1_94' title="bbox 580 4891 2156 4964">
     <span class='ocr_line' id='line_1_94' title="bbox 580 4891 2156 4964; baseline -0.001 -15"><span class='ocrx_word' id='word_1_779' title='bbox 580 4897 791 4950; x_wconf 68' lang='lat' dir='ltr'><strong>servitus</strong></span> <span class='ocrx_word' id='word_1_780' title='bbox 816 4911 833 4946; x_wconf 92' lang='lat'><strong><em>:</em></strong></span> <span class='ocrx_word' id='word_1_781' title='bbox 863 4904 1070 4964; x_wconf 85' lang='lat' dir='ltr'><strong>propter</strong></span> <span class='ocrx_word' id='word_1_782' title='bbox 1106 4907 1219 4962; x_wconf 79' lang='lat' dir='ltr'><strong>qua:</strong></span> <span class='ocrx_word' id='word_1_783' title='bbox 1247 4893 1381 4946; x_wconf 84' lang='lat' dir='ltr'><strong>venit</strong></span> <span class='ocrx_word' id='word_1_784' title='bbox 1421 4893 1502 4946; x_wconf 88' lang='lat' dir='ltr'><strong>ira</strong></span> <span class='ocrx_word' id='word_1_785' title='bbox 1533 4891 1628 4946; x_wconf 88' lang='lat' dir='ltr'><strong>Dei</strong></span> <span class='ocrx_word' id='word_1_786' title='bbox 1658 4893 1714 4946; x_wconf 89' lang='lat' dir='ltr'><strong>in</strong></span> <span class='ocrx_word' id='word_1_787' title='bbox 1757 4893 1897 4962; x_wconf 78' lang='lat' dir='ltr'><strong>ﬁlios</strong></span> <span class='ocrx_word' id='word_1_788' title='bbox 1917 4893 2156 4947; x_wconf 80' lang='lat' dir='ltr'><strong>incredu-</strong></span> 
     </span>
    </p>
   </div>
   <div class='ocr_carea' id='block_1_95' title="bbox 577 4981 2156 5055">
    <p class='ocr_par' dir='ltr' id='par_1_95' title="bbox 577 4981 2156 5055">
     <span class='ocr_line' id='line_1_95' title="bbox 577 4981 2156 5055; baseline -0.001 -15"><span class='ocrx_word' id='word_1_789' title='bbox 577 4988 740 5043; x_wconf 81' lang='lat' dir='ltr'><strong>litatis</strong></span> <span class='ocrx_word' id='word_1_790' title='bbox 772 4983 992 5055; x_wconf 79' lang='lat' dir='ltr'><strong>(Coloss.</strong></span> <span class='ocrx_word' id='word_1_791' title='bbox 1031 5000 1106 5048; x_wconf 89' lang='grc' dir='ltr'>ιιι,</span> <span class='ocrx_word' id='word_1_792' title='bbox 1135 4983 1188 5048; x_wconf 86' lang='grc'><strong>5,</strong></span> <span class='ocrx_word' id='word_1_793' title='bbox 1221 4982 1298 5052; x_wconf 88' lang='lat'><strong>6).</strong></span> <span class='ocrx_word' id='word_1_794' title='bbox 1331 4981 1469 5037; x_wconf 90' lang='lat' dir='ltr'><strong>Ecce</strong></span> <span class='ocrx_word' id='word_1_795' title='bbox 1512 4983 1698 5047; x_wconf 90' lang='lat' dir='ltr'><strong>habes,</strong></span> <span class='ocrx_word' id='word_1_796' title='bbox 1748 4983 1930 5047; x_wconf 91' lang='lat' dir='ltr'><strong>homo,</strong></span> <span class='ocrx_word' id='word_1_797' title='bbox 1955 4997 2072 5052; x_wconf 68' lang='lat' dir='ltr'><strong>qum</strong></span> <span class='ocrx_word' id='word_1_798' title='bbox 2102 4984 2156 5038; x_wconf 92' lang='lat' dir='ltr'><strong>in</strong></span> 
     </span>
    </p>
   </div>
   <div class='ocr_carea' id='block_1_96' title="bbox 577 5071 2154 5146">
    <p class='ocr_par' dir='ltr' id='par_1_96' title="bbox 577 5071 2154 5146">
     <span class='ocr_line' id='line_1_96' title="bbox 577 5071 2154 5146; baseline -0.004 -16"><span class='ocrx_word' id='word_1_799' title='bbox 577 5085 631 5131; x_wconf 88' lang='lat' dir='ltr'><strong>te</strong></span> <span class='ocrx_word' id='word_1_800' title='bbox 655 5076 883 5146; x_wconf 88' lang='lat' dir='ltr'><strong>judices,</strong></span> <span class='ocrx_word' id='word_1_801' title='bbox 925 5073 1087 5128; x_wconf 83' lang='lat' dir='ltr'><strong>habes</strong></span> <span class='ocrx_word' id='word_1_802' title='bbox 1104 5087 1222 5141; x_wconf 76' lang='lat' dir='ltr'><strong>quae</strong></span> <span class='ocrx_word' id='word_1_803' title='bbox 1250 5071 1604 5134; x_wconf 88' lang='lat' dir='ltr'><strong>condemnes,</strong></span> <span class='ocrx_word' id='word_1_804' title='bbox 1629 5086 1746 5139; x_wconf 64' lang='lat' dir='ltr'><strong>quae</strong></span> <span class='ocrx_word' id='word_1_805' title='bbox 1786 5071 1839 5124; x_wconf 92' lang='lat' dir='ltr'><strong>in</strong></span> <span class='ocrx_word' id='word_1_806' title='bbox 1869 5079 1922 5124; x_wconf 91' lang='lat' dir='ltr'><strong>te</strong></span> <span class='ocrx_word' id='word_1_807' title='bbox 1966 5072 2154 5125; x_wconf 89' lang='lat' dir='ltr'><strong>morti-</strong></span> 
     </span>
    </p>
   </div>
   <div class='ocr_carea' id='block_1_97' title="bbox 578 5158 2150 5232">
    <p class='ocr_par' dir='ltr' id='par_1_97' title="bbox 578 5158 2150 5232">
     <span class='ocr_line' id='line_1_97' title="bbox 578 5158 2150 5232; baseline -0.002 -15"><span class='ocrx_word' id='word_1_808' title='bbox 578 5163 726 5220; x_wconf 82' lang='lat' dir='ltr'><strong>fices.</strong></span> <span class='ocrx_word' id='word_1_809' title='bbox 752 5163 856 5218; x_wconf 86' lang='lat' dir='ltr'><strong>ista</strong></span> <span class='ocrx_word' id='word_1_810' title='bbox 884 5161 1086 5232; x_wconf 90' lang='lat' dir='ltr'><strong>judica,</strong></span> <span class='ocrx_word' id='word_1_811' title='bbox 1118 5171 1171 5216; x_wconf 91' lang='lat' dir='ltr'><strong>et</strong></span> <span class='ocrx_word' id='word_1_812' title='bbox 1193 5177 1298 5215; x_wconf 94' lang='lat' dir='ltr'><strong>non</strong></span> <span class='ocrx_word' id='word_1_813' title='bbox 1325 5159 1669 5228; x_wconf 88' lang='lat' dir='ltr'><strong>judicaberis.</strong></span> <span class='ocrx_word' id='word_1_814' title='bbox 1702 5158 1807 5214; x_wconf 86' lang='lat' dir='ltr'><strong>Ista</strong></span> <span class='ocrx_word' id='word_1_815' title='bbox 1833 5161 2150 5227; x_wconf 89' lang='lat' dir='ltr'><strong>condemna,</strong></span> 
     </span>
    </p>
   </div>
   <div class='ocr_carea' id='block_1_98' title="bbox 575 5243 2154 5314">
    <p class='ocr_par' dir='ltr' id='par_1_98' title="bbox 575 5243 2154 5314">
     <span class='ocr_line' id='line_1_98' title="bbox 575 5243 2154 5314; baseline -0.001 -7"><span class='ocrx_word' id='word_1_816' title='bbox 575 5261 630 5307; x_wconf 91' lang='lat' dir='ltr'><strong>et</strong></span> <span class='ocrx_word' id='word_1_817' title='bbox 651 5268 759 5307; x_wconf 90' lang='lat' dir='ltr'><strong>non</strong></span> <span class='ocrx_word' id='word_1_818' title='bbox 787 5251 1248 5309; x_wconf 88' lang='lat' dir='ltr'><strong>condemnaberis.</strong></span> <span class='ocrx_word' id='word_1_819' title='bbox 1277 5249 1381 5306; x_wconf 83' lang='lat' dir='ltr'><strong>Ista</strong></span> <span class='ocrx_word' id='word_1_820' title='bbox 1411 5250 1672 5305; x_wconf 80' lang='lat' dir='ltr'><strong>mortifica</strong></span> <span class='ocrx_word' id='word_1_821' title='bbox 1692 5289 1706 5314; x_wconf 95' lang='lat'><strong>,</strong></span> <span class='ocrx_word' id='word_1_822' title='bbox 1740 5258 1795 5303; x_wconf 92' lang='lat' dir='ltr'><strong>et</strong></span> <span class='ocrx_word' id='word_1_823' title='bbox 1819 5266 1924 5305; x_wconf 91' lang='lat' dir='ltr'><strong>non</strong></span> <span class='ocrx_word' id='word_1_824' title='bbox 1954 5243 2154 5306; x_wconf 68' lang='lat' dir='ltr'><strong>morie-</strong></span> 
     </span>
    </p>
   </div>
   <div class='ocr_carea' id='block_1_99' title="bbox 575 5343 2154 5412">
    <p class='ocr_par' dir='ltr' id='par_1_99' title="bbox 575 5343 2154 5412">
     <span class='ocr_line' id='line_1_99' title="bbox 575 5343 2154 5412; baseline -0.001 -15"><span class='ocrx_word' id='word_1_825' title='bbox 575 5345 668 5399; x_wconf 87' lang='lat' dir='ltr'><strong>ris.</strong></span> <span class='ocrx_word' id='word_1_826' title='bbox 708 5345 806 5401; x_wconf 81' lang='lat' dir='ltr'><strong>llic</strong></span> <span class='ocrx_word' id='word_1_827' title='bbox 826 5354 944 5400; x_wconf 85' lang='lat' dir='ltr'><strong>esto</strong></span> <span class='ocrx_word' id='word_1_828' title='bbox 970 5344 1341 5400; x_wconf 86' lang='lat' dir='ltr'><strong>severissimus</strong></span> <span class='ocrx_word' id='word_1_829' title='bbox 1359 5343 1523 5412; x_wconf 84' lang='lat' dir='ltr'><strong>judex</strong></span> <span class='ocrx_word' id='word_1_830' title='bbox 1548 5383 1563 5409; x_wconf 89' lang='lat'><strong>,</strong></span> <span class='ocrx_word' id='word_1_831' title='bbox 1603 5344 1692 5398; x_wconf 91' lang='lat' dir='ltr'><strong>hic</strong></span> <span class='ocrx_word' id='word_1_832' title='bbox 1718 5353 1834 5398; x_wconf 88' lang='lat' dir='ltr'><strong>esto</strong></span> <span class='ocrx_word' id='word_1_833' title='bbox 1862 5344 2154 5398; x_wconf 89' lang='lat' dir='ltr'><strong>vehemen-</strong></span> 
     </span>
    </p>
   </div>
   <div class='ocr_carea' id='block_1_100' title="bbox 568 5428 2155 5510">
    <p class='ocr_par' dir='ltr' id='par_1_100' title="bbox 568 5428 2155 5510">
     <span class='ocr_line' id='line_1_100' title="bbox 568 5428 2155 5510; baseline -0.003 -23"><span class='ocrx_word' id='word_1_834' title='bbox 568 5434 812 5502; x_wconf 83' lang='lat' dir='ltr'><strong>tissimus</strong></span> <span class='ocrx_word' id='word_1_835' title='bbox 841 5428 1100 5489; x_wconf 81' lang='lat' dir='ltr'><strong>carnifex.</strong></span> <span class='ocrx_word' id='word_1_836' title='bbox 1120 5432 1226 5488; x_wconf 87' lang='lat' dir='ltr'><strong>lsta</strong></span> <span class='ocrx_word' id='word_1_837' title='bbox 1251 5441 1397 5510; x_wconf 81' lang='lat' dir='ltr'><strong>recte</strong></span> <span class='ocrx_word' id='word_1_838' title='bbox 1425 5431 1814 5486; x_wconf 85' lang='lat' dir='ltr'><strong>considerando</strong></span> <span class='ocrx_word' id='word_1_839' title='bbox 1832 5431 2032 5499; x_wconf 90' lang='lat' dir='ltr'><strong>judica,</strong></span> <span class='ocrx_word' id='word_1_840' title='bbox 2057 5430 2155 5484; x_wconf 89' lang='lat' dir='ltr'><strong>ab-</strong></span> 
     </span>
    </p>
   </div>
   <div class='ocr_carea' id='block_1_101' title="bbox 577 5519 2153 5595">
    <p class='ocr_par' dir='ltr' id='par_1_101' title="bbox 577 5519 2153 5595">
     <span class='ocr_line' id='line_1_101' title="bbox 577 5519 2153 5595; baseline -0.003 -17"><span class='ocrx_word' id='word_1_841' title='bbox 577 5523 805 5595; x_wconf 85' lang='lat' dir='ltr'><strong>jiciendo</strong></span> <span class='ocrx_word' id='word_1_842' title='bbox 827 5523 1108 5578; x_wconf 88' lang='lat' dir='ltr'><strong>mortilica.</strong></span> <span class='ocrx_word' id='word_1_843' title='bbox 1133 5522 1189 5577; x_wconf 88' lang='lat' dir='ltr'><strong>Si</strong></span> <span class='ocrx_word' id='word_1_844' title='bbox 1213 5523 1357 5577; x_wconf 90' lang='lat' dir='ltr'><strong>enim</strong></span> <span class='ocrx_word' id='word_1_845' title='bbox 1379 5529 1598 5591; x_wconf 90' lang='lat' dir='ltr'><strong>peccata</strong></span> <span class='ocrx_word' id='word_1_846' title='bbox 1623 5530 1712 5574; x_wconf 87' lang='lat' dir='ltr'><strong>tua</strong></span> <span class='ocrx_word' id='word_1_847' title='bbox 1734 5529 1881 5576; x_wconf 89' lang='lat' dir='ltr'><strong>recte</strong></span> <span class='ocrx_word' id='word_1_848' title='bbox 1901 5519 2153 5575; x_wconf 84' lang='lat' dir='ltr'><strong>conside-</strong></span> 
     </span>
    </p>
   </div>
   <div class='ocr_carea' id='block_1_102' title="bbox 575 5608 2154 5681">
    <p class='ocr_par' dir='ltr' id='par_1_102' title="bbox 575 5608 2154 5681">
     <span class='ocr_line' id='line_1_102' title="bbox 575 5608 2154 5681; baseline -0.004 -12"><span class='ocrx_word' id='word_1_849' title='bbox 575 5615 801 5676; x_wconf 83' lang='lat' dir='ltr'><strong>raverls,</strong></span> <span class='ocrx_word' id='word_1_850' title='bbox 826 5612 1104 5681; x_wconf 90' lang='lat' dir='ltr'><strong>judicasti;</strong></span> <span class='ocrx_word' id='word_1_851' title='bbox 1127 5613 1170 5669; x_wconf 90' lang='lat' dir='ltr'><strong>si</strong></span> <span class='ocrx_word' id='word_1_852' title='bbox 1196 5612 1479 5680; x_wconf 88' lang='lat' dir='ltr'><strong>abjeceris,</strong></span> <span class='ocrx_word' id='word_1_853' title='bbox 1512 5611 1772 5667; x_wconf 89' lang='lat' dir='ltr'><strong>occidisti.</strong></span> <span class='ocrx_word' id='word_1_854' title='bbox 1807 5609 1875 5664; x_wconf 87' lang='lat' dir='ltr'><strong>Ut</strong></span> <span class='ocrx_word' id='word_1_855' title='bbox 1901 5621 2029 5676; x_wconf 88' lang='lat' dir='ltr'><strong>ergo</strong></span> <span class='ocrx_word' id='word_1_856' title='bbox 2056 5608 2154 5663; x_wconf 90' lang='lat' dir='ltr'><strong>de-</strong></span> 
     </span>
    </p>
   </div>
   <div class='ocr_carea' id='block_1_103' title="bbox 574 5700 2154 5770">
    <p class='ocr_par' dir='ltr' id='par_1_103' title="bbox 574 5700 2154 5770">
     <span class='ocr_line' id='line_1_103' title="bbox 574 5700 2154 5770; baseline -0.003 -11"><span class='ocrx_word' id='word_1_857' title='bbox 574 5703 766 5759; x_wconf 86' lang='lat' dir='ltr'><strong>fendas</strong></span> <span class='ocrx_word' id='word_1_858' title='bbox 796 5713 869 5767; x_wconf 86' lang='lat' dir='ltr'><strong>te,</strong></span> <span class='ocrx_word' id='word_1_859' title='bbox 902 5719 1092 5759; x_wconf 92' lang='lat' dir='ltr'><strong>accusa</strong></span> <span class='ocrx_word' id='word_1_860' title='bbox 1126 5712 1204 5768; x_wconf 91' lang='lat' dir='ltr'><strong>te;</strong></span> <span class='ocrx_word' id='word_1_861' title='bbox 1239 5711 1297 5758; x_wconf 92' lang='lat' dir='ltr'><strong>ut</strong></span> <span class='ocrx_word' id='word_1_862' title='bbox 1324 5703 1572 5758; x_wconf 87' lang='lat' dir='ltr'><strong>absolvas</strong></span> <span class='ocrx_word' id='word_1_863' title='bbox 1590 5711 1674 5769; x_wconf 84' lang='lat' dir='ltr'><strong>&#39;te,</strong></span> <span class='ocrx_word' id='word_1_864' title='bbox 1697 5700 1878 5770; x_wconf 90' lang='lat' dir='ltr'><strong>judica</strong></span> <span class='ocrx_word' id='word_1_865' title='bbox 1908 5708 1987 5766; x_wconf 91' lang='lat' dir='ltr'><strong>te;</strong></span> <span class='ocrx_word' id='word_1_866' title='bbox 2018 5705 2074 5754; x_wconf 93' lang='lat' dir='ltr'><strong>et</strong></span> <span class='ocrx_word' id='word_1_867' title='bbox 2095 5708 2154 5754; x_wconf 91' lang='lat' dir='ltr'><strong>ut</strong></span> 
     </span>
    </p>
   </div>
   <div class='ocr_carea' id='block_1_104' title="bbox 575 5794 2152 5867">
    <p class='ocr_par' dir='ltr' id='par_1_104' title="bbox 575 5794 2152 5867">
     <span class='ocr_line' id='line_1_104' title="bbox 575 5794 2152 5867; baseline -0.004 -15"><span class='ocrx_word' id='word_1_868' title='bbox 575 5799 642 5852; x_wconf 81' lang='lat' dir='ltr'><strong>ad</strong></span> <span class='ocrx_word' id='word_1_869' title='bbox 672 5799 950 5853; x_wconf 89' lang='lat' dir='ltr'><strong>victoriam</strong></span> <span class='ocrx_word' id='word_1_870' title='bbox 991 5797 1252 5867; x_wconf 88' lang='lat' dir='ltr'><strong>perducas</strong></span> <span class='ocrx_word' id='word_1_871' title='bbox 1278 5811 1495 5852; x_wconf 89' lang='lat' dir='ltr'><strong>causam</strong></span> <span class='ocrx_word' id='word_1_872' title='bbox 1524 5804 1690 5863; x_wconf 90' lang='lat' dir='ltr'><strong>tuam,</strong></span> <span class='ocrx_word' id='word_1_873' title='bbox 1713 5794 1991 5850; x_wconf 90' lang='lat' dir='ltr'><strong>considera</strong></span> <span class='ocrx_word' id='word_1_874' title='bbox 2021 5808 2152 5847; x_wconf 92' lang='lat' dir='ltr'><strong>con-</strong></span> 
     </span>
    </p>
   </div>
   <div class='ocr_carea' id='block_1_105' title="bbox 571 5881 2147 5954">
    <p class='ocr_par' dir='ltr' id='par_1_105' title="bbox 571 5881 2147 5954">
     <span class='ocr_line' id='line_1_105' title="bbox 571 5881 2147 5954; baseline -0.008 -5"><span class='ocrx_word' id='word_1_875' title='bbox 571 5889 848 5950; x_wconf 71' lang='lat' dir='ltr'><strong>scientiam</strong></span> <span class='ocrx_word' id='word_1_876' title='bbox 871 5897 1037 5945; x_wconf 88' lang='lat' dir='ltr'><strong>tuam.</strong></span> <span class='ocrx_word' id='word_1_877' title='bbox 1068 5886 1309 5954; x_wconf 77' lang='lat' dir='ltr'><strong>Agnosce</strong></span> <span class='ocrx_word' id='word_1_878' title='bbox 1339 5886 1671 5952; x_wconf 88' lang='lat' dir='ltr'><strong>iniquitatem</strong></span> <span class='ocrx_word' id='word_1_879' title='bbox 1695 5893 1859 5951; x_wconf 89' lang='lat' dir='ltr'><strong>tuam,</strong></span> <span class='ocrx_word' id='word_1_880' title='bbox 1884 5881 2147 5939; x_wconf 82' lang='lat' dir='ltr'><strong>mortiﬁca</strong></span> 
     </span>
    </p>
   </div>
   <div class='ocr_carea' id='block_1_106' title="bbox 2262 4717 3840 4786">
    <p class='ocr_par' dir='ltr' id='par_1_106' title="bbox 2262 4717 3840 4786">
     <span class='ocr_line' id='line_1_106' title="bbox 2262 4717 3840 4786; baseline -0.001 -14"><span class='ocrx_word' id='word_1_881' title='bbox 2262 4719 2480 4772; x_wconf 90' lang='lat' dir='ltr'><strong>luntatis</strong></span> <span class='ocrx_word' id='word_1_882' title='bbox 2502 4717 2631 4771; x_wconf 88' lang='lat' dir='ltr'><strong>vitio</strong></span> <span class='ocrx_word' id='word_1_883' title='bbox 2655 4717 2995 4786; x_wconf 89' lang='lat' dir='ltr'><strong>depravatus.</strong></span> <span class='ocrx_word' id='word_1_884' title='bbox 3028 4717 3177 4772; x_wconf 87' lang='lat' dir='ltr'><strong>Tunc</strong></span> <span class='ocrx_word' id='word_1_885' title='bbox 3216 4719 3394 4786; x_wconf 90' lang='lat' dir='ltr'><strong>itaque</strong></span> <span class='ocrx_word' id='word_1_886' title='bbox 3417 4719 3693 4773; x_wconf 89' lang='lat' dir='ltr'><strong>hominem</strong></span> <span class='ocrx_word' id='word_1_887' title='bbox 3725 4735 3840 4772; x_wconf 84' lang='lat' dir='ltr'><strong>ma-</strong></span> 
     </span>
    </p>
   </div>
   <div class='ocr_carea' id='block_1_107' title="bbox 2261 4805 3838 4878">
    <p class='ocr_par' dir='ltr' id='par_1_107' title="bbox 2261 4805 3838 4878">
     <span class='ocr_line' id='line_1_107' title="bbox 2261 4805 3838 4878; baseline 0.003 -20"><span class='ocrx_word' id='word_1_888' title='bbox 2261 4805 2370 4860; x_wconf 92' lang='lat' dir='ltr'><strong>lum</strong></span> <span class='ocrx_word' id='word_1_889' title='bbox 2399 4806 2697 4861; x_wconf 89' lang='lat' dir='ltr'><strong>certissime</strong></span> <span class='ocrx_word' id='word_1_890' title='bbox 2718 4807 3016 4876; x_wconf 90' lang='lat' dir='ltr'><strong>superabis,</strong></span> <span class='ocrx_word' id='word_1_891' title='bbox 3039 4808 3085 4862; x_wconf 87' lang='lat' dir='ltr'><strong>si</strong></span> <span class='ocrx_word' id='word_1_892' title='bbox 3113 4808 3284 4862; x_wconf 91' lang='lat' dir='ltr'><strong>bonus</strong></span> <span class='ocrx_word' id='word_1_893' title='bbox 3313 4808 3426 4878; x_wconf 89' lang='lat' dir='ltr'><strong>ipse</strong></span> <span class='ocrx_word' id='word_1_894' title='bbox 3455 4810 3838 4877; x_wconf 77' lang='lat' dir='ltr'><strong>pet-manseris,</strong></span> 
     </span>
    </p>
   </div>
   <div class='ocr_carea' id='block_1_108' title="bbox 2259 4895 3836 4969">
    <p class='ocr_par' dir='ltr' id='par_1_108' title="bbox 2259 4895 3836 4969">
     <span class='ocr_line' id='line_1_108' title="bbox 2259 4895 3836 4969; baseline 0.001 -20"><span class='ocrx_word' id='word_1_895' title='bbox 2259 4895 2304 4949; x_wconf 90' lang='lat' dir='ltr'><strong>si</strong></span> <span class='ocrx_word' id='word_1_896' title='bbox 2347 4912 2451 4950; x_wconf 91' lang='lat' dir='ltr'><strong>non</strong></span> <span class='ocrx_word' id='word_1_897' title='bbox 2492 4912 2590 4965; x_wconf 87' lang='lat' dir='ltr'><strong>pro</strong></span> <span class='ocrx_word' id='word_1_898' title='bbox 2621 4897 2773 4951; x_wconf 90' lang='lat' dir='ltr'><strong>malis</strong></span> <span class='ocrx_word' id='word_1_899' title='bbox 2799 4898 2938 4959; x_wconf 87' lang='lat' dir='ltr'><strong>mala</strong></span> <span class='ocrx_word' id='word_1_900' title='bbox 2959 4939 2972 4962; x_wconf 90' lang='lat'><strong>,</strong></span> <span class='ocrx_word' id='word_1_901' title='bbox 2997 4898 3092 4952; x_wconf 90' lang='lat' dir='ltr'><strong>sed</strong></span> <span class='ocrx_word' id='word_1_902' title='bbox 3122 4914 3219 4969; x_wconf 88' lang='lat' dir='ltr'><strong>pro</strong></span> <span class='ocrx_word' id='word_1_903' title='bbox 3240 4899 3394 4952; x_wconf 88' lang='lat' dir='ltr'><strong>malis</strong></span> <span class='ocrx_word' id='word_1_904' title='bbox 3420 4898 3563 4952; x_wconf 88' lang='lat' dir='ltr'><strong>bona</strong></span> <span class='ocrx_word' id='word_1_905' title='bbox 3589 4898 3836 4952; x_wconf 81' lang='lat' dir='ltr'><strong>reddide-</strong></span> 
     </span>
    </p>
   </div>
   <div class='ocr_carea' id='block_1_109' title="bbox 2259 4983 3836 5054">
    <p class='ocr_par' dir='ltr' id='par_1_109' title="bbox 2259 4983 3836 5054">
     <span class='ocr_line' id='line_1_109' title="bbox 2259 4983 3836 5054; baseline 0.001 -18"><span class='ocrx_word' id='word_1_906' title='bbox 2259 4983 2351 5036; x_wconf 93' lang='lat' dir='ltr'><strong>ris.</strong></span> <span class='ocrx_word' id='word_1_907' title='bbox 2387 4983 2613 5052; x_wconf 88' lang='lat' dir='ltr'><strong>Propter</strong></span> <span class='ocrx_word' id='word_1_908' title='bbox 2640 4984 2781 5052; x_wconf 78' lang='lat' dir='ltr'><strong>quod</strong></span> <span class='ocrx_word' id='word_1_909' title='bbox 2813 4985 3122 5054; x_wconf 85' lang='lat' dir='ltr'><strong>Apostolus,</strong></span> <span class='ocrx_word' id='word_1_910' title='bbox 3167 4986 3258 5054; x_wconf 88' lang='lat' dir='ltr'><strong>qui</strong></span> <span class='ocrx_word' id='word_1_911' title='bbox 3287 4985 3362 5039; x_wconf 88' lang='lat' dir='ltr'><strong>ait</strong></span> <span class='ocrx_word' id='word_1_912' title='bbox 3401 5003 3414 5038; x_wconf 91' lang='lat'>:</span> <span class='ocrx_word' id='word_1_913' title='bbox 3464 4984 3614 5039; x_wconf 85' lang='lat' dir='ltr'><strong>Nulli</strong></span> <span class='ocrx_word' id='word_1_914' title='bbox 3645 4989 3836 5038; x_wconf 72' lang='lat' dir='ltr'><strong>malum</strong></span> 
     </span>
    </p>
   </div>
   <div class='ocr_carea' id='block_1_110' title="bbox 2256 5075 3833 5146">
    <p class='ocr_par' dir='ltr' id='par_1_110' title="bbox 2256 5075 3833 5146">
     <span class='ocr_line' id='line_1_110' title="bbox 2256 5075 3833 5146; baseline 0.001 -20"><span class='ocrx_word' id='word_1_915' title='bbox 2256 5091 2349 5142; x_wconf 86' lang='lat' dir='ltr'><strong>pro</strong></span> <span class='ocrx_word' id='word_1_916' title='bbox 2400 5076 2536 5128; x_wconf 84' lang='lat' dir='ltr'><strong>malo</strong></span> <span class='ocrx_word' id='word_1_917' title='bbox 2575 5075 2876 5139; x_wconf 82' lang='lat' dir='ltr'><strong>reddentes;</strong></span> <span class='ocrx_word' id='word_1_918' title='bbox 2914 5077 3074 5146; x_wconf 89' lang='lat' dir='ltr'><strong>paulo</strong></span> <span class='ocrx_word' id='word_1_919' title='bbox 3103 5085 3224 5146; x_wconf 89' lang='lat' dir='ltr'><strong>post</strong></span> <span class='ocrx_word' id='word_1_920' title='bbox 3244 5077 3372 5131; x_wconf 90' lang='lat' dir='ltr'><strong>dicit</strong></span> <span class='ocrx_word' id='word_1_921' title='bbox 3405 5095 3417 5128; x_wconf 93' lang='lat'><strong>:</strong></span> <span class='ocrx_word' id='word_1_922' title='bbox 3452 5075 3580 5130; x_wconf 79' lang='lat' dir='ltr'><strong>Noli</strong></span> <span class='ocrx_word' id='word_1_923' title='bbox 3626 5079 3758 5130; x_wconf 77' lang='lat' dir='ltr'><strong>vinci</strong></span> <span class='ocrx_word' id='word_1_924' title='bbox 3802 5093 3833 5128; x_wconf 79' lang='grc' dir='ltr'>α</span> 
     </span>
    </p>
   </div>
   <div class='ocr_carea' id='block_1_111' title="bbox 2259 5165 3545 5240">
    <p class='ocr_par' dir='ltr' id='par_1_111' title="bbox 2259 5165 3545 5240">
     <span class='ocr_line' id='line_1_111' title="bbox 2259 5165 3545 5240; baseline 0.005 -24"><span class='ocrx_word' id='word_1_925' title='bbox 2259 5166 2414 5227; x_wconf 90' lang='lat' dir='ltr'><strong>malo,</strong></span> <span class='ocrx_word' id='word_1_926' title='bbox 2447 5166 2534 5218; x_wconf 86' lang='lat' dir='ltr'><strong>sed</strong></span> <span class='ocrx_word' id='word_1_927' title='bbox 2562 5165 2704 5219; x_wconf 78' lang='lat' dir='ltr'><strong>uince</strong></span> <span class='ocrx_word' id='word_1_928' title='bbox 2739 5169 2792 5219; x_wconf 86' lang='lat' dir='ltr'><strong>in</strong></span> <span class='ocrx_word' id='word_1_929' title='bbox 2823 5167 2953 5221; x_wconf 87' lang='lat' dir='ltr'><strong>bono</strong></span> <span class='ocrx_word' id='word_1_930' title='bbox 2998 5168 3189 5221; x_wconf 89' lang='lat' dir='ltr'><strong>malum</strong></span> <span class='ocrx_word' id='word_1_931' title='bbox 3219 5167 3406 5240; x_wconf 88' lang='lat' dir='ltr'><strong>(Ibid.,</strong></span> <span class='ocrx_word' id='word_1_932' title='bbox 3434 5169 3545 5236; x_wconf 74' lang='lat'><strong>2|).</strong></span> 
     </span>
    </p>
   </div>
   <div class='ocr_carea' id='block_1_112' title="bbox 2333 5254 3835 5327">
    <p class='ocr_par' dir='ltr' id='par_1_112' title="bbox 2333 5254 3835 5327">
     <span class='ocr_line' id='line_1_112' title="bbox 2333 5254 3835 5327; baseline 0.003 -21"><span class='ocrx_word' id='word_1_933' title='bbox 2333 5254 2383 5308; x_wconf 88' lang='lat'><strong>7.</strong></span> <span class='ocrx_word' id='word_1_934' title='bbox 2432 5254 2571 5310; x_wconf 86' lang='lat' dir='ltr'><strong>Ecce</strong></span> <span class='ocrx_word' id='word_1_935' title='bbox 2621 5265 2677 5308; x_wconf 92' lang='lat' dir='ltr'><strong>ut</strong></span> <span class='ocrx_word' id='word_1_936' title='bbox 2716 5257 2846 5310; x_wconf 91' lang='lat' dir='ltr'><strong>nulli</strong></span> <span class='ocrx_word' id='word_1_937' title='bbox 2894 5257 3092 5311; x_wconf 90' lang='lat' dir='ltr'><strong>malum</strong></span> <span class='ocrx_word' id='word_1_938' title='bbox 3133 5274 3229 5327; x_wconf 89' lang='lat' dir='ltr'><strong>pro</strong></span> <span class='ocrx_word' id='word_1_939' title='bbox 3259 5259 3400 5312; x_wconf 89' lang='lat' dir='ltr'><strong>malo</strong></span> <span class='ocrx_word' id='word_1_940' title='bbox 3427 5259 3734 5320; x_wconf 86' lang='lat' dir='ltr'><strong>reddamus,</strong></span> <span class='ocrx_word' id='word_1_941' title='bbox 3768 5257 3835 5311; x_wconf 79' lang='lat' dir='ltr'><strong>ab</strong></span> 
     </span>
    </p>
   </div>
   <div class='ocr_carea' id='block_1_113' title="bbox 2262 5331 3860 5414">
    <p class='ocr_par' dir='ltr' id='par_1_113' title="bbox 2262 5331 3860 5414">
     <span class='ocr_line' id='line_1_113' title="bbox 2262 5331 3860 5414; baseline 0.004 -18"><span class='ocrx_word' id='word_1_942' title='bbox 2262 5343 2518 5414; x_wconf 86' lang='lat' dir='ltr'><strong>Apostolo</strong></span> <span class='ocrx_word' id='word_1_943' title='bbox 2561 5346 2718 5400; x_wconf 90' lang='lat' dir='ltr'><strong>simul</strong></span> <span class='ocrx_word' id='word_1_944' title='bbox 2748 5347 3045 5402; x_wconf 89' lang='lat' dir='ltr'><strong>audivimus</strong></span> <span class='ocrx_word' id='word_1_945' title='bbox 3077 5365 3090 5401; x_wconf 89' lang='lat'><strong>:</strong></span> <span class='ocrx_word' id='word_1_946' title='bbox 3141 5356 3196 5402; x_wconf 93' lang='lat' dir='ltr'><strong>ut</strong></span> <span class='ocrx_word' id='word_1_947' title='bbox 3225 5349 3384 5402; x_wconf 89' lang='lat' dir='ltr'><strong>etiam</strong></span> <span class='ocrx_word' id='word_1_948' title='bbox 3416 5349 3666 5404; x_wconf 88' lang='lat' dir='ltr'><strong>omnibus</strong></span> <span class='ocrx_word' id='word_1_949' title='bbox 3693 5331 3860 5403; x_wconf 44' lang='lat' dir='ltr'><strong>bona.</strong></span> 
     </span>
    </p>
   </div>
   <div class='ocr_carea' id='block_1_114' title="bbox 2222 5432 3828 5506">
    <p class='ocr_par' dir='ltr' id='par_1_114' title="bbox 2222 5432 3828 5506">
     <span class='ocr_line' id='line_1_114' title="bbox 2222 5432 3828 5506; baseline 0.002 -18"><span class='ocrx_word' id='word_1_950' title='bbox 2222 5480 2230 5488; x_wconf 94' lang='lat'><strong>.</strong></span> <span class='ocrx_word' id='word_1_951' title='bbox 2261 5432 2517 5488; x_wconf 86' lang='lat' dir='ltr'><strong>faciamus</strong></span> <span class='ocrx_word' id='word_1_952' title='bbox 2539 5475 2553 5498; x_wconf 94' lang='lat'><strong>,</strong></span> <span class='ocrx_word' id='word_1_953' title='bbox 2578 5436 2644 5488; x_wconf 90' lang='lat' dir='ltr'><strong>ab</strong></span> <span class='ocrx_word' id='word_1_954' title='bbox 2674 5436 2791 5504; x_wconf 89' lang='lat' dir='ltr'><strong>ipso</strong></span> <span class='ocrx_word' id='word_1_955' title='bbox 2820 5452 3002 5490; x_wconf 88' lang='lat' dir='ltr'><strong>rursus</strong></span> <span class='ocrx_word' id='word_1_956' title='bbox 3027 5438 3273 5506; x_wconf 87' lang='lat' dir='ltr'><strong>apostolo</strong></span> <span class='ocrx_word' id='word_1_957' title='bbox 3301 5439 3506 5506; x_wconf 87' lang='lat' dir='ltr'><strong>pariter</strong></span> <span class='ocrx_word' id='word_1_958' title='bbox 3530 5439 3828 5501; x_wconf 86' lang='lat' dir='ltr'><strong>audiamus,</strong></span> 
     </span>
    </p>
   </div>
   <div class='ocr_carea' id='block_1_115' title="bbox 2259 5526 3831 5600">
    <p class='ocr_par' dir='ltr' id='par_1_115' title="bbox 2259 5526 3831 5600">
     <span class='ocr_line' id='line_1_115' title="bbox 2259 5526 3831 5600; baseline 0.002 -21"><span class='ocrx_word' id='word_1_959' title='bbox 2259 5527 2350 5594; x_wconf 87' lang='lat' dir='ltr'><strong>qui</strong></span> <span class='ocrx_word' id='word_1_960' title='bbox 2379 5527 2452 5579; x_wconf 88' lang='lat' dir='ltr'><strong>ait</strong></span> <span class='ocrx_word' id='word_1_961' title='bbox 2479 5545 2490 5579; x_wconf 91' lang='lat'>:</span> <span class='ocrx_word' id='word_1_962' title='bbox 2524 5526 2663 5597; x_wconf 82' lang='lat' dir='ltr'><strong>Erga</strong></span> <span class='ocrx_word' id='word_1_963' title='bbox 2692 5527 2812 5581; x_wconf 87' lang='lat' dir='ltr'><strong>dum</strong></span> <span class='ocrx_word' id='word_1_964' title='bbox 2840 5536 3035 5597; x_wconf 81' lang='lat' dir='ltr'><strong>tempus</strong></span> <span class='ocrx_word' id='word_1_965' title='bbox 3065 5529 3322 5593; x_wconf 82' lang='lat' dir='ltr'><strong>habemus,</strong></span> <span class='ocrx_word' id='word_1_966' title='bbox 3355 5548 3623 5600; x_wconf 81' lang='lat' dir='ltr'><strong>operentur</strong></span> <span class='ocrx_word' id='word_1_967' title='bbox 3645 5531 3831 5584; x_wconf 82' lang='lat' dir='ltr'><strong>bonum</strong></span> 
     </span>
    </p>
   </div>
   <div class='ocr_carea' id='block_1_116' title="bbox 2257 5613 3908 5691">
    <p class='ocr_par' dir='ltr' id='par_1_116' title="bbox 2257 5613 3908 5691">
     <span class='ocr_line' id='line_1_116' title="bbox 2257 5613 3908 5691; baseline 0.004 -23"><span class='ocrx_word' id='word_1_968' title='bbox 2257 5617 2326 5669; x_wconf 88' lang='lat' dir='ltr'><strong>ad</strong></span> <span class='ocrx_word' id='word_1_969' title='bbox 2351 5633 2524 5670; x_wconf 84' lang='lat' dir='ltr'><strong>omnes</strong></span> <span class='ocrx_word' id='word_1_970' title='bbox 2553 5615 2749 5686; x_wconf 86' lang='lat' dir='ltr'><strong>(Galat.</strong></span> <span class='ocrx_word' id='word_1_971' title='bbox 2780 5634 2851 5688; x_wconf 82' lang='lat' dir='ltr'><strong>vt,</strong></span> <span class='ocrx_word' id='word_1_972' title='bbox 2885 5619 2994 5688; x_wconf 80' lang='grc'><strong>10).</strong></span> <span class='ocrx_word' id='word_1_973' title='bbox 3026 5619 3175 5674; x_wconf 88' lang='lat' dir='ltr'><strong>Tunc</strong></span> <span class='ocrx_word' id='word_1_974' title='bbox 3203 5622 3382 5691; x_wconf 90' lang='lat' dir='ltr'><strong>itaque</strong></span> <span class='ocrx_word' id='word_1_975' title='bbox 3425 5620 3650 5676; x_wconf 88' lang='lat' dir='ltr'><strong>facimus</strong></span> <span class='ocrx_word' id='word_1_976' title='bbox 3666 5621 3826 5690; x_wconf 88' lang='lat' dir='ltr'><strong>jnsti-</strong></span> 
     </span>
    </p>
   </div>
   <div class='ocr_carea' id='block_1_117' title="bbox 2257 5706 3826 5778">
    <p class='ocr_par' dir='ltr' id='par_1_117' title="bbox 2257 5706 3826 5778">
     <span class='ocr_line' id='line_1_117' title="bbox 2257 5706 3826 5778; baseline 0.003 -20"><span class='ocrx_word' id='word_1_977' title='bbox 2257 5709 2404 5768; x_wconf 65' lang='lat' dir='ltr'><strong>tiam,</strong></span> <span class='ocrx_word' id='word_1_978' title='bbox 2447 5721 2567 5760; x_wconf 91' lang='lat' dir='ltr'><strong>cum</strong></span> <span class='ocrx_word' id='word_1_979' title='bbox 2613 5706 2703 5760; x_wconf 90' lang='lat' dir='ltr'><strong>illa</strong></span> <span class='ocrx_word' id='word_1_980' title='bbox 2726 5707 3031 5762; x_wconf 90' lang='lat' dir='ltr'><strong>hominibus</strong></span> <span class='ocrx_word' id='word_1_981' title='bbox 3059 5710 3280 5764; x_wconf 87' lang='lat' dir='ltr'><strong>facimus</strong></span> <span class='ocrx_word' id='word_1_982' title='bbox 3325 5726 3446 5778; x_wconf 71' lang='lat' dir='ltr'><strong>qua:</strong></span> <span class='ocrx_word' id='word_1_983' title='bbox 3468 5712 3623 5765; x_wconf 89' lang='lat' dir='ltr'><strong>nobis</strong></span> <span class='ocrx_word' id='word_1_984' title='bbox 3670 5713 3826 5766; x_wconf 86' lang='lat' dir='ltr'><strong>volu-</strong></span> 
     </span>
    </p>
   </div>
   <div class='ocr_carea' id='block_1_118' title="bbox 2254 5794 3828 5866">
    <p class='ocr_par' dir='ltr' id='par_1_118' title="bbox 2254 5794 3828 5866">
     <span class='ocr_line' id='line_1_118' title="bbox 2254 5794 3828 5866; baseline 0.004 -20"><span class='ocrx_word' id='word_1_985' title='bbox 2254 5808 2370 5847; x_wconf 91' lang='lat' dir='ltr'><strong>mus</strong></span> <span class='ocrx_word' id='word_1_986' title='bbox 2413 5794 2480 5846; x_wconf 92' lang='lat' dir='ltr'><strong>ab</strong></span> <span class='ocrx_word' id='word_1_987' title='bbox 2529 5795 2836 5850; x_wconf 89' lang='lat' dir='ltr'><strong>hominibus</strong></span> <span class='ocrx_word' id='word_1_988' title='bbox 2888 5796 3021 5850; x_wconf 84' lang='lat' dir='ltr'><strong>fieri.</strong></span> <span class='ocrx_word' id='word_1_989' title='bbox 3081 5797 3226 5852; x_wconf 82' lang='lat' dir='ltr'><strong>lianc</strong></span> <span class='ocrx_word' id='word_1_990' title='bbox 3275 5798 3539 5866; x_wconf 88' lang='lat' dir='ltr'><strong>justitiam</strong></span> <span class='ocrx_word' id='word_1_991' title='bbox 3579 5799 3828 5853; x_wconf 79' lang='lat' dir='ltr'><strong>Salvator</strong></span> 
     </span>
    </p>
   </div>
   <div class='ocr_carea' id='block_1_119' title="bbox 2252 5884 3824 5960">
    <p class='ocr_par' dir='ltr' id='par_1_119' title="bbox 2252 5884 3824 5960">
     <span class='ocr_line' id='line_1_119' title="bbox 2252 5884 3824 5960; baseline 0.002 -22"><span class='ocrx_word' id='word_1_992' title='bbox 2252 5885 2365 5954; x_wconf 84' lang='lat' dir='ltr'><strong>ipse</strong></span> <span class='ocrx_word' id='word_1_993' title='bbox 2393 5884 2773 5942; x_wconf 87' lang='lat' dir='ltr'><strong>commendans</strong></span> <span class='ocrx_word' id='word_1_994' title='bbox 2798 5887 2872 5941; x_wconf 89' lang='lat' dir='ltr'><strong>ait</strong></span> <span class='ocrx_word' id='word_1_995' title='bbox 2898 5905 2910 5941; x_wconf 92' lang='lat'>:</span> <span class='ocrx_word' id='word_1_996' title='bbox 2945 5886 3133 5942; x_wconf 85' lang='lat' dir='ltr'><strong>Omnia</strong></span> <span class='ocrx_word' id='word_1_997' title='bbox 3163 5905 3276 5959; x_wconf 72' lang='lat' dir='ltr'><strong>quae</strong></span> <span class='ocrx_word' id='word_1_998' title='bbox 3306 5889 3454 5944; x_wconf 78' lang='lat' dir='ltr'><strong>vultis</strong></span> <span class='ocrx_word' id='word_1_999' title='bbox 3492 5899 3548 5943; x_wconf 87' lang='lat' dir='ltr'><strong>ut</strong></span> <span class='ocrx_word' id='word_1_1000' title='bbox 3577 5889 3714 5946; x_wconf 76' lang='lat' dir='ltr'><strong>vobis</strong></span> <span class='ocrx_word' id='word_1_1001' title='bbox 3750 5891 3824 5960; x_wconf 76' lang='lat' dir='ltr'><strong>{a-</strong></span> 
     </span>
    </p>
   </div>
  </div>
