4050 6450
209 460 316 515 719

1271 466 1544 524 CONTRA
1585 468 1935 528 FABIANUM
1979 473 2419 532 FRAGMENTA.

3365 487 3470 542 750

215 577 352 628 ciant
372 572 622 641 hoinines,
647 589 823 627 eaaem
843 582 892 627 et
916 591 1001 630 vos
1023 576 1179 648 facite
1201 577 1302 634 illis
1330 579 1544 651 (Matth.
1565 598 1653 648 vu,
1672 582 1780 652 1‘2).
1813 591 1862 650 Α
1890 595 2127 654 praestet.
2158 587 2225 642 Et
2249 590 2417 644 nescit
2451 591 2575 660 quia
2616 607 2737 646 cum
2766 608 3056 663 pauperem
3081 600 3318 666 premit,
3371 602 3472 656 sibi

215 659 344 726 Quae
389 669 568 717 autem
622 662 782 718 vultis
825 672 884 718 ut
926 664 1078 719 vobis
1133 667 1378 725 homines
1413 669 1635 738 faciant,
1691 672 1794 726 nisi

214 752 388 806 bona?
415 750 474 807 Si
516 761 697 809 autem
726 753 864 809 mala
894 754 1046 811 vobis
1084 755 1314 824 faciant,
1347 775 1455 815 non
1483 776 1603 830 quae
1631 761 1796 817 vultis

211 839 429 896 faciunt.
482 841 625 911 Ergo
654 851 710 898 et
738 858 852 910 vos,
896 845 941 900 si
969 845 1168 900 malum
1219 863 1319 918 pro
1346 850 1490 906 malo
1534 850 1791 930 reddatis,

211 933 333 1001 quia
380 949 488 989 non
532 949 598 990 ea
629 934 802 992 facitis
829 937 1136 995 hominibus
1163 955 1283 1010 qua:
1323 943 1485 999 vultis
1513 952 1571 998 ut
1595 944 1796 999 faciant

210 1023 388 1093 vobis,
414 1041 523 1081 non
546 1027 730 1098 utique
755 1026 930 1084 facitis
957 1029 1102 1099 quod
1123 1030 1367 1088 Christus
1394 1034 1669 1104 przecepit,
1699 1035 1793 1090 sed

209 1117 351 1186 quod
376 1117 622 1174 diabolus
646 1121 934 1190 persuasit.
979 1121 1322 1194 QuaprOpter
1349 1133 1407 1179 ut
1422 1125 1686 1195 justitiam
1711 1126 1792 1180 fa-—

207 1204 363 1262 ciatis
386 1222 545 1278 quam
574 1210 833 1281 praecepit
850 1208 1112 1279 Christus,
1137 1212 1243 1270 hoc
1269 1213 1560 1285 impendite
1585 1216 1794 1271 unicui-

207 1309 315 1364 que
341 1296 566 1364 homini,
593 1299 737 1367 quod
759 1300 913 1356 vobis
943 1301 1011 1357 ab
1037 1303 1285 1359 omnibus
1315 1305 1620 1361 hominibus
1649 1306 1793 1364 desi-

205 1385 408 1443 deratis
437 1388 693 1460 impendi.
743 1391 833 1448 Sic
879 1392 1085 1450 facietis
1111 1393 1372 1464 judicium
1409 1405 1464 1452 et
1486 1397 1748 1466 justitiam
1771 1439 1788 1465 ,

203 1477 271 1533 de
321 1479 518 1549 quibus
566 1496 665 1537 nos
706 1484 974 1555 propheta
1019 1485 1211 1542 beatus
1236 1487 1532 1544 admonuit.
1563 1489 1792 1547 Facietis

202 1571 348 1626 enim
385 1573 666 1644 judicium,
692 1577 738 1632 si
765 1586 992 1647 peccata
1021 1587 1197 1634 vestra
1227 1581 1542 1650 ptenitendo
1570 1581 1793 1638 damne-

202 1663 292 1732 tis,
326 1673 385 1719 et
412 1666 714 1725 damnando
742 1677 964 1738 peccata
1007 1670 1144 1726 bene
1164 1671 1377 1727 vivatis.
1409 1671 1645 1728 Facietis
1696 1689 1794 1728 au-

201 1763 312 1809 tem
338 1755 621 1825 justitiam,
649 1759 696 1814 si
724 1759 852 1814 nulli
883 1760 1082 1815 malum
1112 1777 1210 1832 pro
1239 1762 1382 1818 malo
1411 1762 1668 1830 reddatis,
1693 1763 1792 1820 sed

206 1845 458 1900 omnibus
487 1845 798 1902 hominibus
823 1849 966 1903 bona
1013 1849 1239 1906 faciatis.
1290 1851 1406 1906 Hoc
1432 1852 1616 1922 utique
1641 1869 1791 1910 com-

1895 677 2266 744 gravissimum
2315 681 2522 749 pondus
2563 681 2806 752 imponit,
2858 700 2958 741 nec
2984 689 3212 742 attendit
3259 692 3382 759 quia
3427 695 3476 748 si

1894 765 2023 834 quid
2050 766 2118 821 de
2145 782 2384 838 paupere
2411 769 2629 838 cogitat,
2655 771 2722 826 de
2735 773 2912 842 seipso
2940 775 3161 844 cogitat.
3195 776 3307 831 Sibi
3330 779 3475 834 enim

1894 854 2098 911 bonum
2141 857 2436 928 impendit,
2469 860 2688 929 quando
2715 865 2938 934 pauperi
2985 866 3186 922 bonum
3227 868 3371 923 facit.
3417 871 3474 924 Si
3563 914 3572 920 .

1898 955 2079 1002 autem
2130 948 2331 1002 malum
2361 951 2561 1019 cogitat
2611 952 2785 1008 facere
2834 957 3084 1024 pauperi,
3115 958 3234 1026 plus
3264 960 3476 1015 nocebit

1893 1037 1996 1092 sibi
2024 1054 2184 1108 quam
2211 1043 2454 1110 pauperi.

1964 1149 2017 1202 9.
2073 1150 2280 1206 Bonum
2313 1152 2475 1219 igitur
2499 1153 2660 1209 faciat
2692 1155 2842 1212 dives
2869 1160 3120 1229 pauperi,
3154 1167 3210 1215 et
3237 1162 3478 1231 proderit

1893 1238 2016 1294 sibi.
2045 1240 2240 1309 Diligat
2269 1242 2722 1311 misericordiam,
2753 1255 2808 1301 et
2848 1263 2968 1302 eam
3015 1252 3237 1321 pauperi
3263 1267 3476 1323 semper

1894 1329 2198 1400 impendat,
2227 1341 2286 1388 ut
2323 1334 2438 1403 ipse
2467 1336 2890 1393 misericordiam
2922 1341 2975 1395 in
2998 1342 3084 1397 die
3115 1344 3477 1400 tribulationis

1893 1422 2054 1493 (forte
2097 1425 2491 1497 retributionis)
2542 1428 2800 1485 inveniat.
2852 1431 2941 1488 Sic
2981 1449 3038 1489 se
3084 1437 3286 1506 cogitet
3313 1453 3476 1507 super

1892 1512 2166 1570 hominem
2208 1531 2503 1586 pauperem
2541 1518 2775 1588 positum
2801 1562 2816 1588 ,
2849 1529 2906 1574 ut
2932 1523 3241 1578 meminerit
3287 1540 3346 1579 se
3375 1527 3474 1580 sub

1892 1603 2004 1660 Deo
2049 1605 2216 1662 divite
2257 1609 2630 1664 constitutum.
2682 1610 2801 1666 Non
2855 1625 2983 1679 ergo
3028 1613 3235 1669 dubitet
3272 1617 3474 1671 homini

1892 1696 2116 1764 pauperi
2139 1697 2560 1754 misericordiam
2587 1700 2784 1766 facere,
2812 1719 2973 1772 quam
2995 1720 3024 1759 a
3051 1705 3162 1761 Deo
3184 1706 3347 1762 divite
3373 1709 3472 1763 de-

1891 1784 2122 1842 lectatur
2165 1789 2432 1859 accipere.
2477 1791 2813 1849 Recordetur
2859 1812 2978 1852 esse
3007 1797 3172 1852 Deum
3212 1799 3470 1868 judicem,

1891 1875 1984 1943 qui
2012 1876 2175 1932 habet
2199 1886 2454 1933 :eternam
2477 1881 2531 1935 in
2561 1883 2811 1939 omnibus
2836 1893 3179 1954 potestatem.
3200 1889 3295 1944 llle
3325 1890 3470 1945 enim

197 1935 423 1989 mendat
451 1937 741 2006 Apostolus
767 1937 950 1993 dicens
980 1956 993 1991 :
1031 1938 1212 1993 Videte
1238 1958 1303 1995 ne
1331 1943 1444 2013 quis
1466 1943 1658 1997 malum
1694 1961 1789 2015 pro

204 2024 344 2048 μη.-
377 2026 732 2048 ,ημδμμμ
786 2028 869 2048 --λ
1297 2030 1315 2048 ι
1380 2047 1385 2048 ν
1575 2042 1588 2048 -
1713 2043 1722 2048 .

1892 1964 2039 2019 videt
2065 1968 2303 2021 omnium
2333 1968 2473 2024 facta
2497 2012 2512 2036 ,
2547 1972 2661 2042 ipse
2685 1975 2863 2029 reddet
2889 1979 3162 2048 unicuique
3199 1983 3472 2036 secundum

204 2024 346 2078 malo
369 2026 525 2080 alicui
550 2026 752 2092 reddat,
779 2028 869 2081 sed
896 2045 1094 2099 semper
1116 2030 1254 2099 quod
1293 2030 1483 2085 bonum
1511 2042 1588 2087 est
1617 2043 1788 2087 secta-

202 2114 334 2168 mini
353 2116 589 2185 invicem,
619 2127 669 2170 et
686 2118 740 2170 iu
762 2134 934 2172 omnes
957 2117 1012 2186 (I
1043 2117 1221 2173 Thess.
1243 2135 1296 2184 v,
1322 2119 1409 2189 15)

276 2206 332 2256 θ’.
385 2202 520 2270 Quia
573 2219 698 2260 vero
742 2206 881 2260 bona
924 2221 1088 2276 opera
1145 2215 1272 2276 tunc
1321 2209 1460 2264 bene
1508 2218 1564 2265 et
1589 2212 1792 2268 utiliter

200 2291 338 2345 fiunt
365 2334 380 2359 ,
413 2308 535 2347 cum
565 2293 632 2348 de
660 2293 802 2348 bona
847 2294 1127 2350 voluntate
1152 2297 1470 2366 procedunt,
1504 2308 1791 2371 prepterea

196 2397 321 2436 cum
369 2383 634 2452 propheta
663 2384 887 2439 dixisset
929 2385 1126 2440 debere
1170 2402 1268 2441 nos
1312 2386 1489 2443 facere
1533 2388 1789 2458 judicium

195 2482 253 2528 et
275 2473 566 2544 justitiam,
599 2475 802 2530 addidit
824 2493 836 2528 :
857 2475 926 2528 Et
952 2477 1168 2547 diligere
1196 2478 1624 2532 misericordiam.
1656 2479 1790 2546 Quia

196 2563 633 2640 misericordiam
677 2564 910 2619 maxime
957 2565 1157 2619 debent
1203 2566 1457 2621 sublimes
1502 2567 1792 2622 humilibus

197 2653 539 2722 impendere,
593 2661 649 2708 et
694 2653 886 2709 divites
922 2655 1249 2723 pauperibus
1292 2669 1615 2724 praerogare.
1667 2656 1792 2712 Haec

196 2753 387 2798 autem
417 2743 786 2800 misericordia
814 2744 1024 2800 duobus
1045 2744 1378 2814 impenditur
1405 2746 1580 2801 modis
1613 2764 1626 2800 :
1666 2762 1791 2802 cum

193 2833 445 2902 peccanti
487 2840 542 2888 et
568 2834 962 2889 correctionem
991 2834 1270 2904 pollicenti
1297 2835 1457 2889 venia
1485 2834 1644 2890 datur
1665 2876 1681 2901 ,
1737 2843 1792 2890 et

195 2937 318 2977 eum
349 2921 602 2991 indigenti
623 2922 767 2992 quod
793 2930 878 2978 est
902 2923 1264 2979 necessarium
1296 2938 1404 2978 non
1433 2931 1679 2991 negatur.
1705 2922 1789 2978 Ad

196 3009 363 3080 hujus
390 3010 770 3066 misericordia:
798 3010 1035 3080 pertinet
1063 3025 1264 3081 partes,
1293 3019 1351 3066 ut
1381 3012 1629 3082 superior
1657 3011 1792 3069 infe-

195 3100 400 3155 riorem
449 3115 558 3156 non
587 3101 892 3170 opprimat,
933 3100 1028 3156 sed
1053 3116 1175 3156 cum
1198 3099 1406 3169 justitia
1435 3101 1706 3167 defendat,
1738 3109 1793 3159 et

195 3189 348 3245 dives
362 3191 583 3260 pauperi
597 3189 727 3245 nihil
743 3188 972 3258 auferat,
987 3190 1081 3246 sed
1093 3205 1382 3260 pauperem
1411 3199 1594 3261 pascat
1620 3201 1675 3247 et
1707 3207 1793 3248 ve-

197 3281 322 3336 stiat
347 3299 359 3332 :
386 3289 442 3335 ut
469 3282 690 3352 pauperi
713 3297 823 3337 non
871 3281 1171 3349 insidietur,
1201 3281 1294 3338 sed
1320 3299 1440 3339 cum
1469 3286 1649 3354 potius
1680 3287 1791 3342 suis

196 3370 475 3427 beneficiis
517 3372 848 3427 consoletur.
899 3371 1038 3439 Quid
1088 3386 1217 3441 ergo
1258 3382 1340 3428 est
1385 3376 1528 3444 qdod
1556 3391 1615 3430 se
1644 3377 1794 3432 inflat

199 3462 371 3516 homo
422 3462 624 3529 fragilis
665 3470 720 3518 et
767 3464 1044 3520 mortalis?
1095 3465 1222 3534 quid
1274 3467 1518 3537 superbit
1557 3476 1699 3522 terra
1739 3476 1796 3525 et

197 3551 373 3607 cinis?
400 3553 530 3623 quid
560 3567 618 3608 se
641 3568 802 3623 super
828 3559 1122 3624 pauperem
1152 3556 1300 3611 dives
1327 3557 1588 3627 superbus
1615 3559 1793 3615 extol-

197 3640 301 3695 lit?
333 3657 504 3711 quare
531 3657 827 3713 pauperem
854 3643 1118 3713 despicit?
1146 3659 1316 3713 quare
1344 3662 1637 3717 pauperem
1671 3664 1795 3718 pre-

197 3733 343 3786 mit?
370 3733 531 3806 576
556 3725 724 3804 quare
752 3735 973 3804 pauperi
1005 3751 1220 3805 panem,
1253 3745 1346 3790 aut
1371 3740 1662 3794 tenacitate
1685 3756 1792 3796 non

197 3821 415 3886 tribuit,
445 3833 538 3876 aut
584 3824 882 3893 rapacitate
910 3824 1180 3892 subducit,
1213 3834 1269 3880 et
1297 3825 1372 3880 illi
1402 3828 1485 3882 cui
1522 3828 1686 3883 debet
1721 3829 1790 3885 de

197 3926 294 3965 suo
326 3912 554 3966 multum
586 3914 1004 3970 misericorditer
1047 3915 1248 3984 aliquid
1279 3926 1303 3953 ⁸
1331 3916 1481 3986 dare,
1521 3918 1788 3974 modicum

196 3999 348 4068 quod
402 4001 565 4057 habet
613 4003 902 4059 crudeliter
935 4012 1162 4060 conatur
1206 4005 1454 4061 auferre?
1508 4007 1790 4063 Existimat

198 4091 323 4159 auia
355 4107 478 4147 cum
506 4109 796 4164 pauperem
825 4103 1045 4164 gravat,
1099 4096 1335 4167 seipsum
1365 4097 1569 4153 relevet
1597 4118 1610 4154 :
1643 4100 1788 4154 arbi-

221 4188 377 4235 ratur
402 4182 527 4252 quia
555 4199 676 4239 cum
699 4200 991 4255 pauperem
1035 4185 1275 4253 tribulat,
1307 4186 1410 4242 sibi
1436 4188 1562 4243 boni
1585 4188 1786 4259 aliquid

269 4300 292 4331 ο
327 4290 457 4349 Ηωο
482 4310 590 4350 vox
605 4298 804 4368 aliquid
829 4299 1040 4358 videtur
1063 4302 1386 4358 redundare.

1893 2073 2052 2124 opera
2092 2073 2186 2111 sua
2215 2058 2428 2129 (Matth.
2463 2077 2571 2128 XVI,
2602 2063 2717 2134 27).
2776 2065 2926 2121 Unde
2948 2071 3214 2124 veraciter
3240 2073 3434 2127 dicitur
3453 2115 3470 2135 .

1894 2145 2018 2212 quia
2042 2144 2304 2202 Iudicium
2326 2150 2438 2203 sine
2475 2153 2834 2208 misericordia
2858 2157 2937 2210 illi
2967 2160 3051 2228 qui
3085 2177 3186 2213 non
3229 2163 3350 2231 fecit
3376 2166 3473 2216 mi-

1893 2236 2229 2291 sericordiam
2257 2238 2396 2310 (Jac.
2442 2257 2500 2308 ll,
2531 2241 2620 2312 13)
2644 2282 2661 2307 ,
2684 2252 2741 2298 et
2769 2236 2917 2300 Beati
2940 2248 3326 2317 misericordes,
3351 2241 3474 2321 quo-

1893 2327 2035 2380 niam
2061 2328 2162 2396 ipsi
2201 2331 2610 2388 misericordiam
2654 2349 3024 2407 consequentur
3053 2340 3266 2410 (Matth.
3300 2361 3359 2408 v,
3393 2346 3472 2412 7).

1966 2434 2052 2490 10.
2083 2437 2362 2494 Faciamus
2383 2455 2514 2510 ergo
2531 2442 2792 2512 judicium
2815 2455 2870 2502 et
2879 2449 3162 2516 justitiam,
3193 2452 3474 2522 diligamus
3515 2477 3519 2483 ι

1893 2527 2336 2584 misericordiam.
2362 2530 2495 2586 Cum
2526 2542 2705 2589 autem
2730 2535 2984 2604 judicium
3017 2549 3071 2594 et
3091 2541 3350 2609 justitiam
3392 2545 3474 2600 fa-

1893 2618 2080 2682 cimus,
2112 2620 2534 2684 misericordiam
2563 2624 2848 2694 diligimus,
2879 2645 3000 2684 cum
3021 2631 3132 2686 Deo
3160 2643 3348 2689 nostro
3368 2636 3475 2690 sol-

1893 2705 2037 2760 licite
2059 2708 2412 2764 ambulamus.
2447 2711 2696 2767 Ambulat
2725 2724 2902 2770 autem
2925 2734 3045 2772 cum
3068 2719 3179 2775 Deo
3200 2723 3290 2789 qui
3321 2725 3475 2780 bonis

1895 2795 2134 2850 moribus
2161 2807 2217 2850 et
2254 2799 2507 2867 operibus
2534 2801 2784 2870 proficit,
2817 2805 2908 2874 qui
2937 2806 3174 2862 ctelestia
3208 2814 3434 2867 terrenis
3456 2856 3471 2875 .

1893 2892 1948 2939 et
1979 2891 2177 2941 :eterna
2233 2889 2618 2957 temporalibus
2668 2896 2965 2964 anteponit.
3015 2896 3122 2952 Sed
3161 2910 3380 2970 oportet
3420 2914 3476 2959 ut

1893 2975 2260 3046 unusquisque
2287 2978 2548 3034 sollicitus
2575 2982 2811 3038 ambulet
2841 2985 2926 3039 :id
2956 2995 3054 3054 est,
3085 2995 3144 3043 ut
3172 3005 3278 3045 non
3309 2992 3476 3048 altum

1894 3063 2088 3133 sapiat,
2120 3066 2212 3130 sed
2230 3066 2445 3132 timeat;
2475 3077 2533 3123 ut
2559 3071 2864 3140 superbiam
2895 3074 3079 3144 fugiat,
3108 3085 3162 3133 et
3186 3080 3314 3134 boni
3344 3083 3476 3140 nihil

1894 3153 2007 3208 suis
2027 3155 2232 3210 meritis
2261 3155 2480 3223 tribuat,
2503 3159 2598 3214 sed
2625 3160 2678 3214 in
2701 3163 2949 3219 omnibus
2974 3180 3092 3235 qua:
3120 3168 3258 3225 bene
3280 3173 3473 3240 egerit,

1894 3243 1989 3299 Dei
2017 3247 2243 3313 gratiam
2272 3260 2647 3329 recpgnoscat.
2680 3251 2783 3308 Ista
2812 3256 3117 3315 sollicitudo
3144 3260 3270 3317 facit
3299 3264 3476 3318 homi-

1818 3346 1863 3407 C
1897 3350 2021 3390 nem
2049 3350 2170 3390 cum
2201 3337 2417 3392 Christo
2456 3354 2555 3408 per
2578 3343 2720 3397 viam
2772 3344 3089 3405 humilitatis
3120 3351 3370 3409 incedere
3419 3364 3476 3409 et

1897 3425 1967 3479 ad
2013 3427 2163 3494 regni
2207 3427 2444 3484 coelestis
2491 3431 2829 3491 altitudinem
2867 3441 3170 3507 pervenire.
3216 3441 3478 3502 Conversi

1851 3533 1868 3547 ι
1897 3528 2025 3583 ergo
2059 3516 2126 3570 ad
2148 3517 2432 3573 Dominum
2457 3522 2660 3590 pariter
2687 3524 2802 3593 ejus
2830 3529 3256 3590 misericordiam
3279 3534 3476 3603 depre-

1896 3621 2110 3672 cemur,
2151 3617 2212 3662 ut
2254 3611 2410 3664 nobis
2438 3626 2585 3665 suam
2610 3616 2835 3680 gratiam
2864 3619 3138 3686 largiatur,
3164 3639 3272 3690 qua
3304 3627 3475 3692 possi-

1896 3711 2014 3751 mus
2043 3697 2095 3750 in
2125 3699 2281 3753 nobis
2306 3700 2434 3768 ipsis
2453 3700 2710 3768 judicium
2745 3715 2951 3761 rectum
2982 3717 3186 3775 tenere,
3214 3711 3474 3780 justitiam

1896 3786 2107 3842 caeteris
2131 3789 2387 3844 exhibere
2412 3832 2425 3854 ,
2451 3799 2506 3844 et
2529 3832 2543 3855 ,
2574 3792 2854 3861 diligentes
2881 3798 3302 3855 misericordiam
3322 3844 3336 3867 ,
3369 3820 3473 3859 non

1893 3877 2199 3947 opprimere
2226 3893 2529 3949 pauperes,
2579 3883 2669 3937 sed
2717 3883 2940 3940 fovere:
2998 3898 3056 3942 ut
3097 3891 3150 3943 iu
3180 3903 3473 3961 conspectu

1893 3967 2010 4034 Dei,
2039 3968 2126 4022 cui
2152 3970 2574 4025 misericordiam
2595 3973 2960 4044 judiciumque
2988 3987 3266 4036 cantamus
3297 3981 3471 4049 (Psal.

1893 4072 1946 4120 c,
1979 4059 2072 4126 1),
2106 4062 2596 4129 superexaltantem
2631 4065 2836 4134 judicio
2875 4070 3296 4126 misericordiam
3328 4075 3471 4129 iuve-

1893 4149 2009 4202 nire
2040 4149 2321 4218 possimus.

216 4401 3427 4435 Ἣ

1253 4480 1586 4581 FIDEI
1662 4471 2420 4581 CATHOLICZE

744 4658 2948 4848 INSTRUMENTA,

1115 4907 1544 4970 EXCERPTA
1587 4907 1693 4967 DE
1737 4907 1992 4970 LIBRIS
2025 4908 2088 4968 S.
2134 4907 2563 4970 FULGENTII

495 5029 916 5134 Contra
969 5030 1316 5136 Gesta
1370 5065 1619 5170 qua;
1691 5029 2234 5133 adversus
2313 5061 2570 5132 eum
2644 5028 3221 5138 Fabianus

1009 5188 1599 5293 haereticus
1653 5185 1978 5322 falsa
2029 5187 2627 5331 conﬁnmit.

364 5462 460 5512 EX
495 5463 719 5512 ιιιΒιιο
773 5465 818 5512 ι.
860 5464 957 5511 DE
993 5463 1138 5511 ιιΝο
1177 5462 1590 5528 ALTIBSIMO,
1641 5464 1812 5513 PABA

1891 5465 2100 5530 LETO,
2138 5463 2432 5526 NUN'HO,
2489 5466 2829 5518 DOC'I'OBB
2885 5472 2977 5519 ΕΤ
3022 5474 3297 5529 ωοιαε.

622 5589 779 5660 577
808 5585 1280 5642 FRAGMENTUM
1310 5590 1350 5643 ι.

206 5694 375 5753 Filius
421 5707 469 5754 et
513 5698 654 5753 Deus
682 5709 787 5766 est,
837 5708 884 5754 et
913 5700 1194 5755 altissimus
1214 5741 1228 5764 ,
1271 5710 1319 5754 et
1363 5704 1464 5754 vita
1490 5709 1546 5753 ut
1577 5701 1736 5754 Pater
1757 5719 1776 5756 :

363 5769 540 5823 eadem
569 5787 764 5841 quoque
784 5786 897 5824 cum
917 5769 1094 5833 Patre,
1127 5780 1175 5824 et
1205 5773 1443 5825 similiter
1468 5772 1612 5841 facit.

273 5858 437 5918 Miror
459 5872 662 5929 autem,
692 5878 814 5919 cum
847 5878 914 5918 ex
938 5862 1042 5919 illis
1066 5851 1372 5918 nominibus
1400 5871 1560 5932 atque
1587 5863 1769 5932 operi-

1805 5591 2001 5654 Dbus,
2058 5606 2157 5660 pro
2207 5601 2300 5648 tuo
2348 5592 2520 5657 libitu,
2551 5593 2669 5648 Filii
2715 5605 2770 5651 et
2798 5597 3025 5668 Spiritus
3071 5609 3242 5662 sancti
3271 5621 3461 5666 merita

1883 5681 2140 5748 metiaris,
2173 5681 2444 5750 quomodo
2470 5698 2579 5740 non
2607 5686 2770 5742 etiam
2799 5693 3014 5748 nomina
3046 5694 3134 5750 illa
3188 5713 3461 5772 operaque
3557 5761 3579 5773 ,

1887 5770 2209 5834 consideres,
2241 5771 2433 5840 quibus
2463 5771 2636 5830 Patris
2663 5786 2719 5832 et
2739 5777 2857 5836 Filii
2889 5799 2991 5839 una
3021 5787 3280 5842 celsitudo
3305 5770 3462 5846 ualu-

1884 5859 2012 5915 ralis
2039 5859 2356 5917 ostenditur.
2397 5860 2528 5919 Nam
2556 5864 2680 5942 dum
2709 5867 2940 5927 dicitur:
2978 5873 3042 5928 In
3070 5878 3324 5944 principio
3345 5893 3457 5938 erat
