4046 6504
680 395 772 450 751

1701 409 1757 465 S.
1798 406 2157 464 FULGENTII
2194 407 2497 465 EPISCOPI
2536 410 2902 468 RUSPENSIS
3770 422 3836 480 τες

687 508 1021 603 [aliumet
1073 511 1290 603 Verbum
1330 525 1441 568 erat
1481 519 1619 587 apud
1657 518 1839 585 Deum,
1885 531 1935 574 et
1966 520 2104 575 Deus
2135 530 2245 575 erat
2277 530 2321 585 Α
2353 538 2567 593 quoque
2608 540 2831 595 operum
2865 524 3095 578 naturali
3138 524 3418 593 majestate
3445 529 3731 596 concordat;
3760 536 3835 603 ipsa

687 596 904 652 Verbum
935 598 1114 670 (Joan.
1149 618 1186 667 ι,
1217 601 1307 671 1);
1351 605 1402 657 in
1432 605 1598 661 nihilo
1626 623 1823 664 nomen
1852 608 1974 663 Filii
2014 625 2045 664 a
2074 612 2250 665 nomi-

675 702 744 742 ne
771 685 947 744 Patris
975 692 1151 746 minus
1172 706 1290 749 esse
1329 697 1706 764 cognoscitur;
1736 714 1861 755 eum
1901 702 2039 757 sicut
2067 700 2247 766 Pater,

674 778 747 831 ita
773 786 829 832 et
856 777 1041 842 Filius.
1070 781 1164 837 Dei
1196 784 1410 839 nomine
1438 800 1547 840 non
1577 787 1835 856 privatur.
1877 788 2010 845 Item
2036 790 2249 847 Patrem

675 869 921 926 novimus
947 869 1261 926 altissimum
1289 873 1415 942 dici,
1453 875 1546 931 sed
1580 876 1769 933 Filium
1797 895 2013 951 quoque
2044 890 2250 938 certum

674 968 758 1014 est
794 962 899 1016 hoc
935 963 1153 1018 nomine
1182 967 1495 1034 nuncupari.
1539 966 1672 1023 Nam
1726 968 1941 1026 Patrem
1984 972 2254 1028 invenitur

674 1049 889 1107 Gabriel
919 1054 1140 1122 angelus
1167 1054 1236 1108 ad
1257 1054 1478 1110 Mariam
1502 1057 1747 1127 loquens,
1771 1060 2088 1123 altissimum
2116 1078 2252 1117 nun-

675 1159 891 1214 cupare,
907 1146 1067 1218 578
1080 1162 1201 1202 cum
1217 1147 1372 1203 dicit:
1397 1147 1531 1204 Ecce
1545 1153 1765 1223 accipies
1782 1155 1836 1207 in
1857 1164 1999 1209 utero
2019 1166 2067 1209 et
2083 1157 2252 1226 paries

673 1236 858 1304 ﬁlium,
887 1247 936 1290 et
964 1237 1164 1292 vocabis
1187 1255 1373 1293 nomen
1394 1242 1507 1311 ejus
1532 1240 1731 1295 Jesum.
1759 1243 1861 1297 Hic
1884 1247 1984 1299 erit
2014 1262 2249 1316 magnus,

673 1334 723 1379 et
752 1323 919 1380 Filius
946 1326 1198 1381 Altissimi
1226 1329 1487 1383 vocabitur
1508 1329 1658 1399 (Luc.
1694 1348 1729 1396 ι,
1757 1332 1850 1397 3i;
1875 1332 1989 1401 32).
2024 1333 2099 1388 De
2136 1335 2252 1403 ipso

674 1431 803 1472 vero
828 1416 964 1472 Filio
994 1418 1184 1473 beatus
1212 1418 1380 1476 David
1408 1420 1588 1475 divina
1625 1423 1862 1492 repletus
1898 1424 2252 1494 inspiratione

671 1509 748 1563 sic
770 1508 965 1564 cecinit
988 1528 999 1561 :
1034 1508 1206 1563 Mater
1238 1511 1366 1566 Sion
1393 1512 1518 1566 dicit
1541 1529 1559 1565 :
1587 1512 1758 1567 Homo
1787 1516 1956 1584 factus
1981 1524 2057 1568 est
2083 1516 2138 1567 in
2166 1530 2248 1579 ea,

671 1606 720 1651 et
763 1600 874 1669 ipse
919 1601 1155 1671 {undavit
1203 1618 1319 1656 eam
1357 1602 1655 1657 Altissimus
1701 1603 1872 1673 (Psal.
1908 1620 2126 1669 Lxxxvl,
2171 1604 2249 1673 5).

669 1689 803 1755 Quis
831 1698 1012 1744 autem
1034 1704 1257 1761 operum
1282 1692 1541 1747 unitatem
1572 1692 1627 1746 in
1657 1691 1816 1747 Patre
1845 1700 1901 1748 et
1924 1692 2059 1750 Filio
2084 1694 2251 1749 dene-

669 1796 798 1851 gare
843 1782 1058 1847 audeat,
1105 1800 1227 1838 cum
1277 1785 1392 1855 ipse
1419 1783 1587 1839 Filius
1616 1784 1805 1839 eadem
1853 1800 2019 1855 opera
2048 1799 2169 1839 esse
2196 1793 2252 1839 et

2352 613 2489 669 Pilio
2516 615 2766 672 dicente:
2818 616 2964 669 Sicut
3016 615 3151 669 enim
3185 613 3346 670 Pater
3383 618 3586 670 suscitat
3610 632 3837 679 mortuom

2351 707 2591 777 viviﬁcat,
2624 709 2699 762 sic
2723 717 2772 761 et
2800 705 2970 762 Filius
2990 724 3117 779 quos
3137 708 3240 762 uult
3265 710 3489 780 viuiﬁcat
3528 709 3684 782 (Joan.
3706 716 3835 787 v.2l).

2353 795 2467 852 Hoc
2496 804 2674 852 autem
2712 797 2918 865 dicens,
2947 805 3005 854 et
3040 798 3324 865 unitatem,
3374 806 3431 853 et
3454 798 3713 868 perfectam
3734 814 3836 872 pote

2351 894 2546 942 statem
2575 894 2811 957 paternae
2851 902 2916 942 ac
2942 904 3052 943 sua:
3096 888 3391 944 voluntatis
3417 889 3651 944 ostendit.
3675 891 3764 946 Non
3783 906 3835 948 est

2351 978 2439 1034 hic
2462 992 2592 1047 ergo
2624 979 2869 1035 voluntas
2897 978 3112 1046 inﬁrmi,
3145 996 3252 1035 non
3281 988 3366 1035 est
3395 995 3527 1050 opus
3553 980 3699 1035 inviti.
3725 981 3835 1038 Filius

2353 1069 2497 1123 enim
2522 1084 2658 1140 quos
2680 1069 2793 1123 vult
2818 1068 3052 1125 vivificat
3078 1087 3092 1135 ;
3125 1070 3221 1125 sed
3243 1069 3364 1126 illos
3386 1070 3564 1140 procul
3588 1070 3722 1126 dubio
3742 1073 3832 1127 vivi-

2355 1162 2480 1215 licat
2527 1159 2693 1215 Filius
2729 1175 2867 1230 quos
2906 1158 3139 1215 vivificat
3181 1157 3376 1214 Pater:
3424 1163 3834 1229 quzecuuqueeuim

2353 1248 2514 1304 Pater
2544 1251 2690 1317 iacit,
2722 1251 2835 1305 haec
2863 1259 2917 1304 et
2945 1248 3112 1303 Filius
3136 1248 3282 1304 facit.
3330 1247 3420 1304 Sic
3449 1250 3601 1303 etiam
3639 1264 3747 1319 quos
3762 1253 3836 1305 vult

2354 1339 2517 1396 Filius
2544 1340 2802 1405 vivificat,
2827 1342 2990 1413 579
3014 1341 3154 1395 sicut
3184 1342 3344 1395 Pater
3367 1355 3502 1409 quos
3521 1341 3623 1394 vult
3639 1341 3834 1395 viviﬁcat:

2352 1445 2685 1499 quiscunque
2720 1432 2862 1485 enim
2892 1429 3052 1485 Pater
3080 1430 3227 1498 facit,
3254 1446 3363 1484 non
3392 1429 3557 1485 solum
3580 1428 3736 1484 eadem
3754 1429 3835 1485 facit

2353 1520 2536 1588 Filius,
2568 1523 2660 1576 sed
2688 1532 2743 1576 et
2787 1523 3033 1576 similiter
3068 1522 3215 1577 facit.
3259 1522 3316 1575 lu
3344 1522 3444 1576 hac
3484 1522 3668 1575 unitate
3699 1525 3835 1590 opere,

2353 1628 2462 1667 una
2490 1614 2737 1668 voluntas
2765 1622 2849 1667 est
2878 1613 3152 1667 naturalis.
3178 1611 3312 1666 Nam
3342 1612 3387 1666 si
3409 1626 3472 1666 ea
3501 1626 3609 1681 qu:e
3627 1609 3753 1665 Pater
3772 1628 3832 1667 vo-

2352 1704 2471 1759 lens
2495 1703 2640 1768 facit,
2674 1703 2874 1758 invitus
2914 1703 3092 1757 facere
3129 1702 3326 1758 dicitur
3353 1700 3516 1755 Filius
3537 1740 3552 1765 ,
3590 1699 3740 1754 eadem
3760 1702 3835 1768 qui-

2353 1796 2475 1851 dem
2499 1794 2647 1861 facit,
2663 1795 2755 1850 sed
2773 1811 2877 1851 non
2894 1794 3139 1867 similiter
3156 1792 3284 1848 facit
3300 1811 3313 1845 :
3339 1792 3636 1849 sedVeritas
3650 1792 3833 1861 dicitquia

668 1886 763 1926 sua
791 1872 950 1927 Simul
977 1880 1033 1929 et
1060 1871 1234 1930 Patris
1261 1875 1555 1930 ostendat?
1584 1875 1673 1929 Αἰι
1699 1875 1844 1928 enim
1869 1893 1881 1927 ε
1918 1872 2244 1944 Οηωουηφιε
2279 1882 2322 1940 Β
2348 1893 2402 1941 et
2420 1872 2609 1941 eadem
2629 1894 2683 1940 ct
2713 1885 2957 1939 similiter
2984 1883 3131 1938 facit.
3174 1882 3507 1951 Agno'scatur
3522 1895 3638 1950 ergo
3655 1881 3836 1937 naturalis

667 1961 831 2016 Pater
857 1965 1003 2034 facit,
1028 1964 1139 2019 haec
1166 1965 1346 2020 eadem
1375 1975 1423 2018 et
1444 1964 1491 2018 F
1495 1966 1614 2019 ilius
1645 1966 1771 2036 facit
1793 1965 2032 2019 similiter
2062 1964 2239 2038 (Joan.

667 2068 723 2116 v,
754 2054 865 2125 l9).
909 2053 1009 2109 Ubi
1037 2056 1273 2111 ostendit
1317 2057 1461 2112 inter
1502 2054 1718 2110 Patrem
1747 2064 1804 2111 et
1830 2055 2022 2110 Filimn
2050 2056 2244 2110 divinae

670 2146 999 2215 operationis
1039 2146 1234 2212 officia,
1280 2162 1382 2203 nec
1431 2148 1709 2203 dissimilia
1739 2163 1858 2204 esse
1884 2148 2241 2217 aliquatenus,

628 2278 638 2284 .
670 2250 770 2289 nec
797 2234 986 2291 divisa.
1028 2236 1130 2301 Qui
1157 2238 1302 2291 enim
1329 2236 1517 2292 eadem
1570 2245 1625 2292 et
1651 2237 1896 2292 similiter
1932 2236 2078 2304 facit,
2110 2237 2247 2291 sicut

653 2339 777 2379 .non
799 2324 929 2392 alia,
959 2325 1038 2380 sic
1066 2340 1175 2381 non
1200 2326 1360 2393 aliter
1384 2325 1511 2381 facit
1536 2344 1551 2392 ;
1598 2327 1725 2381 dum
1755 2342 1886 2381 vero
1912 2342 2246 2397 quaecunque

654 2412 831 2469 Pater
849 2414 996 2479 facit,
1027 2415 1145 2471 haec
1164 2416 1354 2471 eadem
1379 2425 1434 2471 et
1457 2416 1624 2471 Filius
1644 2416 1774 2472 facit
1799 2417 2083 2483 similiter;
2109 2419 2247 2473 sicut

669 2503 803 2557 nihil
826 2513 911 2559 est
936 2503 999 2558 in
1013 2506 1331 2574 operatione
1358 2506 1606 2571 divisum,
1631 2507 1709 2561 sic
1729 2506 1859 2560 nihil
1876 2515 1966 2563 est
1985 2508 2038 2561 in
2053 2507 2247 2561 virtute

658 2593 955 2652 .diversum.
982 2594 1289 2653 Concordat
1310 2610 1440 2667 ergo
1462 2596 1638 2653 Patris
1657 2597 1845 2682 gtFilii
1866 2608 1969 2652 una
1989 2598 2247 2653 naturain

668 2685 874 2741 unitate
895 2689 1095 2757 operis,
1113 2696 1168 2744 et
1188 2689 1244 2745 in
1263 2688 1594 2758 Operationis
1608 2688 1954 2745 similitudine
1968 2703 2073 2742 una
2090 2687 2249 2743 reful-

670 2783 756 2843 get
776 2778 1166 2848 omnipotentia
1188 2778 1423 2836 deitatis.
1448 2777 1603 2845 Quod
1617 2779 1663 2834 si
1686 2779 1823 2833 alter
1842 2778 1984 2833 Deus
2002 2786 2148 2833 esset
2167 2777 2250 2832 Fi-

666 2866 789 2932 lius,
812 2884 922 2924 non
946 2869 1133 2926 eadem
1153 2885 1273 2943 qua:
1289 2871 1452 2927 Pater
1470 2871 1602 2926 facit
1620 2879 1676 2926 et
1696 2870 1809 2939 ipse
1830 2868 2061 2934 faceret;
2083 2869 2127 2924 si
2152 2884 2242 2923 ve-

656 2972 734 3011 -ro
753 2958 931 3013 minor
954 2969 1099 3015 esset
1120 2959 1293 3033 deitas
1316 2960 1456 3024 Filii,
1473 2975 1594 3031 qua:
1615 2959 1742 3014 facit
1765 2959 1974 3023 eadem,
2002 2958 2250 3013 similiter

667 3062 775 3103 non
801 3047 1051 3105 fecisset:
1103 3050 1199 3105 sed
1243 3051 1371 3106 dum
1399 3052 1588 3107 eadem
1638 3057 1763 3105 sunt
1809 3047 1987 3103 Patris
2032 3056 2088 3104 et
2128 3048 2247 3103 Filii

669 3153 852 3209 opera,
882 3155 913 3193 a
944 3139 1103 3195 Patre
1124 3149 1187 3196 et
1214 3140 1350 3196 Filio
1398 3142 1646 3197 similiter
1675 3142 1835 3206 facta,
1887 3139 2251 3194 indubitanter

665 3230 971 3299 agnoscitur
1015 3247 1120 3285 una
1166 3230 1345 3286 Patris
1374 3232 1601 3303 Filiique
1649 3241 1860 3289 natura.
1902 3228 2040 3285 Audi
2076 3229 2252 3285 adhuc
2280 3248 2325 3309 ρ
2356 3230 2531 3287 discas
2561 3248 2666 3287 non
2709 3239 2919 3286 certare
2958 3230 3026 3285 de
3056 3230 3293 3284 nomine.
3328 3230 3532 3285 Etenim
3571 3226 3610 3280 si
3653 3225 3694 3276 in
3730 3218 3835 3272 Patre
3938 3262 3939 3273 χ

668 3319 1171 3377 naturalemPatris
1191 3332 1246 3378 et
1266 3323 1406 3390 Filii,
1440 3333 1551 3379 tam
1581 3325 1635 3378 in
1665 3324 1971 3379 nominibus
1998 3338 2165 3395 quam
2192 3323 2247 3379 in

668 3412 924 3480 operibus
969 3402 1249 3469 unitatem.
1291 3414 1428 3470 Dicit
1469 3417 1613 3471 enim
1642 3415 1849 3472 Filius:
1902 3414 2052 3469 Sicut
2098 3411 2253 3467 habet

668 3502 832 3556 Pater
860 3504 1017 3557 vitam
1042 3506 1097 3558 in
1124 3508 1418 3575 semetipso,
1448 3508 1522 3561 sic
1550 3508 1691 3561 dedit
1714 3517 1763 3561 et
1795 3506 1933 3562 Filio
1963 3508 2119 3563 vitam
2152 3505 2249 3559 Ira-

668 3598 787 3649 bere
813 3597 866 3649 in
889 3584 1162 3667 semetipso
1192 3597 1377 3669 (lbid.,
1410 3599 1525 3671 26).
1570 3599 1687 3656 Hoc
1715 3609 1897 3656 autem
1924 3611 2007 3656 est
2033 3600 2251 3657 Patrem

668 3687 806 3743 Filio
832 3688 997 3742 vitam
1019 3689 1249 3756 dedisse,
1280 3692 1423 3759 quod
1449 3700 1532 3747 cst
1566 3693 1731 3748 vitam
1756 3693 1949 3748 Filium
1967 3694 2245 3765 genuisse.

666 3782 827 3838 Dedit
870 3784 1015 3838 enim
1052 3782 1220 3840 Pater
1246 3785 1383 3841 Filio
1410 3788 1574 3840 vitam
1605 3787 1805 3843 habere
1853 3789 1905 3842 in
1936 3788 2247 3858 semetipso,

666 3871 762 3927 sed
783 3872 923 3928 sicut
952 3871 1127 3939 Pater,
1168 3873 1290 3942 jure
1313 3877 1695 3944 generationis,
1730 3893 1838 3932 non
1883 3892 2109 3932 munere
2135 3877 2247 3943 lar--

666 3964 868 4033 gitatis.
910 3963 979 4018 Et
1022 3964 1140 4021 vide
1167 3966 1399 4035 Qualiter
1439 3967 1587 4022 dedit
1614 3966 1751 4022 Filio
1778 3967 1943 4022 vitam
1975 3968 2173 4022 habere
2198 3967 2252 4020 in

667 4056 985 4125 semetipso,
1016 4056 1157 4112 sicut
1198 4057 1360 4112 habet
1390 4058 1574 4127 utique
1604 4056 1765 4112 Pater
1788 4058 1953 4112 vitam
1977 4058 2029 4113 in
2053 4066 2254 4113 semet-

668 4143 806 4214 ipso.
849 4141 1024 4199 Habet
1069 4154 1248 4200 autem
1293 4144 1452 4200 Pater
1494 4146 1664 4201 vitam
1692 4147 1744 4200 in
1773 4147 2080 4217 semetipso,
2127 4147 2253 4215 quia

669 4242 755 4287 est
782 4233 1096 4288 naturaliter
1124 4235 1272 4288 vita:
1315 4235 1542 4304 proinde
1570 4244 1626 4290 et
1670 4235 1808 4291 Filio
1860 4237 2252 4292 habere'vitam

670 4326 727 4380 in
754 4325 1045 4394 semetipso
1073 4325 1238 4392 dedit,
1270 4327 1395 4395 quia
1415 4326 1607 4380 Filium
1634 4327 1801 4381 vitam
1825 4327 2140 4392 naturaliter
2155 4339 2253 4395 ge-

672 4415 810 4469 nuit.
854 4413 983 4470 ldeo
1009 4416 1197 4470 beatus
1225 4414 1460 4472 Joannes
1487 4417 1655 4471 vitam
1685 4416 1877 4471 Filium
1909 4433 2021 4489 non
2053 4417 2253 4474 desinit

670 4505 985 4577 praedicare,
1011 4505 1198 4560 dicens
1224 4505 1292 4560 de
1317 4506 1409 4561 illo
1434 4524 1446 4558 :
1485 4505 1586 4561 Hic
1611 4517 1689 4562 est
1710 4491 2042 4574 verus'Deus,
2072 4517 2123 4562 et
2149 4511 2254 4564 rita

2347 1976 2544 2043 unitas,
2567 1984 2621 2030 et
2641 1975 2933 2044 majestatis
2946 1974 3245 2042 :equalitas,
3259 1974 3349 2028 ubi
3363 1983 3462 2028 nec
3482 1972 3531 2026 in
3549 1985 3704 2042 Opere,
3721 1985 3789 2024 nec
3803 1955 3836 2022 iii

2346 2066 2625 2121 voluntate
2653 2072 2833 2135 potest
2874 2080 2993 2119 esse
3037 2064 3343 2118 diversitas.
3379 2061 3487 2117 Cur
3517 2062 3659 2131 igitur
3680 2060 3835 2114 diversi-

2351 2163 2516 2210 tatem
2546 2162 2774 2221 naturaz,
2819 2163 2875 2208 et
2903 2154 3083 2208 nescio
3111 2168 3275 2223 quam
3312 2153 3699 2223 inaequalitatem
3721 2149 3835 2203 Patris

2349 2261 2412 2300 ac
2436 2244 2574 2309 Filii,
2600 2261 2666 2300 ex
2697 2246 2803 2300 illis
2827 2262 2948 2315 quae
2976 2245 3203 2314 posuisti
3229 2244 3532 2300 nominibus
3556 2253 3694 2312 atque
3713 2242 3831 2310 operi-

2349 2336 2447 2391 bus
2490 2337 2709 2400 asseris,
2750 2345 2805 2391 et
2831 2337 3194 2405 aequalitatem
3225 2335 3404 2391 Patris
3443 2350 3505 2390 ac
3542 2333 3648 2387 Filii
3683 2348 3734 2387 ex
3762 2331 3835 2384 istis

2348 2442 2468 2496 qua:
2512 2428 2927 2482 commemoravi
2966 2427 3270 2482 nominibus
3318 2433 3479 2494 atque
3521 2422 3732 2492 operibus
3763 2433 3832 2472 non

2350 2517 2596 2584 agnoscis
2623 2516 2646 2553 ’θ

2859 2642 3336 2701 FRAGMENTUM
3366 2641 3410 2699 Il

2712 2756 2849 2811 Deus
2876 2758 3034 2811 Pater
3062 2759 3217 2811 etiam
3249 2757 3571 2811 Paracletus.

2424 2869 2502 2924 Tu
2527 2871 2723 2940 quippe
2750 2870 2931 2924 dixisti
2959 2871 3084 2939 quia
3114 2869 3256 2924 Deus
3285 2868 3467 2933 Pater,
3500 2867 3582 2936 qui
3619 2862 3735 2918 nullo
3767 2859 3834 2912 mia

2352 2974 2471 3024 nor,
2503 2961 2740 3029 nullique
2766 2960 3039 3029 subjectus
3062 2951 3162 3023 est,
3195 2960 3279 3013 illa
3307 2959 3453 3013 omni
3482 2954 3734 3010 humilitate
3754 2964 3835 3018 ope-

2353 3066 2474 3105 rum
2516 3066 2579 3105 ac
2608 3050 2881 3105 nominum
2912 3059 3076 3105 caret.
3120 3051 3197 3105 Ac
3237 3050 3466 3119 primum
3494 3058 3718 3117 cognosce
3742 3038 3835 3110 quod

2353 3141 2494 3196 Deus
2521 3139 2681 3196 Pater
2700 3156 2806 3195 non
2843 3149 3025 3205 careat
3070 3122 3338 3196 Paracleti
3384 3154 3558 3210 opere,
3601 3126 3651 3189 ut
3686 3148 3735 3187 ex
3769 3130 3837 3182 hoc

2355 3336 2491 3392 opus
2510 3321 2668 3391 hujus
2698 3321 2930 3375 nominis
2959 3320 3346 3387 invenerimus,
3375 3332 3580 3374 necesse
3605 3328 3694 3369 non
3710 3310 3782 3365 erit
3799 3315 3836 3357 ut

2352 3414 2420 3469 de
2449 3414 2665 3468 nomine
2693 3411 3112 3467 demonstrando
3144 3411 3346 3481 aliquid
3377 3412 3694 3480 disputemus.
3733 3400 3835 3452 Ρπι·

2353 3506 2524 3561 cietus
2551 3505 2602 3558 in
2636 3503 2825 3557 Latina
2847 3503 3049 3570 lingua,
3074 3518 3179 3561 non
3201 3502 3377 3556 solum
3400 3501 3690 3559 Advocatus,
3708 3503 3834 3545 verum

2353 3595 2517 3650 etiam
2539 3591 2863 3648 Consolator
2889 3593 3106 3648 dicitur.
3148 3592 3285 3646 Audi
3317 3605 3446 3660 ergo
3471 3587 3589 3658 quid
3625 3577 3833 3652 Apostolus

2351 3684 2421 3740 de
2449 3685 2560 3740 Deo
2589 3683 2749 3739 Patre
2794 3683 2958 3747 dicat,
3005 3691 3060 3738 et
3086 3697 3314 3741 exvero
3356 3674 3703 3737 consolationis
3725 3678 3835 3737 opem

2351 3777 2636 3832 veritatem
2666 3775 2761 3829 Dei
2788 3772 3148 3830 consolatoris
3177 3786 3431 3842 agnosce.
3477 3764 3723 3839 Apostolus
3741 3768 3835 3810 uern-

2353 3885 2421 3941 pe
2447 3867 2689 3925 scribens
2718 3865 2785 3921 ad
2806 3865 3116 3921 Corinthios
3141 3865 3216 3919 ita
3240 3864 3373 3919 dicit
3398 3882 3411 3915 :
3460 3857 3722 3947 Benedictus
3745 3846 3836 3947 Dm

2352 3971 2401 4014 et
2429 3959 2590 4012 Pater
2619 3956 2830 4013 Domini
2854 3957 3019 4010 nostri
3047 3954 3173 4009 Jesu
3195 3952 3412 4017 Christi,
3449 3949 3597 4003 Pater
3622 3941 3832 3996 misericor-

2354 4051 2580 4115 diarum,
2632 4058 2683 4103 et
2723 4046 2864 4102 Deus
2902 4048 3055 4102 totius
3103 4043 3496 4105 consolationis,
3522 4036 3601 4110 qui
3623 4026 3835 4115 consultat

2354 4158 2447 4196 nos
2483 4142 2540 4194 in
2568 4109 2709 4195 omni
2740 4137 3072 4192 tribulatione
3113 4144 3294 4190 nostra
3326 4131 3417 4206 (II
3449 4130 3561 4185 Cor.
3589 4141 3620 4190 t,
3648 4120 3708 4191 3).
3732 4109 3833 4212 0901‘

2354 4230 2409 4284 in
2429 4228 2619 4285 Graeco
2645 4227 2723 4283 sic
2743 4226 2971 4281 habetur
2995 4242 3009 4277 :
3038 4224 3316 4294 εὐλογητὸς
3336 4223 3363 4277 ὁ
3393 4222 3513 4279 Θεὸς
3529 4217 3607 4271 καὶ
3629 4212 3759 4305 uarip
3776 4219 3834 4305 τξν

2356 4324 2550 4396 Κυρίου
2588 4322 2726 4390 ἡμῶν
2752 4322 2912 4376 Ἰησοῦ
2946 4320 3199 4387 Χριστοῦ,
3242 4314 3267 4368 ὁ
3318 4318 3487 4386 Πατὴρ
3521 4313 3611 4364 τῶν
3642 4303 3836 4399 Dixi???

2354 4393 2446 4466 xui
2460 4412 2584 4471 Θεὸς
2624 4411 2798 4469 πάσης
2842 4408 3231 4483 παρακλήσεως.
3274 4404 3300 4460 ὃ
3349 4399 3636 4479 παρακαλῶν
3654 4393 3833 4483 inde“:

2355 4504 2499 4574 πάσῃ
2519 4508 2582 4572 τῇ
2604 4499 2774 4571 θλίψει
2798 4477 2938 4570 ἠμνῑῦ
2965 4497 3040 4568 (in
3065 4496 3203 4550 Bibl.
3232 4477 3435 4565 duo»).
3451 4489 3544 4546 Ubi
3569 4477 3832 4574 consolationi

671 4565 867 4653 iaterna
896 4595 950 4666 (Ι
963 4565 1135 4677 ⁴ξιοιιη.
1160 4613 1213 4663 v,
1240 4594 1353 4668 20).
1387 4596 1506 4652 Alio
1534 4613 1750 4670 quoque
1778 4599 1899 4654 loco
1927 4565 2065 4655 sicut
2092 4601 2252 4655 vitam
2286 4623 2336 4684 υ
2362 4565 2537 4647 Patt'is
2558 4565 2993 4684 έοηεδιεηίδηςιῐί
3022 4602 3240 4684 (ξιιοίιιιιξ
3267 4586 3386 4641 Filii
3407 4565 3834 4684 ὀοηξυῦβῗῗξῗίξ

670 4688 802 4743 dicit
851 4685 1088 4753 Patrem,
1136 4688 1215 4743 sic
1242 4688 1407 4743 vitam
1435 4688 1566 4744 dicit
1604 4698 1658 4744 et
1686 4688 1879 4745 Filium
1910 4709 1925 4754 ;
1957 4692 2033 4747 ait
2060 4693 2205 4748 enim
2235 4712 2247 4746 :

673 4776 826 4843 Quod
853 4789 965 4832 erat
1002 4779 1067 4832 ab
1100 4780 1275 4845 initio,
1316 4781 1452 4853 quod
1494 4783 1801 4848 audivimus,
1852 4784 1988 4853 quod
2033 4784 2253 4838 vidimus

672 4869 832 4924 oculis
858 4872 1071 4938 nostris,
1100 4872 1237 4942 quod
1259 4873 1596 4944 inspeximus,
1625 4885 1673 4928 et
1702 4891 1888 4930 manus
1915 4885 2110 4932 nostra
2131 4894 2255 4931 con-

675 4970 1019 5018 trectaverunt
1047 4962 1111 5015 de
1146 4962 1310 5016 Verbo
1337 4964 1453 5019 vitae
1483 4964 1535 5035 (I
1564 4964 1719 5019 Joan.
1754 4982 1789 5031 ι,
1821 4966 1897 5037 l).
1928 4966 2139 5023 Scimus
2159 4984 2254 5023 au-

674 5062 784 5108 tem
830 5051 1065 5108 Verbum
1095 5053 1265 5108 Patris
1285 5068 1403 5108 esse
1430 5053 1644 5109 Filium.
1687 5054 1824 5111 Cum
1855 5072 1986 5127 ergo
2015 5058 2253 5114 Verbum

673 5144 798 5198 vitae
839 5143 1036 5199 dicitur
1078 5143 1262 5209 Filius,
1313 5142 1527 5199 Patrem
1576 5144 1821 5202 videmus
1868 5148 1991 5202 vitae
2038 5150 2257 5205 nomine

674 5236 971 5307 prtedicarl.
1003 5220 1179 5308 Ipsum
1209 5252 1339 5292 vero
1359 5237 1595 5292 Verbum
1617 5238 1757 5303 vitae,
1791 5238 1954 5292 vitam
1983 5239 2036 5293 itt
2065 5239 2258 5294 subse-

677 5328 964 5396 quentibus
1005 5330 1248 5382 nominat
1285 5328 1508 5383 dicens:
1557 5327 1628 5381 Et
1656 5330 1760 5383 vita
1789 5330 1963 5400 palam
1987 5332 2131 5401 facta
2159 5338 2258 5397 est,

678 5424 729 5471 et
757 5416 994 5483 uidimus,
1041 5426 1087 5472 et
1139 5427 1405 5482 testamur,
1437 5429 1486 5472 et
1529 5420 1896 5473 annuntiamus
1925 5420 2067 5473 vobis
2108 5420 2261 5473 tilum

678 5518 927 5566 aternam
955 5525 1067 5579 qua
1104 5519 1218 5563 erat
1262 5510 1398 5580 apud
1445 5508 1675 5574 Patrem,
1724 5520 1774 5563 et
1802 5510 1977 5579 palam
2016 5510 2157 5579 facta
2185 5517 2261 5561 est

678 5600 827 5658 nobis
858 5599 1048 5673 (Ibid.,
1066 5600 1142 5673 2).
1172 5599 1311 5657 Ecce
1340 5601 1448 5656 vita
1477 5600 1656 5666 Pater,
1693 5601 1803 5655 vita
1830 5599 1997 5653 Filius
2023 5599 2219 5653 dicitur
2243 5617 2255 5651 :

679 5694 805 5766 quia
835 5700 893 5748 et
914 5691 1146 5747 Verbum
1172 5692 1318 5760 vitae,
1366 5698 1423 5747 et
1456 5693 1566 5746 vita
1596 5690 1761 5746 Filius
1790 5689 2112 5760 praedicatur
2137 5707 2149 5741 :
2195 5704 2261 5744 ac

678 5801 778 5859 per
807 5784 913 5840 hoc
933 5784 1110 5840 unitas
1140 5785 1372 5840 nominis
1402 5785 1455 5839 in
1486 5783 1647 5838 Patre
1676 5782 1919 5851 Filioque
1941 5780 2259 5836 naturaliter

678 5893 791 5937 non
839 5876 1145 5948 discrepat;
1204 5874 1344 5930 unde
1392 5876 1578 5943 utique
1636 5881 2029 5940 consequenter
2075 5870 2253 5927 unitas

2360 4684 2637 4756 paululum
2682 4681 2814 4737 dicit
2846 4698 2860 4736 :
2888 4654 3167 4744 Quoniam
3197 4679 3327 4732 εει-ιιι
3365 4672 3612 4730 abundant
3642 4654 3833 4756 ραηὶοιξεδ

2362 4741 2553 4829 ἱῗΙυ-ἰειὶ
2580 4775 2635 4828 in
2659 4771 2828 4838 nobis,
2855 4741 2931 4825 ita
2957 4779 3006 4823 et
3039 4787 3131 4841 per
3156 4768 3412 4823 Christum
3441 4757 3645 4818 abundat
3668 4741 3832 4841 60W.“

2364 4865 2433 4918 tio
2455 4871 2632 4918 nostra
2663 4829 2849 4933 (Ibid;
2879 4859 2955 4930 5).
2996 4829 3074 4915 Ne
3100 4874 3231 4914 vero
3259 4857 3431 4912 Patris
3456 4861 3509 4908 et
3526 4844 3630 4903 Filii
3654 4829 3830 4933 consul:

2363 4955 2565 5009 tionem
2593 4912 2858 5007 diversam
2888 4951 2941 5004 in
2970 4950 3128 5005 nobis
3154 4950 3239 5004 vel
3259 4948 3478 5003 divisam
3494 4935 3734 4996 existimes.

2364 5047 2491 5116 quid
2512 5047 2626 5116 ipse
2645 5045 2836 5100 beatus
2845 5043 3133 5115 Apostolus
3146 5011 3828 5116 Thessalonicensem“???

2364 5101 2503 5192 Dicit
2529 5101 2675 5190 enim
2711 5152 2723 5188 :
2772 5101 3091 5204 Ipse-autem
3125 5132 3377 5187 Dominus
3417 5134 3574 5182 uoster
3591 5115 3712 5170 Iesu

2366 5234 2492 5291 stus,
2523 5235 2574 5280 et
2600 5224 2741 5278 Deus
2769 5186 2828 5278 etr
2852 5224 3014 5277 Pater
3035 5232 3231 5290 noster,
3260 5224 3345 5294 qui
3371 5216 3540 5275 dilexit
3560 5206 3720 5302 nantl

2368 5290 2770 5372 consolationem
2797 5324 3064 5380 retentam,
3088 5323 3137 5368 et
3157 5290 3295 5382 spem
3317 5312 3494 5366 bonam
3510 5306 3560 5358 ίη
3578 5291 3731 5370 θναίίαν

2369 5409 2561 5464 soletur
2588 5407 2748 5462 corda
2776 5416 2963 5470 uestra,
2995 5378 3343 5473 et'conﬁrmet
3362 5403 3413 5455 in
3441 5391 3565 5453 οηιηί
3583 5378 3831 5483 οηξν

2369 5516 2519 5554 mone
2547 5497 2677 5553 bono
2708 5496 2797 5568 (ΙΙ
2828 5467 3008 5552 Thess.
3441 5467 3829 5592 ξυιεέῗιιὲίξῌῇιέ

2368 5597 2675 5658 consoletur,
2698 5590 2939 5646 nonnulli
2961 5588 3174 5644 codices
3192 5585 3365 5640 Latini
3384 5551 3829 5682 εωήοΐεεξξξῖῗΐθὲξξ

2367 5687 2462 5743 sed
2489 5686 2604 5741 sive
2627 5647 2733 5738 hoc
2761 5682 2852 5748 sit,
2882 5680 2995 5736 sive
3020 5678 3172 5745 illud,
3203 5677 3329 5746 quia
3356 5683 3411 5730 et
3434 5647 3830 5777 consolatiomt‘tlzz;

2367 5739 2603 5834 licitatio
2631 5775 2772 5846 apud
2812 5739 3376 5847 émcos-rrapén‘matc
3414 5759 3617 5872 dicito:

2366 5871 2470 5927 hoc
2496 5828 2777 5934 Posuimus
2807 5876 2866 5924 ut
2894 5882 3054 5924 uuam
3083 5828 3494 5923 consolationem
3519 5849 3617 5907 sive
3645 5828 3752 5891 θιιιο
