4050 6450
511 365 616 420 755

1569 365 1623 420 8.
1667 365 2029 422 FULGENTII
2060 363 2360 420 EPISCOPI
2391 362 2761 419 RUSPENSIS

3663 351 3773 408 75’}

510 479 767 535 Dominus
807 481 1131 550 passionem,
1160 481 1227 535 ad
1254 481 1553 536 docendum
1598 489 1880 534 venturum
1923 478 2083 534 disci-
2112 479 2166 539 Α
2188 477 2282 531 hoc
2311 477 2436 530 mihi
2470 476 2730 545 proveniet
2766 477 2822 528 in
2851 475 3088 543 salutem,
3115 490 3208 544 per
3231 480 3450 527 vestram
3480 471 3778 524 orationem

510 571 650 639 pulis
705 568 1039 626 Paracletum
1075 570 1331 641 Spiritum
1375 585 1442 624 eo
1471 571 1590 624 loco
1628 570 1891 638 pmdixit,
1924 569 2013 623 ubi
2051 584 2084 622 a

509 657 672 713 Patre
700 659 862 730 582
889 660 1049 714 simul
1072 669 1127 714 et
1154 675 1183 712 a
1213 659 1348 714 Filio
1393 660 1563 730 ipsum
1593 658 1928 714 Paracletum
1955 660 2083 712 mit-

511 750 731 805 tendum
765 765 884 806 esse
909 751 1171 820 promisit.
1200 749 1287 803 Ait
1334 750 1478 804 enim
1531 769 1543 801 :
1590 749 1892 803 Paracletus
1946 751 2085 802 enim

475 853 482 858 ·
511 841 741 910 Spiritus
780 851 1008 905 sanctus,
1033 858 1178 912 quem
1208 843 1372 894 mittet
1411 840 1570 894 Pater
1611 843 1665 894 in
1707 841 1914 894 nomine
1949 857 2084 906 meo,

512 933 598 985 ille
619 948 704 985 vos
725 932 925 986 docebit
963 934 1138 986 omnia
1165 948 1475 1002 quwcunqus
1513 933 1693 986 dissero
1735 930 1874 985 vobis
1903 929 2083 1000 (Joan.

513 1041 620 1090 xiv,
651 1023 764 1095 26.)
793 1024 1015 1080 Docebit
1044 1041 1138 1080 vos
1161 1026 1362 1093 utique,
1393 1025 1485 1089 ait,
1519 1040 1625 1078 non
1673 1023 1962 1093 postulabit
1987 1037 2086 1091 pro

512 1115 686 1168 vobis.
717 1113 851 1168 ltem
875 1115 924 1168 in
953 1114 1142 1169 eodem
1187 1129 1437 1169 sermone
1471 1113 1634 1166 :Cum
1682 1123 1851 1166 autem
1895 1112 2088 1166 venerit

512 1204 817 1258 Paracletus
837 1221 984 1275 quem
1009 1220 1102 1275 ego
1131 1207 1332 1258 mittam
1375 1205 1429 1256 in
1459 1219 1545 1257 vos
1573 1221 1605 1256 a
1628 1202 1806 1266 Patre,
1832 1202 2087 1271 Spiritum

514 1295 738 1347 veritatis
765 1295 901 1364 quia
921 1293 1081 1348 Patre
1099 1295 1352 1364 procedit,
1370 1295 1459 1348 ille
1492 1293 1831 1347 testimonium
1856 1292 2088 1361 perhibe-

512 1384 584 1436 bit
605 1385 668 1438 de
687 1402 766 1438 me
793 1383 974 1454 (Joan.
999 1401 1084 1449 xv,
1103 1383 1223 1454 26);
1255 1393 1311 1439 et
1340 1386 1533 1438 iterum
1561 1383 1775 1436 :Adhuc
1794 1382 1962 1435 multa
1989 1382 2084 1434 ha-

514 1474 602 1526 beo
628 1473 764 1528 vobis
795 1475 984 1542 dicere,
1010 1476 1102 1529 sed
1145 1492 1250 1528 non
1288 1475 1498 1545 potestis
1522 1483 1728 1543 portare
1765 1473 1936 1526 modo.
1961 1469 2090 1526 Cum

513 1575 682 1618 autem
710 1568 901 1619 venerit
927 1568 1016 1620 ille
1032 1566 1258 1636 Spiritus
1282 1566 1532 1630 veritatis,
1555 1565 1752 1619 docebit
1775 1581 1859 1619 vos
1887 1581 2088 1618 omnem

512 1659 772 1710 veritatem
816 1660 995 1726 (Joan.
1031 1675 1140 1726 xvi,
1170 1659 1281 1723 1‘2).
1325 1657 1423 1712 Ubi
1476 1675 1542 1712 ex
1590 1659 1702 1728 ipsa
1743 1657 2093 1714 similitudine

512 1747 692 1815 operis
745 1757 958 1802 ostensa
1008 1757 1090 1803 est
1135 1750 1442 1804 communio
1481 1749 1715 1803 deitatis.
1748 1749 1910 1803 Docet
1946 1748 2088 1802 enim

2185 577 2234 622 et
2260 567 2784 621 subministrationem
2812 565 3038 636 Spiritus
3075 563 3202 620 Iesu
3238 563 3428 618 Christi
3471 560 3698 633 (Philip.
3730 575 3772 620 ι.

2186 656 2300 728 l9).
2319 658 2454 712 Puto
2475 657 2617 726 quod
2641 657 2825 724 homo,
2841 657 2933 727 qui
2964 665 3018 712 te
3056 655 3361 711 Latinitatis
3387 655 3619 725 peritum
3653 666 3783 706 esse

2184 763 2594 814 commemoras,
2614 763 2837 818 prorsus
2858 763 3072 804 noveris
3101 763 3208 802 non
3239 748 3343 802 hoc
3362 759 3482 800 esse
3507 743 3783 799 submini-

2185 851 2383 905 strare,
2398 839 2541 908 quod
2565 845 2647 894 est
2668 839 2994 894 ministrare.
3020 838 3154 906 Quia
3180 839 3234 893 in
3256 853 3364 893 uno
3389 838 3580 892 horum
3607 833 3785 890 obseb

2186 929 2372 995 quium
2395 928 2736 991 humilitatis,
2749 929 2804 984 in
2831 929 3005 985 altero
3019 937 3198 984 autem
3219 927 3472 982 indicium
3485 923 3743 980 abnudan
3762 955 3782 964 -

2186 1020 2273 1072 tite
2294 1018 2452 1089 583
2463 1033 2526 1074 ac
2539 1019 2820 1089 potestatis
2829 1017 3146 1074 ostenditur.
3162 1016 3209 1072 Ἀ
3226 1018 3558 1071 ministrante
3570 1015 3791 1085 quippe

2188 1111 2504 1182 obsequium
2527 1111 2791 1179 redditur,
2817 1127 2849 1166 a
2868 1110 3309 1167 subministrante
3330 1123 3457 1164 vero
3475 1106 3788 1162 subsidium

2187 1209 2538 1270 pmrogatur.
2578 1199 2710 1254 Nam
2756 1199 2844 1255 dic
2889 1200 3042 1263 mihi,
3077 1214 3280 1268 quieso,
3315 1213 3436 1252 cum
3479 1196 3793 1267 Apostolus

2187 1295 2412 1349 dixisset
2451 1294 2757 1350 hominibus
2789 1313 2803 1348 :
2835 1294 2958 1349 Scio
2995 1295 3113 1364 quia
3152 1293 3246 1346 hoc
3280 1291 3408 1344 mihi
3431 1291 3696 1360 proveniet
3724 1291 3793 1342 iis

2189 1384 2430 1450 salutem,
2457 1399 2550 1454 per
2577 1393 2797 1438 vestram
2823 1385 3146 1446 orationem;
3187 1383 3240 1436 in
3265 1395 3368 1449 qua
3397 1380 3646 1435 oratione
3674 1379 3793 1433 uti-

2189 1493 2295 1546 que
2324 1493 2430 1531 non
2455 1476 2666 1531 illorum
2698 1477 3072 1541 ministerium,
3103 1475 3198 1530 sed
3226 1473 3546 1545 adjutorium
3573 1487 3754 1541 exspe
3772 1501 3790 1512 -

2190 1572 2406 1636 ctabat,
2439 1570 2577 1625 sicut
2613 1570 2740 1624 alibi
2776 1569 3044 1634 ostendit,
3092 1568 3279 1623 dicens
3309 1585 3322 1619 :
3357 1566 3576 1620 Obsecro
3619 1565 3798 1635 igitur

2190 1679 2296 1722 vos.
2324 1664 2530 1732 fratres,
2563 1679 2652 1732 per
2679 1662 2947 1714 caritatem
2979 1661 3230 1727 Spiritus,
3250 1667 3302 1710 ut
3332 1656 3579 1728 adjuvetis
3609 1670 3698 1708 me
3727 1655 3828 1706 in.

2190 1755 2510 1810 orationibus
2545 1771 2639 1824 pro
2681 1771 2762 1808 me
2803 1754 2872 1807 ad
2917 1752 3083 1806 Deum
3128 1751 3302 1820 (Rom.
3348 1767 3440 1816 xv,
3477 1749 3610 1817 50);
3658 1762 3796 1800 cum

512 1855 612 1890 nos
632 1835 808 1901 Pater,
837 1839 1064 1893 Domino
1094 1839 1308 1894 dicente
1336 1856 1348 1890 :
1373 1838 1467 1892 Est
1498 1840 1746 1906 scriptum
1774 1840 1826 1890 in
1861 1837 2084 1908 prophe—

2192 1861 2339 1915 ergo,
2371 1845 2508 1902 sicut
2530 1845 2664 1913 dixi,
2691 1845 2994 1899 orationem
3027 1841 3257 1896 ﬁdelium
3288 1841 3474 1895 beatus
3495 1836 3700 1892 Paulus
3730 1837 3797 1890 in

513 1928 575 1979 tis
608 1945 624 1980 :
656 1925 723 1979 Et
758 1938 905 1981 erunt
962 1946 1137 1982 omnes
1164 1927 1406 1982 docibiles
1430 1927 1546 1981 Dei.
1574 1929 1754 1982 Omnis
1779 1930 1864 1998 qui
1894 1927 2092 1981 audivit

513 2036 545 2068 a
578 2017 735 2071 l’atre
778 2029 828 2072 et
865 2020 1061 2082 didicit,
1111 2021 1242 2071 venit
1265 2018 1331 2070 ad
1361 2035 1440 2070 me
1473 2017 1609 2087 (lsa.
1643 2035 1746 2080 Ltv,
1780 2017 1890 2086 i3).
1925 2016 2092 2072 Docet

513 2121 568 2163 et
599 2111 761 2165 Filius
797 2113 864 2166 de
893 2129 1001 2181 quo
1041 2114 1301 2181 scriptum
1343 2121 1446 2174 est,
1477 2112 1601 2180 quia
1657 2119 1978 2164 accesserunt
2021 2109 2091 2162 ad

513 2220 628 2256 eum
679 2205 917 2273 discipuli
965 2205 1095 2274 ejus,
1120 2215 1168 2258 et
1209 2207 1441 2273 aperiens
1489 2222 1546 2257 os
1574 2220 1720 2256 suum
1763 2201 1971 2257 docebat
2005 2218 2091 2256 eos

515 2294 730 2362 (Matth.
755 2312 805 2360 ν,
835 2295 887 2363 1,
915 2295 992 2364 2).
1036 2295 1203 2350 Docet
1250 2311 1348 2349 nos
1389 2295 1550 2348 etiam
1580 2292 1812 2362 Spiritus
1851 2300 2088 2356 sanctus,

512 2386 656 2440 sicut
702 2386 947 2456 superius
999 2401 1065 2439 ex
1116 2385 1291 2439 verbis
1331 2385 1496 2454 ipsius
1521 2382 1639 2436 Filii
1670 2383 1762 2437 Dei
1788 2381 2087 2436 docuimus.

513 2475 643 2530 Inde
695 2485 787 2530 est.
819 2477 964 2544 quod
993 2476 1156 2528 etiam
1185 2475 1372 2530 beatus
1401 2472 1596 2526 Paulus
1626 2471 1884 2526 doctrina:
1921 2469 2092 2524 sancti

502 2568 746 2636 Spiritus
775 2583 934 2622 omne
963 2583 1099 2636 opus
1139 2582 1246 2620 suze
1293 2565 1687 2634 pneJicationis
1715 2564 1972 2631 assignat,
2003 2561 2090 2618 di-

513 2675 643 2714 cens
673 2678 684 2712 :
720 2657 846 2723 Quis
871 2663 1007 2712 enim
1035 2661 1129 2712 scit
1150 2659 1412 2712 hominum
1439 2673 1552 2728 quae
1575 2665 1695 2710 sunt
1721 2655 1964 2716 hominis,
1988 2655 2090 2706 nisi

511 2751 726 2819 spiritus
765 2751 985 2804 hominis
1011 2751 1095 2820 qui
1125 2750 1177 2802 in
1208 2751 1319 2815 ipso
1346 2751 1455 2801 est?
1494 2747 1579 2799 Ita
1617 2757 1666 2798 et
1693 2761 1806 2815 qua:
1835 2743 1934 2797 Dei
1972 2753 2090 2797 sunt

511 2858 660 2895 nemo
707 2842 970 2912 cognovit,
1022 2840 1123 2894 nisi
1169 2840 1398 2910 Spiritus
1455 2841 1570 2892 Dei.
1603 2837 1718 2891 Nos
1767 2846 1936 2890 autem
1985 2853 2090 2890 non

511 2931 749 3000 spiritum
803 2932 980 2984 mundi
1018 2931 1324 3000 accepimus,
1359 2930 1447 2983 sed
1477 2928 1731 2999 Spiritum
1751 2929 1837 2998 qui
1875 2943 1940 2981 ea:
1979 2926 2090 2982 Deo

510 3031 606 3086 est,
637 3030 693 3074 ut
712 3023 934 3076 sciamus
964 3037 1077 3092 qua:
1109 3039 1141 3074 a
1170 3020 1280 3077 Deo
1327 3021 1521 3074 donata
1553 3031 1670 3073 sunt
1701 3019 1862 3073 nobis.
1893 3017 2022 3083 Quae
2041 3027 2091 3072 et

511 3113 790 3183 loquimur,
819 3129 919 3166 non
973 3113 1026 3165 in
1075 3112 1239 3165 doctis
1287 3111 1529 3164 humana:
1583 3111 1854 3178 sapientia:
1905 3108 2088 3174 verbis,

513 3202 603 3254 sed
624 3203 678 3254 in
708 3202 946 3256 doctrina
976 3201 1202 3271 Spiritus
1235 3198 1288 3270 (I
1319 3199 1436 3253 Cor.
1466 3215 1522 3260 ll,
1557 3199 1642 3261 ll,
1679 3198 1766 3266 l2,
1804 3198 1912 3267 13).
1939 3187 2089 3252 llané
2118 3187 2164 3249 C

513 3290 743 3360 Spiritus
771 3292 940 3345 sancti
960 3290 1261 3344 doctrinam
1285 3291 1472 3344 beatus
1499 3303 1714 3356 quoque
1744 3288 1898 3342 nobis
1921 3286 2080 3343 Joan-

513 3397 616 3437 nes
642 3382 892 3444 insinuat,
920 3382 1092 3451 ipsum
1123 3380 1381 3450 Spiritum
1411 3387 1652 3432 sanctum
1683 3381 1900 3432 nomine
1927 3379 2094 3446 signi-

514 3472 683 3526 ﬁcans
707 3473 988 3526 unctionis.
1023 3471 1112 3526 Sic
1154 3472 1296 3526 enim
1345 3473 1457 3525 ait:
1491 3470 1618 3525 litae
1649 3471 1815 3525 scribo
1852 3471 1990 3525 vobis
2029 3473 2093 3525 de

515 3565 595 3616 his
615 3566 699 3635 qui
720 3564 964 3618 seducunt
993 3581 1100 3619 vos.
1120 3563 1188 3617 Et
1209 3581 1292 3618 vos
1325 3565 1615 3618 unctionem
1635 3580 1786 3634 quam
1817 3565 2091 3632 accepistis

515 3653 579 3707 ab
599 3671 677 3715 eo,
711 3665 916 3708 maneat
943 3655 997 3708 in
1018 3655 1176 3708 vobis.
1215 3653 1284 3708 Et
1308 3671 1409 3709 non
1450 3670 1652 3708 necesse
1680 3653 1878 3706 habetis
1907 3663 1962 3706 ut
1989 3655 2089 3706 ali-

514 3743 626 3812 quis
656 3743 835 3797 doceat
855 3760 969 3808 vos;
1002 3744 1092 3797 sed
1113 3743 1246 3796 sicut
1272 3745 1445 3797 unctio
1481 3743 1592 3812 ejus
1615 3743 1760 3796 docet
1784 3760 1867 3797 vos
1897 3744 1960 3796 de
1979 3761 2090 3798 om-

514 3831 686 3900 nibus,
711 3842 760 3886 et
799 3849 971 3887 verum
1018 3843 1116 3900 est,
1135 3843 1185 3888 et
1213 3851 1312 3888 non
1359 3845 1436 3888 est
1483 3835 1808 3889 ntendacium
1829 3833 2008 3905 (Joan.
2031 3851 2088 3901 ιι,

514 3921 628 3993 26).
655 3920 782 3977 Huic
827 3923 969 3978 dicta
1015 3924 1124 3977 sint
1165 3939 1196 3978 a
1237 3924 1414 3990 nobis,
1439 3925 1563 3994 quia
1612 3924 1827 3979 voluisti
1867 3924 2093 3994 Spiritui

513 4025 702 4098 sancto
751 4016 1010 4073 Advocati
1061 4034 1256 4073 nomen
1301 4018 1554 4088 obiicere,
1579 4035 1676 4089 pro
1702 4033 1768 4073 eo
1795 4019 1939 4088 quod
1967 4034 2090 4074 eum

513 4105 776 4162 Dominus
799 4107 953 4164 Jesus
974 4107 1311 4165 Paracletum
1340 4111 1669 4180 nominavit;
1697 4119 1754 4165 ut
1775 4111 2090 4167 ostendere-

515 4214 635 4253 mus
657 4199 808 4268 cujus
833 4201 1016 4270 operis
1057 4202 1228 4270 gratia
1252 4201 1450 4256 dixerit
1471 4201 1728 4256 Dominus
1747 4201 2090 4256 Paracletum

513 4287 677 4342 luisse
701 4299 1003 4344 venturum.
1021 4291 1153 4344 Nam
1177 4293 1430 4361 quoniam
1453 4292 1644 4348 doctor
1664 4293 1780 4362 ipse
1807 4307 1838 4346 a
1863 4292 2092 4362 discipu-

517 4382 584 4436 lis
603 4383 958 4450 corporaliter
985 4383 1312 4449 discedebat,
1329 4384 1604 4450 doctorem
1629 4385 1732 4439 illis
1754 4387 1938 4453 utique
1961 4400 2091 4454 pro-

515 4472 764 4525 mittebat
789 4489 800 4524 :
834 4481 888 4526 et
915 4472 1032 4526 vide
1052 4473 1263 4541 qualem
1290 4473 1599 4538 doctorem,
1631 4475 1720 4542 qui
1740 4475 1817 4529 eis
1841 4485 1896 4529 et
1918 4475 2093 4530 scien-

2193 1940 2519 2008 adjutorium
2547 1945 2908 2010 exSpectaret,
2929 1935 3062 2005 quid
3081 1951 3216 2005 opus
3238 1933 3335 1988 fuit
3355 1942 3414 1987 ut
3438 1926 3800 2001 adiungeret,

2195 2033 2264 2086 Et
2294 2032 2820 2086 subministrationem
2850 2028 3076 2099 Spiritus
3105 2025 3228 2080 Jesu
3257 2024 3492 2079 Christi?
3519 2023 3622 2077 nisi
3654 2022 3797 2090 quia

2192 2124 2363 2178 voluit
2391 2122 2676 2178 ostendere
2701 2119 2844 2190 quod
2873 2118 3104 2174 orationi
3131 2116 3365 2172 ﬁdelium
3388 2115 3619 2185 Spiritus
3649 2129 3800 2166 san-

2194 2222 2310 2268 ctus
2331 2213 2586 2281 largiatur
2605 2209 2852 2265 effectum
2871 2251 2888 2276 ,
2909 2208 3031 2262 dum
3060 2207 3142 2261 his
3163 2221 3193 2258 a
3213 2205 3405 2274 quibus
3426 2203 3510 2258 vel
3535 2217 3638 2273 pro
3663 2202 3800 2271 qui-

2191 2307 2294 2360 bus
2344 2312 2530 2360 oratur
2567 2301 2936 2357 subministrat
2961 2297 3215 2353 auxilium
3249 2316 3264 2349 :
3308 2312 3415 2351 non
3444 2295 3546 2349 hoc
3572 2292 3802 2348 faciens

2193 2395 2406 2450 servilis
2433 2392 2758 2449 conditionis
2786 2391 3068 2459 obsequio,
3099 2387 3194 2444 sed
3224 2387 3437 2453 divinat,
3465 2401 3626 2455 quam
3657 2401 3801 2439 cum

2195 2484 2355 2538 Patre
2384 2492 2439 2538 et
2465 2482 2600 2536 Filio
2627 2496 2788 2534 unam
2819 2479 3136 2534 naturaliter
3157 2478 3339 2541 habet,
3367 2477 3589 2546 imperio
3620 2486 3804 2545 pote-

2194 2574 2370 2627 statis.
2428 2571 2581 2637 Quod
2620 2579 2679 2624 ut
2719 2567 3051 2623 manifestius
3088 2568 3328 2635 noveris,
3361 2567 3644 2620 veritatem
3680 2567 3804 2622 tibi

2193 2664 2354 2716 etiam
2382 2662 2434 2715 in
2465 2661 2569 2716 hoc
2599 2660 2718 2714 loco
2740 2657 2937 2712 Gram:
2965 2658 3200 2726 ingeram
3224 2656 3490 2711 lectionis.
3522 2654 3804 2710 Scriberis

2193 2753 2333 2808 enim
2362 2752 2551 2806 beatus
2579 2748 2775 2804 Paulus
2799 2748 2866 2802 ad
2896 2746 3235 2802 Timotheum
3253 2789 3273 2815 ,
3301 2748 3441 2802 inter
3465 2747 3563 2800 alia
3597 2746 3745 2800 dicit
3784 2763 3800 2798 :

2193 2843 2431 2898 Marcum
2468 2859 2691 2906 assume,
2724 2850 2772 2894 et
2798 2841 2966 2893 adduc
2987 2849 3150 2895 tecum
3175 2857 3192 2893 :
3223 2851 3300 2894 est
3321 2841 3454 2893 enim
3483 2839 3608 2892 mihi
3633 2839 3806 2894 utilis

2191 2934 2244 2986 in
2275 2933 2610 2986 ministerium
2637 2948 2654 2985 :
2685 2929 2828 3000 quod
2857 2930 2911 2983 in
2941 2928 3126 2984 Graeco
3149 2929 3228 2985 sic
3267 2930 3494 2984 habetur
3521 2947 3534 2980 :
3570 2933 3802 3003 Μάρκον

2193 3023 2452 3077 ἀναλαϐὼν
2488 3019 2644 3094 ἄγαγε
2679 3020 2754 3090 (ἱη
2781 3018 2914 3073 Bibi.
2955 3016 3071 3094 ἆγε)
3101 3023 3228 3083 μετὰ
3257 3027 3492 3074 assumi?
3521 3017 3634 3073 ἔστι
3673 3023 3803 3096 γάρ

2195 3135 2277 3184 μοι
2314 3113 2609 3184 ε”χρηστος
2650 3117 2722 3173 εἰς
2761 3111 3004 3166 διακονίαν
3049 3108 3136 3181 (ΙΙ
3177 3109 3308 3162 Tim.
3350 3125 3422 3177 tv,
3453 3107 3557 3179 11).
3613 3107 3808 3164 Vides

2193 3220 2386 3278 nempe
2410 3205 2496 3258 hic
2523 3205 2589 3259 ab
2619 3203 2877 3274 Apostolo
2906 3201 3261 3256 ministerium
3292 3201 3540 3257 διακονίαν
3564 3199 3690 3254 dici.
3723 3200 3802 3256 lu

2193 3297 2286 3352 illo
2316 3305 2492 3351 autem
2521 3296 2638 3350 loco
2667 3295 2742 3348 ait
2775 3311 2787 3346 :
2821 3293 2926 3347 Per
2957 3303 3175 3347 vestram
3201 3293 3482 3346 orationem
3511 3302 3559 3344 et
3579 3290 3801 3345 submi-

2193 3387 2550 3442 nistrationem
2580 3385 2808 3452 Spiritus
2836 3383 2959 3436 Jesu
2989 3381 3210 3445 Christi,
3245 3383 3296 3434 in
3326 3380 3510 3435 Graeco
3534 3381 3803 3450 positum

2193 3487 2294 3545 est,
2325 3478 2408 3534 διὰ
2431 3487 2520 3538 τῆς
2560 3479 2701 3548 ὑμῶν
2741 3475 2982 3538 δεήσεως,
3021 3478 3101 3529 καὶ
3140 3475 3479 3546 ἐπιχορηγίας
3502 3480 3592 3528 τοῦ
3623 3477 3802 3527 πνεύ-

2194 3593 2352 3642 ματος
2377 3572 2544 3628 Ἰησοῦ
2585 3575 2809 3641 Χριστοῦ
2839 3565 3058 3638 (Philip.
3101 3583 3138 3633 l,
3179 3564 3288 3636 i9).
3335 3565 3521 3620 Nonne
3547 3565 3808 3621 manife-

2193 3673 2332 3718 stum
2359 3671 2460 3728 est,
2486 3677 2589 3716 non
2617 3661 2721 3715 hoc
2749 3675 2868 3714 esse
2902 3659 3173 3724 διακονίαν,
3202 3657 3347 3727 quod
3375 3667 3456 3712 est
3485 3662 3752 3730 χορηγίαν
3773 3661 3804 3712 2

2193 3753 2331 3809 Audi
2359 3761 2416 3808 et
2442 3751 2680 3826 aliud‘de
2708 3751 2852 3806 beati
2882 3749 3026 3804 Petri
3045 3748 3284 3819 Epistola
3315 3749 3644 3804 manifestius
3670 3750 3800 3804 do-

2193 3851 2521 3907 cumentum,
2539 3856 2648 3911 quo
2677 3849 2733 3895 et
2760 3840 3298 3903 administrationem,
3324 3840 3374 3894 id
3397 3849 3478 3894 est
3499 3845 3799 3914 χορηγίαν.

2194 3950 2301 3989 ηοη
2335 3948 2456 3989 esse
2500 3939 2792 3996 creatura},
2831 3931 2926 3986 sed
2963 3929 3239 3986 Creatoris
3273 3945 3568 3998 agnoscas;
3611 3939 3663 3984 et
3717 3947 3801 3986 ex

2194 4023 2670 4079 administrationis
2695 4021 2930 4086 nomine,
2945 4019 3204 4090 Spiritum
3225 4030 3467 4075 sanctum
3499 4035 3605 4074 non
3629 4021 3800 4076 aliud

2193 4129 2313 4169 esse
2337 4129 2496 4188 quam
2517 4113 2706 4174 Deum,
2731 4111 2847 4166 sine
2867 4110 3044 4178 aliqua
3066 4109 3294 4185 caligine
3319 4110 3668 4164 dubitationis
3698 4111 3800 4166 in-

2193 4204 2424 4272 telligas.
2471 4201 2608 4262 Dicit
2645 4202 2786 4256 enim
2818 4201 3006 4254 beatus
3045 4198 3234 4254 Petrus
3267 4217 3280 4251 :
3314 4198 3614 4267 Hospitates
3642 4201 3798 4255 inter

2192 4313 2278 4350 vos
2317 4295 2428 4350 sine
2470 4294 2870 4348 murmuratione
2907 4309 2924 4344 :
2963 4293 3304 4362 unusquisque
3340 4291 3541 4362 qualem
3580 4295 3796 4360 accepit

2193 4385 2438 4455 gratiam,
2469 4385 2603 4436 inter
2637 4398 2722 4436 vos
2750 4382 2896 4434 illam
2920 4382 3289 4445 ministrantes,
3332 4390 3386 4432 ut
3415 4379 3533 4433 boni
3559 4380 3794 4450 dispers-

2195 4485 2390 4530 satores
2429 4474 2757 4544 multiformis
2786 4473 2968 4544 gratia:
2995 4471 3112 4525 Dei.
3143 4471 3205 4526 Si
3235 4472 3346 4541 quis
3374 4471 3622 4538 loquitur,
3656 4479 3793 4524 tan-

517 4563 647 4617 tiam
687 4563 963 4626 tribueret,
987 4573 1042 4618 et
1079 4565 1350 4618 virtutem.
1377 4563 1451 4618 De
1482 4564 1600 4634 ipso
1641 4550 1843 4634 quippe
1872 4566 1948 4620 ait
1981 4563 2090 4620 dis-
2120 4555 2165 4612 D
2194 4558 2347 4639 quam
2387 4582 2645 4620 sermones
2683 4563 2781 4618 Dei
2819 4579 2836 4618 :
2876 4566 2920 4616 si
2955 4564 3070 4634 quis
3107 4563 3388 4624 ministrat,
3431 4572 3673 4633 tanquam
3717 4581 3795 4618 ex

515 4654 706 4723 cipulis
737 4672 750 4707 :
787 4653 886 4708 Vos
942 4663 1111 4708 autem
1154 4655 1326 4708 sedete
1357 4655 1411 4708 in
1459 4655 1687 4722 civitate,
1718 4655 1878 4708 donec
1905 4654 2090 4708 indua-

513 4747 642 4800 mini
669 4748 851 4801 virtute
871 4763 935 4800 ea;
959 4748 1063 4801 alto
1094 4746 1244 4817 (Luc.
1275 4763 1419 4812 xxiv,
1451 4745 1578 4816 49);
1608 4757 1662 4800 et
1693 4747 1886 4800 iterum
1915 4745 2042 4800 dicit
2070 4763 2083 4798 :

422 4816 433 4864 Ῐ
514 4839 788 4907 Accipietis
826 4841 1059 4893 virtutem
1106 4816 1506 4909 supervenientis
1563 4838 1792 4908 Spiritus
1824 4837 1993 4890 sancti
2035 4839 2089 4891 in

421 4987 426 4996 ι
513 4944 602 4981 vos
633 4927 768 4995 (Act.
792 4943 828 4992 ι,
852 4928 928 4998 8).
954 4929 1072 4998 Ipse
1094 4940 1272 4999 itaque
1301 4929 1531 4998 Spiritus
1554 4929 1795 4992 veniens,
1820 4929 1959 4983 sicut
1989 4929 2082 4983 tri-

513 5020 629 5073 buit
649 5021 1033 5088 cognitionem,
1063 5022 1134 5076 ita
1173 5023 1401 5077 contulit
1443 5019 1770 5076 ﬁrmitatem.
1797 5020 2104 5108 Propterea;

420 5145 424 5174 ς
511 5111 770 5179 scriptum
821 5121 904 5166 est
956 5112 1025 5166 de
1067 5112 1382 5181 discipulis:
1417 5110 1484 5163 Et
1527 5112 1707 5180 repleti
1754 5119 1870 5164 sunt
1914 5125 2091 5163 omnes

513 5200 714 5270 Spiritu
743 5209 940 5265 sancto,
966 5212 1014 5256 et
1039 5202 1375 5273 loquebantur
1403 5201 1607 5254 verbum
1630 5199 1726 5253 Dei
1757 5216 1870 5252 cum
1893 5199 2088 5268 ﬁducia

515 5289 650 5356 (Act.
682 5305 754 5356 tv,
787 5290 900 5361 5t).
935 5291 1029 5346 Dic
1073 5292 1334 5346 minorem
1365 5290 1662 5351 doctorem,
1699 5289 1745 5343 si
1789 5289 2090 5344 doctrinam

513 5377 631 5445 ejus
658 5381 906 5448 quislibet
948 5383 1282 5452 philosophia
1313 5381 1441 5436 vicit
1465 5399 1477 5433 :
1501 5379 1586 5434 dic
1614 5381 1875 5434 minorem
1903 5380 2090 5434 docto-

518 5489 655 5539 rem,
679 5473 723 5529 si
758 5474 936 5529 abillo
961 5475 1202 5530 ﬁrmatos
1227 5488 1409 5542 regum
1436 5473 1640 5527 smvitia
1663 5472 1952 5540 superavit.
1987 5470 2090 5523 Mi-

517 5567 740 5619 nistrum
787 5579 915 5618 vero
964 5565 1143 5620 nescio
1175 5575 1350 5618 utrum
1383 5563 1578 5618 alicubi
1606 5562 1806 5616 dictum
1849 5561 2092 5614 invenire

516 5657 717 5722 puteris
741 5655 996 5724 Spiritum
1025 5663 1288 5708 sanctum.
1321 5653 1387 5706 Et
1433 5669 1501 5708 ne
1543 5662 1647 5706 tua:
1705 5650 1992 5705 assertioni
2022 5649 2088 5704 de

517 5745 606 5796 illo
641 5743 883 5812 Apostoli
935 5742 1055 5796 loco
1103 5742 1300 5810 aliquid
1324 5742 1612 5810 juvatuinis
1638 5740 2002 5810 repromittas,
2034 5740 2084 5793 in

519 5849 624 5904 quo
655 5831 1082 5905 PiliiiprllSiDUS
1103 5831 1340 5888 scribens
1365 5833 1437 5887 ait
1473 5850 1482 5884 :
1536 5832 1657 5889 Scio
1681 5835 1813 5886 enim
1844 5831 2085 5901 quoniam

2188 4659 2391 4722 virtute,
2425 4672 2580 4727 quam
2615 4655 2945 4708 administrat
2980 4652 3142 4706 Deus.
3185 4651 3338 4718 Quod
3377 4653 3430 4705 in
3469 4652 3662 4708 Gneco
3701 4656 3788 4710 sic

2192 4749 2420 4805 habetur
2435 4765 2448 4801 :
2461 4749 2701 4813 Φιλόξενοι
2720 4751 2792 4808 εἰς
2813 4747 3048 4807 ἀλλήλους
3069 4743 3188 4801 ἄνευ
3209 4754 3539 4818 γογγυσμῶν,
3561 4747 3786 4808 ἕκαστος

2192 4845 2349 4904 καθὼς
2374 4839 2526 4896 ἔλαϐε
2550 4842 2816 4914 χάρισμα,
2839 4842 2911 4899 εἰς
2938 4838 3150 4897 ἑαυτοὺς
3173 4839 3299 4891 αὐτὸ
3322 4835 3682 4902 διακονοῦντες,
3713 4841 3785 4898 ὡς

2194 4934 2335 4988 καλοὶ
2361 4932 2609 5003 οἰκονόμοι
2634 4931 2862 4990 ποικίλης
2895 4931 3113 5005 χάριτος
3139 4933 3284 4982 Θεοῦ.
3317 4925 3378 4980 Εἴ
3399 4947 3477 4986 τις
3501 4927 3667 4989 λαλεῖ,
3711 4931 3783 4987 ὡς

2192 5023 2337 5096 λόγια
2359 5027 2486 5077 Θεοῦ
2505 5035 2517 5047 ·
2539 5018 2587 5073 εἴ
2611 5041 2687 5080 τις
2707 5018 2937 5085 διακονεῖ,
2965 5022 3032 5078 ὡς
3052 5020 3101 5080 ἐξ
3125 5019 3317 5086 ἰσχύος
3339 5019 3404 5075 ὡς
3433 5013 3512 5085 (in
3535 5013 3675 5069 Bibl.
3698 5014 3780 5083 ἧς)

2157 5143 2160 5146 -
2197 5110 2458 5185 zemas
2487 5111 2608 5170 Θεὸς
2635 5106 2688 5176 (1
2711 5107 2855 5162 Petr.
2884 5123 2958 5172 ιν,
2974 5105 3048 5176 9).
3074 5103 3153 5158 Ex
3181 5105 3263 5159 his
3284 5104 3437 5170 locis,
3456 5119 3578 5174 qua:
3608 5105 3782 5172 magis

2197 5199 2382 5255 Grasco
2423 5213 2582 5268 quam
2623 5197 2812 5252 Latino
2841 5197 3218 5252 discernuntur
3252 5193 3494 5263 eloquio,
3534 5194 3780 5249 ministeo

2196 5289 2335 5344 rium
2362 5289 2428 5344 ad
2462 5288 2830 5358 operationem
2859 5287 3146 5340 humanam
3166 5327 3182 5352 ,
3220 5284 3618 5340 administratio
3648 5300 3776 5339 vero

2197 5380 2310 5434 sive
2349 5378 2772 5434 subministratio
2809 5377 2875 5432 ad
2913 5377 3147 5432 divinam
3177 5375 3520 5444 cognoscitur
3547 5376 3774 5444 gratiam

2194 5468 2485 5539 pertinere.
2532 5468 2646 5522 Hoc
2685 5475 2767 5521 est
2807 5467 2984 5535 itaque
3019 5465 3239 5536 Spiritui
3277 5474 3466 5520 sancto
3507 5465 3770 5519 submini-

2191 5567 2394 5622 strare,
2427 5557 2571 5625 quod
2599 5564 2680 5610 est
2708 5554 3080 5630 sufﬁcientiam
3112 5557 3261 5610 dare.
3292 5554 3427 5608 Cum
3456 5555 3603 5608 enim
3634 5555 3773 5609 Deus

2193 5647 2442 5700 virtutem
2465 5645 2821 5708 administrat,
2843 5643 3218 5700 sullicicntiam
3247 5645 3431 5698 donat.
3460 5644 3636 5709 Quam
3662 5644 3765 5697 sul-

2190 5733 2475 5789 ﬁcientiatn
2503 5750 2608 5789 non
2631 5750 2695 5788 ex
2722 5735 2896 5798 nobis,
2919 5735 3010 5789 scd
3037 5746 3102 5788 cx
3131 5734 3238 5788 Deo
3265 5749 3384 5787 esse
3407 5733 3600 5787 beatus
3628 5735 3763 5802 Apo-

2190 5827 2358 5882 stolus
2389 5827 2586 5884 docens
2617 5847 2626 5883 :
2655 5826 2993 5897 Snﬁicientia,
3021 5827 3208 5898 inquit,
3233 5835 3408 5894 nostra
3433 5843 3497 5880 ex
3521 5825 3631 5882 Deo
3652 5837 3756 5895 sit,
