4050 6466
282 381 382 437 757

1347 378 1619 435 CONTRA
1659 375 2004 436 FABIANUM
2044 379 2478 436 FRAGMENIA.

3436 378 3528 430 753

275 496 363 565 qui
404 501 452 546 et
495 495 705 546 idoneos
749 509 840 546 nos
876 493 993 562 fecit
1031 492 1290 546 ministros
1332 490 1468 546 Novi
1511 491 1848 555 Testamenti,
1883 503 1929 560 Α
1957 493 2215 562 Apostolo
2253 492 2454 546 dictum
2490 489 2798 560 :Testiﬁcor
2839 509 3011 544 coram
3052 490 3190 555 Deo,
3237 501 3285 544 et
3328 491 3527 544 Christo

276 603 382 640 non
411 585 601 646 littera,
634 584 722 636 sed
749 586 932 654 spiritu
967 583 1018 651 (Ι
1027 583 1052 636 1
1093 583 1214 637 Cor.
1249 599 1322 648 ιιι,
1359 582 1409 647 5,
1440 582 1515 651 6).
1547 580 1846 637 Ostendens

275 685 458 731 autem
488 676 837 729 ministerium
867 691 1040 737 suum,
1065 677 1270 730 curavit
1291 675 1451 730 etiam
1474 674 1846 730 subministra-

273 765 480 818 tionem
507 765 677 819 sancti
705 764 933 834 Spiritus
960 765 1358 828 demonstrare,
1389 763 1573 818 dicens
1607 781 1619 815 :
1652 761 1850 816 Littera

273 855 411 908 enim
441 854 645 919 occidit,
679 854 904 924 Spiritus
931 863 1099 908 autem
1127 854 1346 922 eiviﬁcat
1377 851 1644 922 (Ibidem).
1668 851 1851 904 Visum

272 959 407 998 vero
432 945 527 999 tibi
548 954 650 1011 est,
674 946 838 1000 Deum
862 945 1071 1002 Patrem
1093 947 1325 1016 judicem
1347 945 1545 1006 dicere,
1569 944 1721 1012 quasi
1744 958 1852 997 non

270 1033 376 1088 hoc
414 1035 484 1089 sit
519 1045 574 1090 et
612 1036 774 1092 Filius
809 1045 865 1092 et
901 1036 1130 1107 Spiritus
1166 1045 1401 1092 sanctus.
1452 1036 1532 1089 An
1571 1039 1748 1090 nescis
1785 1033 1852 1087 ab

1948 581 2106 650 Iesu,
2137 583 2221 652 qui
2252 583 2577 651 judicaturus
2606 591 2681 634 est
2708 583 2840 635 vivos
2872 597 2932 634 ac
2961 591 3210 641 mortuos,
3245 590 3292 632 et
3318 595 3407 648 per
3434 577 3528 629 ad-

1949 683 2152 728 ventum
2180 676 2372 743 ipsius,
2412 683 2461 727 et
2489 690 2698 744 regnum
2726 675 2885 742 ipsius
2915 671 3012 742 (II
3045 671 3176 724 Tim.
3207 688 3256 725 tv
3278 709 3292 734 ,
3333 671 3358 722 l
3381 671 3419 738 ).
3453 668 3524 721 De

1951 764 2155 834 Spiritu
2191 773 2371 819 autem
2413 765 2575 835 584
2617 774 2804 818 sancto
2845 765 2959 833 ipse
3001 762 3164 816 Filius
3212 760 3360 825 dicit,
3402 759 3522 827 quia

1952 863 2129 925 arguet
2159 855 2403 908 mundum
2431 855 2496 908 de
2524 863 2752 924 peccato,
2784 864 2832 908 et
2860 856 2922 907 de
2943 853 3146 923 justitia
3172 860 3220 906 et
3247 852 3308 904 de
3328 850 3521 919 judicia

1954 947 2133 1017 (Joan.
2164 963 2271 1012 XVI,
2296 945 2372 1016 8).

384 1280 478 1328 IX
516 1280 740 1329 LIBRO
791 1282 866 1330 ιι.
908 1283 1005 1330 DE
1046 1281 1356 1330 οπιειιε
1410 1276 1839 1328 ΡοετυιιΑιω

1938 1273 2260 1322 EEMBNDI
2316 1273 2407 1320 ET
2455 1273 2736 1322 ORANDI
2785 1273 2859 1320 IN
2918 1272 3236 1321 οιιιιιετο
3289 1273 3382 1320 E'l'

1579 1364 1854 1414 BPIBI'I'U
1902 1361 2206 1412 BANC'I'O.

757 1491 1231 1548 FRAGMENTUM
1271 1492 1358 1546 IV.

482 1606 547 1660 In
577 1606 778 1660 Christo
808 1605 923 1658 dua:
950 1612 1177 1667 naturae,
1209 1618 1430 1672 persona
1457 1603 1630 1655 unica.

337 1719 445 1774 Nos
465 1717 783 1773 confitentes
796 1715 1064 1769 Christum
1086 1714 1277 1768 Filium
1298 1714 1393 1768 Dei
1412 1713 1519 1767 vivi
1535 1711 1698 1781 (quod
1719 1724 1842 1763 eum

264 1810 544 1868 confessus
573 1817 656 1862 est
684 1807 960 1876 apostolus
988 1805 1208 1871 Petrus,
1237 1813 1293 1858 et
1319 1804 1386 1858 ab
1416 1803 1534 1873 ipso
1563 1800 1844 1856 Salvatore

264 1901 482 1970 (Matth.
508 1916 617 1967 xvr,
648 1898 734 1964 16,
764 1897 870 1967 l7),
896 1896 1246 1952 confessionis
1270 1894 1428 1963 hujus
1452 1893 1622 1960 gratia
1649 1891 1843 1946 meruit
1875 1907 1918 1964 Β

265 1989 449 2044 vocari
485 1986 718 2056 beatus),
763 2002 927 2040 unum
960 1985 1314 2053 cumdemque
1343 1982 1534 2036 Filium
1562 1981 1655 2035 Dei
1683 1990 1845 2048 atque

264 2080 500 2135 hominis
535 2078 803 2134 credimus
843 2095 855 2130 ι
902 2085 958 2131 et
1005 2077 1058 2128 in
1101 2091 1167 2130 eo
1207 2083 1443 2144 paternze
1482 2081 1845 2139 maternaeque

264 2169 573 2224 substantia:
611 2167 909 2222 naturalem
947 2173 1331 2235 cognoscentes
1369 2162 1668 2218 certissime
1705 2162 1843 2216 veri~

265 2269 472 2316 tatem;
504 2259 644 2313 sicut
671 2267 954 2326 utramque
984 2266 1229 2310 naturam
1259 2256 1312 2309 in
1341 2269 1408 2309 eo
1437 2269 1544 2308 non
1574 2253 1843 2319 ﬁndimus,

263 2351 342 2404 sic
366 2350 528 2405 etiam
557 2349 860 2403 nullatenus
880 2362 1207 2416 separamus.
1231 2344 1344 2400 Hoc
1363 2345 1560 2414 quippe
1582 2343 1635 2396 in
1654 2342 1844 2397 Nesto-

264 2440 432 2494 rianis
468 2439 732 2494 catholica
779 2438 960 2506 culpat
995 2447 1050 2490 et
1085 2436 1411 2490 condemnat
1438 2432 1677 2487 Ecclesia
1707 2449 1720 2496 ;
1752 2432 1844 2501 qui

263 2527 500 2581 maxime
547 2526 603 2579 in
650 2525 754 2578 hoc
795 2533 1000 2587 errant,
1053 2524 1106 2576 in
1158 2538 1265 2592 quo
1311 2529 1535 2591 propter
1576 2521 1842 2589 geminam

265 2619 465 2674 Christi
491 2618 844 2672 substantiam
865 2617 1052 2671 volunt
1066 2617 1126 2669 ‘in
1147 2631 1213 2670 eo
1232 2615 1506 2684 geminare
1523 2628 1841 2682 personam;

266 2719 325 2763 ut
354 2707 724 2762 aliam-dicant
753 2707 819 2760 ad
846 2705 1038 2760 Filium
1068 2705 1184 2770 Dei,
1215 2705 1374 2758 aliam
1394 2719 1526 2758 vero
1555 2703 1620 2756 ad
1651 2703 1845 2756 Filium

265 2800 501 2854 hominis
520 2799 788 2868 pertinere
817 2817 829 2851 :
863 2813 985 2852 cum
1013 2812 1150 2851 unus
1178 2797 1426 2866 idemque
1455 2795 1523 2850 sit
1551 2794 1645 2849 Dei
1674 2803 1727 2848 et
1757 2795 1846 2848 ho-

265 2891 427 2944 minis
451 2889 638 2954 Filius,
667 2889 735 2942 de
768 2889 876 2943 Deo
903 2887 1062 2942 Patre
1091 2887 1325 2942 Verbum
1354 2885 1514 2950 Deus,
1546 2893 1602 2938 et
1628 2885 1695 2938 de
1722 2883 1843 2937 Vir-

263 2983 388 3050 gine
417 2989 588 3036 matre
620 2981 852 3035 Verbum
895 2995 1022 3035 caro
1050 2979 1282 3045 factum,
1315 2977 1368 3032 id
1402 2986 1483 3032 cst
1512 2977 1652 3030 Deus
1680 2977 1844 3031 homo

264 3071 528 3126 veraciter
555 3079 714 3126 natus
743 3089 755 3123 :
790 3071 880 3139 qui
911 3073 1134 3125 formam
1163 3069 1304 3123 servi
1332 3068 1619 3137 accipiens,
1654 3067 1706 3120 in
1736 3082 1842 3136 qua

263 3165 332 3220 de
353 3173 523 3219 matre
553 3165 705 3218 fieret
735 3163 896 3217 homo
918 3177 1096 3224 verus,
1124 3159 1255 3214 nihil
1281 3159 1460 3214 amisit
1479 3158 1532 3211 in
1559 3157 1646 3212 illa
1672 3157 1840 3212 forma

264 3254 379 3318 Dei,
412 3254 466 3308 in
494 3267 600 3322 qua
627 3268 748 3307 cum
775 3251 934 3306 Patre
964 3266 1098 3306 unus
1121 3259 1204 3304 est
1231 3249 1547 3303 naturaliter
1573 3247 1714 3303 Deus
1739 3265 1753 3312 ;
1785 3255 1840 3302 et
1866 3255 1913 3317 ρ

263 3360 387 3398 cum
426 3345 772 3414 semetipsum
810 3343 1126 3410 exinanivit,
1166 3343 1276 3397 suis
1313 3341 1606 3411 permansit
1643 3340 1842 3395 divitiis

262 3441 452 3510 plenus
475 3457 489 3505 ;
521 3447 576 3494 et
599 3455 720 3496 cum
748 3453 807 3492 se
835 3438 1151 3502 humiliavit,
1182 3452 1287 3490 non
1317 3436 1522 3492 destitit
1549 3448 1668 3490 esse
1695 3434 1840 3503 quod

261 3539 410 3594 erat,
441 3545 655 3600 semper
682 3529 1002 3583 Altissimus.
1049 3525 1205 3582 Unde
1241 3528 1318 3582 sic
1353 3528 1516 3581 etiam
1550 3526 1722 3580 factus
1757 3534 1841 3580 est

261 3620 518 3674 obediens
553 3635 722 3688 usque
767 3617 836 3672 ad
874 3627 1136 3682 mortem,
1177 3624 1406 3671 mortem
1445 3623 1624 3670 autem
1665 3616 1840 3670 crucis

261 3711 480 3780 (Philip.
511 3729 570 3779 ιι,
598 3710 676 3778 8),
701 3719 760 3765 ut
787 3711 838 3764 in
868 3725 1032 3779 opere
1055 3707 1378 3763 obeditionis
1401 3707 1520 3776 jura
1552 3723 1657 3762 non
1681 3708 1838 3760 amit-

260 3813 401 3859 teret
438 3805 664 3873 propriac
703 3803 1005 3872 potestatis.
1050 3799 1302 3861 Proinde,
1342 3808 1397 3854 et
1432 3813 1554 3854 cum
1593 3806 1838 3853 mortuus

259 3903 362 3957 est,
393 3894 735 3948 nihilominus
765 3893 906 3947 Deus
933 3907 1092 3946 verus
1120 3899 1176 3945 et
1212 3890 1320 3943 vita
1349 3897 1552 3942 :cterna
1580 3903 1698 3942 esse
1729 3902 1836 3941 non

259 3984 496 4048 destitit;
527 3993 725 4039 etcum
749 3983 1093 4052 ignominiam
1119 3981 1292 4035 crucis
1320 3978 1506 4034 humili
1534 3977 1697 4032 corde
1720 3992 1837 4046 por-

259 4074 423 4140 tavit,
454 4072 712 4128 Dominus
739 4073 920 4141 gloria:
949 4070 1350 4139 maiestatisque
1377 4066 1688 4138 permansit.

756 4247 1229 4302 FRAGMENTUM
1272 4248 1334 4300 V.

377 4361 644 4427 Quomodo
671 4372 842 4433 gemat
881 4371 969 4415 aut
998 4361 1217 4430 postulet
1247 4362 1472 4432 Spiritus
1503 4367 1728 4412 sanctus.

323 4473 628 4528 Secundum
672 4480 873 4526 rectam
903 4472 1082 4540 itaque
1110 4471 1389 4527 catholica:
1419 4469 1538 4525 ﬁdei
1569 4469 1826 4538 regulam,

253 4579 359 4616 non
391 4561 462 4615 ita
498 4559 658 4616 debet
697 4559 864 4628 accipi
905 4559 1046 4627 quod
1075 4559 1302 4629 Spiritus
1340 4566 1556 4614 sanctus
1600 4566 1779 4627 gemat
1811 4576 1822 4610 :

250 4677 373 4714 cum
401 4661 583 4727 utique
607 4659 855 4727 gemitus,
881 4673 986 4711 non
1007 4658 1179 4711 solum
1202 4667 1406 4712 natura:
1431 4658 1641 4723 divinae,
1665 4674 1825 4731 quam

249 4751 482 4820 Spiritus
509 4758 725 4803 sanctus
754 4747 934 4814 habet,
964 4746 1058 4801 sed
1085 4763 1182 4800 nec
1208 4747 1460 4813 angelicae
1483 4747 1826 4815 beatitudini,

247 4856 412 4909 quam
439 4855 506 4894 ex
533 4838 676 4893 dono
712 4836 990 4891 Trinitatis
1016 4836 1187 4890 sancti
1228 4836 1398 4903 angeli
1429 4848 1826 4904 cognoscuntur

247 4931 450 4984 habere
473 4971 488 4995 ,
525 4928 830 4984 conveniat.
880 4925 1030 4980 Unde
1058 4926 1149 4980 illo
1179 4925 1339 4979 modo
1369 4935 1514 4979 recte
1543 4927 1822 4996 accipitur,

245 5035 356 5087 quo
394 5019 536 5074 solet
573 5017 860 5088 significari
901 5018 1060 5088 585
1099 5031 1196 5084 per
1237 5014 1556 5068 efficientem
1597 5016 1648 5068 id
1681 5015 1828 5084 quod

245 5105 502 5174 eﬂicitur,
529 5109 581 5162 id
607 5115 706 5172 est,
740 5122 979 5177 gemere,
1001 5104 1322 5167 desiderare,
1347 5114 1401 5158 et
1420 5105 1694 5172 postulare
1723 5120 1820 5158 nos

245 5201 428 5266 faciat,
463 5201 588 5255 dum
616 5200 820 5255 scilicet
847 5198 1090 5266 gemendi
1121 5206 1278 5266 atquc
1308 5196 1613 5266 postulandi
1642 5196 1818 5252 cordi-

244 5293 346 5346 bus
374 5291 572 5345 nostris
591 5290 814 5359 inspirat
835 5288 1102 5344 affectum.
1135 5287 1222 5342 Sic
1243 5297 1422 5342 autem
1449 5288 1676 5357 Spiritus
1698 5303 1822 5342 san-

243 5393 366 5437 ctus
396 5397 631 5452 gemere,
654 5381 962 5436 desiderare
987 5394 1051 5434 ac
1077 5379 1348 5449 postulare
1371 5379 1581 5446 dicitur,
1607 5379 1746 5434 sicut
1765 5387 1822 5434 et

246 5474 389 5527 Deus
413 5473 607 5527 dicitur
633 5485 990 5540 cognoscere,
1023 5485 1120 5538 pro
1149 5485 1214 5523 eo
1242 5468 1384 5538 quod
1409 5477 1820 5537 cognoscentem

244 5565 423 5617 faciat.
467 5564 670 5618 Dictum
698 5576 928 5630 namque
955 5568 1035 5615 est
1073 5560 1136 5613 ad
1174 5560 1442 5614 Abraham
1478 5577 1489 5612 :
1533 5559 1687 5612 Nunc
1731 5576 1819 5613 co-

243 5655 395 5722 gnovi
428 5656 667 5724 quoniam
708 5655 853 5705 times
880 5651 1060 5712 Deum,
1093 5659 1141 5702 et
1170 5667 1270 5703 non
1303 5651 1570 5719 pepercisti
1601 5650 1708 5717 [ilio
1738 5659 1820 5701 tuo

243 5744 430 5796 dilecto
452 5752 658 5813 propter
681 5760 759 5794 me
789 5739 1152 5813 (Cenes._xxu,
1181 5739 1288 5805 ιε).
1315 5737 1462 5792 Unde
1487 5739 1609 5806 quia
1637 5737 1687 5790 in
1713 5737 1821 5792 Deo

247 5835 562 5890 naturaliter
591 5834 829 5890 omnium
858 5811 1035 5888 rerum
1066 5839 1242 5885 manet
1285 5829 1729 5886 incommutabilis
1767 5838 1819 5884 ct

1947 1493 2148 1540 aeterna
2188 1487 2442 1554 cognitio,
2487 1493 2542 1540 et
2577 1485 2725 1540 nefas
2768 1497 2849 1542 est
2885 1487 3105 1542 credere
3141 1489 3520 1558 sempiternam

1945 1577 2276 1632 divinitatem
2295 1577 2663 1648 temporaliter
2682 1579 2882 1647 aliquid
2899 1580 3205 1647 agnovisse;
3222 1582 3324 1636 hoc
3339 1582 3522 1650 utique

1945 1666 2130 1733 regula
2157 1666 2399 1722 veritatis
2423 1668 2690 1736 exposcit;
2721 1676 2778 1721 ut
2805 1668 2928 1722 dum
2957 1668 3206 1724 divinitas
3234 1685 3292 1724 se
3319 1684 3520 1738 cogno-

1943 1756 2088 1810 visse
2109 1755 2259 1823 dicit,
2280 1766 2599 1826 agnoscatur
2620 1757 2743 1827 quia
2766 1768 3180 1825 cognoscentem
3203 1758 3344 1814 facit.
3369 1757 3522 1814 Eum-

1947 1847 2070 1901 dem
2099 1847 2382 1902 locutionis
2412 1847 2624 1902 modum
2655 1848 2842 1902 beatus
2872 1849 3160 1918 Apostolus
3191 1835 3362 1903 tenuit
3387 1852 3523 1904 scri-

1945 1940 2078 1993 bens
2106 1938 2172 1991 ad
2199 1938 2438 2005 Galatas,
2457 1939 2640 1995 dicens
2673 1958 2684 1992 :
2722 1941 2828 1994 Sed
2857 1951 2974 1993 tunc
3002 1941 3202 2012 quidem
3231 1944 3523 2010 ignorantes

1947 2030 2109 2083 Deum
2130 2069 2144 2094 ,
2176 2031 2254 2083 his
2278 2031 2362 2101 qui
2393 2041 2581 2082 natura
2619 2047 2720 2084 non
2757 2041 2874 2084 sunt
2912 2031 2983 2084 dii
3025 2032 3336 2085 serviebatis.
3370 2031 3522 2086 Nunc

1944 2131 2114 2174 autem
2141 2137 2256 2174 cum
2295 2123 2632 2191 cognoveritis
2655 2121 2838 2186 Deum,
2871 2124 2974 2175 imo
3000 2124 3192 2193 cogniti
3214 2125 3326 2176 sitis
3353 2140 3384 2176 a
3415 2123 3522 2178 Deo

1947 2212 2091 2282 (Gal.
2116 2230 2184 2277 tv,
2217 2213 2269 2278 8,
2303 2214 2376 2282 9).
2414 2211 2510 2267 Ubi
2543 2214 2724 2281 utique
2748 2229 2854 2267 non
2877 2213 3070 2266 falsum
3096 2212 3193 2266 fuit
3217 2214 3360 2282 quod
3389 2214 3522 2268 dixit

1946 2303 2255 2372 Apostolus,
2281 2303 2403 2372 quia
2433 2314 2800 2370 cognoverunt
2824 2302 3013 2369 Deum,
3045 2311 3099 2356 et
3119 2303 3221 2358 hoc
3250 2305 3400 2373 quasi
3429 2317 3522 2358 vo-

1944 2395 2042 2448 luit
2073 2396 2318 2463 sequenti
2353 2410 2632 2449 removerc
2672 2395 2935 2448 sententia
2970 2412 2982 2446 :
3016 2395 3109 2448 sed
3136 2411 3202 2449 ne
3231 2396 3399 2464 ipsam
3425 2411 3520 2450 co-

1943 2484 2236 2550 gnitionem
2255 2524 2268 2549 ,
2301 2500 2404 2538 non
2432 2483 2614 2538 divino
2643 2484 2852 2538 muneri
2882 2468 3080 2538 vellent
3109 2486 3398 2552 assignare,
3429 2486 3522 2540 sed

1943 2574 2073 2639 sibi;
2103 2575 2492 2642 subsequenler
2518 2575 2824 2643 Apostolus,
2857 2574 2948 2628 illo
2976 2589 3083 2642 quo
3110 2573 3340 2630 diximus
3370 2576 3521 2629 locu-

1942 2665 2105 2717 tionis
2137 2664 2327 2728 modo,
2359 2679 2467 2732 quo
2498 2648 2594 2732 per
2618 2663 2938 2718 efficientem
2969 2665 3268 2720 ostenditur
3295 2667 3348 2720 id
3377 2667 3521 2736 quod

1943 2751 2189 2815 eﬂicitur.
2219 2753 2352 2806 dixit
2380 2754 2626 2820 cognitos
2654 2767 2770 2806 esse
2799 2767 2828 2805 a
2859 2752 2970 2806 Deo
3004 2772 3015 2805 :
3045 2753 3331 2808 ostendens
3356 2771 3385 2807 a
3408 2755 3521 2809 Deo

1943 2842 2142 2896 factum
2196 2850 2255 2895 ut
2295 2842 2369 2894 illi
2416 2850 2806 2909 cognoscerent
2844 2840 3031 2894 Deum.
3079 2841 3280 2896 Deinde
3324 2858 3521 2910 negare

1945 2950 2053 2988 non
2090 2945 2243 3003 potes
2273 2934 2586 3004 Apostolum
2629 2934 2830 2988 dixisse
2867 2953 2878 2986 :
2920 2932 3176 2997 Quoniam
3203 2944 3369 2988 autem
3399 2937 3520 2989 estis

1943 3027 2061 3096 ﬁKi,
2088 3030 2225 3081 misit
2254 3026 2391 3080 Deus
2415 3027 2666 3097 Spiritum
2691 3027 2818 3080 Filii
2841 3029 2919 3080 sui
2941 3029 2994 3080 in
3023 3028 3178 3080 corda
3201 3039 3397 3092 nostra,
3420 3029 3518 3082 cla-

1943 3126 2166 3172 mantem
2191 3135 2208 3172 :
2238 3118 2400 3182 Abba,
2433 3118 2587 3171 Pater
2618 3116 2805 3187 (Ibid,
2828 3116 2905 3186 6).
2936 3117 3218 3183 Quomodo
3245 3133 3372 3186 ergo
3401 3117 3518 3187 Spi-

1942 3209 2077 3264 ritus
2102 3210 2232 3276 iste,
2263 3211 2350 3280 qui
2382 3210 2544 3266 Filius
2573 3229 2679 3267 non
2709 3221 2810 3276 est,
2843 3213 2936 3267 sed
2976 3221 3154 3267 tamen
3183 3212 3411 3283 Spiritus
3439 3222 3519 3268 est

1943 3303 2200 3368 veritatis,
2233 3304 2428 3358 clamat
2466 3304 2634 3372 Abba,
2665 3304 2843 3370 Pater,
2882 3305 2980 3359 nisi
3012 3305 3195 3374 utique
3231 3305 3320 3359 illo
3359 3305 3518 3360 modo

1941 3409 2049 3462 quo
2089 3408 2186 3447 nos
2223 3394 2458 3448 clamare
2495 3394 2664 3450 facit?
2705 3395 2856 3462 Quod
2886 3395 3074 3450 beatus
3100 3395 3386 3464 Apostolus
3414 3395 3519 3450 alio

1940 3485 2062 3539 loco
2085 3485 2362 3542 evidenter
2377 3487 2627 3553 insinuat,
2649 3488 2861 3543 dicens:
2881 3488 3138 3561 Quotquot
3160 3491 3294 3543 enim
3320 3490 3519 3559 Spiritu

1943 3575 2040 3630 Dei
2068 3587 2310 3648 aguntur,
2337 3579 2389 3632 hi
2412 3579 2511 3648 ﬁlii
2539 3588 2659 3632 sunt
2680 3578 2798 3632 Dei.
2825 3577 2948 3633 Non
2971 3580 3105 3632 enim
3127 3580 3396 3648 accepisiis
3423 3581 3519 3649 spi-

1941 3669 2094 3720 ritum
2121 3670 2379 3721 servitutis
2411 3669 2594 3721 iterant
2624 3670 2676 3721 in
2706 3671 2902 3732 timore,
2928 3670 3018 3722 sed
3047 3670 3313 3737 accepistis
3344 3669 3518 3737 Spiri--

1939 3765 2043 3810 tum
2067 3758 2356 3828 adoptionis
2377 3759 2622 3828 filiorum,
2637 3760 2690 3810 in
2714 3775 2811 3827 quo
2827 3760 3110 3810 clamamus
3132 3773 3148 3809 :
3167 3755 3328 3820 Abba,
3361 3756 3517 3808 Pater

1940 3845 2116 3914 (Rom.
2154 3864 2264 3912 vm,
2298 3847 2408 3916 15).
2444 3847 2633 3902 Cernis
2659 3863 2850 3916 nempe
2879 3847 2982 3901 hoc
3009 3860 3126 3900 esse
3155 3845 3372 3914 Spiritui
3403 3845 3514 3899 cla-

1937 3953 2086 3992 mare
2113 3956 2124 3990 :
2155 3938 2323 4003 Abba,
2358 3937 2535 4002 Pater,
2561 3937 2704 4006 quod
2733 3938 2965 3992 clamare
2987 3951 3086 3990 nos
3111 3935 3252 3989 facit.
3286 3935 3514 4004 Spiritus

1936 4043 2063 4097 ergo
2099 4037 2313 4084 sanctus
2339 4037 2626 4098 propterea
2662 4043 2878 4097 gemere
2905 4037 2958 4081 et
2984 4027 3258 4098 postulare
3286 4027 3509 4091 dicitur,

1935 4134 2001 4174 eo
2037 4120 2181 4188 quod
2210 4135 2425 4188 gemere
2459 4128 2514 4174 et
2553 4121 2826 4189 postulare
2863 4135 2962 4187 nos
2991 4118 3164 4174 faciat.
3205 4118 3338 4172 Nam
3373 4120 3512 4173 sicut

1934 4209 2223 4278 Apostolus
2261 4209 2388 4264 illud
2429 4209 2573 4278 quod
2615 4209 2683 4264 de
2723 4209 2927 4278 Spiritu
2965 4208 3121 4276 dixit,
3161 4201 3521 4263 clamantem!

1935 4299 2094 4364 Abba,
2129 4299 2306 4365 Pater,
2334 4300 2530 4355 clarius
2555 4308 2609 4355 et
2636 4300 2968 4354 manifestius
2997 4300 3273 4369 exposuit,
3306 4300 3509 4364 dicens,

1930 4391 1984 4443 in
2013 4407 2109 4460 quo
2139 4391 2418 4444 clamamus
2444 4408 2461 4444 :
2491 4389 2656 4454 Abba,
2681 4389 2879 4454 Pater;
2907 4391 2978 4443 ita
3009 4390 3138 4444 illud
3159 4389 3302 4457 quod
3328 4399 3510 4460 postu-

1929 4481 2041 4537 lare
2057 4482 2312 4552 Spiritum
2334 4482 2485 4548 dixit,
2505 4483 2749 4536 similiter
2763 4481 3010 4551 exposuit
3030 4481 3136 4535 alio
3161 4481 3280 4536 loco
3291 4480 3476 4536 dicens
3493 4500 3505 4534 :

1935 4571 2155 4626 Orontes
2175 4573 2314 4625 omni
2344 4581 2569 4642 tempore
2598 4573 2649 4624 in
2672 4571 2894 4640 Spiritu.
2921 4581 2968 4623 et
2999 4572 3052 4624 in
3082 4571 3194 4640 ipso
3219 4571 3506 4641 vigilantes,

1930 4663 1983 4716 in
2009 4665 2146 4716 omni
2177 4664 2426 4716 instantia
2455 4672 2504 4715 et
2528 4661 2876 4716 obsecratione
2899 4659 3110 4730 (Ephes.
3137 4677 3204 4724 vt,
3236 4660 3342 4727 l8).
3368 4659 3507 4715 Ecce

1927 4753 2373 4821 quemadmodum
2403 4768 2500 4821 pro
2527 4753 2680 4807 nobis
2708 4753 2944 4821 postulat
2973 4752 3226 4822 Spiritus,
3253 4752 3376 4805 dum
3409 4769 3508 4808 nos

1929 4841 1981 4894 in
2023 4840 2223 4910 Spiritu
2261 4855 2480 4894 oramus
2514 4857 2526 4891 :
2569 4855 2695 4894 ecce
2723 4839 3174 4908 quemadmodum
3213 4856 3314 4910 pro
3351 4841 3506 4895 nobis

1928 4929 2252 4998 interpellat,
2267 4929 2393 4982 dum
2411 4944 2510 4983 nos
2534 4930 2585 4983 in
2608 4931 2755 4983 omni
2785 4930 3036 4984 instantia
3057 4939 3111 4985 et
3132 4931 3507 4985 obsecratione

1928 5019 1980 5072 in
2013 5019 2127 5088 ipso
2152 5017 2356 5087 Spiritu
2381 5018 2678 5086 vigilamus.
2717 5020 2946 5090 Spiritus
2974 5021 3118 5075 enim
3144 5031 3378 5084 sanctus,
3409 5037 3508 5091 per

1925 5123 2084 5176 quem
2111 5107 2305 5162 caritas
2335 5107 2430 5163 Dei
2458 5107 2767 5164 diffunditur
2795 5110 2846 5163 in
2871 5110 3118 5164 cordibus
3141 5110 3357 5177 nostris,
3383 5109 3508 5164 facit

1928 5214 2026 5251 nos
2070 5212 2285 5265 gemere
2327 5207 2382 5253 et
2424 5201 2697 5270 postulare
2735 5217 2832 5270 pro
2872 5200 3239 5268 iniquitatibus
3285 5202 3500 5258 nostris.

1927 5287 2077 5342 Facit
2105 5298 2282 5343 autem
2306 5305 2408 5367 nos
2430 5305 2666 5359 gemere,
2687 5289 2812 5344 dum
2836 5305 2932 5343 nos
2960 5288 3083 5342 facit
3102 5288 3285 5344 dolere
3310 5291 3504 5359 iniqui-

1928 5387 2092 5433 tatem
2135 5388 2394 5446 nostram,
2436 5382 2705 5452 postulare
2735 5379 2974 5442 veniam,
3012 5379 3318 5434 desiderare
3341 5380 3502 5449 juon

1928 5471 2078 5525 tiam.
2123 5471 2266 5525 Istud
2294 5471 2616 5527 desiderium
2643 5471 3009 5539 gemitumque
3039 5471 3126 5524 ille
3165 5470 3307 5526 dono
3332 5473 3504 5526 sancti

1923 5560 2153 5632 Spiritus
2177 5571 2484 5632 acceperat,
2515 5563 2605 5629 qui
2645 5561 2856 5616 dicebat
2887 5577 2900 5613 :
2950 5561 3228 5631 Rugicbam
3259 5580 3290 5614 a
3316 5563 3503 5632 gemitu

1922 5653 2092 5707 cordis
2120 5655 2220 5707 mei
2243 5671 2258 5717 ;
2291 5661 2362 5716 et,
2395 5652 2524 5705 Ante
2556 5662 2600 5704 te
2629 5663 2702 5705 cst
2731 5668 2880 5705 omne
2905 5651 3215 5706 desiderium
3241 5669 3423 5713 meum,
3455 5661 3502 5705 et

1924 5745 2138 5812 gemitus
2171 5761 2306 5796 meus
2335 5760 2363 5794 tl
2397 5753 2440 5796 te
2470 5760 2570 5795 non
2603 5753 2677 5797 est
2708 5742 3037 5799 absconditus
3073 5743 3241 5814 (l’snl.
3289 5760 3468 5799 xxxvu
3504 5789 3507 5804 ,

1926 5834 1976 5897 υ,
2006 5833 2107 5898 ιθ).
