4046 6532
594 345 696 397 759
1615 348 1669 403 S.
1711 348 2072 404 FULGENTII
2111 349 2412 406 EPISCOPI
2455 348 2826 407 RUSPENSIS
3747 356 3824 413 760

988 466 1148 538 586
1173 467 1643 522 FRAGMENTUM
1678 469 1761 522 Vl.

590 574 821 649 Christus
851 596 943 648 pro
973 579 1120 631 nobis
1146 580 1438 649 interpellat
1473 587 1527 630 ut
1562 579 1711 631 homo
1749 587 1797 631 et
1821 587 1876 630 ut
1905 583 2166 634 sacerdos.

662 645 799 718 Quid
822 645 952 700 illud
981 649 1115 718 quod
1139 650 1193 702 in
1220 645 1470 718 Spiritum
1496 658 1730 700 sanctum
1757 649 2051 702 desiderant
2076 667 2172 702 an-

659 716 758 784 geli
788 716 1102 785 prospicere.

663 822 780 875 Non
809 823 969 890 igitur
990 825 1155 892 gemit
1182 823 1409 892 Spiritus
1437 834 1652 879 sanctus
1678 866 1693 891 ,
1731 825 1852 893 quia
1897 826 1953 878 in
1980 833 2170 879 natura

593 912 710 980 ejus
737 913 914 967 divina
945 922 999 968 et
1030 915 1532 968 incommutabiliter
1553 915 1730 980 beata,
1757 915 1899 968 nulla
1927 917 2170 983 gemendi

518 1063 520 1066 _
596 1013 777 1074 potest
805 1021 921 1059 esse
949 1007 1180 1060 miseria.
1227 1006 1331 1060 Sed
1362 1015 1416 1059 tu
1445 1008 1670 1076 opponis
1693 1008 1844 1061 nobis
1867 1008 1990 1076 quia
2019 1008 2174 1062 Chri-

598 1103 713 1149 stus
742 1111 837 1163 pro
866 1095 1020 1148 nobis
1047 1104 1165 1149 orat
1198 1114 1208 1148 :
1243 1097 1383 1164 quod
1425 1113 1522 1151 nos
1553 1098 1854 1152 nullatenus
1891 1113 2168 1167 negamus,

592 1183 828 1237 scientes
888 1185 1198 1252 Apostolum
1235 1185 1430 1239 dixisse
1469 1205 1480 1236 :
1518 1184 1644 1248 Quis
1683 1189 1944 1240 accusabit
1987 1188 2172 1241 electos

590 1273 730 1326 Dei?
781 1273 936 1337 Deus,
970 1275 1053 1342 qui
1088 1276 1360 1343 justi/ient.
1414 1275 1539 1337 Quis
1575 1286 1649 1328 est
1697 1278 1782 1346 qui
1831 1278 2173 1330 condemnet?

589 1361 822 1416 Christus
850 1362 1018 1424 Jesus,
1051 1363 1136 1432 qui
1169 1373 1398 1416 mortuus
1429 1375 1523 1428 est,
1551 1367 1654 1418 imo
1681 1369 1764 1436 qui
1793 1375 1840 1418 et
1870 1368 2167 1428 resurrexit,

587 1453 673 1517 qui
701 1460 774 1504 est
803 1452 872 1504 ad
896 1452 1163 1505 dexteram
1193 1452 1304 1516 Dei,
1338 1455 1423 1524 qui
1452 1456 1606 1506 etiam
1636 1455 1927 1523 interpellat
1957 1473 2049 1524 pro
2078 1473 2170 1509 ηο-

587 1542 663 1594 bis
695 1541 868 1610 (Rom.
898 1559 1010 1610 vm,
1037 1543 1125 1608 55,
1151 1543 1261 1612 54).
1293 1542 1601 1612 lnterpellat
1631 1545 1789 1611 igitur
1810 1544 2050 1600 Christus
2072 1563 2170 1616 pro

586 1633 782 1701 nobis,
829 1634 1120 1687 secundum
1172 1634 1317 1687 illam
1373 1643 1618 1688 nat-uram
1663 1650 1821 1703 quant
1865 1637 2073 1704 accepit
2102 1652 2168 1690 ex

585 1729 742 1782 nobis
769 1746 783 1780 ε
815 1743 976 1797 quam
1009 1736 1252 1782 naturam
1283 1728 1406 1797 quia
1437 1743 1542 1780 non
1572 1727 1778 1795 accepit
1799 1726 2028 1795 Spiritus
2045 1744 2169 1782 san-

585 1829 703 1874 ctus
728 1861 743 1884 ,
795 1820 1098 1873 nullatenus
1128 1836 1226 1889 pro
1277 1819 1432 1872 nobis
1460 1819 1762 1887 interpellat
1792 1829 1883 1871 aut
1911 1819 2164 1887 postulat.

585 1911 688 1965 Sed
717 1912 861 1981 quod
889 1912 1180 1966 secundum
1213 1911 1435 1965 formam
1465 1911 1605 1963 servi
1633 1911 1779 1963 solus
1810 1909 1976 1965 Filius
2004 1911 2170 1966 inter-

586 2005 791 2073 pellat,
825 2005 925 2058 hoc
969 2003 1259 2058 secundum
1289 2002 1582 2056 divinitatis
1611 2017 1769 2055 unam
1801 2017 2169 2056 communem-

588 2112 694 2164 que
743 2106 982 2150 naturam
1009 2138 1024 2162 ,
1070 2111 1190 2149 cum
1230 2093 1388 2147 Patre
1416 2102 1470 2147 et
1499 2093 1633 2147 Filio
1677 2092 1906 2161 Spiritus
1954 2101 2169 2147 sanctus

587 2185 774 2239 donat.
824 2186 954 2238 Nam
1001 2192 1055 2238 et
1102 2185 1216 2253 ipse
1254 2181 1495 2237 Christus
1535 2181 1690 2237 Jesus
1725 2199 1821 2253 pro
1865 2183 2170 2238 hominibus

588 2277 892 2330 nullatenus
929 2283 1136 2339 oraret,
1175 2275 1218 2328 si
1250 2275 1410 2328 homo
1438 2289 1541 2327 non
1575 2272 1743 2327 ﬁeret.
1793 2272 1898 2326 Sed
1926 2281 2048 2326 orat
2071 2288 2169 2341 pro

590 2366 746 2420 nobis
774 2381 841 2420 ex
879 2365 1055 2419 ofﬁcio
1101 2363 1413 2419 sacerdotis.
1464 2363 1578 2415 Non
1621 2368 1799 2415 autem
1836 2369 2015 2430 potest
2042 2376 2168 2414 vera

589 2455 884 2508 sacerdotis
915 2454 1142 2508 inveniri
1173 2469 1402 2523 persona
1427 2494 1440 2515 ,
1487 2453 1575 2506 ubi
1625 2470 1729 2506 non
1760 2462 1842 2508 est
1870 2453 2170 2506 humanitas

590 2559 735 2597 vera.
771 2543 1077 2612 Apostolica
1105 2545 1303 2612 quippe
1334 2552 1555 2596 testatur
1583 2544 1892 2607 auctoritas,
1917 2543 2040 2611 quia
2062 2561 2171 2596 om-

589 2636 672 2688 nis
701 2637 934 2704 pontifex
967 2652 1032 2688 ea:
1059 2634 1348 2688 hominibus
1393 2644 1681 2702 assumptus
1701 2673 1714 2696 ,
1746 2652 1840 2703 pro
1882 2634 2168 2686 hominibus

591 2723 935 2788 constituitur,
960 2726 1012 2776 in
1042 2725 1121 2776 his
1147 2740 1258 2794 qua:
1287 2733 1403 2776 sunt
1433 2723 1501 2775 ad
1529 2721 1708 2784 Deum,
1738 2734 1794 2775 ut
1822 2723 2007 2791 o/Ierat
2034 2723 2169 2776 dona

590 2823 638 2865 et
664 2815 923 2882 sacriﬁcia
945 2832 1038 2883 pro
1059 2817 1279 2884 peccatis
1311 2813 1493 2883 (Hebr.
1522 2830 1570 2877 v,
1602 2813 1676 2881 1).
1710 2813 1802 2868 llle
1823 2823 2002 2868 autem
2030 2812 2170 2868 Pon-

590 2904 720 2958 tifex
743 2920 808 2958 ex
839 2905 1145 2959 hominibus
1169 2914 1505 2974 assumptus,
1535 2913 1592 2957 ut
1622 2919 1747 2959 vere
1776 2920 1873 2973 pro
1902 2905 2056 2958 nobis
2086 2904 2168 2960 of-

590 2994 752 3049 ferret
780 2995 1096 3051 sacriﬁcium
1127 2997 1404 3060 mundum,
1437 2996 1569 3049 nihil
1599 2995 1741 3049 aliud
1790 2995 1982 3050 obtulit
2009 3011 2168 3065 quam

591 3086 844 3154 seipsum.
885 3086 975 3139 Illa
1006 3087 1168 3153 igitur
1196 3087 1398 3141 oblatio
1419 3127 1434 3150 ,
1467 3094 1594 3155 puta
1623 3087 1791 3140 sancti
1821 3095 1876 3141 et
1905 3085 2169 3154 impolluti

592 3173 865 3230 Pontiﬁcis
890 3219 904 3241 ,
938 3177 1047 3245 ipsa
1079 3192 1176 3245 pro
1203 3177 1357 3230 nobis
1403 3184 1482 3229 est
1510 3176 1823 3230 exaudihilis
1851 3177 2024 3231 oratio
2050 3176 2170 3231 Sal-

591 3268 809 3320 vatoris.
863 3265 990 3320 ldeo
1033 3268 1326 3322 secundum
1355 3268 1498 3321 beati
1528 3267 1746 3322 Joannis
1775 3270 2002 3337 apostoli
2030 3278 2170 3324 atte-

592 3358 881 3411 stationem
918 3376 928 3407 :
962 3358 1275 3411 Advocatum
1319 3356 1559 3410 habemus
1589 3359 1726 3423 apud
1759 3357 1970 3412 Patrem
1996 3359 2174 3413 Iesum

593 3446 854 3501 Christum
877 3449 1094 3517 justum,
1121 3458 1170 3500 et
1201 3449 1308 3517 ipse
1337 3457 1412 3500 est
1443 3449 1674 3502 exoratio
1703 3465 1794 3518 pro
1828 3451 2048 3519 peccatis
2078 3468 2173 3504 no-

590 3539 713 3591 stris
760 3535 814 3608 (I
836 3537 992 3590 Joan.
1028 3553 1085 3604 ιι,
1121 3538 1191 3606 1).
1245 3538 1344 3603 Qui
1393 3546 1571 3591 tamen
1619 3553 1842 3607 surgens
1871 3555 1898 3592 a
1931 3541 2171 3604 mortuis,

590 3630 715 3700 quia
746 3646 854 3684 non
886 3629 1130 3696 moritur,
1161 3637 1214 3684 et
1238 3645 1382 3683 mors
1410 3629 1458 3683 ei
1481 3631 1618 3683 ultra
1645 3646 1749 3684 non
1790 3630 2173 3697 dominabitur,

590 3735 780 3774 carens
830 3719 1140 3774 infirmitate
1168 3734 1231 3773 ac
1260 3719 1587 3774 mortalitate
1611 3758 1624 3782 ,
1659 3721 1813 3773 simul
1841 3729 1896 3774 et
1943 3735 2172 3774 mmrore

589 3811 761 3864 caruit
790 3819 843 3864 et
868 3811 1074 3865 dolore.
1123 3808 1352 3864 Proinde
1382 3817 1437 3863 et
1465 3810 1650 3865 orandi
1682 3825 1859 3864 verum
1891 3827 1988 3880 pro
2019 3811 2171 3866 nobis

587 3902 725 3968 gerit
747 3900 999 3963 ofﬁcium,
1030 3907 1085 3954 et
1113 3908 1290 3953 tamen
1315 3915 1421 3953 non
1444 3900 1624 3967 gemit.
1656 3899 1886 3954 Securus
1908 3901 2048 3953 enim
2073 3916 2171 3970 pro

589 3992 743 4046 nobis
773 3991 1075 4060 interpellat
1108 4009 1119 4042 :
1153 3990 1276 4058 quia
1302 4005 1399 4059 pro
1427 3991 1528 4044 illis
1557 3990 1738 4057 utique
1765 3991 1955 4058 poscit,
1979 3991 2170 4060 quibus

587 4080 815 4134 salutem
844 4081 1045 4135 donare
1073 4079 1326 4149 disponit.
1379 4079 1689 4135 Nullatenus
1721 4081 1900 4150 itaque
1928 4080 2170 4135 Christus

2191 475 2238 533 Α
2264 470 2466 537 gemit,
2503 469 2626 523 dum
2657 469 2960 539 interpellat
3007 485 3104 538 pro
3135 470 3287 525 nobis
3327 488 3339 522 :
3373 469 3506 539 quia
3533 470 3671 539 quod
3696 473 3826 532 habet

2275 575 2340 614 ex
2379 560 2707 614 humanitate
2753 561 2929 614 carnis
2967 569 3022 614 ut
3065 568 3248 630 petat,
3288 561 3467 614 habet
3493 575 3562 615 ex
3589 563 3826 630 majestate

2273 648 2566 702 divinitatis
2595 658 2652 702 ut
2684 649 2898 702 tribuat.
2952 647 3006 702 Si
3036 663 3165 702 vero
3201 649 3467 703 meritum
3497 649 3664 704 sancti
3689 649 3825 721 Spiri-

2275 750 2360 796 tus
2380 756 2446 794 ex
2466 741 2643 795 divina
2672 740 2946 810 Scriptura
2972 741 3124 810 cupis
3149 756 3480 810 agnoscere,
3501 741 3623 795 vide
3648 743 3759 810 quid
3779 746 3828 800 de

2275 831 2366 884 illo
2397 829 2584 884 Petrus
2627 831 2903 899 apostolus
2930 831 3112 897 dicat;
3163 833 3278 901 ipse
3330 832 3487 886 enim
3518 832 3595 884 ait
3625 849 3636 884 :
3667 831 3826 902 Spiritu

2272 935 2450 977 sancto
2493 927 2647 978 misso
2677 925 2740 976 de
2775 925 2900 978 arto
2927 966 2942 991 ,
2983 926 3036 978 in
3081 942 3230 994 quem
3275 926 3653 993 concupiscunt
3695 928 3828 996 anqeti

2272 1018 2562 1083 prospicere
2592 1014 2645 1084 (1
2671 1013 2815 1067 Petr.
2848 1030 2897 1080 ι,
2926 1009 3051 1081 12).’
3094 1013 3190 1068 Hic
3230 1022 3388 1068 certe
3417 1027 3544 1067 cum
3575 1013 3714 1067 audis
3737 1014 3827 1085 Spi-

2274 1106 2432 1159 ritum
2462 1114 2703 1160 sanctum
2732 1105 2799 1160 de
2827 1105 2965 1160 caelo
2994 1106 3233 1170 missum,
3266 1121 3381 1160 non
3425 1114 3513 1160 est
3539 1120 3688 1174 quem
3714 1109 3826 1161 acci-

2275 1195 2388 1263 pias
2416 1196 2514 1248 nisi
2544 1195 2799 1263 Spiritum
2827 1193 3183 1248 Paracletum.
3223 1194 3509 1248 Memento
3538 1202 3706 1246 autem
3729 1196 3825 1262 quid

2276 1283 2365 1337 Dei
2395 1283 2558 1338 Filius
2585 1285 2652 1339 de
2678 1283 2882 1352 angelis
2905 1283 3068 1345 dicat,
3093 1285 3217 1351 quia
3242 1299 3454 1350 semper
3484 1283 3653 1335 uident
3680 1284 3824 1351 [aciem

2235 1406 2237 1408 -
2276 1374 2451 1429 Patris
2481 1375 2691 1445 (Matth.
2725 1392 2874 1442 xvm,
2905 1375 3024 1445 10);
3074 1376 3164 1443 qui
3196 1384 3382 1430 tamen
3415 1375 3472 1427 in
3517 1374 3670 1444 587
3695 1374 3826 1444 Spiri-

2273 1475 2386 1519 tum
2413 1476 2652 1520 sanctum
2683 1468 2990 1537 prospicere
3018 1467 3431 1536 concupiscunt.
3463 1465 3619 1531 Quod
3645 1468 3683 1520 si
3709 1470 3825 1522 audi-

2273 1572 2359 1610 res
2385 1559 2508 1625 quia
2539 1561 2706 1613 sancti
2736 1559 2910 1627 angeli
2959 1559 3148 1612 faciem
3197 1559 3372 1612 sancti
3405 1557 3639 1626 Spiritus
3663 1558 3823 1621 vident,

2272 1654 2328 1700 et
2354 1646 2404 1700 in
2445 1645 2656 1701 Patrem
2686 1649 3075 1717 concupiscunt
3114 1647 3434 1717 prospicere
3461 1689 3478 1712 ,
3522 1662 3692 1700 nonne
3731 1649 3822 1701 hinc

2272 1749 2538 1788 assereres
2566 1737 2731 1791 multo
2763 1738 3029 1806 potiorem
3061 1736 3298 1804 Patrem,
3325 1737 3462 1805 quia
3490 1735 3710 1804 Spiritus
3731 1753 3823 1792 san-

2204 1851 2244 1908 B
2272 1832 2395 1879 ctus
2422 1824 2651 1889 videtur,
2693 1825 2850 1880 Pater
2878 1835 3055 1880 autem
3082 1829 3249 1893 magis
3277 1825 3677 1894 concupiscitur
3698 1841 3820 1894 quam

2273 1917 2522 1970 videtur?
2553 1917 2667 1972 Non
2697 1930 2873 1972 autem
2905 1917 3180 1987 Scriptura
3212 1917 3398 1972 divina
3428 1923 3702 1986 propterea
3722 1917 3821 1970 dixit

2274 2005 2486 2061 Patrem
2510 2007 2692 2073 videri,
2723 2016 2776 2062 et
2798 2008 3053 2077 Spiritum
3081 2016 3325 2062 sanctum
3354 2006 3660 2075 concupisci
3681 2015 3729 2059 ut
3745 2023 3818 2075 po-

2272 2101 2463 2154 tiorem
2496 2103 2806 2156 ostenderet
2833 2101 3088 2170 Spiritum
3119 2109 3367 2155 sanctum
3411 2098 3580 2167 (quod
3610 2097 3739 2152 nefas
3759 2108 3821 2152 est

2271 2189 2397 2254 dici)
2433 2208 2443 2241 :
2479 2189 2569 2243 sed
2600 2190 2704 2243 hoc
2753 2189 2978 2244 dicendo
3043 2189 3414 2258 mqualitatem
3448 2187 3605 2241 nobis
3632 2187 3818 2241 insinuat

2271 2277 2448 2330 Patris
2472 2284 2525 2329 et
2554 2276 2785 2346 Spiritus
2813 2277 3000 2330 sancti.
3052 2277 3117 2330 L’t
3160 2292 3227 2329 ex
3268 2275 3378 2330 hoc
3407 2274 3559 2344 quod
3586 2275 3738 2341 angeli
3757 2274 3817 2327 di-

2271 2374 2464 2418 cuntur
2487 2365 2696 2418 Patrem
2719 2365 2920 2428 videre,
2945 2366 2994 2418 in
3024 2364 3277 2433 Spiritum
3301 2381 3440 2420 vero
3467 2372 3698 2420 sanctum
3722 2379 3817 2419 con-

2272 2454 2553 2522 cupiscunt
2581 2455 2922 2523 prospicere;
2967 2455 3031 2507 ad
3072 2455 3173 2508 hoc
3203 2455 3362 2510 nobis
3405 2457 3508 2510 iste
3537 2471 3701 2510 sermo
3723 2469 3815 2522 pro-

2275 2540 2434 2604 ticiat,
2464 2550 2522 2595 ut
2547 2542 2802 2610 Spiritum
2827 2550 3065 2595 sanctum
3090 2556 3249 2610 quem
3276 2558 3409 2596 vera
3442 2542 3574 2596 fides
3600 2541 3816 2611 potiorem

2273 2625 2431 2682 Patre
2458 2645 2564 2683 non
2597 2639 2777 2700 potest
2804 2631 3022 2684 credere
3043 2670 3056 2694 ,
3096 2631 3403 2686 nullatenus
3431 2631 3622 2684 audeat
3645 2631 3814 2683 inferio-

2271 2733 2386 2773 rem
2434 2720 2653 2788 profana
2705 2721 2988 2776 inﬁdelitas
3021 2722 3307 2775 aestimare.
3354 2721 3474 2774 Una
3506 2729 3586 2774 est
3624 2719 3746 2773 enim
3777 2718 3814 2771 in

2271 2809 2471 2864 sanctis
2519 2810 2723 2878 angelis
2773 2809 3080 2864 indetit-iens
3131 2809 3263 2864 visio
3318 2817 3380 2864 et
3431 2807 3812 2877 concupiscentia

2275 2898 2591 2967 Trinitatis,
2639 2915 2797 2970 quam
2847 2901 3028 2968 utique
3075 2915 3286 2969 semper
3335 2909 3394 2953 et
3443 2897 3748 2968 prospiciunt
3775 2904 3813 2948 et

2272 2994 2583 3065 prospicere
2612 2995 3018 3063 concupiscunt.
3067 2993 3274 3046 Idcirco
3306 3001 3492 3046 autem
3524 2991 3592 3044 ibi
3618 2988 3677 3042 de
3700 3003 3808 3042 sum-

2274 3100 2364 3138 mo
2403 3085 2577 3154 bono,
2625 3083 2675 3137 id
2702 3092 2783 3138 est
2813 3099 2918 3138 uno
2949 3099 3076 3137 vero
3104 3091 3158 3136 et
3201 3083 3364 3136 beato
3399 3081 3510 3135 Deo
3538 3092 3729 3148 semper
3749 3075 3811 3128 vi-

2275 3176 2435 3242 vitur,
2466 3177 2588 3245 quia
2619 3190 2832 3244 semper
2858 3175 3070 3228 videtur
3094 3187 3418 3243 semperque
3447 3180 3662 3226 amatur.
3697 3167 3808 3222 Sicut

2276 3279 2404 3332 ergo
2431 3266 2685 3318 visionem
2714 3265 2856 3318 illam
2880 3264 3006 3318 facit
3035 3279 3312 3320 amornon
3338 3261 3587 3325 deﬁcere,
3611 3260 3680 3315 sic
3699 3273 3810 3312 amu-

2276 3371 2388 3410 rem
2419 3356 2543 3410 facit
2568 3356 2702 3410 visio
2734 3371 3069 3425 permanere.
3101 3354 3224 3411 Ideo
3252 3364 3436 3409 autem
3465 3368 3612 3408 amor
3634 3351 3709 3404 ille
3731 3361 3806 3402 non

2278 3446 2579 3515 deponitur,
2622 3447 2746 3514 quia
2802 3447 2890 3500 illa
2936 3448 3069 3501 visio
3116 3462 3222 3501 non
3267 3455 3510 3500 mutatur
3541 3462 3552 3496 :
3579 3449 3808 3513 propterea

2278 3551 2406 3590 vero
2436 3536 2524 3589 illa
2552 3537 2690 3591 visio
2719 3552 2826 3591 non
2857 3546 3110 3600 mutatur,
3144 3537 3269 3605 quia
3299 3531 3713 3590 incommutabile
3733 3528 3806 3581 bo-

2279 3641 2403 3679 num
2429 3634 2510 3680 est
2533 3627 2675 3694 quod
2707 3627 2932 3681 videtur.
2972 3627 3064 3680 Illa
3095 3629 3253 3694 igitur
3280 3621 3695 3696 concupiscentia
3718 3631 3806 3687 peri

2280 3717 2539 3786 spiciendi
2563 3758 2578 3783 ,
2614 3734 2720 3771 non
2751 3728 2832 3772 est
2860 3719 2976 3772 sine
3016 3719 3197 3772 laetitia
3240 3716 3565 3788 perfruendi.
3609 3709 3726 3765 Nihil
3748 3714 3806 3760 est

2278 3809 2418 3862 enim
2464 3817 2648 3862 sancta
2687 3808 2949 3865 Triuitate
2995 3810 3238 3873 dulcius,
3284 3810 3418 3863 nihil
3457 3806 3688 3866 suavius,
3714 3797 3806 3866 quia

2279 3899 2408 3952 nihil
2438 3908 2520 3952 est
2545 3901 2753 3954 melius.
2795 3900 2920 3954 Inde
2956 3901 3153 3954 habent
3181 3901 3356 3968 angeli
3385 3896 3742 3954 mternitatem,
3767 3893 3806 3937 ut

2278 3992 2646 4047 indeﬁcienter
2673 3995 2883 4056 vivant;
2913 3993 3036 4046 inde
3067 3993 3363 4056 veritatem,
3392 4001 3452 4045 ut
3479 3983 3726 4044 manifeste
3747 3976 3804 4027 νὶ-

2278 4082 2475 4146 deant;
2523 4082 2646 4136 inde
2674 4084 2982 4148 caritatem,
3015 4090 3071 4134 ut
3103 4080 3331 4135 ﬁdeliter
3357 4077 3728 4147 concupiscant.

592 4209 3789 4242 ____________________________________________

1074 4316 1169 4362 ex
1211 4317 1434 4364 ιιιΒιιο
1473 4317 1571 4364 ιιι.
1619 4318 1717 4364 DE
1761 4315 1907 4365 11Νο
1957 4316 2169 4365 ΙΜΜΕ]

2269 4319 2300 4368 β
2346 4321 2438 4368 ET
2494 4320 2786 4369 DOMINO
2835 4321 2984 4369 1)Εο
3029 4319 3334 4369 κοθτιιο.

1079 4421 1547 4476 FBAGMENTU‘M
1579 4421 1684 4476 VII.

2273 4440 2351 4492 se,
2383 4427 2459 4481 sic
2487 4427 2587 4481 soli
2613 4427 2872 4496 competit
2921 4427 3054 4481 Filio
3079 4469 3093 4491 ,
3140 4437 3199 4481 ut
3247 4442 3346 4482 nec
3393 4425 3538 4480 Patri
3580 4424 3800 4488 competat

590 4510 720 4576 Qum
757 4512 860 4564 sint
893 4513 1104 4581 propria
1139 4512 1462 4582 singularum
1501 4510 1768 4566 Trinitatis
1811 4530 2166 4584 personarum.
2205 4505 2250 4560 Ι)
2276 4517 2541 4571 ullatenus
2580 4532 2682 4571 nec
2725 4516 2944 4586 Spiritui
2993 4527 3209 4580 sancto;
3259 4517 3593 4572 descendisse
3633 4520 3798 4579 quoque

659 4603 948 4657 Possumus
970 4601 1109 4657 enim
1133 4601 1330 4672 aliquid
1355 4601 1422 4656 de
1443 4603 1662 4669 singulis
1683 4604 1945 4658 veraciter
1967 4604 2165 4671 dicere,

589 4695 733 4767 quod
759 4695 826 4749 de
856 4702 969 4749 tota
999 4709 1105 4747 non
1152 4693 1416 4762 possimus
1459 4693 1638 4747 dicere
1679 4693 1958 4749 Trinitate.
2003 4695 2169 4750 Vera-

587 4791 722 4843 citer
747 4787 944 4856 quippe
973 4786 1286 4856 proﬁtemur
1312 4785 1483 4839 solum
1514 4784 1724 4840 Patrem
1762 4787 2034 4853 genuisse,
2082 4804 2170 4843 so»

587 4880 694 4932 lum
727 4878 918 4931 Filium
947 4879 1014 4931 de
1040 4875 1198 4930 Patre
1224 4883 1408 4928 natum
1439 4889 1579 4937 esse,
1612 4875 1876 4929 veraciter
1901 4876 2063 4929 etiam
2091 4877 2169 4931 di-

585 4971 757 5022 cimus
803 4968 975 5022 solum
1024 4965 1279 5036 Spiritum
1328 4972 1572 5018 sanctum
1614 4963 1681 5017 de
1726 4964 1882 5018 Patre
1929 4965 2169 5033 Filioque

585 5060 906 5128 procedere.
960 5058 1077 5113 Non
1117 5057 1259 5112 enim
1291 5056 1523 5110 Trinitas
1565 5053 1755 5108 Filium
1806 5057 2024 5123 genuit,
2074 5073 2170 5113 nec

587 5151 821 5207 Trinitas
845 5151 912 5206 de
941 5149 1099 5204 Patre
1129 5161 1253 5204 nata
1283 5158 1364 5203 est
1388 5191 1402 5213 ,
1450 5163 1623 5218 neque
1653 5147 1888 5202 Trinitas
1914 5150 1980 5203 de
2009 5150 2169 5205 Patre

585 5242 828 5312 Filioque
853 5243 1116 5312 procedit.
1146 5242 1281 5297 Sunt
1309 5241 1468 5310 igitur
1500 5241 1701 5308 singula
1720 5281 1734 5304 ,
1765 5255 1883 5309 qua:
1913 5259 2032 5296 cum
2063 5259 2170 5298 non

585 5342 897 5401 competant
939 5332 1186 5386 Trinitati
1215 5373 1229 5396 ,
1280 5331 1498 5400 singulis
1541 5337 1717 5385 tamen
1761 5343 2068 5401 competant
2116 5336 2166 5388 in

586 5420 848 5474 Trinitate
878 5423 1137 5490 personis.
1191 5420 1339 5475 Sicut
1385 5420 1546 5474 etiam
1596 5435 1701 5474 vox
1749 5420 1837 5473 illa
1864 5436 1982 5488 quae
2009 5438 2170 5490 super

584 5512 765 5566 Jesum
791 5511 1118 5580 baptizatum
1147 5513 1215 5568 de
1235 5513 1374 5567 caelo
1402 5512 1582 5566 sonuit
1609 5510 1819 5580 (Matth.
1847 5529 1920 5577 Ill,
1945 5513 2028 5576 16,
2055 5514 2164 5583 17),

585 5604 662 5657 sic
703 5601 805 5658 soli
847 5603 1105 5668 competit
1135 5601 1318 5664 Patri,
1365 5608 1422 5654 ut
1453 5616 1551 5657 nec
1589 5600 1724 5654 Filio
1757 5604 1924 5671 possit
1950 5617 2166 5671 compe-

584 5702 736 5757 tere,
780 5707 878 5747 nec
907 5690 1126 5759 Spiritui
1157 5700 1381 5756 sancto;
1432 5700 1486 5744 et
1534 5693 1726 5747 vidisse
1775 5693 2029 5762 Spiritum
2073 5693 2165 5747 Dei

581 5783 998 5842 descendentem
1039 5783 1179 5839 sicut
1216 5782 1552 5847 columbam,
1583 5792 1635 5837 et
1663 5785 1964 5838 venientem
2005 5798 2165 5851 super

2271 4607 2541 4676 corporali
2572 4607 2736 4677 588
2763 4607 2944 4676 specie
2969 4607 3106 4661 sicut
3133 4606 3438 4661 columbam
3468 4606 3519 4659 in
3545 4601 3719 4659 Jesum,
3741 4593 3800 4648 sic

2272 4697 2372 4752 soli
2401 4698 2662 4766 competit
2686 4696 2907 4767 Spiritui
2931 4705 3122 4752 sancto
3143 4739 3158 4763 ,
3189 4705 3246 4750 ut
3277 4711 3376 4750 nec
3403 4695 3542 4749 Patri
3570 4688 3713 4761 possit
3729 4698 3796 4736 as-

2271 4787 2470 4853 signari
2514 4803 2614 4842 nec
2643 4787 2797 4842 Filio.
2850 4787 2987 4840 Sunt
3029 4800 3159 4854 ergo
3196 4787 3371 4856 aliqua
3415 4799 3529 4854 qua:
3555 4779 3796 4846 congruant

2271 4878 2512 4945 singulis,
2541 4892 2642 4932 nec
2665 4877 2988 4932 conveniant
3015 4876 3215 4940 tribus;
3245 4877 3376 4929 nihil
3400 4884 3570 4928 tamen
3595 4877 3664 4923 est
3685 4859 3793 4934 quod

2273 4969 2363 5022 uni
2411 4983 2656 5037 personae
2701 4984 2808 5023 non
2858 4977 3168 5038 competat,
3213 4976 3267 5023 et
3295 4970 3464 5038 possit
3503 4965 3653 5020 tribus
3673 4950 3792 5013 simul

2273 5059 2560 5114 convenire
2581 5060 2844 5129 personis.
2871 5059 3002 5112 Nam
3037 5060 3090 5112 in
3119 5059 3230 5126 ipsa
3259 5058 3534 5120 Trinitate,
3557 5055 3663 5107 licet
3685 5039 3792 5099 aliud

2273 5147 2342 5200 sit
2370 5147 2437 5202 de
2479 5147 2637 5203 Patre
2667 5155 2850 5202 natum
2879 5163 2998 5203 esse
3026 5148 3252 5212 Filium,
3281 5149 3422 5203 aliud
3452 5148 3515 5202 de
3543 5143 3679 5197 Patre
3698 5147 3789 5205 PVO‘

2273 5238 2462 5292 cedere
2507 5239 2762 5307 Spiritum
2795 5247 3040 5292 sanctum
3092 5238 3385 5307 (quoniam
3425 5252 3527 5292 non
3554 5239 3628 5287 est
3647 5223 3788 5282 eadem

2273 5331 2546 5398 processio
2573 5329 2804 5398 Spiritus
2832 5329 3006 5383 sancti
3033 5344 3152 5396 qua:
3184 5329 3431 5383 nativitas
3473 5323 3636 5390 Filii),
3677 5324 3786 5366 com‘

2277 5433 2435 5473 mune
2465 5425 2641 5473 tamen
2680 5427 2762 5474 est
2806 5419 2941 5473 Filio
2982 5428 3038 5473 et
3077 5418 3298 5487 Spiritui
3324 5428 3506 5474 sancto
3529 5455 3542 5479 ,
3587 5411 3644 5466 de
3668 5405 3786 5497 1’8":c

2277 5510 2588 5564 naturaliter
2625 5525 2775 5573 esse;
2815 5511 3059 5578 quamvis
3101 5510 3266 5564 solius
3307 5510 3376 5564 sit
3403 5507 3610 5579 Spiritus
3633 5496 3782 5585 sntit“:

2275 5601 2411 5655 sicut
2431 5600 2497 5656 de
2526 5599 2703 5662 Patre,
2733 5601 2812 5655 sic
2841 5601 3002 5655 etiam
3030 5601 3097 5654 de
3124 5600 3259 5655 Filio
3289 5616 3424 5655 esse.
3456 5600 3516 5655 At
3541 5605 3650 5649 vero
3674 5584 3779 5676 Palu

2274 5692 2546 5762 proprium
2576 5699 2656 5744 est
2684 5690 2750 5744 de
2775 5692 2920 5744 nullo
2947 5707 3082 5756 esse,
3111 5691 3158 5743 id
3190 5701 3266 5744 est
3296 5699 3554 5745 auctorem
3581 5667 3777 5735 naturalis

2275 5785 2519 5841 essentiae
2550 5800 2654 5839 non
2680 5784 2898 5837 habere.
