4050 6454
196 384 288 442 ’161

657 497 1131 554 FRAGMENTUM
1164 499 1292 554 VIII.

194 593 412 664 Spiritus
433 603 637 647 sanctus
661 591 912 664 ita_replet
931 592 1100 646 orbem
1118 602 1455 664 terrarum,ut
1475 595 1540 648 sit
1563 609 1760 664 semper

255 666 408 717 etiam
437 665 488 716 in
517 665 664 718 caelo.
706 659 824 716 Una
852 671 927 716 est
954 664 1270 717 immensitas
1300 659 1502 729 Patris,
1533 674 1581 717 et
1607 659 1756 728 Filii,

257 742 304 787 et
332 733 559 802 Spiritus
587 733 775 788 sancti.

256 843 333 896 An
362 842 816 917 nescistlliristum
845 854 962 897 esse
990 841 1086 897 Dei
1107 843 1336 896 virtutem
1361 853 1410 894 et
1435 841 1530 895 Dei
1549 844 1760 912 sapien-

189 934 308 986 tiam
340 929 393 1002 (1
418 930 540 985 Cor.
568 947 604 994 ι,
635 929 759 999 24)?
782 930 856 985 De
881 946 984 999 qua
1005 932 1172 986 series
1200 930 1364 984 divini
1393 938 1618 984 testatur
1645 931 1759 985 elo-

186 1023 310 1090 quii,
344 1022 470 1090 quia
496 1038 529 1074 a
559 1020 781 1075 Domino
815 1020 920 1075 Deo
949 1031 1046 1088 est,
1075 1032 1124 1075 et
1150 1039 1264 1076 cum
1299 1022 1388 1076 illo
1415 1023 1511 1093 fuit
1540 1039 1755 1092 semper,

183 1121 230 1164 et
256 1119 329 1164 est
360 1120 482 1164 ante
505 1127 667 1164 terum
714 1110 901 1179 (Eccli.
930 1127 968 1176 ι,
1000 1111 1076 1183 1).
1123 1111 1257 1177 Quia
1296 1127 1428 1166 vero
1475 1111 1758 1167 invisibilia

183 1200 292 1267 ejus
322 1215 421 1269 per
448 1215 511 1254 ea
541 1215 659 1270 quae
688 1199 827 1255 facta
867 1210 991 1256 sunt
1019 1201 1289 1256 intellecta
1335 1202 1755 1272 conspiciuntur,

182 1299 464 1360 propterea
491 1306 611 1346 cum
649 1291 922 1361 Scriptura
951 1291 1174 1350 dixisset
1205 1310 1216 1344 :
1249 1293 1473 1346 Arenam
1500 1295 1679 1358 maris,
1708 1302 1760 1346 et

180 1383 364 1450 pluvia:
389 1391 560 1452 guttas
577 1423 591 1448 ,
621 1391 670 1436 et
699 1383 806 1436 dies
829 1384 1007 1438 seaculi
1038 1385 1152 1454 quis
1178 1384 1554 1438 dinumeravit?
1579 1384 1758 1437 altitu-

180 1472 347 1526 dinem
376 1473 508 1536 cazli,
539 1482 588 1526 et
615 1473 938 1528 latitudinem
968 1484 1137 1537 terraz,
1169 1484 1217 1527 et
1246 1475 1556 1545 profundum
1583 1475 1757 1544 abyssi

179 1565 286 1633 quis
314 1581 520 1618 mensus
549 1573 627 1618 est
656 1563 841 1637 (Eccli.
873 1580 910 1630 ι,
939 1565 1035 1634 9.)?
1067 1574 1126 1620 ut
1150 1582 1218 1620 ex
1253 1567 1412 1621 rebus
1440 1566 1634 1621 creatis
1663 1581 1756 1620 co-

176 1671 558 1723 gnosceremus
612 1657 1058 1726 magniﬁcentiam
1123 1659 1432 1723 Creatoris,
1498 1660 1756 1716 continuo

175 1748 368 1803 dicitur
418 1766 430 1801 :
482 1748 806 1819 Sapientiam
859 1749 954 1804 Dei
998 1751 1368 1819 praecedentem
1421 1753 1594 1813 omnia
1641 1753 1755 1822 quis

1238 385 1515 443 CONTRA
1555 382 1903 442 FABIANUM
1941 380 2385 438 FRAGMENTA.

1789 501 1842 561 Α
1865 500 2014 568 ci/ica
2038 507 2206 552 vestra
2243 496 2439 566 (Exod.
2471 511 2538 549 xx
2561 535 2575 559 ,
2606 493 2717 565 21).
2763 495 2894 549 Nam
2921 501 2976 549 et
3007 494 3058 549 in
3089 493 3277 551 eodem
3306 494 3444 550 libro

3341 383 3447 439 761

1859 588 2054 644 dicitur
2092 606 2105 640 :
2139 587 2460 656 Sacri/icans
2505 587 2606 640 diis
2654 585 3028 651 eradicabitur,
3072 585 3178 638 nisi
3218 584 3444 640 Domino

1859 679 1957 732 soli
2003 677 2198 748 (Exod.
2242 693 2387 743 χχιι,
2419 675 2530 746 20).
2583 675 2956 746 Quapropter,
2989 683 3083 731 aut
3129 673 3342 729 Patrem
3388 683 3444 729 et

1861 766 2052 820 Filium
2076 767 2370 822 secundum
2402 765 2636 820 divinam
2669 773 2915 819 naturam
2954 779 3118 818 unum
3159 762 3444 817 Dominum

1859 857 2028 912 Deum
2058 865 2300 912 nostrum
2345 856 2588 926 deposita
2637 855 2949 910 inﬁdelitate
2992 867 3295 922 cognosce;
3351 857 3446 906 aut

1859 945 1946 1001 dic
1966 946 2078 1000 Deo
2102 945 2246 1000 Patri
2270 945 2627 1001 exhibendum
2652 961 2758 1000 non
2781 960 2900 1000 esse
2928 945 3071 1014 quod
3094 943 3192 998 soli
3213 942 3443 997 Domino

1863 1037 1972 1092 Deo
1999 1047 2184 1092 nostro
2214 1038 2585 1107 praecipi-amur
2621 1037 2895 1091 exhibere.
2951 1035 3030 1090 Tu
3073 1035 3213 1089 enim
3259 1033 3443 1088 dixisti

1859 1129 1984 1197 quia
2013 1130 2155 1184 Deus
2183 1137 2367 1183 noster
2397 1137 2479 1183 est
2504 1127 2686 1192 Filius,
2719 1142 2825 1180 non
2856 1133 2939 1181 est
2965 1140 3102 1180 unus
3129 1123 3445 1177 naturaliter

1857 1218 2000 1272 Deus
2023 1237 2034 1270 :
2059 1217 2146 1272 dic
2163 1216 2318 1271 nobis
2346 1231 2505 1288 quem
2531 1215 2878 1279 adorandum,
2909 1221 2964 1268 et
2988 1213 3074 1268 cui
3101 1211 3304 1267 hostias
3331 1211 3446 1266 exi-

1857 1312 2045 1366 stimes
2073 1307 2391 1364 oﬁ‘erendas.
2437 1307 2498 1362 Ei
2530 1323 2596 1370 ne
2632 1323 2791 1376 quem
2820 1306 2950 1362 dicis
2979 1307 3145 1360 Deum
3176 1311 3439 1369 nostrum,

1859 1411 1952 1457 aut
1979 1402 2028 1456 ei
2057 1416 2216 1471 quem
2246 1399 2413 1454 Deum
2459 1399 2656 1454 asseris
2697 1398 2799 1453 Dei
2847 1397 3056 1453 nostri?
3100 1394 3330 1449 Necesse
3359 1401 3444 1448 est

1859 1509 2038 1550 autem
2069 1502 2128 1548 ιιι
2155 1491 2450 1548 secundum
2496 1506 2714 1547 sensum
2761 1499 2910 1544 tuum
2933 1529 2948 1554 ,
2986 1497 3079 1542 aut
3114 1492 3442 1556 przeceptum

1859 1587 1990 1654 legis
2020 1584 2240 1653 abjicias
2258 1624 2272 1648 ,
2305 1585 2351 1638 si
2380 1583 2482 1638 soli
2511 1581 2920 1637 sacriﬁcandum
2956 1577 3234 1632 existimas
3262 1573 3442 1636 Patri;

1859 1685 1956 1729 aut
1978 1675 2023 1729 si
2053 1674 2155 1742 legi
2185 1674 2557 1742 obtemperas,
2586 1671 2686 1726 soli
2731 1669 2864 1724 Filio
2905 1668 3052 1722 dicas
3079 1665 3284 1720 hostias
3309 1662 3445 1717 oﬁ'e-

1856 1763 2071 1819 rendas.
2103 1761 2404 1817 Secundum
2430 1769 2576 1814 tuam
2605 1759 2803 1828 quippe
2829 1756 3171 1818 sententiam,
3196 1767 3301 1807 non
3335 1751 3444 1804 Deo

174 1839 531 1910 investigavit?
558 1839 627 1893 Et
655 1849 828 1906 recte;
874 1841 942 1895 de
971 1842 1084 1910 ipsa
1113 1842 1254 1895 enim
1283 1841 1476 1896 dicitur
1502 1861 1513 1894 :
1538 1843 1756 1912 Attingit
1791 1860 1834 1920 Β
1862 1854 1955 1908 Dei
1986 1853 2152 1907 nostri
2177 1894 2191 1916 ,
2223 1851 2319 1907 sed
2350 1852 2460 1906 Deo
2506 1857 2692 1904 nostro
2744 1849 2830 1902 lex
2877 1845 3119 1916 prmcipit
3160 1841 3444 1896 immolan-

173 1940 343 1984 autem
370 1931 552 2001 ubique
579 1940 788 2002 propter
815 1949 960 1986 suam
990 1933 1319 1998 munditiam,
1349 1942 1399 1986 et
1428 1932 1558 1986 nihil
1585 1935 1753 2003 inqui-

173 2022 400 2075 namenti
423 2022 476 2074 in
504 2022 651 2075 illam
677 2022 1165 2092 incurrit(Sap.vn,
1187 2021 1408 2091 24,26);
1440 2033 1493 2076 et
1516 2023 1706 2076 iterum
1735 2040 1748 2075 :

172 2111 390 2182 Attingit
437 2129 468 2164 a
514 2112 620 2180 [ine
666 2128 823 2178 usque
871 2113 940 2164 ad
983 2113 1138 2180 linem
1178 2113 1408 2182 fortiter,
1449 2121 1495 2165 et
1527 2113 1753 2182 disponit

171 2206 344 2258 omnia
371 2206 592 2258 suaviter
629 2203 783 2275 (Sap.
810 2221 923 2273 vm,
955 2205 1028 2275 1).
1080 2205 1215 2272 Quid
1243 2215 1324 2260 est
1347 2215 1525 2261 autem
1554 2206 1752 2275 ubique

172 2295 470 2362 attingere,
520 2296 620 2350 nisi
665 2304 835 2351 totum
884 2297 1151 2366 implere?
1215 2297 1404 2365 Implet
1450 2305 1629 2351 autem
1674 2297 1752 2352 sic

169 2386 387 2450 omnia,
433 2386 570 2440 sicut
617 2386 805 2455 implet
849 2394 904 2440 et
950 2385 1111 2442 Pater
1156 2396 1211 2441 et
1248 2386 1476 2456 Spiritus
1512 2394 1746 2444 sanctus.

169 2472 398 2543 Propter
423 2475 566 2544 quod
603 2475 732 2530 dicit
766 2475 956 2529 beatus
992 2476 1157 2529 David
1192 2494 1204 2527 :
1239 2474 1351 2539 Quo
1379 2477 1462 2530 ibo
1491 2493 1523 2528 a
1549 2475 1750 2546 Spiritu

166 2573 274 2626 tuo,
300 2571 349 2615 et
378 2581 409 2615 a
437 2565 566 2632 facie
594 2573 680 2615 tua
704 2581 800 2633 quo
827 2565 1058 2636 fugiam?
1088 2564 1149 2618 Si
1171 2565 1447 2618 ascendere
1470 2567 1524 2617 in
1549 2567 1747 2634 calum,

164 2653 238 2705 ibi
279 2661 334 2705 tu
370 2669 459 2715 es;
508 2653 554 2706 si
595 2653 904 2707 descendero
949 2656 1001 2706 in
1030 2655 1321 2724 infernum,
1377 2654 1500 2707 ades
1560 2654 1743 2723 (Psal.

163 2759 424 2805 cxxxvm,
459 2743 510 2808 7,
539 2742 616 2812 8).
668 2744 788 2797 Alio
831 2757 1046 2812 quoque
1091 2743 1210 2797 loco
1260 2743 1452 2796 dicitur
1495 2732 1748 2811 quoniam

164 2835 396 2904 Spiritus
427 2833 639 2888 Domini
665 2835 874 2905 replevit
901 2834 1073 2888 orbem
1111 2844 1365 2888 terrarum
1417 2835 1571 2906 (Sap.
1601 2853 1637 2898 1,
1669 2836 1744 2906 7).
1771 2870 1773 2872 η

163 2927 244 2980 An
277 2936 433 2996 putas
460 2927 720 2996 Spiritum
749 2934 991 2980 sanctum
1023 2927 1094 2979 ita
1136 2927 1320 2980 orbem
1351 2935 1612 2982 terrarum
1643 2927 1746 2980 im-

163 3017 314 3085 plere
341 3059 356 3083 ,
389 3017 523 3071 utin
565 3017 703 3072 coelo
730 3032 837 3070 non
875 3017 944 3070 sit
984 3031 1103 3070 cum
1143 3023 1340 3068 terram
1373 3015 1602 3085 implet?
1641 3015 1749 3070 Sed

164 3105 286 3160 vide
313 3107 440 3175 quid
470 3107 520 3160 in
550 3107 658 3161 alio
707 3107 826 3161 loco
874 3105 1017 3160 idem
1070 3105 1204 3158 liber
1239 3103 1525 3175 Sapientia:
1570 3107 1745 3160 conti-

1855 1944 2003 1998 dum.

2357 2051 2833 2109 FRAGMENTUM
2874 2050 2937 2103 Χ.

1855 2149 1994 2203 Deus
2027 2147 2184 2201 Pater
2226 2147 2363 2200 Deus
2402 2155 2478 2198 est
2519 2144 2647 2198 Filii
2690 2143 2752 2195 de
2797 2151 2968 2195 ventre
3003 2139 3213 2202 matris,
3247 2153 3349 2189 non
3379 2135 3441 2187 de

2425 2224 2570 2268 utero
2601 2213 2869 2285 genitoris.

1927 2333 2170 2402 Agnosce
2200 2331 2360 2398 igitur
2404 2327 2696 2383 secundum
2725 2324 3060 2379 divinitatem
3089 2334 3252 2374 unum
3276 2317 3440 2372 Deum

1853 2440 1970 2479 esse
2013 2423 2227 2477 Patrem
2257 2428 2311 2476 et
2339 2419 2530 2474 Filium
2561 2425 2616 2473 et
2656 2415 2914 2486 Spiritum
2965 2418 3245 2476 sanctum;
3279 2417 3334 2464 et
3359 2408 3440 2463 ei-

1852 2515 1973 2569 dem
2003 2515 2095 2567 uni
2124 2513 2235 2567 Deo
2254 2553 2268 2577 ,
2299 2511 2390 2580 qui
2419 2525 2478 2564 se
2503 2507 2743 2578 prtecipit
2773 2521 2804 2559 a
2834 2503 3078 2558 ﬁdelibus
3107 2501 3229 2564 coli,
3262 2497 3440 2577 omnia

1847 2602 1991 2670 juste
2038 2601 2321 2654 servientis
2373 2597 2630 2664 obsequia
2694 2591 3124 2662 inseparabiliter
3178 2587 3436 2643 exhiberi.

1853 2702 2098 2768 Agnosce
2127 2697 2289 2750 etiam
2333 2695 2497 2747 Deum
2527 2691 2742 2744 Patrem
2774 2689 2938 2743 Deum
2980 2701 3099 2740 esse
3127 2683 3242 2737 Filii
3263 2723 3276 2746 ,
3330 2696 3440 2735 non

1851 2786 1918 2844 ex
1946 2787 2246 2842 :eternitate
2269 2783 2561 2838 nativitatis
2588 2781 2780 2834 divina:
2807 2820 2822 2845 ,
2852 2777 2942 2832 sed
2972 2793 3038 2830 ex
3075 2784 3316 2844 tempore
3343 2774 3440 2826 hu:

1851 2876 2122 2932 manitatis
2139 2881 2441 2942 assumptzr.
2468 2869 2641 2924 Habet
2663 2868 2806 2923 enim
2829 2867 2993 2921 Deum
3016 2863 3230 2918 Patrem
3254 2863 3437 2926 Filius,

1853 2969 2019 3022 Deum
2048 2980 2239 3028 suum;
2287 2962 2382 3018 sed
2433 2961 2500 3015 de
2539 2968 2729 3014 ventre
2760 2957 2974 3020 matris,
3028 2955 3189 3024 590
3237 2968 3342 3006 non
3372 2952 3441 3006 de

1851 3067 2006 3113 utero
2037 3055 2312 3127 genitoris.
2367 3051 2518 3118 Quod
2567 3051 2610 3104 si
2659 3064 2766 3102 non
2797 3046 2970 3102 credis
2995 3084 3009 3107 ,
3051 3046 3119 3098 ab
3148 3045 3265 3113 ipso
3301 3041 3438 3096 Filio

1850 3149 1973 3203 audi
2004 3148 2160 3216 hujus
2189 3143 2428 3215 mysterii
2457 3141 2766 3203 veritatem,
2807 3138 2896 3208 qui
2931 3137 3063 3191 dicit
3098 3135 3150 3189 in
3181 3134 3388 3204 psalmo
3423 3151 3436 3184 :

313 3198 364 3228 ,.
410 3198 421 3209 .
524 3197 536 3209 .
659 3197 670 3208 .
711 3197 722 3208 .
982 3213 994 3225 ,
1197 3197 1206 3208 ,
1370 3201 1379 3210 ,
1850 3193 1973 3203 ...ω
2004 3193 2158 3216 ..ηπ
2189 3193 2428 3215 ---δ----η
2756 3193 2766 3203 ,
2827 3193 2840 3208 _
3183 3193 3196 3204 _

165 3205 324 3298 "ei":
352 3198 424 3251 lbi
453 3197 816 3298 imiimi”
839 3196 948 3251 Deo
981 3236 996 3249 ’
1030 3193 1161 3298 om”.
1189 3213 1243 3249 ιη
1268 3196 1406 3298 πὺξ
1435 3205 1748 3298 δυ’ῗί.ᾳαιε.ηξ
1777 3221 1822 3283 C
1855 3243 1932 3297 De
1961 3252 2130 3296 ventre
2181 3240 2360 3294 matris
2394 3253 2518 3290 mea:
2563 3234 2700 3288 Dens
2742 3250 2884 3288 meus
2913 3249 2966 3286 es
3014 3242 3065 3285 tu
3117 3229 3287 3295 (Psal.
3323 3243 3434 3289 χιι.

163 3291 270 3360 quis
303 3289 663 3359 investigabit?
704 3287 926 3343 Sensum
953 3297 1122 3339 autem
1145 3296 1282 3339 tuum
1312 3287 1425 3356 quis
1453 3287 1616 3347 scivit,
1648 3287 1748 3340 nisi

165 3381 361 3434 dederis
381 3380 708 3448 sapientiam,
731 3387 778 3430 et
800 3364 1000 3432 miseris
1024 3378 1276 3447 Spiritum
1305 3386 1447 3430 tuum
1472 3378 1534 3429 de
1555 3376 1748 3430 altissi-

161 3471 257 3522 mis
311 3469 567 3539 (Sap.tx,
598 3467 684 3531 16,
719 3467 856 3539 l7)?
903 3467 1146 3540 Agnosce
1193 3468 1375 3535 itaque
1423 3482 1580 3520 unam
1628 3481 1748 3522 esse

163 3561 582 3617 immensitatem
612 3559 787 3616 Patris
813 3568 866 3614 et
895 3559 1015 3614 Filii
1044 3568 1099 3616 et
1126 3560 1358 3629 Spiritus
1385 3559 1588 3624 sancti;
1621 3559 1745 3627 quia

161 3655 397 3712 Trinitas
427 3672 564 3710 unus
592 3664 674 3710 est
715 3655 884 3718 Deus,
925 3655 1016 3723 qui
1046 3654 1227 3708 omnia
1272 3653 1505 3718 creavit;
1544 3660 1600 3706 et
1629 3652 1749 3705 uni-

159 3761 310 3800 versa
339 3761 464 3816 qua:
498 3745 649 3809 fecit,
680 3744 981 3798 aeternitate
1018 3750 1180 3810 atque
1214 3741 1745 3797 incommutabilitate

159 3838 436 3907 sapientim
463 3851 572 3890 sum
601 3850 664 3889 ac
692 3834 901 3888 virtutis
929 3833 1164 3887 excedit.
1201 3832 1316 3886 Hoc
1344 3832 1528 3900 utique
1558 3831 1745 3886 videns

158 3928 368 3984 dicebat
417 3927 605 3982 beatus
652 3925 984 3996 Apostolus:
1028 3922 1145 3978 Pax
1176 3922 1273 3976 Dei
1319 3939 1434 3991 qua:
1471 3933 1744 3992 exsuperat

159 4031 355 4082 omnem
385 4019 702 4073 intellectum
723 4059 737 4081 ,
775 4017 1030 4069 custodiat
1059 4014 1214 4069 corda
1242 4025 1406 4067 vestra
1427 4055 1441 4079 ,
1471 4022 1520 4067 et
1549 4013 1741 4067 intelli-

158 4114 352 4180 gentias
378 4119 578 4165 vestras
605 4109 659 4161 in
684 4106 886 4161 Christo
915 4105 1040 4160 Iesu
1071 4105 1290 4176 (Philip.
1322 4121 1393 4167 tv,
1426 4104 1500 4171 7).

567 4223 730 4296 589
757 4220 1232 4276 FRAGMENTUM
1265 4219 1354 4274 IX.

262 4320 392 4374 Tres
421 4333 652 4388 persona:
682 4324 798 4368 sunt
828 4331 959 4368 unus
989 4313 1240 4366 Dominus
1271 4311 1404 4365 Deus
1438 4319 1630 4365 noster.

219 4412 275 4466 Si
307 4425 442 4480 ergo
488 4409 560 4462 ita
589 4407 926 4462 sentiendum
957 4413 1040 4460 est
1061 4445 1075 4469 ,
1107 4404 1555 4473 quemadmodum
1585 4403 1737 4466 dicis,

156 4513 211 4557 ut
252 4503 423 4557 Filius
469 4502 538 4555 sit
568 4501 708 4554 Deus
753 4507 970 4561 noster,
1014 4496 1174 4552 Pater
1216 4513 1347 4552 vero
1375 4498 1446 4551 sit
1477 4497 1616 4551 Deus
1645 4497 1738 4551 Dei

1755 3361 1763 3368 -
1833 3333 1964 3403 11).
2009 3331 2140 3412 Nam
2170 3331 2295 3399 quia
2328 3329 2466 3383 Deus
2497 3325 2657 3380 Pater
2685 3323 2975 3381 secundum
3007 3331 3250 3377 naturam
3281 3319 3439 3374 Pater

1851 3433 1933 3479 est
1961 3423 2222 3490 unigeniti
2249 3421 2390 3486 Filii,
2421 3428 2605 3474 noster
2631 3426 2810 3472 autem
2851 3417 2992 3471 Deus
3021 3423 3103 3470 est
3136 3433 3148 3467 :
3180 3414 3284 3468 hoc
3321 3413 3436 3466 ine-

1851 3513 2108 3567 narrabili
2158 3512 2404 3566 bonitate
2428 3552 2442 3575 ,
2494 3510 2785 3564 secundum
2825 3507 3107 3562 consilium
3147 3503 3436 3560 voluntatis

1848 3620 1959 3659 sua:
1983 3612 2234 3673 operatus
2254 3610 2356 3668 est,
2382 3608 2440 3654 ut
2466 3616 2566 3669 pro
2593 3608 2774 3653 nostra
2803 3599 2974 3652 salute
2997 3597 3271 3663 unigenito
3300 3592 3436 3646 Filio

1847 3709 1967 3757 suo,
1998 3693 2084 3746 cui
2114 3691 2276 3744 Pater
2308 3698 2393 3743 est
2422 3704 2520 3758 per
2549 3697 2815 3752 naturam,
2847 3695 2990 3740 esset
3019 3687 3158 3739 Deus
3190 3699 3285 3752 per
3311 3695 3434 3748 gra-

1847 3786 2006 3848 tiam;
2039 3791 2094 3836 et
2123 3781 2299 3844 nobis,
2326 3778 2519 3847 quibus
2550 3778 2690 3832 Deus
2715 3786 2794 3831 est
2827 3791 2922 3845 per
2947 3783 3212 3834 naturam,
3246 3771 3433 3840 digna-

1846 3884 1993 3932 retur
2020 3874 2179 3928 Pater
2206 3888 2325 3928 esse
2353 3886 2450 3941 per
2477 3871 2702 3938 gratiam

2336 3983 2812 4040 FRAGMENTUM
2837 3983 2926 4039 XI.

1847 4081 2080 4135 Christus
2127 4096 2238 4132 nere
2289 4079 2422 4130 Deus
2470 4086 2661 4130 noster.
2712 4074 3016 4128 zEstimatio
3055 4075 3106 4126 in
3149 4072 3432 4142 Scripturis

1917 4153 2126 4219 duplex,
2156 4154 2366 4219 incerta:
2408 4146 2716 4219 cognitionis
2744 4155 2792 4198 et
2822 4154 2975 4219 εει-ΙΨ
3003 4144 3249 4219 scientiae.
3270 4141 3434 4219 Cirri-

1916 4213 2022 4274 stus
2055 4237 2158 4275 non
2183 4229 2259 4273 est
2288 4217 2428 4271 Deus
2456 4213 2887 4270 Municlta'orum.
2917 4215 3247 4270 Judazorum.
3280 4213 3432 4265 Aria-

1917 4308 2119 4347 norum.

1917 4401 2066 4456 Beati
2095 4399 2346 4472 Cypriani
2377 4397 2703 4468 accipiamus
2733 4405 2788 4451 et
2831 4396 3222 4468 amplectamur
3249 4395 3432 4465 utique

1843 4491 2166 4546 sententiam
2191 4531 2204 4555 ,
2236 4490 2325 4559 qui
2364 4489 2605 4544 scribens
2633 4487 2699 4541 ad
2730 4486 3006 4553 Quirinum
3033 4527 3047 4551 ,
3094 4487 3146 4540 in
3177 4486 3312 4541 libro
3340 4501 3428 4541 se-

157 4597 342 4660 nostri,
376 4609 477 4648 nec
499 4602 677 4646 tamen
710 4591 870 4644 Pater
894 4599 947 4643 et
972 4588 1135 4643 Filius
1164 4589 1481 4643 naturaliter
1507 4588 1577 4642 sit
1602 4605 1740 4642 unus
1771 4583 1816 4640 D
1844 4583 2020 4638 eundo
2045 4625 2060 4648 ,
2108 4582 2342 4652 capitulo
2387 4589 2541 4635 sexto
2568 4621 2583 4647 ,
2627 4580 2726 4635 sub
2773 4578 2932 4633 titulo
2963 4595 2980 4633 :
3009 4593 3148 4641 ouoo
3186 4592 3316 4633 usus
3345 4592 3429 4630 SIT

156 4683 414 4738 Dominus
463 4680 600 4736 Dens
646 4690 863 4741 noster;
921 4677 1040 4732 vide
1091 4677 1362 4746 quomodo
1409 4678 1512 4732 tuis
1560 4677 1737 4731 verbis

155 4773 497 4843 compellaris
560 4771 671 4824 Deo
733 4768 875 4822 Patri
919 4768 1111 4821 divinm
1159 4768 1431 4821 servitutis
1481 4768 1735 4834 obsequia

156 4864 442 4934 denegare.
477 4864 680 4917 Dicitur
699 4861 840 4916 enim
868 4859 1022 4913 nobis
1047 4877 1058 4910 :
1085 4858 1237 4920 Audi,
1265 4857 1452 4918 Israel,
1485 4856 1737 4911 Dominus

165 4957 290 5008 “nus
322 4969 472 5018 tuus,
509 4953 758 5007 Dominus
784 4967 917 5004 unus
948 4959 1023 5002 est
1063 4947 1252 5017 (Deut.
1285 4963 1355 5010 vl,
1389 4947 1474 5017 4).
1521 4945 1588 4999 Et
1629 4946 1735 5001 alio

155 5045 270 5100 loco
305 5064 318 5097 :
357 5046 633 5099 Dominum
668 5043 833 5097 Deum
862 5052 1002 5096 tuum
1026 5040 1289 5107 adorabis,
1321 5049 1369 5093 et
1397 5039 1474 5092 illi
1501 5039 1600 5093 soli
1628 5055 1737 5093 ser-

151 5139 250 5190 vies
280 5138 437 5210 (vers.
471 5137 582 5208 15).
631 5137 762 5190 Nam
789 5144 844 5189 et
883 5135 937 5188 in
983 5133 1248 5202 Decalogo
1279 5139 1481 5187 certum
1523 5140 1606 5186 est
1633 5132 1738 5186 hoc

153 5227 380 5292 primum
438 5227 703 5282 contineri
748 5224 1058 5278 mandatum
1109 5242 1120 5276 :
1166 5222 1280 5293 Ego
1326 5239 1438 5276 sum
1480 5222 1736 5276 Dominus

159 5315 292 5372 Deus
338 5329 453 5373 tuus
478 5361 493 5382 ,
538 5319 625 5390 qui
662 5318 816 5372 eduxi
846 5326 894 5370 te
921 5317 984 5370 de
1015 5327 1150 5370 terra
1179 5316 1399 5386 rEgypti
1423 5356 1437 5380 ,
1479 5316 1542 5369 de
1584 5316 1735 5370 domo

153 5411 409 5464 servitutis
466 5410 661 5481 (Exod.
695 5426 798 5474 xx,
836 5409 911 5476 2).
968 5408 1103 5462 Dicit
1147 5408 1310 5462 etiam
1361 5407 1523 5461 David
1559 5426 1570 5458 :
1607 5404 1734 5470 Quis
1766 5443 1770 5449 -

154 5496 290 5554 Dens
322 5511 510 5569 praeter
539 5500 814 5554 Dominum
839 5542 852 5562 ,
888 5509 975 5552 aut
1017 5501 1130 5569 quis
1169 5498 1306 5553 Deus
1343 5509 1528 5569 prwter
1567 5498 1730 5552 Deum

152 5601 382 5644 nostrum
425 5591 596 5660 (Psal.
631 5608 755 5654 xvn,
782 5591 914 5659 5‘2)?
944 5591 1047 5644 lste
1088 5600 1266 5644 autem
1311 5590 1566 5645 Dominus
1594 5591 1732 5644 Deus

153 5692 368 5747 noster,
400 5685 499 5738 soli
539 5685 638 5738 sibi
671 5684 840 5737 altare
882 5683 1136 5753 praecepit
1177 5683 1445 5746 construi,
1488 5684 1585 5736 soli
1630 5683 1729 5738 sibi

151 5773 354 5829 hostias
397 5776 622 5846 imperat
672 5773 957 5839 immolari,
988 5773 1171 5829 dicens
1218 5792 1230 5826 :
1271 5775 1448 5830 Altare
1491 5774 1554 5826 de
1594 5782 1731 5827 terra

155 5865 355 5930 {arietis
385 5868 530 5932 mihi,
565 5878 612 5922 et
641 5869 865 5938 o/feretis
895 5885 1044 5938 Sttpt't‘
1074 5867 1202 5920 illud
1233 5867 1526 5922 holocausta
1558 5876 1605 5919 et
1634 5884 1730 5921 oa—

1843 4691 2128 4735 CHRISTUS,
2166 4677 2306 4728 inter
2343 4673 2445 4726 alia
2475 4671 2780 4725 testimonia
2822 4670 2981 4725 etiam
3013 4669 3117 4723 hoc
3152 4666 3375 4738 protulit
3411 4685 3424 4720 :

1845 4767 1946 4820 Hic
1980 4767 2120 4820 Deus
2150 4775 2346 4830 noster,
2375 4773 2424 4816 et
2451 4779 2556 4816 non
2585 4761 2909 4828 deputabitur
2927 4761 3060 4813 alius
3089 4757 3278 4829 absque
3296 4746 3426 4811 illo:

1841 4863 1926 4932 qui
1949 4862 2140 4914 invenit
2168 4875 2369 4913 omnem
2399 4859 2529 4911 riam
2554 4856 2858 4926 prudentiar,
2882 4864 2930 4908 et
2959 4854 3099 4907 dedit
3125 4869 3238 4907 eam
3265 4851 3429 4906 Jarob

1843 4969 2000 5021 puero
2030 4968 2121 5005 suo
2147 4993 2162 5016 ,
2191 4959 2241 5004 et
2291 4949 2458 5002 Israel
2486 4948 2673 5002 dilecto
2700 4946 2816 5001 sibi.
2873 4946 2996 5000 Post
3037 4946 3143 5000 lucc
3180 4945 3232 4998 in
3276 4943 3427 4997 terris

1841 5045 1978 5096 visus
2007 5051 2082 5096 est
2108 5082 2122 5106 ,
2163 5049 2212 5092 et
2239 5055 2352 5091 cum
2381 5032 2672 5091 hominibus
2701 5046 3028 5092 conversatus
3071 5046 3147 5090 est
3198 5033 3427 5103 (Βαιτιεὴ

1842 5151 1916 5199 m,
1945 5133 2035 5196 ’56,
2070 5132 2156 5196 57,
2187 5130 2322 5199 58)..
2353 5130 2595 5196 Agnosco
2639 5129 2948 5182 testimonio
2988 5127 3120 5180 tanti
3151 5124 3420 5193 martyris,

1839 5226 1906 5280 de
1935 5223 2148 5278 Christo
2173 5221 2374 5276 dictum
2412 5240 2422 5274 :
2459 5221 2561 5274 llic
2595 5219 2731 5274 Deus
2763 5228 2952 5282 noster,
2985 5228 3034 5271 et
3062 5233 3163 5270 non
3200 5221 3426 5269 (estima-

1841 5316 1975 5370 liitur
2001 5316 2136 5369 alius
2164 5316 2352 5384 absque
2380 5315 2501 5383 illo;
2544 5322 2599 5371 et
2626 5313 2771 5368 disce
2801 5321 2857 5365 nt
2885 5311 3063 5365 divina
3091 5309 3234 5364 dicta
3276 5315 3424 5362 recte

1840 5407 2106 5478 intelligas
2129 5446 2142 5471 ,
2175 5415 2231 5462 et
2261 5423 2366 5463 non
2394 5407 2650 5461 adversus
2681 5404 2770 5458 Dei
2817 5403 3008 5457 Filium
3039 5401 3253 5455 rebellis
3303 5401 3420 5454 eai-

1834 5510 1963 5554 stas.
2017 5499 2330 5571 Mysterium
2379 5499 2521 5553 enim
2568 5497 2760 5552 divina:
2805 5494 3186 5550 incarnationis
3233 5493 3422 5548 beatus

1837 5592 2097 5662 propheta
2130 5592 2343 5646 volebat
2384 5589 2686 5646 ostendere.
2745 5587 2894 5642 Unde
2927 5602 3145 5643 necesse
3172 5600 3294 5641 eum
3326 5585 3420 5636 I’uit

1836 5691 1893 5735 ut
1914 5691 1968 5737 et
1989 5682 2155 5737 Deum
2179 5694 2441 5747 nostrum,
2467 5682 2531 5735 ad
2558 5696 2716 5749 quem
2748 5681 2882 5735 alius
2910 5697 3016 5734 non
3046 5677 3418 5738 :estimahitur,

1836 5773 2128 5829 secundum
2159 5773 2490 5828 divinitatem
2529 5771 2798 5827 Christum
2829 5773 3061 5836 diceret,
3093 5780 3147 5825 et
3175 5768 3418 5824 eumdem

1836 5869 1887 5923 in
1920 5871 2076 5925 t-crris
2105 5868 2276 5924 visum
2305 5869 2593 5925 secundum
2635 5883 2813 5922 veram
2845 5861 3038 5924 carnis
3065 5861 3418 5923 substantiam
