  <div class='ocr_page' id='page_1' title='image "/cluster/home/n/w/nwhite01/storage/ocr_20150623/65/hvd.32044015469315/389.png"; bbox 0 0 4046 6504; ppageno 0'>
   <div class='ocr_carea' id='block_1_1' title="bbox 649 369 756 424">
    <p class='ocr_par' dir='ltr' id='par_1_1' title="bbox 649 369 756 424">
     <span class='ocr_line' id='line_1_1' title="bbox 649 369 756 424; baseline -0.019 0"><span class='ocrx_word' id='word_1_1' title='bbox 649 369 756 424; x_wconf 78' lang='lat'><strong>763</strong></span> 
     </span>
    </p>
   </div>
   <div class='ocr_carea' id='block_1_2' title="bbox 1689 356 3836 424">
    <p class='ocr_par' dir='ltr' id='par_1_2' title="bbox 1689 356 3836 424">
     <span class='ocr_line' id='line_1_2' title="bbox 1689 356 3836 424; baseline 0.004 -9"><span class='ocrx_word' id='word_1_2' title='bbox 1689 361 1744 416; x_wconf 90' lang='lat' dir='ltr'><strong>S.</strong></span> <span class='ocrx_word' id='word_1_3' title='bbox 1790 358 2152 414; x_wconf 84' lang='lat' dir='ltr'><strong>FULGENTII</strong></span> <span class='ocrx_word' id='word_1_4' title='bbox 2191 356 2498 416; x_wconf 79' lang='lat' dir='ltr'><strong>EPISCOPI</strong></span> <span class='ocrx_word' id='word_1_5' title='bbox 2531 359 2902 416; x_wconf 75' lang='lat' dir='ltr'><strong>RUSPENSIS</strong></span> <span class='ocrx_word' id='word_1_6' title='bbox 3766 371 3836 424; x_wconf 74' lang='lat' dir='ltr'><strong>&#39;llit</strong></span> 
     </span>
    </p>
   </div>
   <div class='ocr_carea' id='block_1_3' title="bbox 648 478 3836 555">
    <p class='ocr_par' dir='ltr' id='par_1_3' title="bbox 648 478 3836 555">
     <span class='ocr_line' id='line_1_3' title="bbox 648 478 3836 555; baseline -0.002 -16"><span class='ocrx_word' id='word_1_7' title='bbox 648 483 1016 555; x_wconf 87' lang='lat' dir='ltr'><strong>prophetaret.</strong></span> <span class='ocrx_word' id='word_1_8' title='bbox 1065 481 1109 533; x_wconf 83' lang='lat' dir='ltr'><strong>A</strong></span> <span class='ocrx_word' id='word_1_9' title='bbox 1139 479 1382 534; x_wconf 87' lang='lat' dir='ltr'><strong>lidelibus</strong></span> <span class='ocrx_word' id='word_1_10' title='bbox 1411 479 1550 534; x_wconf 87' lang='lat' dir='ltr'><strong>enim</strong></span> <span class='ocrx_word' id='word_1_11' title='bbox 1581 493 1687 532; x_wconf 90' lang='lat' dir='ltr'><strong>non</strong></span> <span class='ocrx_word' id='word_1_12' title='bbox 1715 481 2011 534; x_wconf 61' lang='lat' dir='ltr'><strong>aestimatur</strong></span> <span class='ocrx_word' id='word_1_13' title='bbox 2049 481 2122 551; x_wconf 93' lang='lat' dir='ltr'><strong>(id</strong></span> <span class='ocrx_word' id='word_1_14' title='bbox 2152 489 2233 534; x_wconf 90' lang='lat' dir='ltr'><strong>est</strong></span> <span class='ocrx_word' id='word_1_15' title='bbox 2260 483 2310 542; x_wconf 71' lang='grc' dir='ltr'><strong>Α</strong></span> <span class='ocrx_word' id='word_1_16' title='bbox 2337 482 2510 535; x_wconf 88' lang='lat' dir='ltr'><strong>lorum</strong></span> <span class='ocrx_word' id='word_1_17' title='bbox 2537 499 2549 533; x_wconf 77' lang='grc' dir='ltr'>ε</span> <span class='ocrx_word' id='word_1_18' title='bbox 2575 480 2924 534; x_wconf 79' lang='lat' dir='ltr'><strong>Existimabat</strong></span> <span class='ocrx_word' id='word_1_19' title='bbox 2949 488 3117 533; x_wconf 86' lang='lat' dir='ltr'><strong>autem</strong></span> <span class='ocrx_word' id='word_1_20' title='bbox 3139 478 3426 548; x_wconf 71' lang='lat' dir='ltr'><strong>intelligere</strong></span> <span class='ocrx_word' id='word_1_21' title='bbox 3449 479 3641 546; x_wconf 76' lang='lat' dir='ltr'><strong>fratres,</strong></span> <span class='ocrx_word' id='word_1_22' title='bbox 3658 486 3836 549; x_wconf 60' lang='lat' dir='ltr'><strong>quoniam</strong></span> 
     </span>
    </p>
   </div>
   <div class='ocr_carea' id='block_1_4' title="bbox 647 571 2234 643">
    <p class='ocr_par' dir='ltr' id='par_1_4' title="bbox 647 571 2234 643">
     <span class='ocr_line' id='line_1_4' title="bbox 647 571 2234 643; baseline -0.003 -12"><span class='ocrx_word' id='word_1_23' title='bbox 647 593 758 631; x_wconf 87' lang='lat' dir='ltr'><strong>non</strong></span> <span class='ocrx_word' id='word_1_24' title='bbox 786 574 1042 640; x_wconf 76' lang='lat' dir='ltr'><strong>creditur,</strong></span> <span class='ocrx_word' id='word_1_25' title='bbox 1074 589 1183 627; x_wconf 91' lang='lat' dir='ltr'><strong>non</strong></span> <span class='ocrx_word' id='word_1_26' title='bbox 1211 572 1488 643; x_wconf 75' lang='lat' dir='ltr'><strong>accipitur,</strong></span> <span class='ocrx_word' id='word_1_27' title='bbox 1523 587 1630 625; x_wconf 91' lang='lat' dir='ltr'><strong>non</strong></span> <span class='ocrx_word' id='word_1_28' title='bbox 1659 571 1899 642; x_wconf 91' lang='lat' dir='ltr'><strong>putatur)</strong></span> <span class='ocrx_word' id='word_1_29' title='bbox 1944 572 2080 626; x_wconf 89' lang='lat' dir='ltr'><strong>alius</strong></span> <span class='ocrx_word' id='word_1_30' title='bbox 2108 573 2234 627; x_wconf 88' lang='lat' dir='ltr'><strong>abs-</strong></span> 
     </span>
    </p>
   </div>
   <div class='ocr_carea' id='block_1_5' title="bbox 647 663 2235 738">
    <p class='ocr_par' dir='ltr' id='par_1_5' title="bbox 647 663 2235 738">
     <span class='ocr_line' id='line_1_5' title="bbox 647 663 2235 738; baseline -0.003 -15"><span class='ocrx_word' id='word_1_31' title='bbox 647 683 754 738; x_wconf 88' lang='lat' dir='ltr'><strong>que</strong></span> <span class='ocrx_word' id='word_1_32' title='bbox 782 667 878 722; x_wconf 87' lang='lat' dir='ltr'><strong>Dei</strong></span> <span class='ocrx_word' id='word_1_33' title='bbox 907 665 1044 720; x_wconf 88' lang='lat' dir='ltr'><strong>Filio</strong></span> <span class='ocrx_word' id='word_1_34' title='bbox 1072 667 1214 721; x_wconf 87' lang='lat' dir='ltr'><strong>Deus</strong></span> <span class='ocrx_word' id='word_1_35' title='bbox 1251 683 1264 718; x_wconf 87' lang='lat'><strong>:</strong></span> <span class='ocrx_word' id='word_1_36' title='bbox 1301 666 1425 733; x_wconf 84' lang='lat' dir='ltr'><strong>quia</strong></span> <span class='ocrx_word' id='word_1_37' title='bbox 1455 663 1594 718; x_wconf 84' lang='lat' dir='ltr'><strong>Deus</strong></span> <span class='ocrx_word' id='word_1_38' title='bbox 1623 679 1728 718; x_wconf 91' lang='lat' dir='ltr'><strong>non</strong></span> <span class='ocrx_word' id='word_1_39' title='bbox 1760 679 2003 732; x_wconf 77' lang='lat' dir='ltr'><strong>persona:</strong></span> <span class='ocrx_word' id='word_1_40' title='bbox 2040 679 2235 718; x_wconf 91' lang='lat' dir='ltr'><strong>nomen</strong></span> 
     </span>
    </p>
   </div>
   <div class='ocr_carea' id='block_1_6' title="bbox 647 753 2237 825">
    <p class='ocr_par' dir='ltr' id='par_1_6' title="bbox 647 753 2237 825">
     <span class='ocr_line' id='line_1_6' title="bbox 647 753 2237 825; baseline -0.004 -11"><span class='ocrx_word' id='word_1_41' title='bbox 647 769 767 825; x_wconf 89' lang='lat' dir='ltr'><strong>est,</strong></span> <span class='ocrx_word' id='word_1_42' title='bbox 797 758 890 814; x_wconf 89' lang='lat' dir='ltr'><strong>sed</strong></span> <span class='ocrx_word' id='word_1_43' title='bbox 921 766 1142 812; x_wconf 62' lang='lat' dir='ltr'><strong>natura}.</strong></span> <span class='ocrx_word' id='word_1_44' title='bbox 1195 757 1250 810; x_wconf 91' lang='lat' dir='ltr'><strong>Si</strong></span> <span class='ocrx_word' id='word_1_45' title='bbox 1280 770 1408 822; x_wconf 88' lang='lat' dir='ltr'><strong>ergo</strong></span> <span class='ocrx_word' id='word_1_46' title='bbox 1450 762 1696 808; x_wconf 89' lang='lat' dir='ltr'><strong>naturam</strong></span> <span class='ocrx_word' id='word_1_47' title='bbox 1726 754 2048 808; x_wconf 88' lang='lat' dir='ltr'><strong>attendimus</strong></span> <span class='ocrx_word' id='word_1_48' title='bbox 2067 795 2083 818; x_wconf 95' lang='lat'><strong>,</strong></span> <span class='ocrx_word' id='word_1_49' title='bbox 2113 753 2237 822; x_wconf 84' lang='lat' dir='ltr'><strong>quia</strong></span> 
     </span>
    </p>
   </div>
   <div class='ocr_carea' id='block_1_7' title="bbox 648 834 2234 915">
    <p class='ocr_par' dir='ltr' id='par_1_7' title="bbox 648 834 2234 915">
     <span class='ocr_line' id='line_1_7' title="bbox 648 834 2234 915; baseline -0.003 -12"><span class='ocrx_word' id='word_1_50' title='bbox 648 851 814 905; x_wconf 89' lang='lat' dir='ltr'><strong>Pater</strong></span> <span class='ocrx_word' id='word_1_51' title='bbox 839 856 894 904; x_wconf 94' lang='lat' dir='ltr'><strong>et</strong></span> <span class='ocrx_word' id='word_1_52' title='bbox 923 834 1088 902; x_wconf 85' lang='lat' dir='ltr'><strong>Filius</strong></span> <span class='ocrx_word' id='word_1_53' title='bbox 1130 857 1186 900; x_wconf 91' lang='lat' dir='ltr'><strong>et</strong></span> <span class='ocrx_word' id='word_1_54' title='bbox 1228 845 1461 915; x_wconf 89' lang='lat' dir='ltr'><strong>Spiritus</strong></span> <span class='ocrx_word' id='word_1_55' title='bbox 1510 853 1727 900; x_wconf 90' lang='lat' dir='ltr'><strong>sanctus</strong></span> <span class='ocrx_word' id='word_1_56' title='bbox 1776 859 1914 900; x_wconf 89' lang='lat' dir='ltr'><strong>unus</strong></span> <span class='ocrx_word' id='word_1_57' title='bbox 1960 852 2042 899; x_wconf 90' lang='lat' dir='ltr'><strong>est</strong></span> <span class='ocrx_word' id='word_1_58' title='bbox 2071 844 2234 908; x_wconf 86' lang='lat' dir='ltr'><strong>Deus,</strong></span> 
     </span>
    </p>
   </div>
   <div class='ocr_carea' id='block_1_8' title="bbox 647 934 2236 1004">
    <p class='ocr_par' dir='ltr' id='par_1_8' title="bbox 647 934 2236 1004">
     <span class='ocr_line' id='line_1_8' title="bbox 647 934 2236 1004; baseline -0.004 -10"><span class='ocrx_word' id='word_1_59' title='bbox 647 940 758 994; x_wconf 85' lang='lat' dir='ltr'><strong>hoc</strong></span> <span class='ocrx_word' id='word_1_60' title='bbox 784 946 869 994; x_wconf 92' lang='lat' dir='ltr'><strong>est</strong></span> <span class='ocrx_word' id='word_1_61' title='bbox 893 953 998 993; x_wconf 91' lang='lat' dir='ltr'><strong>una</strong></span> <span class='ocrx_word' id='word_1_62' title='bbox 1027 944 1246 1000; x_wconf 90' lang='lat' dir='ltr'><strong>natura;</strong></span> <span class='ocrx_word' id='word_1_63' title='bbox 1278 936 1416 991; x_wconf 87' lang='lat' dir='ltr'><strong>sicut</strong></span> <span class='ocrx_word' id='word_1_64' title='bbox 1441 935 1643 1004; x_wconf 88' lang='lat' dir='ltr'><strong>absque</strong></span> <span class='ocrx_word' id='word_1_65' title='bbox 1673 934 1832 990; x_wconf 87' lang='lat' dir='ltr'><strong>Patre</strong></span> <span class='ocrx_word' id='word_1_66' title='bbox 1861 951 1966 988; x_wconf 92' lang='lat' dir='ltr'><strong>non</strong></span> <span class='ocrx_word' id='word_1_67' title='bbox 1997 935 2236 989; x_wconf 81' lang='lat' dir='ltr'><strong>:estima-</strong></span> 
     </span>
    </p>
   </div>
   <div class='ocr_carea' id='block_1_9' title="bbox 648 1024 2238 1095">
    <p class='ocr_par' dir='ltr' id='par_1_9' title="bbox 648 1024 2238 1095">
     <span class='ocr_line' id='line_1_9' title="bbox 648 1024 2238 1095; baseline -0.002 -13"><span class='ocrx_word' id='word_1_68' title='bbox 648 1039 740 1084; x_wconf 90' lang='lat' dir='ltr'><strong>tur</strong></span> <span class='ocrx_word' id='word_1_69' title='bbox 766 1029 902 1084; x_wconf 89' lang='lat' dir='ltr'><strong>alius</strong></span> <span class='ocrx_word' id='word_1_70' title='bbox 927 1028 1084 1092; x_wconf 87' lang='lat' dir='ltr'><strong>Deus,</strong></span> <span class='ocrx_word' id='word_1_71' title='bbox 1115 1027 1192 1082; x_wconf 91' lang='lat' dir='ltr'><strong>sic</strong></span> <span class='ocrx_word' id='word_1_72' title='bbox 1220 1025 1421 1095; x_wconf 86' lang='lat' dir='ltr'><strong>absque</strong></span> <span class='ocrx_word' id='word_1_73' title='bbox 1446 1025 1583 1080; x_wconf 84' lang='lat' dir='ltr'><strong>Filio</strong></span> <span class='ocrx_word' id='word_1_74' title='bbox 1623 1041 1729 1080; x_wconf 92' lang='lat' dir='ltr'><strong>non</strong></span> <span class='ocrx_word' id='word_1_75' title='bbox 1775 1026 2074 1079; x_wconf 61' lang='lat' dir='ltr'><strong>aestimatur</strong></span> <span class='ocrx_word' id='word_1_76' title='bbox 2101 1024 2238 1079; x_wconf 89' lang='lat' dir='ltr'><strong>alius</strong></span> 
     </span>
    </p>
   </div>
   <div class='ocr_carea' id='block_1_10' title="bbox 647 1117 2240 1188">
    <p class='ocr_par' dir='ltr' id='par_1_10' title="bbox 647 1117 2240 1188">
     <span class='ocr_line' id='line_1_10' title="bbox 647 1117 2240 1188; baseline -0.001 -14"><span class='ocrx_word' id='word_1_77' title='bbox 647 1121 812 1184; x_wconf 88' lang='lat' dir='ltr'><strong>Deus,</strong></span> <span class='ocrx_word' id='word_1_78' title='bbox 835 1120 914 1175; x_wconf 87' lang='lat' dir='ltr'><strong>sic</strong></span> <span class='ocrx_word' id='word_1_79' title='bbox 941 1120 1100 1174; x_wconf 91' lang='lat' dir='ltr'><strong>etiam</strong></span> <span class='ocrx_word' id='word_1_80' title='bbox 1130 1119 1333 1188; x_wconf 86' lang='lat' dir='ltr'><strong>absque</strong></span> <span class='ocrx_word' id='word_1_81' title='bbox 1361 1117 1561 1188; x_wconf 90' lang='lat' dir='ltr'><strong>Spiritu</strong></span> <span class='ocrx_word' id='word_1_82' title='bbox 1590 1125 1780 1171; x_wconf 88' lang='lat' dir='ltr'><strong>sancto</strong></span> <span class='ocrx_word' id='word_1_83' title='bbox 1807 1132 1913 1171; x_wconf 93' lang='lat' dir='ltr'><strong>non</strong></span> <span class='ocrx_word' id='word_1_84' title='bbox 1941 1117 2240 1172; x_wconf 72' lang='lat' dir='ltr'><strong>azstimatur</strong></span> 
     </span>
    </p>
   </div>
   <div class='ocr_carea' id='block_1_11' title="bbox 645 1207 2240 1276">
    <p class='ocr_par' dir='ltr' id='par_1_11' title="bbox 645 1207 2240 1276">
     <span class='ocr_line' id='line_1_11' title="bbox 645 1207 2240 1276; baseline -0.004 -10"><span class='ocrx_word' id='word_1_85' title='bbox 645 1211 786 1267; x_wconf 88' lang='lat' dir='ltr'><strong>alius</strong></span> <span class='ocrx_word' id='word_1_86' title='bbox 809 1210 969 1266; x_wconf 90' lang='lat' dir='ltr'><strong>Deus.</strong></span> <span class='ocrx_word' id='word_1_87' title='bbox 1002 1209 1126 1264; x_wconf 85' lang='lat' dir='ltr'><strong>ideo</strong></span> <span class='ocrx_word' id='word_1_88' title='bbox 1154 1222 1285 1276; x_wconf 86' lang='lat' dir='ltr'><strong>ergo</strong></span> <span class='ocrx_word' id='word_1_89' title='bbox 1313 1209 1516 1276; x_wconf 85' lang='lat' dir='ltr'><strong>absque</strong></span> <span class='ocrx_word' id='word_1_90' title='bbox 1563 1207 1658 1262; x_wconf 88' lang='lat' dir='ltr'><strong>Dei</strong></span> <span class='ocrx_word' id='word_1_91' title='bbox 1711 1207 1848 1262; x_wconf 87' lang='lat' dir='ltr'><strong>Filio</strong></span> <span class='ocrx_word' id='word_1_92' title='bbox 1903 1222 2012 1261; x_wconf 91' lang='lat' dir='ltr'><strong>non</strong></span> <span class='ocrx_word' id='word_1_93' title='bbox 2059 1213 2240 1276; x_wconf 85' lang='lat' dir='ltr'><strong>potest</strong></span> 
     </span>
    </p>
   </div>
   <div class='ocr_carea' id='block_1_12' title="bbox 647 1297 2238 1367">
    <p class='ocr_par' dir='ltr' id='par_1_12' title="bbox 647 1297 2238 1367">
     <span class='ocr_line' id='line_1_12' title="bbox 647 1297 2238 1367; baseline -0.001 -13"><span class='ocrx_word' id='word_1_94' title='bbox 647 1300 783 1354; x_wconf 89' lang='lat' dir='ltr'><strong>alius</strong></span> <span class='ocrx_word' id='word_1_95' title='bbox 809 1298 950 1354; x_wconf 93' lang='lat' dir='ltr'><strong>Deus</strong></span> <span class='ocrx_word' id='word_1_96' title='bbox 977 1313 1007 1352; x_wconf 89' lang='lat' dir='ltr'><strong>a</strong></span> <span class='ocrx_word' id='word_1_97' title='bbox 1036 1297 1282 1353; x_wconf 85' lang='lat' dir='ltr'><strong>ﬁdelibus</strong></span> <span class='ocrx_word' id='word_1_98' title='bbox 1329 1298 1582 1362; x_wconf 77' lang='lat' dir='ltr'><strong>:estimari</strong></span> <span class='ocrx_word' id='word_1_99' title='bbox 1609 1339 1626 1366; x_wconf 91' lang='lat'><strong>,</strong></span> <span class='ocrx_word' id='word_1_100' title='bbox 1655 1298 1780 1367; x_wconf 89' lang='lat' dir='ltr'><strong>quia</strong></span> <span class='ocrx_word' id='word_1_101' title='bbox 1809 1306 1962 1353; x_wconf 78' lang='lat' dir='ltr'><strong>extra</strong></span> <span class='ocrx_word' id='word_1_102' title='bbox 1991 1307 2238 1353; x_wconf 86' lang='lat' dir='ltr'><strong>naturam</strong></span> 
     </span>
    </p>
   </div>
   <div class='ocr_carea' id='block_1_13' title="bbox 647 1386 2238 1458">
    <p class='ocr_par' dir='ltr' id='par_1_13' title="bbox 647 1386 2238 1458">
     <span class='ocr_line' id='line_1_13' title="bbox 647 1386 2238 1458; baseline 0 -16"><span class='ocrx_word' id='word_1_103' title='bbox 647 1388 766 1444; x_wconf 84' lang='lat' dir='ltr'><strong>Filii</strong></span> <span class='ocrx_word' id='word_1_104' title='bbox 810 1389 943 1451; x_wconf 90' lang='lat' dir='ltr'><strong>Dei,</strong></span> <span class='ocrx_word' id='word_1_105' title='bbox 988 1403 1107 1458; x_wconf 75' lang='lat' dir='ltr'><strong>qua:</strong></span> <span class='ocrx_word' id='word_1_106' title='bbox 1135 1388 1212 1442; x_wconf 91' lang='lat' dir='ltr'><strong>illi</strong></span> <span class='ocrx_word' id='word_1_107' title='bbox 1242 1402 1363 1442; x_wconf 90' lang='lat' dir='ltr'><strong>cum</strong></span> <span class='ocrx_word' id='word_1_108' title='bbox 1414 1386 1574 1443; x_wconf 85' lang='lat' dir='ltr'><strong>Patre</strong></span> <span class='ocrx_word' id='word_1_109' title='bbox 1600 1397 1656 1442; x_wconf 92' lang='lat' dir='ltr'><strong>et</strong></span> <span class='ocrx_word' id='word_1_110' title='bbox 1683 1388 1888 1458; x_wconf 88' lang='lat' dir='ltr'><strong>Spiritu</strong></span> <span class='ocrx_word' id='word_1_111' title='bbox 1914 1396 2103 1445; x_wconf 89' lang='lat' dir='ltr'><strong>sancto</strong></span> <span class='ocrx_word' id='word_1_112' title='bbox 2132 1404 2238 1444; x_wconf 88' lang='lat' dir='ltr'><strong>una</strong></span> 
     </span>
    </p>
   </div>
   <div class='ocr_carea' id='block_1_14' title="bbox 645 1478 2240 1549">
    <p class='ocr_par' dir='ltr' id='par_1_14' title="bbox 645 1478 2240 1549">
     <span class='ocr_line' id='line_1_14' title="bbox 645 1478 2240 1549; baseline 0.001 -16"><span class='ocrx_word' id='word_1_113' title='bbox 645 1487 748 1545; x_wconf 87' lang='lat' dir='ltr'><strong>est,</strong></span> <span class='ocrx_word' id='word_1_114' title='bbox 765 1479 1066 1534; x_wconf 89' lang='lat' dir='ltr'><strong>nullatenus</strong></span> <span class='ocrx_word' id='word_1_115' title='bbox 1075 1487 1256 1548; x_wconf 86' lang='lat' dir='ltr'><strong>potest</strong></span> <span class='ocrx_word' id='word_1_116' title='bbox 1271 1478 1408 1532; x_wconf 90' lang='lat' dir='ltr'><strong>alius</strong></span> <span class='ocrx_word' id='word_1_117' title='bbox 1425 1479 1564 1535; x_wconf 91' lang='lat' dir='ltr'><strong>Deus</strong></span> <span class='ocrx_word' id='word_1_118' title='bbox 1579 1478 1826 1534; x_wconf 88' lang='lat' dir='ltr'><strong>inveniri.</strong></span> <span class='ocrx_word' id='word_1_119' title='bbox 1850 1478 2042 1534; x_wconf 86' lang='lat' dir='ltr'><strong>Beatus</strong></span> <span class='ocrx_word' id='word_1_120' title='bbox 2057 1479 2240 1549; x_wconf 90' lang='lat' dir='ltr'><strong>itaque</strong></span> 
     </span>
    </p>
   </div>
   <div class='ocr_carea' id='block_1_15' title="bbox 553 1567 2237 1639">
    <p class='ocr_par' dir='ltr' id='par_1_15' title="bbox 553 1567 2237 1639">
     <span class='ocr_line' id='line_1_15' title="bbox 553 1567 2237 1639; baseline 0 -16"><span class='ocrx_word' id='word_1_121' title='bbox 553 1593 560 1599; x_wconf 95' lang='lat'><strong><em>-</em></strong></span> <span class='ocrx_word' id='word_1_122' title='bbox 645 1567 923 1633; x_wconf 86' lang='lat' dir='ltr'><strong>Jeremias,</strong></span> <span class='ocrx_word' id='word_1_123' title='bbox 945 1569 1050 1623; x_wconf 90' lang='lat' dir='ltr'><strong>hoc</strong></span> <span class='ocrx_word' id='word_1_124' title='bbox 1077 1568 1390 1623; x_wconf 89' lang='lat' dir='ltr'><strong>testimonio</strong></span> <span class='ocrx_word' id='word_1_125' title='bbox 1412 1584 1642 1639; x_wconf 90' lang='lat' dir='ltr'><strong>arguens</strong></span> <span class='ocrx_word' id='word_1_126' title='bbox 1665 1569 1913 1634; x_wconf 84' lang='lat' dir='ltr'><strong>Arianos,</strong></span> <span class='ocrx_word' id='word_1_127' title='bbox 1939 1570 2096 1624; x_wconf 88' lang='lat' dir='ltr'><strong>simul</strong></span> <span class='ocrx_word' id='word_1_128' title='bbox 2117 1585 2237 1624; x_wconf 89' lang='lat' dir='ltr'><strong>cum</strong></span> 
     </span>
    </p>
   </div>
   <div class='ocr_carea' id='block_1_16' title="bbox 645 1659 2240 1727">
    <p class='ocr_par' dir='ltr' id='par_1_16' title="bbox 645 1659 2240 1727">
     <span class='ocr_line' id='line_1_16' title="bbox 645 1659 2240 1727; baseline 0.003 -15"><span class='ocrx_word' id='word_1_129' title='bbox 645 1659 724 1714; x_wconf 86' lang='lat' dir='ltr'><strong>eis</strong></span> <span class='ocrx_word' id='word_1_130' title='bbox 751 1667 809 1715; x_wconf 89' lang='lat' dir='ltr'><strong>et</strong></span> <span class='ocrx_word' id='word_1_131' title='bbox 835 1659 1159 1715; x_wconf 78' lang='lat' dir='ltr'><strong>Manicbzeos</strong></span> <span class='ocrx_word' id='word_1_132' title='bbox 1187 1660 1384 1727; x_wconf 84' lang='lat' dir='ltr'><strong>arguit,</strong></span> <span class='ocrx_word' id='word_1_133' title='bbox 1416 1668 1471 1715; x_wconf 90' lang='lat' dir='ltr'><strong>et</strong></span> <span class='ocrx_word' id='word_1_134' title='bbox 1497 1659 1710 1715; x_wconf 75' lang='lat' dir='ltr'><strong>Judzeos</strong></span> <span class='ocrx_word' id='word_1_135' title='bbox 1743 1678 1757 1713; x_wconf 94' lang='lat'>:</span> <span class='ocrx_word' id='word_1_136' title='bbox 1791 1668 1849 1714; x_wconf 93' lang='lat' dir='ltr'><strong>ut</strong></span> <span class='ocrx_word' id='word_1_137' title='bbox 1877 1669 1934 1716; x_wconf 92' lang='lat' dir='ltr'><strong>et</strong></span> <span class='ocrx_word' id='word_1_138' title='bbox 1960 1660 2240 1717; x_wconf 76' lang='lat' dir='ltr'><strong>Manichtei</strong></span> 
     </span>
    </p>
   </div>
   <div class='ocr_carea' id='block_1_17' title="bbox 645 1749 2241 1820">
    <p class='ocr_par' dir='ltr' id='par_1_17' title="bbox 645 1749 2241 1820">
     <span class='ocr_line' id='line_1_17' title="bbox 645 1749 2241 1820; baseline -0.001 -14"><span class='ocrx_word' id='word_1_139' title='bbox 645 1750 817 1806; x_wconf 88' lang='lat' dir='ltr'><strong>Deum</strong></span> <span class='ocrx_word' id='word_1_140' title='bbox 845 1749 1116 1805; x_wconf 83' lang='lat' dir='ltr'><strong>Christum</strong></span> <span class='ocrx_word' id='word_1_141' title='bbox 1139 1793 1156 1819; x_wconf 93' lang='lat'><strong>,</strong></span> <span class='ocrx_word' id='word_1_142' title='bbox 1197 1765 1356 1820; x_wconf 91' lang='lat' dir='ltr'><strong>quem</strong></span> <span class='ocrx_word' id='word_1_143' title='bbox 1403 1751 1627 1806; x_wconf 91' lang='lat' dir='ltr'><strong>credunt</strong></span> <span class='ocrx_word' id='word_1_144' title='bbox 1672 1752 1727 1805; x_wconf 90' lang='lat' dir='ltr'><strong>in</strong></span> <span class='ocrx_word' id='word_1_145' title='bbox 1757 1751 1914 1806; x_wconf 86' lang='lat' dir='ltr'><strong>terris</strong></span> <span class='ocrx_word' id='word_1_146' title='bbox 1943 1752 2115 1806; x_wconf 92' lang='lat' dir='ltr'><strong>visum</strong></span> <span class='ocrx_word' id='word_1_147' title='bbox 2138 1793 2154 1817; x_wconf 94' lang='lat'><strong>,</strong></span> <span class='ocrx_word' id='word_1_148' title='bbox 2185 1759 2241 1806; x_wconf 88' lang='lat' dir='ltr'><strong>et</strong></span> 
     </span>
    </p>
   </div>
   <div class='ocr_carea' id='block_1_18' title="bbox 2338 571 3837 644">
    <p class='ocr_par' dir='ltr' id='par_1_18' title="bbox 2338 571 3837 644">
     <span class='ocr_line' id='line_1_18' title="bbox 2338 571 3837 644; baseline 0.003 -19"><span class='ocrx_word' id='word_1_149' title='bbox 2338 572 2476 627; x_wconf 95' lang='lat' dir='ltr'><strong>Deus</strong></span> <span class='ocrx_word' id='word_1_150' title='bbox 2506 590 2598 644; x_wconf 89' lang='lat' dir='ltr'><strong>per</strong></span> <span class='ocrx_word' id='word_1_151' title='bbox 2625 589 2833 626; x_wconf 88' lang='lat' dir='ltr'><strong>manum</strong></span> <span class='ocrx_word' id='word_1_152' title='bbox 2880 575 3039 642; x_wconf 87' lang='lat' dir='ltr'><strong>ipsius</strong></span> <span class='ocrx_word' id='word_1_153' title='bbox 3073 571 3216 624; x_wconf 88' lang='lat' dir='ltr'><strong>daret</strong></span> <span class='ocrx_word' id='word_1_154' title='bbox 3243 571 3463 624; x_wconf 77' lang='lat' dir='ltr'><strong>salutem</strong></span> <span class='ocrx_word' id='word_1_155' title='bbox 3491 571 3588 624; x_wconf 88' lang='lat' dir='ltr'><strong>illis</strong></span> <span class='ocrx_word' id='word_1_156' title='bbox 3638 576 3748 640; x_wconf 78' lang='lat' dir='ltr'><strong>(Act.</strong></span> <span class='ocrx_word' id='word_1_157' title='bbox 3772 593 3837 644; x_wconf 76' lang='lat' dir='ltr'><strong>tu,</strong></span> 
     </span>
    </p>
   </div>
   <div class='ocr_carea' id='block_1_19' title="bbox 2335 660 3838 732">
    <p class='ocr_par' dir='ltr' id='par_1_19' title="bbox 2335 660 3838 732">
     <span class='ocr_line' id='line_1_19' title="bbox 2335 660 3838 732; baseline 0.004 -19"><span class='ocrx_word' id='word_1_158' title='bbox 2335 660 2448 732; x_wconf 73' lang='lat'><strong>25).</strong></span> <span class='ocrx_word' id='word_1_159' title='bbox 2501 663 2673 730; x_wconf 91' lang='lat' dir='ltr'><strong>Quam</strong></span> <span class='ocrx_word' id='word_1_160' title='bbox 2720 663 3130 716; x_wconf 72' lang='lat' dir='ltr'><strong>mstimationem</strong></span> <span class='ocrx_word' id='word_1_161' title='bbox 3169 669 3226 714; x_wconf 92' lang='lat' dir='ltr'><strong>ut</strong></span> <span class='ocrx_word' id='word_1_162' title='bbox 3269 662 3529 715; x_wconf 85' lang='lat' dir='ltr'><strong>incertam</strong></span> <span class='ocrx_word' id='word_1_163' title='bbox 3570 672 3838 731; x_wconf 85' lang='lat' dir='ltr'><strong>monstraret,</strong></span> 
     </span>
    </p>
   </div>
   <div class='ocr_carea' id='block_1_20' title="bbox 2337 747 3839 819">
    <p class='ocr_par' dir='ltr' id='par_1_20' title="bbox 2337 747 3839 819">
     <span class='ocr_line' id='line_1_20' title="bbox 2337 747 3839 819; baseline 0.002 -15"><span class='ocrx_word' id='word_1_164' title='bbox 2337 751 2534 819; x_wconf 85' lang='lat' dir='ltr'><strong>adjecit</strong></span> <span class='ocrx_word' id='word_1_165' title='bbox 2566 769 2578 803; x_wconf 87' lang='lat'><strong>:</strong></span> <span class='ocrx_word' id='word_1_166' title='bbox 2608 751 2672 804; x_wconf 83' lang='lat' dir='ltr'><strong>At</strong></span> <span class='ocrx_word' id='word_1_167' title='bbox 2698 751 2775 805; x_wconf 88' lang='lat' dir='ltr'><strong>illi</strong></span> <span class='ocrx_word' id='word_1_168' title='bbox 2805 767 2908 804; x_wconf 91' lang='lat' dir='ltr'><strong>non</strong></span> <span class='ocrx_word' id='word_1_169' title='bbox 2941 749 3324 803; x_wconf 72' lang='lat' dir='ltr'><strong>intellexerunt.</strong></span> <span class='ocrx_word' id='word_1_170' title='bbox 3365 747 3614 802; x_wconf 89' lang='lat' dir='ltr'><strong>Similiter</strong></span> <span class='ocrx_word' id='word_1_171' title='bbox 3639 749 3684 802; x_wconf 92' lang='lat' dir='ltr'><strong>in</strong></span> <span class='ocrx_word' id='word_1_172' title='bbox 3706 753 3839 808; x_wconf 83' lang='lat' dir='ltr'><strong>eodem</strong></span> 
     </span>
    </p>
   </div>
   <div class='ocr_carea' id='block_1_21' title="bbox 2338 837 3838 907">
    <p class='ocr_par' dir='ltr' id='par_1_21' title="bbox 2338 837 3838 907">
     <span class='ocr_line' id='line_1_21' title="bbox 2338 837 3838 907; baseline 0.002 -13"><span class='ocrx_word' id='word_1_173' title='bbox 2338 840 2477 895; x_wconf 91' lang='lat' dir='ltr'><strong>libro</strong></span> <span class='ocrx_word' id='word_1_174' title='bbox 2494 881 2508 906; x_wconf 94' lang='lat'><strong>,</strong></span> <span class='ocrx_word' id='word_1_175' title='bbox 2540 854 2658 894; x_wconf 92' lang='lat' dir='ltr'><strong>cum</strong></span> <span class='ocrx_word' id='word_1_176' title='bbox 2689 840 2906 894; x_wconf 86' lang='lat' dir='ltr'><strong>beatum</strong></span> <span class='ocrx_word' id='word_1_177' title='bbox 2955 837 3170 893; x_wconf 86' lang='lat' dir='ltr'><strong>Petrqu</strong></span> <span class='ocrx_word' id='word_1_178' title='bbox 3198 838 3264 892; x_wconf 92' lang='lat' dir='ltr'><strong>de</strong></span> <span class='ocrx_word' id='word_1_179' title='bbox 3291 851 3512 893; x_wconf 89' lang='lat' dir='ltr'><strong>carcere</strong></span> <span class='ocrx_word' id='word_1_180' title='bbox 3539 839 3730 907; x_wconf 75' lang='lat' dir='ltr'><strong>angelus</strong></span> <span class='ocrx_word' id='word_1_181' title='bbox 3750 843 3838 897; x_wconf 83' lang='lat' dir='ltr'><strong>edu-</strong></span> 
     </span>
    </p>
   </div>
   <div class='ocr_carea' id='block_1_22' title="bbox 2339 929 3841 1002">
    <p class='ocr_par' dir='ltr' id='par_1_22' title="bbox 2339 929 3841 1002">
     <span class='ocr_line' id='line_1_22' title="bbox 2339 929 3841 1002; baseline -0.001 -16"><span class='ocrx_word' id='word_1_182' title='bbox 2339 931 2522 994; x_wconf 77' lang='lat' dir='ltr'><strong>xisset,</strong></span> <span class='ocrx_word' id='word_1_183' title='bbox 2553 931 2748 986; x_wconf 84' lang='lat' dir='ltr'><strong>dicitur</strong></span> <span class='ocrx_word' id='word_1_184' title='bbox 2776 947 2789 982; x_wconf 90' lang='lat'>:</span> <span class='ocrx_word' id='word_1_185' title='bbox 2823 930 2893 984; x_wconf 85' lang='lat' dir='ltr'><strong>Et</strong></span> <span class='ocrx_word' id='word_1_186' title='bbox 2918 929 3175 984; x_wconf 79' lang='lat' dir='ltr'><strong>nesciebat</strong></span> <span class='ocrx_word' id='word_1_187' title='bbox 3198 931 3319 1001; x_wconf 84' lang='lat' dir='ltr'><strong>quia</strong></span> <span class='ocrx_word' id='word_1_188' title='bbox 3355 947 3529 984; x_wconf 70' lang='lat' dir='ltr'><strong>verum</strong></span> <span class='ocrx_word' id='word_1_189' title='bbox 3560 940 3628 984; x_wconf 85' lang='lat' dir='ltr'><strong>est</strong></span> <span class='ocrx_word' id='word_1_190' title='bbox 3652 933 3760 1001; x_wconf 82' lang='lat' dir='ltr'><strong>quod</strong></span> <span class='ocrx_word' id='word_1_191' title='bbox 3781 935 3841 1002; x_wconf 74' lang='lat' dir='ltr'><strong>ﬁe-</strong></span> 
     </span>
    </p>
   </div>
   <div class='ocr_carea' id='block_1_23' title="bbox 2341 1021 3843 1093">
    <p class='ocr_par' dir='ltr' id='par_1_23' title="bbox 2341 1021 3843 1093">
     <span class='ocr_line' id='line_1_23' title="bbox 2341 1021 3843 1093; baseline 0.002 -18"><span class='ocrx_word' id='word_1_192' title='bbox 2341 1021 2428 1075; x_wconf 87' lang='lat' dir='ltr'><strong>bat</strong></span> <span class='ocrx_word' id='word_1_193' title='bbox 2467 1037 2559 1092; x_wconf 87' lang='lat' dir='ltr'><strong>per</strong></span> <span class='ocrx_word' id='word_1_194' title='bbox 2606 1022 2868 1093; x_wconf 90' lang='lat' dir='ltr'><strong>angelum,</strong></span> <span class='ocrx_word' id='word_1_195' title='bbox 2906 1021 3197 1075; x_wconf 76' lang='lat' dir='ltr'><strong>testimubat</strong></span> <span class='ocrx_word' id='word_1_196' title='bbox 3240 1030 3414 1074; x_wconf 86' lang='lat' dir='ltr'><strong>autem</strong></span> <span class='ocrx_word' id='word_1_197' title='bbox 3456 1037 3511 1073; x_wconf 79' lang='lat' dir='ltr'><strong>se</strong></span> <span class='ocrx_word' id='word_1_198' title='bbox 3548 1021 3691 1074; x_wconf 74' lang='lat' dir='ltr'><strong>visunt</strong></span> <span class='ocrx_word' id='word_1_199' title='bbox 3726 1024 3843 1078; x_wconf 75' lang='lat' dir='ltr'><strong>sitim</strong></span> 
     </span>
    </p>
   </div>
   <div class='ocr_carea' id='block_1_24' title="bbox 2341 1111 3841 1184">
    <p class='ocr_par' dir='ltr' id='par_1_24' title="bbox 2341 1111 3841 1184">
     <span class='ocr_line' id='line_1_24' title="bbox 2341 1111 3841 1184; baseline 0.001 -19"><span class='ocrx_word' id='word_1_200' title='bbox 2341 1113 2479 1184; x_wconf 80' lang='lat' dir='ltr'><strong>(Act.</strong></span> <span class='ocrx_word' id='word_1_201' title='bbox 2514 1128 2608 1176; x_wconf 81' lang='lat' dir='ltr'><strong>xu,</strong></span> <span class='ocrx_word' id='word_1_202' title='bbox 2639 1111 2717 1182; x_wconf 87' lang='lat'><strong>9).</strong></span> <span class='ocrx_word' id='word_1_203' title='bbox 2768 1111 2993 1166; x_wconf 88' lang='lat' dir='ltr'><strong>Nomine</strong></span> <span class='ocrx_word' id='word_1_204' title='bbox 3021 1119 3200 1166; x_wconf 89' lang='lat' dir='ltr'><strong>autetu</strong></span> <span class='ocrx_word' id='word_1_205' title='bbox 3228 1111 3596 1165; x_wconf 81' lang='lat' dir='ltr'><strong>:nstimationis</strong></span> <span class='ocrx_word' id='word_1_206' title='bbox 3620 1113 3841 1167; x_wconf 77' lang='lat' dir='ltr'><strong>certissima</strong></span> 
     </span>
    </p>
   </div>
   <div class='ocr_carea' id='block_1_25' title="bbox 2340 1200 3843 1274">
    <p class='ocr_par' dir='ltr' id='par_1_25' title="bbox 2340 1200 3843 1274">
     <span class='ocr_line' id='line_1_25' title="bbox 2340 1200 3843 1274; baseline -0.001 -15"><span class='ocrx_word' id='word_1_207' title='bbox 2340 1203 2565 1261; x_wconf 88' lang='lat' dir='ltr'><strong>scientia</strong></span> <span class='ocrx_word' id='word_1_208' title='bbox 2594 1203 2813 1274; x_wconf 88' lang='lat' dir='ltr'><strong>ponitur</strong></span> <span class='ocrx_word' id='word_1_209' title='bbox 2842 1201 2894 1255; x_wconf 94' lang='lat' dir='ltr'><strong>in</strong></span> <span class='ocrx_word' id='word_1_210' title='bbox 2933 1201 3069 1256; x_wconf 90' lang='lat' dir='ltr'><strong>libro</strong></span> <span class='ocrx_word' id='word_1_211' title='bbox 3112 1201 3404 1271; x_wconf 71' lang='lat' dir='ltr'><strong>Sapientia:</strong></span> <span class='ocrx_word' id='word_1_212' title='bbox 3427 1240 3444 1264; x_wconf 95' lang='lat'><strong>,</strong></span> <span class='ocrx_word' id='word_1_213' title='bbox 3485 1200 3572 1255; x_wconf 87' lang='lat' dir='ltr'><strong>ubi</strong></span> <span class='ocrx_word' id='word_1_214' title='bbox 3613 1201 3770 1255; x_wconf 86' lang='lat' dir='ltr'><strong>dicitur</strong></span> <span class='ocrx_word' id='word_1_215' title='bbox 3801 1205 3843 1257; x_wconf 79' lang='lat' dir='ltr'><strong>de</strong></span> 
     </span>
    </p>
   </div>
   <div class='ocr_carea' id='block_1_26' title="bbox 2340 1292 3843 1366">
    <p class='ocr_par' dir='ltr' id='par_1_26' title="bbox 2340 1292 3843 1366">
     <span class='ocr_line' id='line_1_26' title="bbox 2340 1292 3843 1366; baseline -0.004 -15"><span class='ocrx_word' id='word_1_216' title='bbox 2340 1295 2455 1366; x_wconf 89' lang='lat' dir='ltr'><strong>ipsa</strong></span> <span class='ocrx_word' id='word_1_217' title='bbox 2485 1296 2761 1365; x_wconf 87' lang='lat' dir='ltr'><strong>Sapientia</strong></span> <span class='ocrx_word' id='word_1_218' title='bbox 2788 1313 2800 1348; x_wconf 92' lang='lat'>:</span> <span class='ocrx_word' id='word_1_219' title='bbox 2825 1292 2897 1347; x_wconf 82' lang='lat' dir='ltr'><strong>Et</strong></span> <span class='ocrx_word' id='word_1_220' title='bbox 2919 1296 2964 1348; x_wconf 90' lang='lat' dir='ltr'><strong>si</strong></span> <span class='ocrx_word' id='word_1_221' title='bbox 2993 1294 3374 1348; x_wconf 86' lang='lat' dir='ltr'><strong>multitudinem</strong></span> <span class='ocrx_word' id='word_1_222' title='bbox 3401 1295 3515 1364; x_wconf 83' lang='lat' dir='ltr'><strong>quis</strong></span> <span class='ocrx_word' id='word_1_223' title='bbox 3540 1295 3735 1346; x_wconf 77' lang='lat' dir='ltr'><strong>scientia:</strong></span> <span class='ocrx_word' id='word_1_224' title='bbox 3754 1297 3843 1346; x_wconf 75' lang='lat' dir='ltr'><strong>deti-</strong></span> 
     </span>
    </p>
   </div>
   <div class='ocr_carea' id='block_1_27' title="bbox 2341 1383 3840 1456">
    <p class='ocr_par' dir='ltr' id='par_1_27' title="bbox 2341 1383 3840 1456">
     <span class='ocr_line' id='line_1_27' title="bbox 2341 1383 3840 1456; baseline -0.001 -18"><span class='ocrx_word' id='word_1_225' title='bbox 2341 1386 2508 1452; x_wconf 82' lang='lat' dir='ltr'><strong>derat,</strong></span> <span class='ocrx_word' id='word_1_226' title='bbox 2533 1387 2628 1440; x_wconf 88' lang='lat' dir='ltr'><strong>scit</strong></span> <span class='ocrx_word' id='word_1_227' title='bbox 2647 1387 2912 1456; x_wconf 77' lang='lat' dir='ltr'><strong>prwterita</strong></span> <span class='ocrx_word' id='word_1_228' title='bbox 2930 1394 2979 1439; x_wconf 90' lang='lat' dir='ltr'><strong>et</strong></span> <span class='ocrx_word' id='word_1_229' title='bbox 3001 1385 3065 1439; x_wconf 89' lang='lat' dir='ltr'><strong>de</strong></span> <span class='ocrx_word' id='word_1_230' title='bbox 3084 1386 3268 1455; x_wconf 77' lang='lat' dir='ltr'><strong>futuris</strong></span> <span class='ocrx_word' id='word_1_231' title='bbox 3290 1385 3514 1439; x_wconf 76' lang='lat' dir='ltr'><strong>aestimat</strong></span> <span class='ocrx_word' id='word_1_232' title='bbox 3536 1383 3674 1454; x_wconf 73' lang='lat' dir='ltr'><strong>(Sep.</strong></span> <span class='ocrx_word' id='word_1_233' title='bbox 3694 1400 3776 1448; x_wconf 73' lang='lat' dir='ltr'><strong>rut,</strong></span> <span class='ocrx_word' id='word_1_234' title='bbox 3795 1385 3840 1436; x_wconf 80' lang='lat' dir='ltr'><strong>8L</strong></span> 
     </span>
    </p>
   </div>
   <div class='ocr_carea' id='block_1_28' title="bbox 2341 1477 3842 1548">
    <p class='ocr_par' dir='ltr' id='par_1_28' title="bbox 2341 1477 3842 1548">
     <span class='ocr_line' id='line_1_28' title="bbox 2341 1477 3842 1548; baseline -0.001 -16"><span class='ocrx_word' id='word_1_235' title='bbox 2341 1478 2482 1544; x_wconf 89' lang='lat' dir='ltr'><strong>Quid</strong></span> <span class='ocrx_word' id='word_1_236' title='bbox 2519 1487 2603 1533; x_wconf 89' lang='lat' dir='ltr'><strong>est</strong></span> <span class='ocrx_word' id='word_1_237' title='bbox 2636 1488 2815 1534; x_wconf 90' lang='lat' dir='ltr'><strong>autem</strong></span> <span class='ocrx_word' id='word_1_238' title='bbox 2844 1478 3133 1548; x_wconf 76' lang='lat' dir='ltr'><strong>Sapientia:</strong></span> <span class='ocrx_word' id='word_1_239' title='bbox 3160 1478 3431 1532; x_wconf 56' lang='lat' dir='ltr'><strong>aestimare</strong></span> <span class='ocrx_word' id='word_1_240' title='bbox 3455 1518 3470 1540; x_wconf 97' lang='lat'><strong>,</strong></span> <span class='ocrx_word' id='word_1_241' title='bbox 3502 1477 3599 1530; x_wconf 88' lang='lat' dir='ltr'><strong>nisi</strong></span> <span class='ocrx_word' id='word_1_242' title='bbox 3625 1479 3842 1531; x_wconf 77' lang='lat' dir='ltr'><strong>certissime</strong></span> 
     </span>
    </p>
   </div>
   <div class='ocr_carea' id='block_1_29' title="bbox 2342 1566 3844 1634">
    <p class='ocr_par' dir='ltr' id='par_1_29' title="bbox 2342 1566 3844 1634">
     <span class='ocr_line' id='line_1_29' title="bbox 2342 1566 3844 1634; baseline -0.003 -9"><span class='ocrx_word' id='word_1_243' title='bbox 2342 1572 2482 1626; x_wconf 91' lang='lat' dir='ltr'><strong>scire</strong></span> <span class='ocrx_word' id='word_1_244' title='bbox 2501 1572 2526 1624; x_wconf 86' lang='lat'><strong>?</strong></span> <span class='ocrx_word' id='word_1_245' title='bbox 2571 1568 2724 1624; x_wconf 91' lang='lat' dir='ltr'><strong>Unde</strong></span> <span class='ocrx_word' id='word_1_246' title='bbox 2752 1578 2808 1624; x_wconf 93' lang='lat' dir='ltr'><strong>et</strong></span> <span class='ocrx_word' id='word_1_247' title='bbox 2834 1569 3034 1622; x_wconf 89' lang='lat' dir='ltr'><strong>Paulus</strong></span> <span class='ocrx_word' id='word_1_248' title='bbox 3060 1584 3275 1622; x_wconf 86' lang='lat' dir='ltr'><strong>sensum</strong></span> <span class='ocrx_word' id='word_1_249' title='bbox 3304 1567 3505 1621; x_wconf 86' lang='lat' dir='ltr'><strong>Christi</strong></span> <span class='ocrx_word' id='word_1_250' title='bbox 3532 1566 3728 1630; x_wconf 92' lang='lat' dir='ltr'><strong>habens,</strong></span> <span class='ocrx_word' id='word_1_251' title='bbox 3750 1568 3844 1634; x_wconf 80' lang='lat' dir='ltr'><strong>quod</strong></span> 
     </span>
    </p>
   </div>
   <div class='ocr_carea' id='block_1_30' title="bbox 2342 1657 3842 1722">
    <p class='ocr_par' dir='ltr' id='par_1_30' title="bbox 2342 1657 3842 1722">
     <span class='ocr_line' id='line_1_30' title="bbox 2342 1657 3842 1722; baseline -0.005 -7"><span class='ocrx_word' id='word_1_252' title='bbox 2342 1675 2403 1715; x_wconf 87' lang='lat' dir='ltr'><strong>se</strong></span> <span class='ocrx_word' id='word_1_253' title='bbox 2426 1660 2694 1715; x_wconf 58' lang='lat' dir='ltr'><strong>aestimare</strong></span> <span class='ocrx_word' id='word_1_254' title='bbox 2721 1658 2933 1714; x_wconf 89' lang='lat' dir='ltr'><strong>dicebat</strong></span> <span class='ocrx_word' id='word_1_255' title='bbox 2951 1699 2965 1722; x_wconf 97' lang='lat'><strong>,</strong></span> <span class='ocrx_word' id='word_1_256' title='bbox 2998 1658 3298 1712; x_wconf 84' lang='lat' dir='ltr'><strong>certissime</strong></span> <span class='ocrx_word' id='word_1_257' title='bbox 3335 1666 3579 1722; x_wconf 86' lang='lat' dir='ltr'><strong>noverat,</strong></span> <span class='ocrx_word' id='word_1_258' title='bbox 3631 1657 3744 1709; x_wconf 90' lang='lat' dir='ltr'><strong>unde</strong></span> <span class='ocrx_word' id='word_1_259' title='bbox 3764 1658 3842 1708; x_wconf 79' lang='lat' dir='ltr'><strong>ait:</strong></span> 
     </span>
    </p>
   </div>
   <div class='ocr_carea' id='block_1_31' title="bbox 2344 1749 3845 1822">
    <p class='ocr_par' dir='ltr' id='par_1_31' title="bbox 2344 1749 3845 1822">
     <span class='ocr_line' id='line_1_31' title="bbox 2344 1749 3845 1822; baseline -0.004 -17"><span class='ocrx_word' id='word_1_260' title='bbox 2344 1751 2602 1806; x_wconf 76' lang='lat' dir='ltr'><strong>Existimo</strong></span> <span class='ocrx_word' id='word_1_261' title='bbox 2630 1752 2766 1805; x_wconf 88' lang='lat' dir='ltr'><strong>enim</strong></span> <span class='ocrx_word' id='word_1_262' title='bbox 2792 1751 2928 1822; x_wconf 85' lang='lat' dir='ltr'><strong>quod</strong></span> <span class='ocrx_word' id='word_1_263' title='bbox 2955 1767 3058 1805; x_wconf 88' lang='lat' dir='ltr'><strong>non</strong></span> <span class='ocrx_word' id='word_1_264' title='bbox 3088 1760 3207 1804; x_wconf 88' lang='lat' dir='ltr'><strong>sunt</strong></span> <span class='ocrx_word' id='word_1_265' title='bbox 3241 1750 3516 1818; x_wconf 80' lang='lat' dir='ltr'><strong>condigna:</strong></span> <span class='ocrx_word' id='word_1_266' title='bbox 3543 1749 3766 1817; x_wconf 78' lang='lat' dir='ltr'><strong>passiones</strong></span> <span class='ocrx_word' id='word_1_267' title='bbox 3786 1749 3845 1799; x_wconf 79' lang='lat' dir='ltr'><strong>Iu-</strong></span> 
     </span>
    </p>
   </div>
   <div class='ocr_carea' id='block_1_32' title="bbox 648 1837 3846 1916">
    <p class='ocr_par' dir='ltr' id='par_1_32' title="bbox 648 1837 3846 1916">
     <span class='ocr_line' id='line_1_32' title="bbox 648 1837 3846 1916; baseline -0.002 -22"><span class='ocrx_word' id='word_1_268' title='bbox 648 1855 769 1894; x_wconf 88' lang='lat' dir='ltr'><strong>cum</strong></span> <span class='ocrx_word' id='word_1_269' title='bbox 801 1839 1106 1896; x_wconf 88' lang='lat' dir='ltr'><strong>hominibus</strong></span> <span class='ocrx_word' id='word_1_270' title='bbox 1135 1849 1511 1896; x_wconf 89' lang='lat' dir='ltr'><strong>conversatum</strong></span> <span class='ocrx_word' id='word_1_271' title='bbox 1531 1883 1548 1908; x_wconf 87' lang='lat'><strong>,</strong></span> <span class='ocrx_word' id='word_1_272' title='bbox 1576 1841 1800 1896; x_wconf 88' lang='lat' dir='ltr'><strong>credant</strong></span> <span class='ocrx_word' id='word_1_273' title='bbox 1827 1842 2001 1911; x_wconf 89' lang='lat' dir='ltr'><strong>ipsum</strong></span> <span class='ocrx_word' id='word_1_274' title='bbox 2027 1841 2238 1897; x_wconf 84' lang='lat' dir='ltr'><strong>dedisse</strong></span> <span class='ocrx_word' id='word_1_275' title='bbox 2268 1857 2314 1916; x_wconf 72' lang='lat' dir='ltr'><strong>B</strong></span> <span class='ocrx_word' id='word_1_276' title='bbox 2335 1841 2423 1911; x_wconf 87' lang='lat' dir='ltr'><strong>jus</strong></span> <span class='ocrx_word' id='word_1_277' title='bbox 2453 1842 2692 1910; x_wconf 86' lang='lat' dir='ltr'><strong>temporis</strong></span> <span class='ocrx_word' id='word_1_278' title='bbox 2717 1880 2731 1905; x_wconf 94' lang='lat'><strong>,</strong></span> <span class='ocrx_word' id='word_1_279' title='bbox 2777 1840 2846 1892; x_wconf 86' lang='lat' dir='ltr'><strong>ad</strong></span> <span class='ocrx_word' id='word_1_280' title='bbox 2884 1841 3110 1910; x_wconf 71' lang='lat' dir='ltr'><strong>futuram</strong></span> <span class='ocrx_word' id='word_1_281' title='bbox 3138 1839 3361 1908; x_wconf 85' lang='lat' dir='ltr'><strong>gloriam</strong></span> <span class='ocrx_word' id='word_1_282' title='bbox 3391 1853 3505 1906; x_wconf 75' lang='lat' dir='ltr'><strong>qua:</strong></span> <span class='ocrx_word' id='word_1_283' title='bbox 3544 1837 3793 1889; x_wconf 70' lang='lat' dir='ltr'><strong>revelabitur</strong></span> <span class='ocrx_word' id='word_1_284' title='bbox 3811 1839 3846 1888; x_wconf 80' lang='lat' dir='ltr'><strong>in</strong></span> 
     </span>
    </p>
   </div>
   <div class='ocr_carea' id='block_1_33' title="bbox 643 1929 2234 2002">
    <p class='ocr_par' dir='ltr' id='par_1_33' title="bbox 643 1929 2234 2002">
     <span class='ocr_line' id='line_1_33' title="bbox 643 1929 2234 2002; baseline 0.002 -19"><span class='ocrx_word' id='word_1_285' title='bbox 643 1929 818 1998; x_wconf 82' lang='lat' dir='ltr'><strong>legem</strong></span> <span class='ocrx_word' id='word_1_286' title='bbox 845 1931 1047 2002; x_wconf 91' lang='lat' dir='ltr'><strong>populo</strong></span> <span class='ocrx_word' id='word_1_287' title='bbox 1071 1929 1412 1996; x_wconf 71' lang='lat' dir='ltr'><strong>Judmorum;</strong></span> <span class='ocrx_word' id='word_1_288' title='bbox 1447 1939 1502 1986; x_wconf 92' lang='lat' dir='ltr'><strong>et</strong></span> <span class='ocrx_word' id='word_1_289' title='bbox 1527 1929 1714 1997; x_wconf 73' lang='lat' dir='ltr'><strong>Judazi,</strong></span> <span class='ocrx_word' id='word_1_290' title='bbox 1747 1948 1777 1986; x_wconf 87' lang='lat' dir='ltr'><strong>a</strong></span> <span class='ocrx_word' id='word_1_291' title='bbox 1807 1947 1915 2000; x_wconf 89' lang='lat' dir='ltr'><strong>quo</strong></span> <span class='ocrx_word' id='word_1_292' title='bbox 1944 1931 2124 1986; x_wconf 89' lang='lat' dir='ltr'><strong>datam</strong></span> <span class='ocrx_word' id='word_1_293' title='bbox 2157 1931 2234 1987; x_wconf 85' lang='lat' dir='ltr'><strong>le-</strong></span> 
     </span>
    </p>
   </div>
   <div class='ocr_carea' id='block_1_34' title="bbox 644 2018 2234 2092">
    <p class='ocr_par' dir='ltr' id='par_1_34' title="bbox 644 2018 2234 2092">
     <span class='ocr_line' id='line_1_34' title="bbox 644 2018 2234 2092; baseline 0.003 -20"><span class='ocrx_word' id='word_1_294' title='bbox 644 2032 764 2086; x_wconf 87' lang='lat' dir='ltr'><strong>gem</strong></span> <span class='ocrx_word' id='word_1_295' title='bbox 813 2021 1013 2088; x_wconf 89' lang='lat' dir='ltr'><strong>populo</strong></span> <span class='ocrx_word' id='word_1_296' title='bbox 1056 2020 1218 2074; x_wconf 90' lang='lat' dir='ltr'><strong>lsrael</strong></span> <span class='ocrx_word' id='word_1_297' title='bbox 1248 2027 1305 2074; x_wconf 92' lang='lat' dir='ltr'><strong>et</strong></span> <span class='ocrx_word' id='word_1_298' title='bbox 1330 2018 1562 2075; x_wconf 90' lang='lat' dir='ltr'><strong>credunt</strong></span> <span class='ocrx_word' id='word_1_299' title='bbox 1602 2029 1657 2075; x_wconf 88' lang='lat' dir='ltr'><strong>et</strong></span> <span class='ocrx_word' id='word_1_300' title='bbox 1683 2022 2014 2090; x_wconf 64' lang='lat' dir='ltr'><strong>praedicant,</strong></span> <span class='ocrx_word' id='word_1_301' title='bbox 2060 2023 2234 2092; x_wconf 91' lang='lat' dir='ltr'><strong>ipsum</strong></span> 
     </span>
    </p>
   </div>
   <div class='ocr_carea' id='block_1_35' title="bbox 645 2109 2234 2180">
    <p class='ocr_par' dir='ltr' id='par_1_35' title="bbox 645 2109 2234 2180">
     <span class='ocr_line' id='line_1_35' title="bbox 645 2109 2234 2180; baseline 0.003 -16"><span class='ocrx_word' id='word_1_302' title='bbox 645 2125 763 2165; x_wconf 89' lang='lat' dir='ltr'><strong>esse</strong></span> <span class='ocrx_word' id='word_1_303' title='bbox 793 2109 888 2164; x_wconf 90' lang='lat' dir='ltr'><strong>Dei</strong></span> <span class='ocrx_word' id='word_1_304' title='bbox 917 2110 1128 2176; x_wconf 88' lang='lat' dir='ltr'><strong>Filium,</strong></span> <span class='ocrx_word' id='word_1_305' title='bbox 1159 2111 1518 2180; x_wconf 89' lang='lat' dir='ltr'><strong>eumdemque</strong></span> <span class='ocrx_word' id='word_1_306' title='bbox 1545 2113 1598 2166; x_wconf 92' lang='lat' dir='ltr'><strong>in</strong></span> <span class='ocrx_word' id='word_1_307' title='bbox 1626 2113 1784 2167; x_wconf 87' lang='lat' dir='ltr'><strong>terris</strong></span> <span class='ocrx_word' id='word_1_308' title='bbox 1809 2113 2000 2178; x_wconf 90' lang='lat' dir='ltr'><strong>visum,</strong></span> <span class='ocrx_word' id='word_1_309' title='bbox 2031 2123 2086 2168; x_wconf 93' lang='lat' dir='ltr'><strong>et</strong></span> <span class='ocrx_word' id='word_1_310' title='bbox 2113 2129 2234 2168; x_wconf 92' lang='lat' dir='ltr'><strong>cum</strong></span> 
     </span>
    </p>
   </div>
   <div class='ocr_carea' id='block_1_36' title="bbox 647 2199 2237 2271">
    <p class='ocr_par' dir='ltr' id='par_1_36' title="bbox 647 2199 2237 2271">
     <span class='ocr_line' id='line_1_36' title="bbox 647 2199 2237 2271; baseline 0.004 -21"><span class='ocrx_word' id='word_1_311' title='bbox 647 2199 953 2254; x_wconf 88' lang='lat' dir='ltr'><strong>hominibus</strong></span> <span class='ocrx_word' id='word_1_312' title='bbox 999 2209 1377 2254; x_wconf 87' lang='lat' dir='ltr'><strong>conversatum</strong></span> <span class='ocrx_word' id='word_1_313' title='bbox 1422 2211 1759 2255; x_wconf 84' lang='lat' dir='ltr'><strong>sacramento</strong></span> <span class='ocrx_word' id='word_1_314' title='bbox 1799 2202 1954 2271; x_wconf 80' lang='lat'><strong>591</strong></span> <span class='ocrx_word' id='word_1_315' title='bbox 1989 2203 2237 2270; x_wconf 76' lang='lat' dir='ltr'><strong>incarna-</strong></span> 
     </span>
    </p>
   </div>
   <div class='ocr_carea' id='block_1_37' title="bbox 647 2290 2236 2362">
    <p class='ocr_par' dir='ltr' id='par_1_37' title="bbox 647 2290 2236 2362">
     <span class='ocr_line' id='line_1_37' title="bbox 647 2290 2236 2362; baseline 0.003 -19"><span class='ocrx_word' id='word_1_316' title='bbox 647 2290 811 2345; x_wconf 79' lang='lat' dir='ltr'><strong>tionis</strong></span> <span class='ocrx_word' id='word_1_317' title='bbox 833 2300 1150 2360; x_wconf 76' lang='lat' dir='ltr'><strong>agnoscant.</strong></span> <span class='ocrx_word' id='word_1_318' title='bbox 1194 2291 1312 2346; x_wconf 81' lang='lat' dir='ltr'><strong>Non</strong></span> <span class='ocrx_word' id='word_1_319' title='bbox 1343 2293 1486 2346; x_wconf 90' lang='lat' dir='ltr'><strong>enim</strong></span> <span class='ocrx_word' id='word_1_320' title='bbox 1518 2291 1709 2347; x_wconf 80' lang='lat' dir='ltr'><strong>frustra</strong></span> <span class='ocrx_word' id='word_1_321' title='bbox 1749 2293 1937 2346; x_wconf 89' lang='lat' dir='ltr'><strong>beatus</strong></span> <span class='ocrx_word' id='word_1_322' title='bbox 1968 2292 2236 2362; x_wconf 87' lang='lat' dir='ltr'><strong>Propheta</strong></span> 
     </span>
    </p>
   </div>
   <div class='ocr_carea' id='block_1_38' title="bbox 646 2381 2237 2455">
    <p class='ocr_par' dir='ltr' id='par_1_38' title="bbox 646 2381 2237 2455">
     <span class='ocr_line' id='line_1_38' title="bbox 646 2381 2237 2455; baseline 0.001 -19"><span class='ocrx_word' id='word_1_323' title='bbox 646 2382 776 2436; x_wconf 78' lang='lat' dir='ltr'><strong>dixit</strong></span> <span class='ocrx_word' id='word_1_324' title='bbox 808 2400 821 2436; x_wconf 92' lang='lat'>:</span> <span class='ocrx_word' id='word_1_325' title='bbox 859 2381 981 2437; x_wconf 90' lang='lat' dir='ltr'><strong>Post</strong></span> <span class='ocrx_word' id='word_1_326' title='bbox 1011 2383 1121 2436; x_wconf 71' lang='lat' dir='ltr'><strong>harc</strong></span> <span class='ocrx_word' id='word_1_327' title='bbox 1171 2386 1226 2438; x_wconf 85' lang='lat' dir='ltr'><strong>in</strong></span> <span class='ocrx_word' id='word_1_328' title='bbox 1279 2385 1430 2437; x_wconf 84' lang='lat' dir='ltr'><strong>terris</strong></span> <span class='ocrx_word' id='word_1_329' title='bbox 1483 2385 1617 2438; x_wconf 85' lang='lat' dir='ltr'><strong>visus</strong></span> <span class='ocrx_word' id='word_1_330' title='bbox 1667 2395 1743 2438; x_wconf 82' lang='lat' dir='ltr'><strong>est</strong></span> <span class='ocrx_word' id='word_1_331' title='bbox 1771 2401 1789 2438; x_wconf 92' lang='lat'><strong><em>:</em></strong></span> <span class='ocrx_word' id='word_1_332' title='bbox 1830 2385 1934 2438; x_wconf 89' lang='lat' dir='ltr'><strong>nisi</strong></span> <span class='ocrx_word' id='word_1_333' title='bbox 1965 2385 2149 2455; x_wconf 88' lang='lat' dir='ltr'><strong>utique</strong></span> <span class='ocrx_word' id='word_1_334' title='bbox 2179 2393 2237 2438; x_wconf 94' lang='lat' dir='ltr'><strong>ut</strong></span> 
     </span>
    </p>
   </div>
   <div class='ocr_carea' id='block_1_39' title="bbox 647 2473 2235 2544">
    <p class='ocr_par' dir='ltr' id='par_1_39' title="bbox 647 2473 2235 2544">
     <span class='ocr_line' id='line_1_39' title="bbox 647 2473 2235 2544; baseline 0.001 -18"><span class='ocrx_word' id='word_1_335' title='bbox 647 2473 992 2534; x_wconf 84' lang='lat' dir='ltr'><strong>ostenderet,</strong></span> <span class='ocrx_word' id='word_1_336' title='bbox 1027 2482 1148 2542; x_wconf 89' lang='lat' dir='ltr'><strong>post</strong></span> <span class='ocrx_word' id='word_1_337' title='bbox 1176 2475 1290 2529; x_wconf 62' lang='lat' dir='ltr'><strong>huic</strong></span> <span class='ocrx_word' id='word_1_338' title='bbox 1317 2517 1332 2542; x_wconf 89' lang='lat'><strong>,</strong></span> <span class='ocrx_word' id='word_1_339' title='bbox 1372 2473 1425 2529; x_wconf 87' lang='lat' dir='ltr'><strong>id</strong></span> <span class='ocrx_word' id='word_1_340' title='bbox 1454 2483 1536 2528; x_wconf 86' lang='lat' dir='ltr'><strong>est</strong></span> <span class='ocrx_word' id='word_1_341' title='bbox 1563 2513 1578 2537; x_wconf 92' lang='lat'><strong>,</strong></span> <span class='ocrx_word' id='word_1_342' title='bbox 1613 2482 1894 2544; x_wconf 88' lang='lat' dir='ltr'><strong>postquam</strong></span> <span class='ocrx_word' id='word_1_343' title='bbox 1921 2474 2066 2528; x_wconf 88' lang='lat' dir='ltr'><strong>dedit</strong></span> <span class='ocrx_word' id='word_1_344' title='bbox 2093 2474 2235 2528; x_wconf 89' lang='lat' dir='ltr'><strong>viam</strong></span> 
     </span>
    </p>
   </div>
   <div class='ocr_carea' id='block_1_40' title="bbox 647 2562 2234 2634">
    <p class='ocr_par' dir='ltr' id='par_1_40' title="bbox 647 2562 2234 2634">
     <span class='ocr_line' id='line_1_40' title="bbox 647 2562 2234 2634; baseline -0.001 -17"><span class='ocrx_word' id='word_1_345' title='bbox 647 2562 942 2632; x_wconf 70' lang='lat' dir='ltr'><strong>disciplina:</strong></span> <span class='ocrx_word' id='word_1_346' title='bbox 970 2563 1135 2618; x_wconf 85' lang='lat' dir='ltr'><strong>Jacob</strong></span> <span class='ocrx_word' id='word_1_347' title='bbox 1180 2579 1347 2634; x_wconf 92' lang='lat' dir='ltr'><strong>puero</strong></span> <span class='ocrx_word' id='word_1_348' title='bbox 1395 2580 1493 2618; x_wconf 90' lang='lat' dir='ltr'><strong>suo</strong></span> <span class='ocrx_word' id='word_1_349' title='bbox 1519 2605 1534 2629; x_wconf 94' lang='lat'><strong>,</strong></span> <span class='ocrx_word' id='word_1_350' title='bbox 1579 2572 1636 2618; x_wconf 94' lang='lat' dir='ltr'><strong>et</strong></span> <span class='ocrx_word' id='word_1_351' title='bbox 1677 2563 1842 2618; x_wconf 87' lang='lat' dir='ltr'><strong>lsrael</strong></span> <span class='ocrx_word' id='word_1_352' title='bbox 1869 2563 2066 2618; x_wconf 90' lang='lat' dir='ltr'><strong>dilecto</strong></span> <span class='ocrx_word' id='word_1_353' title='bbox 2094 2579 2192 2618; x_wconf 92' lang='lat' dir='ltr'><strong>suo</strong></span> <span class='ocrx_word' id='word_1_354' title='bbox 2221 2581 2234 2616; x_wconf 92' lang='lat'><strong>:</strong></span> 
     </span>
    </p>
   </div>
   <div class='ocr_carea' id='block_1_41' title="bbox 641 2651 2240 2724">
    <p class='ocr_par' dir='ltr' id='par_1_41' title="bbox 641 2651 2240 2724">
     <span class='ocr_line' id='line_1_41' title="bbox 641 2651 2240 2724; baseline -0.002 -16"><span class='ocrx_word' id='word_1_355' title='bbox 641 2653 908 2724; x_wconf 73' lang='lat' dir='ltr'><strong>postbtec</strong></span> <span class='ocrx_word' id='word_1_356' title='bbox 939 2653 1123 2722; x_wconf 90' lang='lat' dir='ltr'><strong>utique</strong></span> <span class='ocrx_word' id='word_1_357' title='bbox 1176 2654 1230 2706; x_wconf 91' lang='lat' dir='ltr'><strong>in</strong></span> <span class='ocrx_word' id='word_1_358' title='bbox 1276 2654 1432 2708; x_wconf 91' lang='lat' dir='ltr'><strong>terris</strong></span> <span class='ocrx_word' id='word_1_359' title='bbox 1480 2654 1626 2708; x_wconf 89' lang='lat' dir='ltr'><strong>visus</strong></span> <span class='ocrx_word' id='word_1_360' title='bbox 1653 2661 1754 2708; x_wconf 88' lang='lat' dir='ltr'><strong>est.</strong></span> <span class='ocrx_word' id='word_1_361' title='bbox 1809 2652 1878 2708; x_wconf 89' lang='lat' dir='ltr'><strong>Ut</strong></span> <span class='ocrx_word' id='word_1_362' title='bbox 1929 2651 2240 2707; x_wconf 89' lang='lat' dir='ltr'><strong>ostenderet</strong></span> 
     </span>
    </p>
   </div>
   <div class='ocr_carea' id='block_1_42' title="bbox 646 2742 2239 2814">
    <p class='ocr_par' dir='ltr' id='par_1_42' title="bbox 646 2742 2239 2814">
     <span class='ocr_line' id='line_1_42' title="bbox 646 2742 2239 2814; baseline 0 -16"><span class='ocrx_word' id='word_1_363' title='bbox 646 2753 773 2798; x_wconf 81' lang='lat' dir='ltr'><strong>tunc</strong></span> <span class='ocrx_word' id='word_1_364' title='bbox 805 2759 909 2798; x_wconf 92' lang='lat' dir='ltr'><strong>non</strong></span> <span class='ocrx_word' id='word_1_365' title='bbox 940 2743 1102 2798; x_wconf 87' lang='lat' dir='ltr'><strong>fuisse</strong></span> <span class='ocrx_word' id='word_1_366' title='bbox 1129 2743 1299 2798; x_wconf 91' lang='lat' dir='ltr'><strong>visum</strong></span> <span class='ocrx_word' id='word_1_367' title='bbox 1327 2743 1542 2814; x_wconf 89' lang='lat' dir='ltr'><strong>quando</strong></span> <span class='ocrx_word' id='word_1_368' title='bbox 1570 2744 1742 2813; x_wconf 87' lang='lat' dir='ltr'><strong>legem</strong></span> <span class='ocrx_word' id='word_1_369' title='bbox 1769 2759 1865 2814; x_wconf 87' lang='lat' dir='ltr'><strong>per</strong></span> <span class='ocrx_word' id='word_1_370' title='bbox 1891 2743 2112 2814; x_wconf 81' lang='lat' dir='ltr'><strong>angelos</strong></span> <span class='ocrx_word' id='word_1_371' title='bbox 2141 2742 2239 2798; x_wconf 91' lang='lat' dir='ltr'><strong>de-</strong></span> 
     </span>
    </p>
   </div>
   <div class='ocr_carea' id='block_1_43' title="bbox 646 2832 2238 2907">
    <p class='ocr_par' dir='ltr' id='par_1_43' title="bbox 646 2832 2238 2907">
     <span class='ocr_line' id='line_1_43' title="bbox 646 2832 2238 2907; baseline 0 -20"><span class='ocrx_word' id='word_1_372' title='bbox 646 2834 744 2902; x_wconf 86' lang='lat' dir='ltr'><strong>dit,</strong></span> <span class='ocrx_word' id='word_1_373' title='bbox 774 2850 936 2903; x_wconf 88' lang='lat' dir='ltr'><strong>quam</strong></span> <span class='ocrx_word' id='word_1_374' title='bbox 965 2834 1098 2890; x_wconf 86' lang='lat' dir='ltr'><strong>dicit</strong></span> <span class='ocrx_word' id='word_1_375' title='bbox 1118 2835 1408 2905; x_wconf 89' lang='lat' dir='ltr'><strong>Apostolus</strong></span> <span class='ocrx_word' id='word_1_376' title='bbox 1441 2853 1456 2888; x_wconf 92' lang='lat'><strong>:</strong></span> <span class='ocrx_word' id='word_1_377' title='bbox 1490 2832 1801 2889; x_wconf 88' lang='lat' dir='ltr'><strong>Ordinatam</strong></span> <span class='ocrx_word' id='word_1_378' title='bbox 1825 2853 1918 2906; x_wconf 90' lang='lat' dir='ltr'><strong>per</strong></span> <span class='ocrx_word' id='word_1_379' title='bbox 1945 2837 2157 2907; x_wconf 82' lang='lat' dir='ltr'><strong>angelos</strong></span> <span class='ocrx_word' id='word_1_380' title='bbox 2184 2837 2238 2889; x_wconf 90' lang='lat' dir='ltr'><strong>in</strong></span> 
     </span>
    </p>
   </div>
   <div class='ocr_carea' id='block_1_44' title="bbox 645 2925 2238 3000">
    <p class='ocr_par' dir='ltr' id='par_1_44' title="bbox 645 2925 2238 3000">
     <span class='ocr_line' id='line_1_44' title="bbox 645 2925 2238 3000; baseline -0.001 -19"><span class='ocrx_word' id='word_1_381' title='bbox 645 2945 805 2982; x_wconf 84' lang='lat' dir='ltr'><strong>ntanu</strong></span> <span class='ocrx_word' id='word_1_382' title='bbox 831 2929 1132 2982; x_wconf 84' lang='lat' dir='ltr'><strong>mediatoris</strong></span> <span class='ocrx_word' id='word_1_383' title='bbox 1159 2925 1302 3000; x_wconf 87' lang='lat' dir='ltr'><strong>(Gal.</strong></span> <span class='ocrx_word' id='word_1_384' title='bbox 1329 2944 1405 2995; x_wconf 86' lang='grc' dir='ltr'><strong>ιιι,</strong></span> <span class='ocrx_word' id='word_1_385' title='bbox 1432 2926 1554 2998; x_wconf 80' lang='lat' dir='ltr'><strong>l9);</strong></span> <span class='ocrx_word' id='word_1_386' title='bbox 1580 2928 1674 2982; x_wconf 92' lang='lat' dir='ltr'><strong>sed</strong></span> <span class='ocrx_word' id='word_1_387' title='bbox 1698 2937 1823 2982; x_wconf 88' lang='lat' dir='ltr'><strong>tunc</strong></span> <span class='ocrx_word' id='word_1_388' title='bbox 1853 2927 2036 2995; x_wconf 89' lang='lat' dir='ltr'><strong>utique</strong></span> <span class='ocrx_word' id='word_1_389' title='bbox 2068 2928 2238 2982; x_wconf 87' lang='lat' dir='ltr'><strong>visum</strong></span> 
     </span>
    </p>
   </div>
   <div class='ocr_carea' id='block_1_45' title="bbox 645 3015 2241 3088">
    <p class='ocr_par' dir='ltr' id='par_1_45' title="bbox 645 3015 2241 3088">
     <span class='ocr_line' id='line_1_45' title="bbox 645 3015 2241 3088; baseline -0.001 -17"><span class='ocrx_word' id='word_1_390' title='bbox 645 3017 864 3087; x_wconf 86' lang='lat' dir='ltr'><strong>quando</strong></span> <span class='ocrx_word' id='word_1_391' title='bbox 892 3018 1242 3088; x_wconf 87' lang='lat' dir='ltr'><strong>semetipsum</strong></span> <span class='ocrx_word' id='word_1_392' title='bbox 1279 3017 1604 3084; x_wconf 76' lang='lat' dir='ltr'><strong>exinanivit,</strong></span> <span class='ocrx_word' id='word_1_393' title='bbox 1650 3019 1878 3071; x_wconf 89' lang='lat' dir='ltr'><strong>lormam</strong></span> <span class='ocrx_word' id='word_1_394' title='bbox 1917 3016 2058 3071; x_wconf 82' lang='lat' dir='ltr'><strong>servi</strong></span> <span class='ocrx_word' id='word_1_395' title='bbox 2101 3015 2241 3070; x_wconf 88' lang='lat' dir='ltr'><strong>acci-</strong></span> 
     </span>
    </p>
   </div>
   <div class='ocr_carea' id='block_1_46' title="bbox 643 3106 2239 3180">
    <p class='ocr_par' dir='ltr' id='par_1_46' title="bbox 643 3106 2239 3180">
     <span class='ocr_line' id='line_1_46' title="bbox 643 3106 2239 3180; baseline -0.001 -19"><span class='ocrx_word' id='word_1_396' title='bbox 643 3109 819 3180; x_wconf 89' lang='lat' dir='ltr'><strong>piens.</strong></span> <span class='ocrx_word' id='word_1_397' title='bbox 860 3107 1066 3164; x_wconf 89' lang='lat' dir='ltr'><strong>ldcirco</strong></span> <span class='ocrx_word' id='word_1_398' title='bbox 1098 3108 1242 3163; x_wconf 89' lang='lat' dir='ltr'><strong>enim</strong></span> <span class='ocrx_word' id='word_1_399' title='bbox 1272 3109 1483 3179; x_wconf 88' lang='lat' dir='ltr'><strong>accepit</strong></span> <span class='ocrx_word' id='word_1_400' title='bbox 1511 3106 1738 3163; x_wconf 80' lang='lat' dir='ltr'><strong>formam</strong></span> <span class='ocrx_word' id='word_1_401' title='bbox 1780 3107 1953 3171; x_wconf 87' lang='lat' dir='ltr'><strong>servi,</strong></span> <span class='ocrx_word' id='word_1_402' title='bbox 1985 3115 2042 3160; x_wconf 93' lang='lat' dir='ltr'><strong>ut</strong></span> <span class='ocrx_word' id='word_1_403' title='bbox 2070 3106 2239 3160; x_wconf 84' lang='lat' dir='ltr'><strong>videri</strong></span> 
     </span>
    </p>
   </div>
   <div class='ocr_carea' id='block_1_47' title="bbox 646 3197 2312 3290">
    <p class='ocr_par' dir='ltr' id='par_1_47' title="bbox 646 3197 2312 3290">
     <span class='ocr_line' id='line_1_47' title="bbox 646 3197 2312 3290; baseline -0.004 -36"><span class='ocrx_word' id='word_1_404' title='bbox 646 3207 855 3270; x_wconf 82' lang='lat' dir='ltr'><strong>posset,</strong></span> <span class='ocrx_word' id='word_1_405' title='bbox 874 3207 1070 3254; x_wconf 91' lang='lat' dir='ltr'><strong>etcum</strong></span> <span class='ocrx_word' id='word_1_406' title='bbox 1097 3199 1402 3255; x_wconf 89' lang='lat' dir='ltr'><strong>hominibus</strong></span> <span class='ocrx_word' id='word_1_407' title='bbox 1422 3198 1728 3254; x_wconf 86' lang='lat' dir='ltr'><strong>conversari</strong></span> <span class='ocrx_word' id='word_1_408' title='bbox 1760 3197 1898 3252; x_wconf 88' lang='lat' dir='ltr'><strong>Deus</strong></span> <span class='ocrx_word' id='word_1_409' title='bbox 1921 3197 2008 3252; x_wconf 91' lang='lat' dir='ltr'><strong>hic</strong></span> <span class='ocrx_word' id='word_1_410' title='bbox 2031 3204 2236 3258; x_wconf 89' lang='lat' dir='ltr'><strong>noster,</strong></span> <span class='ocrx_word' id='word_1_411' title='bbox 2265 3227 2312 3290; x_wconf 67' lang='grc' dir='ltr'>ο</span> 
     </span>
    </p>
   </div>
   <div class='ocr_carea' id='block_1_48' title="bbox 649 3285 2239 3359">
    <p class='ocr_par' dir='ltr' id='par_1_48' title="bbox 649 3285 2239 3359">
     <span class='ocr_line' id='line_1_48' title="bbox 649 3285 2239 3359; baseline -0.001 -16"><span class='ocrx_word' id='word_1_412' title='bbox 649 3297 851 3358; x_wconf 69' lang='lat' dir='ltr'><strong>prteter</strong></span> <span class='ocrx_word' id='word_1_413' title='bbox 901 3303 1060 3357; x_wconf 89' lang='lat' dir='ltr'><strong>quem</strong></span> <span class='ocrx_word' id='word_1_414' title='bbox 1089 3304 1199 3344; x_wconf 90' lang='lat' dir='ltr'><strong>non</strong></span> <span class='ocrx_word' id='word_1_415' title='bbox 1241 3296 1418 3359; x_wconf 90' lang='lat' dir='ltr'><strong>potest</strong></span> <span class='ocrx_word' id='word_1_416' title='bbox 1447 3287 1582 3342; x_wconf 87' lang='lat' dir='ltr'><strong>alius</strong></span> <span class='ocrx_word' id='word_1_417' title='bbox 1609 3287 1882 3342; x_wconf 81' lang='lat' dir='ltr'><strong>aestimari.</strong></span> <span class='ocrx_word' id='word_1_418' title='bbox 1931 3285 2239 3341; x_wconf 62' lang='lat' dir='ltr'><strong>Estimatio</strong></span> 
     </span>
    </p>
   </div>
   <div class='ocr_carea' id='block_1_49' title="bbox 649 3378 2243 3450">
    <p class='ocr_par' dir='ltr' id='par_1_49' title="bbox 649 3378 2243 3450">
     <span class='ocr_line' id='line_1_49' title="bbox 649 3378 2243 3450; baseline -0.001 -17"><span class='ocrx_word' id='word_1_419' title='bbox 649 3387 831 3434; x_wconf 87' lang='lat' dir='ltr'><strong>autem</strong></span> <span class='ocrx_word' id='word_1_420' title='bbox 859 3379 1070 3435; x_wconf 91' lang='lat' dir='ltr'><strong>duobus</strong></span> <span class='ocrx_word' id='word_1_421' title='bbox 1099 3381 1272 3435; x_wconf 90' lang='lat' dir='ltr'><strong>modis</strong></span> <span class='ocrx_word' id='word_1_422' title='bbox 1297 3381 1422 3450; x_wconf 93' lang='lat' dir='ltr'><strong>poni</strong></span> <span class='ocrx_word' id='word_1_423' title='bbox 1451 3379 1648 3434; x_wconf 91' lang='lat' dir='ltr'><strong>assolet</strong></span> <span class='ocrx_word' id='word_1_424' title='bbox 1677 3379 1729 3432; x_wconf 91' lang='lat' dir='ltr'><strong>in</strong></span> <span class='ocrx_word' id='word_1_425' title='bbox 1759 3378 2074 3448; x_wconf 66' lang='lat' dir='ltr'><strong>Scripturis.‘</strong></span> <span class='ocrx_word' id='word_1_426' title='bbox 2102 3378 2243 3432; x_wconf 89' lang='lat' dir='ltr'><strong>Dici-</strong></span> 
     </span>
    </p>
   </div>
   <div class='ocr_carea' id='block_1_50' title="bbox 653 3469 2243 3541">
    <p class='ocr_par' dir='ltr' id='par_1_50' title="bbox 653 3469 2243 3541">
     <span class='ocr_line' id='line_1_50' title="bbox 653 3469 2243 3541; baseline 0 -18"><span class='ocrx_word' id='word_1_427' title='bbox 653 3479 740 3524; x_wconf 93' lang='lat' dir='ltr'><strong>tur</strong></span> <span class='ocrx_word' id='word_1_428' title='bbox 767 3472 910 3526; x_wconf 91' lang='lat' dir='ltr'><strong>enim</strong></span> <span class='ocrx_word' id='word_1_429' title='bbox 939 3472 1235 3536; x_wconf 65' lang='lat' dir='ltr'><strong>aestimare,</strong></span> <span class='ocrx_word' id='word_1_430' title='bbox 1281 3473 1393 3528; x_wconf 85' lang='lat' dir='ltr'><strong>sive</strong></span> <span class='ocrx_word' id='word_1_431' title='bbox 1421 3473 1510 3541; x_wconf 91' lang='lat' dir='ltr'><strong>qui</strong></span> <span class='ocrx_word' id='word_1_432' title='bbox 1537 3470 1739 3541; x_wconf 85' lang='lat' dir='ltr'><strong>aliquid</strong></span> <span class='ocrx_word' id='word_1_433' title='bbox 1779 3477 1932 3540; x_wconf 90' lang='lat' dir='ltr'><strong>putat</strong></span> <span class='ocrx_word' id='word_1_434' title='bbox 1960 3469 2106 3538; x_wconf 89' lang='lat' dir='ltr'><strong>quod</strong></span> <span class='ocrx_word' id='word_1_435' title='bbox 2133 3485 2243 3524; x_wconf 90' lang='lat' dir='ltr'><strong>non</strong></span> 
     </span>
    </p>
   </div>
   <div class='ocr_carea' id='block_1_51' title="bbox 655 3559 2241 3631">
    <p class='ocr_par' dir='ltr' id='par_1_51' title="bbox 655 3559 2241 3631">
     <span class='ocr_line' id='line_1_51' title="bbox 655 3559 2241 3631; baseline 0 -18"><span class='ocrx_word' id='word_1_436' title='bbox 655 3566 769 3625; x_wconf 89' lang='lat' dir='ltr'><strong>est,</strong></span> <span class='ocrx_word' id='word_1_437' title='bbox 802 3560 918 3616; x_wconf 87' lang='lat' dir='ltr'><strong>sive</strong></span> <span class='ocrx_word' id='word_1_438' title='bbox 944 3561 1037 3630; x_wconf 89' lang='lat' dir='ltr'><strong>qui</strong></span> <span class='ocrx_word' id='word_1_439' title='bbox 1066 3563 1364 3617; x_wconf 89' lang='lat' dir='ltr'><strong>certissime</strong></span> <span class='ocrx_word' id='word_1_440' title='bbox 1391 3562 1492 3617; x_wconf 88' lang='lat' dir='ltr'><strong>scit</strong></span> <span class='ocrx_word' id='word_1_441' title='bbox 1520 3576 1640 3616; x_wconf 88' lang='lat' dir='ltr'><strong>esse</strong></span> <span class='ocrx_word' id='word_1_442' title='bbox 1681 3562 1825 3631; x_wconf 80' lang='lat' dir='ltr'><strong>quod</strong></span> <span class='ocrx_word' id='word_1_443' title='bbox 1854 3569 1956 3616; x_wconf 88' lang='lat' dir='ltr'><strong>est.</strong></span> <span class='ocrx_word' id='word_1_444' title='bbox 1987 3559 2067 3614; x_wconf 84' lang='lat' dir='ltr'><strong>Ad</strong></span> <span class='ocrx_word' id='word_1_445' title='bbox 2095 3559 2241 3614; x_wconf 73' lang='lat' dir='ltr'><strong>testi-</strong></span> 
     </span>
    </p>
   </div>
   <div class='ocr_carea' id='block_1_52' title="bbox 653 3652 2246 3726">
    <p class='ocr_par' dir='ltr' id='par_1_52' title="bbox 653 3652 2246 3726">
     <span class='ocr_line' id='line_1_52' title="bbox 653 3652 2246 3726; baseline -0.001 -20"><span class='ocrx_word' id='word_1_446' title='bbox 653 3653 946 3709; x_wconf 89' lang='lat' dir='ltr'><strong>matiouem</strong></span> <span class='ocrx_word' id='word_1_447' title='bbox 994 3655 1211 3710; x_wconf 78' lang='lat' dir='ltr'><strong>incerta:</strong></span> <span class='ocrx_word' id='word_1_448' title='bbox 1257 3655 1578 3723; x_wconf 82' lang='lat' dir='ltr'><strong>cognitionis</strong></span> <span class='ocrx_word' id='word_1_449' title='bbox 1614 3655 1850 3726; x_wconf 87' lang='lat' dir='ltr'><strong>pertinet</strong></span> <span class='ocrx_word' id='word_1_450' title='bbox 1885 3652 2027 3723; x_wconf 93' lang='lat' dir='ltr'><strong>quod</strong></span> <span class='ocrx_word' id='word_1_451' title='bbox 2056 3653 2246 3707; x_wconf 90' lang='lat' dir='ltr'><strong>beatus</strong></span> 
     </span>
    </p>
   </div>
   <div class='ocr_carea' id='block_1_53' title="bbox 650 3740 2241 3818">
    <p class='ocr_par' dir='ltr' id='par_1_53' title="bbox 650 3740 2241 3818">
     <span class='ocr_line' id='line_1_53' title="bbox 650 3740 2241 3818; baseline 0.002 -21"><span class='ocrx_word' id='word_1_452' title='bbox 650 3740 958 3814; x_wconf 84' lang='lat' dir='ltr'><strong>Stephanus</strong></span> <span class='ocrx_word' id='word_1_453' title='bbox 984 3746 1113 3801; x_wconf 91' lang='lat' dir='ltr'><strong>dicit</strong></span> <span class='ocrx_word' id='word_1_454' title='bbox 1141 3746 1207 3800; x_wconf 89' lang='lat' dir='ltr'><strong>de</strong></span> <span class='ocrx_word' id='word_1_455' title='bbox 1229 3753 1414 3802; x_wconf 89' lang='lat' dir='ltr'><strong>sancto</strong></span> <span class='ocrx_word' id='word_1_456' title='bbox 1439 3745 1622 3818; x_wconf 80' lang='lat' dir='ltr'><strong>Moyse</strong></span> <span class='ocrx_word' id='word_1_457' title='bbox 1645 3788 1660 3814; x_wconf 93' lang='lat'><strong>,</strong></span> <span class='ocrx_word' id='word_1_458' title='bbox 1694 3747 1747 3800; x_wconf 93' lang='lat' dir='ltr'><strong>in</strong></span> <span class='ocrx_word' id='word_1_459' title='bbox 1774 3745 1994 3800; x_wconf 82' lang='lat' dir='ltr'><strong>Actibus</strong></span> <span class='ocrx_word' id='word_1_460' title='bbox 2021 3752 2241 3815; x_wconf 90' lang='lat' dir='ltr'><strong>aposto-</strong></span> 
     </span>
    </p>
   </div>
   <div class='ocr_carea' id='block_1_54' title="bbox 2338 1927 3845 2003">
    <p class='ocr_par' dir='ltr' id='par_1_54' title="bbox 2338 1927 3845 2003">
     <span class='ocr_line' id='line_1_54' title="bbox 2338 1927 3845 2003; baseline -0.003 -17"><span class='ocrx_word' id='word_1_461' title='bbox 2338 1932 2484 1988; x_wconf 87' lang='lat' dir='ltr'><strong>nobis</strong></span> <span class='ocrx_word' id='word_1_462' title='bbox 2531 1933 2709 2003; x_wconf 85' lang='lat' dir='ltr'><strong>(Rom.</strong></span> <span class='ocrx_word' id='word_1_463' title='bbox 2741 1949 2851 1999; x_wconf 85' lang='lat' dir='ltr'><strong>vnl,</strong></span> <span class='ocrx_word' id='word_1_464' title='bbox 2879 1931 2991 2001; x_wconf 79' lang='grc'>18).</span> <span class='ocrx_word' id='word_1_465' title='bbox 3048 1931 3233 2001; x_wconf 83' lang='lat' dir='ltr'><strong>Neque</strong></span> <span class='ocrx_word' id='word_1_466' title='bbox 3279 1931 3427 1985; x_wconf 89' lang='lat' dir='ltr'><strong>enim</strong></span> <span class='ocrx_word' id='word_1_467' title='bbox 3476 1931 3527 1983; x_wconf 93' lang='lat' dir='ltr'><strong>in</strong></span> <span class='ocrx_word' id='word_1_468' title='bbox 3556 1927 3704 1982; x_wconf 88' lang='lat' dir='ltr'><strong>Paulo</strong></span> <span class='ocrx_word' id='word_1_469' title='bbox 3726 1946 3845 1982; x_wconf 83' lang='lat' dir='ltr'><strong>rerum</strong></span> 
     </span>
    </p>
   </div>
   <div class='ocr_carea' id='block_1_55' title="bbox 2337 2018 3844 2089">
    <p class='ocr_par' dir='ltr' id='par_1_55' title="bbox 2337 2018 3844 2089">
     <span class='ocr_line' id='line_1_55' title="bbox 2337 2018 3844 2089; baseline -0.003 -12"><span class='ocrx_word' id='word_1_470' title='bbox 2337 2024 2560 2078; x_wconf 88' lang='lat' dir='ltr'><strong>istarum</strong></span> <span class='ocrx_word' id='word_1_471' title='bbox 2591 2021 2817 2078; x_wconf 88' lang='lat' dir='ltr'><strong>dicenda</strong></span> <span class='ocrx_word' id='word_1_472' title='bbox 2839 2030 2921 2077; x_wconf 89' lang='lat' dir='ltr'><strong>est</strong></span> <span class='ocrx_word' id='word_1_473' title='bbox 2942 2022 3147 2076; x_wconf 89' lang='lat' dir='ltr'><strong>incerta</strong></span> <span class='ocrx_word' id='word_1_474' title='bbox 3172 2020 3433 2089; x_wconf 85' lang='lat' dir='ltr'><strong>cognitio,</strong></span> <span class='ocrx_word' id='word_1_475' title='bbox 3457 2018 3550 2074; x_wconf 85' lang='lat' dir='ltr'><strong>sed</strong></span> <span class='ocrx_word' id='word_1_476' title='bbox 3577 2026 3704 2073; x_wconf 87' lang='lat' dir='ltr'><strong>certa</strong></span> <span class='ocrx_word' id='word_1_477' title='bbox 3726 2019 3844 2072; x_wconf 76' lang='lat' dir='ltr'><strong>scien-</strong></span> 
     </span>
    </p>
   </div>
   <div class='ocr_carea' id='block_1_56' title="bbox 2339 2107 3846 2179">
    <p class='ocr_par' dir='ltr' id='par_1_56' title="bbox 2339 2107 3846 2179">
     <span class='ocr_line' id='line_1_56' title="bbox 2339 2107 3846 2179; baseline -0.004 -13"><span class='ocrx_word' id='word_1_478' title='bbox 2339 2113 2432 2166; x_wconf 88' lang='lat' dir='ltr'><strong>tia.</strong></span> <span class='ocrx_word' id='word_1_479' title='bbox 2475 2111 2606 2167; x_wconf 86' lang='lat' dir='ltr'><strong>Tale</strong></span> <span class='ocrx_word' id='word_1_480' title='bbox 2635 2120 2720 2167; x_wconf 87' lang='lat' dir='ltr'><strong>est</strong></span> <span class='ocrx_word' id='word_1_481' title='bbox 2749 2111 2907 2178; x_wconf 83' lang='lat' dir='ltr'><strong>igitur</strong></span> <span class='ocrx_word' id='word_1_482' title='bbox 2931 2119 2987 2165; x_wconf 93' lang='lat' dir='ltr'><strong>et</strong></span> <span class='ocrx_word' id='word_1_483' title='bbox 3017 2109 3160 2179; x_wconf 90' lang='lat' dir='ltr'><strong>quod</strong></span> <span class='ocrx_word' id='word_1_484' title='bbox 3208 2111 3403 2164; x_wconf 88' lang='lat' dir='ltr'><strong>beatus</strong></span> <span class='ocrx_word' id='word_1_485' title='bbox 3422 2107 3668 2162; x_wconf 82' lang='lat' dir='ltr'><strong>Jeremias</strong></span> <span class='ocrx_word' id='word_1_486' title='bbox 3689 2107 3788 2160; x_wconf 79' lang='lat' dir='ltr'><strong>dixit</strong></span> <span class='ocrx_word' id='word_1_487' title='bbox 3806 2107 3846 2160; x_wconf 82' lang='lat' dir='ltr'><strong>tle</strong></span> 
     </span>
    </p>
   </div>
   <div class='ocr_carea' id='block_1_57' title="bbox 2336 2199 3846 2268">
    <p class='ocr_par' dir='ltr' id='par_1_57' title="bbox 2336 2199 3846 2268">
     <span class='ocr_line' id='line_1_57' title="bbox 2336 2199 3846 2268; baseline -0.004 -10"><span class='ocrx_word' id='word_1_488' title='bbox 2336 2203 2593 2260; x_wconf 88' lang='lat' dir='ltr'><strong>Christo:</strong></span> <span class='ocrx_word' id='word_1_489' title='bbox 2626 2202 2729 2257; x_wconf 77' lang='lat' dir='ltr'><strong>Hic</strong></span> <span class='ocrx_word' id='word_1_490' title='bbox 2769 2202 2908 2257; x_wconf 85' lang='lat' dir='ltr'><strong>Deus</strong></span> <span class='ocrx_word' id='word_1_491' title='bbox 2944 2211 3150 2268; x_wconf 90' lang='lat' dir='ltr'><strong>noster,</strong></span> <span class='ocrx_word' id='word_1_492' title='bbox 3193 2211 3240 2255; x_wconf 88' lang='lat' dir='ltr'><strong>et</strong></span> <span class='ocrx_word' id='word_1_493' title='bbox 3282 2217 3390 2256; x_wconf 92' lang='lat' dir='ltr'><strong>non</strong></span> <span class='ocrx_word' id='word_1_494' title='bbox 3428 2199 3734 2254; x_wconf 76' lang='lat' dir='ltr'><strong>wstimabitur</strong></span> <span class='ocrx_word' id='word_1_495' title='bbox 3759 2199 3846 2252; x_wconf 69' lang='lat' dir='ltr'><strong>aliis</strong></span> 
     </span>
    </p>
   </div>
   <div class='ocr_carea' id='block_1_58' title="bbox 2339 2290 3846 2366">
    <p class='ocr_par' dir='ltr' id='par_1_58' title="bbox 2339 2290 3846 2366">
     <span class='ocr_line' id='line_1_58' title="bbox 2339 2290 3846 2366; baseline -0.006 -18"><span class='ocrx_word' id='word_1_496' title='bbox 2339 2305 2527 2366; x_wconf 73' lang='lat' dir='ltr'><strong>prwter</strong></span> <span class='ocrx_word' id='word_1_497' title='bbox 2573 2295 2723 2348; x_wconf 88' lang='lat' dir='ltr'><strong>illum</strong></span> <span class='ocrx_word' id='word_1_498' title='bbox 2770 2293 3003 2361; x_wconf 87' lang='lat' dir='ltr'><strong>(Baruch</strong></span> <span class='ocrx_word' id='word_1_499' title='bbox 3055 2309 3131 2356; x_wconf 88' lang='grc' dir='ltr'>ιιι,</span> <span class='ocrx_word' id='word_1_500' title='bbox 3161 2291 3272 2362; x_wconf 75' lang='lat'><strong>56).</strong></span> <span class='ocrx_word' id='word_1_501' title='bbox 3327 2291 3468 2357; x_wconf 88' lang='lat' dir='ltr'><strong>Quid</strong></span> <span class='ocrx_word' id='word_1_502' title='bbox 3515 2298 3593 2344; x_wconf 88' lang='lat' dir='ltr'><strong>est</strong></span> <span class='ocrx_word' id='word_1_503' title='bbox 3633 2290 3748 2343; x_wconf 89' lang='lat' dir='ltr'><strong>enim</strong></span> <span class='ocrx_word' id='word_1_504' title='bbox 3781 2305 3846 2341; x_wconf 81' lang='lat' dir='ltr'><strong>nos</strong></span> 
     </span>
    </p>
   </div>
   <div class='ocr_carea' id='block_1_59' title="bbox 2341 2379 3846 2450">
    <p class='ocr_par' dir='ltr' id='par_1_59' title="bbox 2341 2379 3846 2450">
     <span class='ocr_line' id='line_1_59' title="bbox 2341 2379 3846 2450; baseline -0.006 -9"><span class='ocrx_word' id='word_1_505' title='bbox 2341 2385 2698 2449; x_wconf 72' lang='lat' dir='ltr'><strong>wstimabitur,</strong></span> <span class='ocrx_word' id='word_1_506' title='bbox 2739 2384 2842 2439; x_wconf 90' lang='lat' dir='ltr'><strong>nisi</strong></span> <span class='ocrx_word' id='word_1_507' title='bbox 2871 2399 2981 2438; x_wconf 92' lang='lat' dir='ltr'><strong>non</strong></span> <span class='ocrx_word' id='word_1_508' title='bbox 3011 2384 3213 2439; x_wconf 89' lang='lat' dir='ltr'><strong>scietur</strong></span> <span class='ocrx_word' id='word_1_509' title='bbox 3241 2384 3265 2436; x_wconf 84' lang='lat'><strong>?</strong></span> <span class='ocrx_word' id='word_1_510' title='bbox 3312 2381 3443 2436; x_wconf 90' lang='lat' dir='ltr'><strong>lnde</strong></span> <span class='ocrx_word' id='word_1_511' title='bbox 3467 2389 3547 2436; x_wconf 91' lang='lat' dir='ltr'><strong>est</strong></span> <span class='ocrx_word' id='word_1_512' title='bbox 3572 2380 3698 2450; x_wconf 86' lang='lat' dir='ltr'><strong>quod</strong></span> <span class='ocrx_word' id='word_1_513' title='bbox 3720 2379 3846 2433; x_wconf 77' lang='lat' dir='ltr'><strong>beatas</strong></span> 
     </span>
    </p>
   </div>
   <div class='ocr_carea' id='block_1_60' title="bbox 2340 2473 3845 2544">
    <p class='ocr_par' dir='ltr' id='par_1_60' title="bbox 2340 2473 3845 2544">
     <span class='ocr_line' id='line_1_60' title="bbox 2340 2473 3845 2544; baseline -0.008 -13"><span class='ocrx_word' id='word_1_514' title='bbox 2340 2476 2503 2531; x_wconf 88' lang='lat' dir='ltr'><strong>Isaias</strong></span> <span class='ocrx_word' id='word_1_515' title='bbox 2531 2476 2606 2529; x_wconf 89' lang='lat' dir='ltr'><strong>ait</strong></span> <span class='ocrx_word' id='word_1_516' title='bbox 2639 2493 2650 2528; x_wconf 94' lang='lat'>:</span> <span class='ocrx_word' id='word_1_517' title='bbox 2687 2474 2937 2539; x_wconf 87' lang='lat' dir='ltr'><strong>Domine,</strong></span> <span class='ocrx_word' id='word_1_518' title='bbox 2974 2483 3161 2544; x_wconf 68' lang='lat' dir='ltr'><strong>praster</strong></span> <span class='ocrx_word' id='word_1_519' title='bbox 3189 2483 3262 2536; x_wconf 85' lang='lat' dir='ltr'><strong>te,</strong></span> <span class='ocrx_word' id='word_1_520' title='bbox 3308 2473 3476 2526; x_wconf 88' lang='lat' dir='ltr'><strong>alium</strong></span> <span class='ocrx_word' id='word_1_521' title='bbox 3515 2487 3613 2525; x_wconf 85' lang='lat' dir='ltr'><strong>non</strong></span> <span class='ocrx_word' id='word_1_522' title='bbox 3648 2474 3845 2523; x_wconf 72' lang='lat' dir='ltr'><strong>norimus:</strong></span> 
     </span>
    </p>
   </div>
   <div class='ocr_carea' id='block_1_61' title="bbox 2341 2560 3846 2633">
    <p class='ocr_par' dir='ltr' id='par_1_61' title="bbox 2341 2560 3846 2633">
     <span class='ocr_line' id='line_1_61' title="bbox 2341 2560 3846 2633; baseline -0.005 -12"><span class='ocrx_word' id='word_1_523' title='bbox 2341 2583 2525 2621; x_wconf 84' lang='lat' dir='ltr'><strong>nomen</strong></span> <span class='ocrx_word' id='word_1_524' title='bbox 2549 2575 2688 2619; x_wconf 89' lang='lat' dir='ltr'><strong>tuum</strong></span> <span class='ocrx_word' id='word_1_525' title='bbox 2711 2565 3052 2620; x_wconf 81' lang='lat' dir='ltr'><strong>invocavimus</strong></span> <span class='ocrx_word' id='word_1_526' title='bbox 3085 2563 3242 2631; x_wconf 87' lang='lat' dir='ltr'><strong>(Isai.</strong></span> <span class='ocrx_word' id='word_1_527' title='bbox 3267 2579 3416 2626; x_wconf 77' lang='lat' dir='ltr'><strong>xxvr,</strong></span> <span class='ocrx_word' id='word_1_528' title='bbox 3444 2561 3551 2633; x_wconf 72' lang='lat'><strong>15).</strong></span> <span class='ocrx_word' id='word_1_529' title='bbox 3582 2560 3668 2615; x_wconf 87' lang='lat' dir='ltr'><strong>Hic</strong></span> <span class='ocrx_word' id='word_1_530' title='bbox 3689 2569 3846 2627; x_wconf 74' lang='lat' dir='ltr'><strong>estergo</strong></span> 
     </span>
    </p>
   </div>
   <div class='ocr_carea' id='block_1_62' title="bbox 2343 2652 3846 2720">
    <p class='ocr_par' dir='ltr' id='par_1_62' title="bbox 2343 2652 3846 2720">
     <span class='ocr_line' id='line_1_62' title="bbox 2343 2652 3846 2720; baseline -0.007 -9"><span class='ocrx_word' id='word_1_531' title='bbox 2343 2657 2483 2711; x_wconf 89' lang='lat' dir='ltr'><strong>Deus</strong></span> <span class='ocrx_word' id='word_1_532' title='bbox 2512 2666 2695 2711; x_wconf 89' lang='lat' dir='ltr'><strong>noster</strong></span> <span class='ocrx_word' id='word_1_533' title='bbox 2720 2695 2735 2720; x_wconf 92' lang='lat'><strong>,</strong></span> <span class='ocrx_word' id='word_1_534' title='bbox 2767 2655 2819 2709; x_wconf 89' lang='lat' dir='ltr'><strong>id</strong></span> <span class='ocrx_word' id='word_1_535' title='bbox 2850 2663 2932 2710; x_wconf 87' lang='lat' dir='ltr'><strong>est</strong></span> <span class='ocrx_word' id='word_1_536' title='bbox 2961 2654 3101 2708; x_wconf 89' lang='lat' dir='ltr'><strong>Deus</strong></span> <span class='ocrx_word' id='word_1_537' title='bbox 3127 2653 3557 2708; x_wconf 89' lang='lat' dir='ltr'><strong>Christianorum</strong></span> <span class='ocrx_word' id='word_1_538' title='bbox 3576 2694 3590 2717; x_wconf 96' lang='lat'><strong>,</strong></span> <span class='ocrx_word' id='word_1_539' title='bbox 3615 2652 3692 2719; x_wconf 80' lang='lat' dir='ltr'><strong>qui</strong></span> <span class='ocrx_word' id='word_1_540' title='bbox 3717 2659 3846 2719; x_wconf 70' lang='lat' dir='ltr'><strong>prater</strong></span> 
     </span>
    </p>
   </div>
   <div class='ocr_carea' id='block_1_63' title="bbox 2343 2739 3848 2817">
    <p class='ocr_par' dir='ltr' id='par_1_63' title="bbox 2343 2739 3848 2817">
     <span class='ocr_line' id='line_1_63' title="bbox 2343 2739 3848 2817; baseline -0.008 -14"><span class='ocrx_word' id='word_1_541' title='bbox 2343 2749 2514 2817; x_wconf 92' lang='lat' dir='ltr'><strong>ipsum</strong></span> <span class='ocrx_word' id='word_1_542' title='bbox 2544 2747 2706 2800; x_wconf 92' lang='lat' dir='ltr'><strong>alium</strong></span> <span class='ocrx_word' id='word_1_543' title='bbox 2736 2761 2844 2800; x_wconf 92' lang='lat' dir='ltr'><strong>non</strong></span> <span class='ocrx_word' id='word_1_544' title='bbox 2869 2745 3136 2800; x_wconf 80' lang='lat' dir='ltr'><strong>:estimant</strong></span> <span class='ocrx_word' id='word_1_545' title='bbox 3163 2745 3354 2798; x_wconf 88' lang='lat' dir='ltr'><strong>Deum.</strong></span> <span class='ocrx_word' id='word_1_546' title='bbox 3408 2743 3525 2798; x_wconf 85' lang='lat' dir='ltr'><strong>Non</strong></span> <span class='ocrx_word' id='word_1_547' title='bbox 3552 2750 3627 2815; x_wconf 83' lang='lat' dir='ltr'><strong>est</strong></span> <span class='ocrx_word' id='word_1_548' title='bbox 3647 2740 3759 2794; x_wconf 86' lang='lat' dir='ltr'><strong>Deus</strong></span> <span class='ocrx_word' id='word_1_549' title='bbox 3779 2739 3848 2791; x_wconf 74' lang='lat' dir='ltr'><strong>lla-</strong></span> 
     </span>
    </p>
   </div>
   <div class='ocr_carea' id='block_1_64' title="bbox 2343 2830 3845 2905">
    <p class='ocr_par' dir='ltr' id='par_1_64' title="bbox 2343 2830 3845 2905">
     <span class='ocr_line' id='line_1_64' title="bbox 2343 2830 3845 2905; baseline -0.007 -14"><span class='ocrx_word' id='word_1_550' title='bbox 2343 2837 2693 2904; x_wconf 65' lang='lat' dir='ltr'><strong>nichasorum,</strong></span> <span class='ocrx_word' id='word_1_551' title='bbox 2741 2838 2833 2905; x_wconf 91' lang='lat' dir='ltr'><strong>qui</strong></span> <span class='ocrx_word' id='word_1_552' title='bbox 2884 2851 3006 2890; x_wconf 91' lang='lat' dir='ltr'><strong>eum</strong></span> <span class='ocrx_word' id='word_1_553' title='bbox 3055 2835 3228 2903; x_wconf 86' lang='lat' dir='ltr'><strong>legem</strong></span> <span class='ocrx_word' id='word_1_554' title='bbox 3275 2834 3493 2889; x_wconf 88' lang='lat' dir='ltr'><strong>dedisse</strong></span> <span class='ocrx_word' id='word_1_555' title='bbox 3531 2849 3628 2887; x_wconf 91' lang='lat' dir='ltr'><strong>non</strong></span> <span class='ocrx_word' id='word_1_556' title='bbox 3669 2830 3845 2886; x_wconf 88' lang='lat' dir='ltr'><strong>credunt.</strong></span> 
     </span>
    </p>
   </div>
   <div class='ocr_carea' id='block_1_65' title="bbox 2342 2919 3847 2993">
    <p class='ocr_par' dir='ltr' id='par_1_65' title="bbox 2342 2919 3847 2993">
     <span class='ocr_line' id='line_1_65' title="bbox 2342 2919 3847 2993; baseline -0.008 -12"><span class='ocrx_word' id='word_1_557' title='bbox 2342 2927 2461 2981; x_wconf 88' lang='lat' dir='ltr'><strong>Non</strong></span> <span class='ocrx_word' id='word_1_558' title='bbox 2490 2936 2573 2982; x_wconf 93' lang='lat' dir='ltr'><strong>est</strong></span> <span class='ocrx_word' id='word_1_559' title='bbox 2593 2927 2736 2981; x_wconf 89' lang='lat' dir='ltr'><strong>Deus</strong></span> <span class='ocrx_word' id='word_1_560' title='bbox 2763 2924 3087 2990; x_wconf 66' lang='lat' dir='ltr'><strong>Judaeorum,</strong></span> <span class='ocrx_word' id='word_1_561' title='bbox 3112 2923 3205 2993; x_wconf 90' lang='lat' dir='ltr'><strong>qui</strong></span> <span class='ocrx_word' id='word_1_562' title='bbox 3232 2939 3358 2978; x_wconf 90' lang='lat' dir='ltr'><strong>eum</strong></span> <span class='ocrx_word' id='word_1_563' title='bbox 3391 2940 3498 2977; x_wconf 91' lang='lat' dir='ltr'><strong>non</strong></span> <span class='ocrx_word' id='word_1_564' title='bbox 3519 2922 3717 2977; x_wconf 88' lang='lat' dir='ltr'><strong>credunt</strong></span> <span class='ocrx_word' id='word_1_565' title='bbox 3737 2919 3847 2972; x_wconf 82' lang='lat' dir='ltr'><strong>Deum</strong></span> 
     </span>
    </p>
   </div>
   <div class='ocr_carea' id='block_1_66' title="bbox 2342 3011 3846 3086">
    <p class='ocr_par' dir='ltr' id='par_1_66' title="bbox 2342 3011 3846 3086">
     <span class='ocr_line' id='line_1_66' title="bbox 2342 3011 3846 3086; baseline -0.005 -15"><span class='ocrx_word' id='word_1_566' title='bbox 2342 3019 2546 3086; x_wconf 87' lang='lat' dir='ltr'><strong>vivum,</strong></span> <span class='ocrx_word' id='word_1_567' title='bbox 2577 3018 2673 3073; x_wconf 89' lang='lat' dir='ltr'><strong>sed</strong></span> <span class='ocrx_word' id='word_1_568' title='bbox 2701 3017 2976 3072; x_wconf 88' lang='lat' dir='ltr'><strong>hominem</strong></span> <span class='ocrx_word' id='word_1_569' title='bbox 3007 3024 3298 3071; x_wconf 90' lang='lat' dir='ltr'><strong>mortuum.</strong></span> <span class='ocrx_word' id='word_1_570' title='bbox 3354 3016 3472 3069; x_wconf 83' lang='lat' dir='ltr'><strong>Non</strong></span> <span class='ocrx_word' id='word_1_571' title='bbox 3503 3024 3582 3070; x_wconf 89' lang='lat' dir='ltr'><strong>est</strong></span> <span class='ocrx_word' id='word_1_572' title='bbox 3606 3011 3722 3068; x_wconf 88' lang='lat' dir='ltr'><strong>Deus</strong></span> <span class='ocrx_word' id='word_1_573' title='bbox 3743 3012 3846 3064; x_wconf 78' lang='lat' dir='ltr'><strong>Aria-</strong></span> 
     </span>
    </p>
   </div>
   <div class='ocr_carea' id='block_1_67' title="bbox 2344 3105 3848 3177">
    <p class='ocr_par' dir='ltr' id='par_1_67' title="bbox 2344 3105 3848 3177">
     <span class='ocr_line' id='line_1_67' title="bbox 2344 3105 3848 3177; baseline -0.006 -15"><span class='ocrx_word' id='word_1_574' title='bbox 2344 3124 2558 3172; x_wconf 89' lang='lat' dir='ltr'><strong>norum,</strong></span> <span class='ocrx_word' id='word_1_575' title='bbox 2590 3108 2681 3177; x_wconf 93' lang='lat' dir='ltr'><strong>qui</strong></span> <span class='ocrx_word' id='word_1_576' title='bbox 2708 3122 2832 3162; x_wconf 91' lang='lat' dir='ltr'><strong>eum</strong></span> <span class='ocrx_word' id='word_1_577' title='bbox 2869 3121 2988 3161; x_wconf 88' lang='lat' dir='ltr'><strong>cum</strong></span> <span class='ocrx_word' id='word_1_578' title='bbox 3020 3105 3181 3160; x_wconf 90' lang='lat' dir='ltr'><strong>Patre</strong></span> <span class='ocrx_word' id='word_1_579' title='bbox 3225 3121 3332 3159; x_wconf 92' lang='lat' dir='ltr'><strong>non</strong></span> <span class='ocrx_word' id='word_1_580' title='bbox 3367 3105 3593 3160; x_wconf 88' lang='lat' dir='ltr'><strong>credunt</strong></span> <span class='ocrx_word' id='word_1_581' title='bbox 3619 3118 3752 3158; x_wconf 87' lang='lat' dir='ltr'><strong>unum</strong></span> <span class='ocrx_word' id='word_1_582' title='bbox 3772 3108 3848 3153; x_wconf 70' lang='lat' dir='ltr'><strong>esse</strong></span> 
     </span>
    </p>
   </div>
   <div class='ocr_carea' id='block_1_68' title="bbox 2345 3191 3846 3254">
    <p class='ocr_par' dir='ltr' id='par_1_68' title="bbox 2345 3191 3846 3254">
     <span class='ocr_line' id='line_1_68' title="bbox 2345 3191 3846 3254; baseline -0.007 -2"><span class='ocrx_word' id='word_1_583' title='bbox 2345 3197 2664 3254; x_wconf 89' lang='lat' dir='ltr'><strong>naturaliter</strong></span> <span class='ocrx_word' id='word_1_584' title='bbox 2704 3195 2892 3250; x_wconf 86' lang='lat' dir='ltr'><strong>Deum.</strong></span> <span class='ocrx_word' id='word_1_585' title='bbox 2944 3194 3148 3248; x_wconf 67' lang='lat' dir='ltr'><strong>Praeter</strong></span> <span class='ocrx_word' id='word_1_586' title='bbox 3194 3193 3472 3248; x_wconf 88' lang='lat' dir='ltr'><strong>Christum</strong></span> <span class='ocrx_word' id='word_1_587' title='bbox 3516 3193 3646 3247; x_wconf 88' lang='lat' dir='ltr'><strong>enim</strong></span> <span class='ocrx_word' id='word_1_588' title='bbox 3686 3191 3846 3244; x_wconf 82' lang='lat' dir='ltr'><strong>alterum</strong></span> 
     </span>
    </p>
   </div>
   <div class='ocr_carea' id='block_1_69' title="bbox 2344 3282 3848 3358">
    <p class='ocr_par' dir='ltr' id='par_1_69' title="bbox 2344 3282 3848 3358">
     <span class='ocr_line' id='line_1_69' title="bbox 2344 3282 3848 3358; baseline -0.007 -15"><span class='ocrx_word' id='word_1_589' title='bbox 2344 3289 2511 3358; x_wconf 87' lang='lat' dir='ltr'><strong>Deum</strong></span> <span class='ocrx_word' id='word_1_590' title='bbox 2539 3286 2825 3349; x_wconf 62' lang='lat' dir='ltr'><strong>aestimant,</strong></span> <span class='ocrx_word' id='word_1_591' title='bbox 2852 3285 2943 3354; x_wconf 92' lang='lat' dir='ltr'><strong>qui</strong></span> <span class='ocrx_word' id='word_1_592' title='bbox 2971 3285 3194 3339; x_wconf 89' lang='lat' dir='ltr'><strong>alteram</strong></span> <span class='ocrx_word' id='word_1_593' title='bbox 3217 3293 3468 3340; x_wconf 89' lang='lat' dir='ltr'><strong>naturam</strong></span> <span class='ocrx_word' id='word_1_594' title='bbox 3492 3284 3668 3346; x_wconf 89' lang='lat' dir='ltr'><strong>Patris,</strong></span> <span class='ocrx_word' id='word_1_595' title='bbox 3691 3282 3848 3336; x_wconf 77' lang='lat' dir='ltr'><strong>alteram</strong></span> 
     </span>
    </p>
   </div>
   <div class='ocr_carea' id='block_1_70' title="bbox 2345 3374 3844 3448">
    <p class='ocr_par' dir='ltr' id='par_1_70' title="bbox 2345 3374 3844 3448">
     <span class='ocr_line' id='line_1_70' title="bbox 2345 3374 3844 3448; baseline -0.008 -14"><span class='ocrx_word' id='word_1_596' title='bbox 2345 3380 2462 3434; x_wconf 88' lang='lat' dir='ltr'><strong>Filii</strong></span> <span class='ocrx_word' id='word_1_597' title='bbox 2494 3377 2786 3448; x_wconf 63' lang='lat' dir='ltr'><strong>praedicant</strong></span> <span class='ocrx_word' id='word_1_598' title='bbox 2819 3395 2830 3429; x_wconf 92' lang='lat'>:</span> <span class='ocrx_word' id='word_1_599' title='bbox 2864 3384 2920 3431; x_wconf 86' lang='lat' dir='ltr'><strong>et</strong></span> <span class='ocrx_word' id='word_1_600' title='bbox 2945 3377 3074 3446; x_wconf 86' lang='lat' dir='ltr'><strong>quia</strong></span> <span class='ocrx_word' id='word_1_601' title='bbox 3116 3377 3221 3432; x_wconf 91' lang='lat' dir='ltr'><strong>hoc</strong></span> <span class='ocrx_word' id='word_1_602' title='bbox 3247 3393 3358 3432; x_wconf 90' lang='lat' dir='ltr'><strong>non</strong></span> <span class='ocrx_word' id='word_1_603' title='bbox 3392 3378 3550 3432; x_wconf 80' lang='lat' dir='ltr'><strong>habet</strong></span> <span class='ocrx_word' id='word_1_604' title='bbox 3573 3374 3844 3434; x_wconf 80' lang='lat' dir='ltr'><strong>Christianus,</strong></span> 
     </span>
    </p>
   </div>
   <div class='ocr_carea' id='block_1_71' title="bbox 2347 3465 3847 3537">
    <p class='ocr_par' dir='ltr' id='par_1_71' title="bbox 2347 3465 3847 3537">
     <span class='ocr_line' id='line_1_71' title="bbox 2347 3465 3847 3537; baseline -0.009 -11"><span class='ocrx_word' id='word_1_605' title='bbox 2347 3471 2440 3526; x_wconf 84' lang='lat' dir='ltr'><strong>sed</strong></span> <span class='ocrx_word' id='word_1_606' title='bbox 2468 3469 2749 3524; x_wconf 65' lang='lat' dir='ltr'><strong>haereticus</strong></span> <span class='ocrx_word' id='word_1_607' title='bbox 2775 3483 2982 3532; x_wconf 88' lang='lat' dir='ltr'><strong>sensus,</strong></span> <span class='ocrx_word' id='word_1_608' title='bbox 3003 3476 3290 3537; x_wconf 88' lang='lat' dir='ltr'><strong>propterea</strong></span> <span class='ocrx_word' id='word_1_609' title='bbox 3318 3468 3401 3523; x_wconf 88' lang='lat' dir='ltr'><strong>sic</strong></span> <span class='ocrx_word' id='word_1_610' title='bbox 3427 3465 3763 3523; x_wconf 71' lang='lat' dir='ltr'><strong>testimantium</strong></span> <span class='ocrx_word' id='word_1_611' title='bbox 3783 3477 3847 3513; x_wconf 80' lang='lat' dir='ltr'><strong>nec</strong></span> 
     </span>
    </p>
   </div>
   <div class='ocr_carea' id='block_1_72' title="bbox 2348 3551 3846 3630">
    <p class='ocr_par' dir='ltr' id='par_1_72' title="bbox 2348 3551 3846 3630">
     <span class='ocr_line' id='line_1_72' title="bbox 2348 3551 3846 3630; baseline -0.008 -14"><span class='ocrx_word' id='word_1_612' title='bbox 2348 3561 2508 3616; x_wconf 88' lang='lat' dir='ltr'><strong>Pater</strong></span> <span class='ocrx_word' id='word_1_613' title='bbox 2536 3568 2717 3630; x_wconf 91' lang='lat' dir='ltr'><strong>potest</strong></span> <span class='ocrx_word' id='word_1_614' title='bbox 2737 3559 2877 3614; x_wconf 89' lang='lat' dir='ltr'><strong>Deus</strong></span> <span class='ocrx_word' id='word_1_615' title='bbox 2904 3575 3024 3614; x_wconf 90' lang='lat' dir='ltr'><strong>esse</strong></span> <span class='ocrx_word' id='word_1_616' title='bbox 3046 3575 3149 3614; x_wconf 87' lang='lat' dir='ltr'><strong>nec</strong></span> <span class='ocrx_word' id='word_1_617' title='bbox 3164 3559 3354 3614; x_wconf 84' lang='lat' dir='ltr'><strong>Filius.</strong></span> <span class='ocrx_word' id='word_1_618' title='bbox 3385 3559 3594 3614; x_wconf 91' lang='lat' dir='ltr'><strong>lllorum</strong></span> <span class='ocrx_word' id='word_1_619' title='bbox 3619 3551 3846 3611; x_wconf 83' lang='lat' dir='ltr'><strong>enimChri-</strong></span> 
     </span>
    </p>
   </div>
   <div class='ocr_carea' id='block_1_73' title="bbox 2347 3642 3849 3720">
    <p class='ocr_par' dir='ltr' id='par_1_73' title="bbox 2347 3642 3849 3720">
     <span class='ocr_line' id='line_1_73' title="bbox 2347 3642 3849 3720; baseline -0.01 -12"><span class='ocrx_word' id='word_1_620' title='bbox 2347 3662 2460 3708; x_wconf 89' lang='lat' dir='ltr'><strong>stus</strong></span> <span class='ocrx_word' id='word_1_621' title='bbox 2511 3652 2651 3707; x_wconf 90' lang='lat' dir='ltr'><strong>Deus</strong></span> <span class='ocrx_word' id='word_1_622' title='bbox 2705 3666 2826 3707; x_wconf 91' lang='lat' dir='ltr'><strong>esse</strong></span> <span class='ocrx_word' id='word_1_623' title='bbox 2876 3650 3250 3719; x_wconf 86' lang='lat' dir='ltr'><strong>cognoscitur,</strong></span> <span class='ocrx_word' id='word_1_624' title='bbox 3295 3667 3324 3704; x_wconf 92' lang='lat' dir='ltr'><strong>a</strong></span> <span class='ocrx_word' id='word_1_625' title='bbox 3373 3651 3566 3720; x_wconf 91' lang='lat' dir='ltr'><strong>quibus</strong></span> <span class='ocrx_word' id='word_1_626' title='bbox 3602 3648 3720 3702; x_wconf 90' lang='lat' dir='ltr'><strong>Deus</strong></span> <span class='ocrx_word' id='word_1_627' title='bbox 3757 3642 3849 3696; x_wconf 78' lang='lat' dir='ltr'><strong>alius</strong></span> 
     </span>
    </p>
   </div>
   <div class='ocr_carea' id='block_1_74' title="bbox 2348 3741 3342 3798">
    <p class='ocr_par' dir='ltr' id='par_1_74' title="bbox 2348 3741 3342 3798">
     <span class='ocr_line' id='line_1_74' title="bbox 2348 3741 3342 3798; baseline -0.004 0"><span class='ocrx_word' id='word_1_628' title='bbox 2348 3743 2662 3798; x_wconf 88' lang='lat' dir='ltr'><strong>naturaliter</strong></span> <span class='ocrx_word' id='word_1_629' title='bbox 2691 3741 2997 3796; x_wconf 88' lang='lat' dir='ltr'><strong>nullatenus</strong></span> <span class='ocrx_word' id='word_1_630' title='bbox 3028 3741 3342 3794; x_wconf 70' lang='lat' dir='ltr'><strong>mstimatur.</strong></span> 
     </span>
    </p>
   </div>
   <div class='ocr_carea' id='block_1_75' title="bbox 3471 3877 3828 3902">
    <p class='ocr_par' dir='ltr' id='par_1_75' title="bbox 3471 3877 3828 3902">
     <span class='ocr_line' id='line_1_75' title="bbox 3471 3877 3828 3902; baseline 0 0"><span class='ocrx_word' id='word_1_631' title='bbox 3471 3877 3828 3902; x_wconf 56' lang='lat'><strong>__—-.__&#39;</strong></span> 
     </span>
    </p>
   </div>
   <div class='ocr_carea' id='block_1_76' title="bbox 1052 3983 2650 4051">
    <p class='ocr_par' dir='ltr' id='par_1_76' title="bbox 1052 3983 2650 4051">
     <span class='ocr_line' id='line_1_76' title="bbox 1052 3983 2650 4051; baseline 0.001 -20"><span class='ocrx_word' id='word_1_632' title='bbox 1052 3983 1149 4031; x_wconf 77' lang='lat' dir='ltr'><strong>EX</strong></span> <span class='ocrx_word' id='word_1_633' title='bbox 1204 3983 1431 4033; x_wconf 73' lang='lat' dir='ltr'><strong>LIBBO</strong></span> <span class='ocrx_word' id='word_1_634' title='bbox 1470 3985 1569 4034; x_wconf 81' lang='lat' dir='ltr'><strong>IV.</strong></span> <span class='ocrx_word' id='word_1_635' title='bbox 1615 3987 1714 4034; x_wconf 83' lang='lat' dir='ltr'><strong>DE</strong></span> <span class='ocrx_word' id='word_1_636' title='bbox 1740 3987 1972 4035; x_wconf 70' lang='lat' dir='ltr'><strong>CUUI‘U</strong></span> <span class='ocrx_word' id='word_1_637' title='bbox 2019 3987 2302 4051; x_wconf 67' lang='lat' dir='ltr'><strong>PATRIS,</strong></span> <span class='ocrx_word' id='word_1_638' title='bbox 2343 3987 2435 4034; x_wconf 89' lang='lat' dir='ltr'><strong>E&#39;I&#39;</strong></span> <span class='ocrx_word' id='word_1_639' title='bbox 2486 3986 2650 4034; x_wconf 72' lang='lat' dir='ltr'><strong>FILII</strong></span> 
     </span>
    </p>
   </div>
   <div class='ocr_carea' id='block_1_77' title="bbox 1931 3983 3529 4051">
    <p class='ocr_par' dir='ltr' id='par_1_77' title="bbox 1931 3983 3529 4051">
     <span class='ocr_line' id='line_1_77' title="bbox 1931 3983 3529 4051; baseline -0.003 -17"><span class='ocrx_word' id='word_1_640' title='bbox 1931 3987 1972 4034; x_wconf 83' lang='grc' dir='ltr'>υ</span> <span class='ocrx_word' id='word_1_641' title='bbox 2019 3987 2302 4051; x_wconf 68' lang='lat' dir='ltr'><strong>PATRIS,</strong></span> <span class='ocrx_word' id='word_1_642' title='bbox 2343 3987 2435 4034; x_wconf 89' lang='lat' dir='ltr'><strong>E&#39;I&#39;</strong></span> <span class='ocrx_word' id='word_1_643' title='bbox 2486 3986 2680 4044; x_wconf 72' lang='lat' dir='ltr'><strong>FILII,</strong></span> <span class='ocrx_word' id='word_1_644' title='bbox 2721 3988 2815 4036; x_wconf 75' lang='grc' dir='ltr'><strong>ΕΤ</strong></span> <span class='ocrx_word' id='word_1_645' title='bbox 2873 3985 3194 4034; x_wconf 73' lang='lat' dir='ltr'><strong>SPIBI&#39;I&#39;IJS</strong></span> <span class='ocrx_word' id='word_1_646' title='bbox 3249 3983 3529 4032; x_wconf 73' lang='lat' dir='ltr'><strong>SANG‘I‘I.</strong></span> 
     </span>
    </p>
   </div>
   <div class='ocr_carea' id='block_1_78' title="bbox 1010 4173 1861 4245">
    <p class='ocr_par' dir='ltr' id='par_1_78' title="bbox 1010 4173 1861 4245">
     <span class='ocr_line' id='line_1_78' title="bbox 1010 4173 1861 4245; baseline 0 -13"><span class='ocrx_word' id='word_1_647' title='bbox 1010 4173 1170 4245; x_wconf 76' lang='lat'><strong>592</strong></span> <span class='ocrx_word' id='word_1_648' title='bbox 1223 4173 1705 4232; x_wconf 75' lang='lat' dir='ltr'><strong>FRAGMENTUM</strong></span> <span class='ocrx_word' id='word_1_649' title='bbox 1748 4177 1861 4232; x_wconf 80' lang='lat' dir='ltr'><strong>Xll.</strong></span> 
     </span>
    </p>
   </div>
   <div class='ocr_carea' id='block_1_79' title="bbox 655 4284 2238 4362">
    <p class='ocr_par' dir='ltr' id='par_1_79' title="bbox 655 4284 2238 4362">
     <span class='ocr_line' id='line_1_79' title="bbox 655 4284 2238 4362; baseline 0.004 -22"><span class='ocrx_word' id='word_1_650' title='bbox 655 4286 847 4341; x_wconf 88' lang='lat' dir='ltr'><strong>Sumus</strong></span> <span class='ocrx_word' id='word_1_651' title='bbox 869 4284 1108 4362; x_wconf 69' lang='lat' dir='ltr'><strong>templum</strong></span> <span class='ocrx_word' id='word_1_652' title='bbox 1133 4285 1242 4362; x_wconf 76' lang='lat' dir='ltr'><strong>Dei</strong></span> <span class='ocrx_word' id='word_1_653' title='bbox 1258 4286 1451 4352; x_wconf 88' lang='lat' dir='ltr'><strong>Patris,</strong></span> <span class='ocrx_word' id='word_1_654' title='bbox 1484 4289 1700 4362; x_wconf 73' lang='lat' dir='ltr'><strong>etFilii,</strong></span> <span class='ocrx_word' id='word_1_655' title='bbox 1732 4300 1780 4344; x_wconf 89' lang='lat' dir='ltr'><strong>et</strong></span> <span class='ocrx_word' id='word_1_656' title='bbox 1803 4291 2033 4362; x_wconf 86' lang='lat' dir='ltr'><strong>Spiritus</strong></span> <span class='ocrx_word' id='word_1_657' title='bbox 2051 4295 2238 4347; x_wconf 85' lang='lat' dir='ltr'><strong>sancti.</strong></span> 
     </span>
    </p>
   </div>
   <div class='ocr_carea' id='block_1_80' title="bbox 1014 4354 1867 4414">
    <p class='ocr_par' dir='ltr' id='par_1_80' title="bbox 1014 4354 1867 4414">
     <span class='ocr_line' id='line_1_80' title="bbox 1014 4354 1867 4414; baseline 0.007 -6"><span class='ocrx_word' id='word_1_658' title='bbox 1014 4354 1130 4409; x_wconf 85' lang='lat' dir='ltr'><strong>Illis</strong></span> <span class='ocrx_word' id='word_1_659' title='bbox 1161 4356 1370 4410; x_wconf 83' lang='lat' dir='ltr'><strong>debetur</strong></span> <span class='ocrx_word' id='word_1_660' title='bbox 1398 4376 1430 4410; x_wconf 78' lang='grc' dir='ltr'><em>α</em></span> <span class='ocrx_word' id='word_1_661' title='bbox 1458 4359 1605 4412; x_wconf 90' lang='lat' dir='ltr'><strong>nobis</strong></span> <span class='ocrx_word' id='word_1_662' title='bbox 1631 4354 1867 4414; x_wconf 75' lang='lat' dir='ltr'><strong>servitus.</strong></span> 
     </span>
    </p>
   </div>
   <div class='ocr_carea' id='block_1_81' title="bbox 727 4466 2244 4546">
    <p class='ocr_par' dir='ltr' id='par_1_81' title="bbox 727 4466 2244 4546">
     <span class='ocr_line' id='line_1_81' title="bbox 727 4466 2244 4546; baseline 0.009 -28"><span class='ocrx_word' id='word_1_663' title='bbox 727 4466 817 4520; x_wconf 91' lang='lat' dir='ltr'><strong>Sic</strong></span> <span class='ocrx_word' id='word_1_664' title='bbox 864 4474 1043 4522; x_wconf 92' lang='lat' dir='ltr'><strong>autem</strong></span> <span class='ocrx_word' id='word_1_665' title='bbox 1073 4483 1258 4523; x_wconf 90' lang='lat' dir='ltr'><strong>sumus</strong></span> <span class='ocrx_word' id='word_1_666' title='bbox 1284 4470 1540 4540; x_wconf 88' lang='lat' dir='ltr'><strong>templum</strong></span> <span class='ocrx_word' id='word_1_667' title='bbox 1591 4473 1685 4528; x_wconf 90' lang='lat' dir='ltr'><strong>Dei</strong></span> <span class='ocrx_word' id='word_1_668' title='bbox 1718 4473 1890 4529; x_wconf 89' lang='lat' dir='ltr'><strong>Patris</strong></span> <span class='ocrx_word' id='word_1_669' title='bbox 1919 4485 1974 4530; x_wconf 90' lang='lat' dir='ltr'><strong>et</strong></span> <span class='ocrx_word' id='word_1_670' title='bbox 2011 4475 2244 4546; x_wconf 85' lang='lat' dir='ltr'><strong>Spiritus</strong></span> 
     </span>
    </p>
   </div>
   <div class='ocr_carea' id='block_1_82' title="bbox 655 4533 2324 4628">
    <p class='ocr_par' dir='ltr' id='par_1_82' title="bbox 655 4533 2324 4628">
     <span class='ocr_line' id='line_1_82' title="bbox 655 4533 2324 4628; baseline 0.008 -19"><span class='ocrx_word' id='word_1_671' title='bbox 655 4555 846 4621; x_wconf 89' lang='lat' dir='ltr'><strong>sancti,</strong></span> <span class='ocrx_word' id='word_1_672' title='bbox 881 4564 940 4610; x_wconf 93' lang='lat' dir='ltr'><strong>ut</strong></span> <span class='ocrx_word' id='word_1_673' title='bbox 969 4559 1224 4628; x_wconf 88' lang='lat' dir='ltr'><strong>templum</strong></span> <span class='ocrx_word' id='word_1_674' title='bbox 1251 4533 1418 4617; x_wconf 79' lang='lat' dir='ltr'><strong>simus</strong></span> <span class='ocrx_word' id='word_1_675' title='bbox 1443 4571 1500 4618; x_wconf 91' lang='lat' dir='ltr'><strong>et</strong></span> <span class='ocrx_word' id='word_1_676' title='bbox 1545 4563 1680 4618; x_wconf 88' lang='lat' dir='ltr'><strong>Filii.</strong></span> <span class='ocrx_word' id='word_1_677' title='bbox 1715 4565 1932 4621; x_wconf 89' lang='lat' dir='ltr'><strong>Certum</strong></span> <span class='ocrx_word' id='word_1_678' title='bbox 1963 4533 2067 4622; x_wconf 46' lang='lat' dir='ltr'><strong>est.</strong></span> <span class='ocrx_word' id='word_1_679' title='bbox 2101 4569 2244 4622; x_wconf 91' lang='lat' dir='ltr'><strong>enim</strong></span> <span class='ocrx_word' id='word_1_680' title='bbox 2271 4533 2324 4598; x_wconf 64' lang='grc' dir='ltr'>Β</span> 
     </span>
    </p>
   </div>
   <div class='ocr_carea' id='block_1_83' title="bbox 655 4647 2241 4728">
    <p class='ocr_par' dir='ltr' id='par_1_83' title="bbox 655 4647 2241 4728">
     <span class='ocr_line' id='line_1_83' title="bbox 655 4647 2241 4728; baseline 0.008 -27"><span class='ocrx_word' id='word_1_681' title='bbox 655 4647 913 4716; x_wconf 90' lang='lat' dir='ltr'><strong>templum</strong></span> <span class='ocrx_word' id='word_1_682' title='bbox 944 4647 1036 4703; x_wconf 85' lang='lat' dir='ltr'><strong>Dei</strong></span> <span class='ocrx_word' id='word_1_683' title='bbox 1065 4649 1171 4704; x_wconf 92' lang='lat' dir='ltr'><strong>diei</strong></span> <span class='ocrx_word' id='word_1_684' title='bbox 1197 4653 1358 4706; x_wconf 91' lang='lat' dir='ltr'><strong>etiam</strong></span> <span class='ocrx_word' id='word_1_685' title='bbox 1398 4654 1615 4709; x_wconf 92' lang='lat' dir='ltr'><strong>domum</strong></span> <span class='ocrx_word' id='word_1_686' title='bbox 1647 4655 1760 4711; x_wconf 91' lang='lat' dir='ltr'><strong>Dei.</strong></span> <span class='ocrx_word' id='word_1_687' title='bbox 1798 4656 1948 4712; x_wconf 86' lang='lat' dir='ltr'><strong>Unde</strong></span> <span class='ocrx_word' id='word_1_688' title='bbox 1977 4659 2241 4728; x_wconf 88' lang='lat' dir='ltr'><strong>propheta</strong></span> 
     </span>
    </p>
   </div>
   <div class='ocr_carea' id='block_1_84' title="bbox 654 4739 2244 4812">
    <p class='ocr_par' dir='ltr' id='par_1_84' title="bbox 654 4739 2244 4812">
     <span class='ocr_line' id='line_1_84' title="bbox 654 4739 2244 4812; baseline 0.006 -19"><span class='ocrx_word' id='word_1_689' title='bbox 654 4739 788 4794; x_wconf 88' lang='lat' dir='ltr'><strong>dicit</strong></span> <span class='ocrx_word' id='word_1_690' title='bbox 815 4757 828 4793; x_wconf 86' lang='lat'><strong>:</strong></span> <span class='ocrx_word' id='word_1_691' title='bbox 861 4739 974 4812; x_wconf 85' lang='lat' dir='ltr'><strong>Ego</strong></span> <span class='ocrx_word' id='word_1_692' title='bbox 996 4752 1170 4796; x_wconf 87' lang='lat' dir='ltr'><strong>autem</strong></span> <span class='ocrx_word' id='word_1_693' title='bbox 1198 4745 1252 4796; x_wconf 89' lang='lat' dir='ltr'><strong>in</strong></span> <span class='ocrx_word' id='word_1_694' title='bbox 1279 4745 1608 4800; x_wconf 85' lang='lat' dir='ltr'><strong>multitudine</strong></span> <span class='ocrx_word' id='word_1_695' title='bbox 1635 4749 2005 4802; x_wconf 75' lang='lat' dir='ltr'><strong>misericordia:</strong></span> <span class='ocrx_word' id='word_1_696' title='bbox 2034 4758 2137 4804; x_wconf 79' lang='lat' dir='ltr'><strong>tute</strong></span> <span class='ocrx_word' id='word_1_697' title='bbox 2158 4749 2244 4802; x_wconf 89' lang='lat' dir='ltr'><strong>in-</strong></span> 
     </span>
    </p>
   </div>
   <div class='ocr_carea' id='block_1_85' title="bbox 655 4831 2245 4908">
    <p class='ocr_par' dir='ltr' id='par_1_85' title="bbox 655 4831 2245 4908">
     <span class='ocr_line' id='line_1_85' title="bbox 655 4831 2245 4908; baseline 0.008 -26"><span class='ocrx_word' id='word_1_698' title='bbox 655 4831 820 4885; x_wconf 88' lang='lat' dir='ltr'><strong>troibo</strong></span> <span class='ocrx_word' id='word_1_699' title='bbox 848 4833 903 4886; x_wconf 89' lang='lat' dir='ltr'><strong>in</strong></span> <span class='ocrx_word' id='word_1_700' title='bbox 932 4832 1142 4888; x_wconf 89' lang='lat' dir='ltr'><strong>domum</strong></span> <span class='ocrx_word' id='word_1_701' title='bbox 1171 4843 1332 4900; x_wconf 89' lang='lat' dir='ltr'><strong>tuam,</strong></span> <span class='ocrx_word' id='word_1_702' title='bbox 1364 4835 1592 4891; x_wconf 87' lang='lat' dir='ltr'><strong>adorabo</strong></span> <span class='ocrx_word' id='word_1_703' title='bbox 1623 4838 1692 4891; x_wconf 86' lang='lat' dir='ltr'><strong>ad</strong></span> <span class='ocrx_word' id='word_1_704' title='bbox 1735 4839 1979 4908; x_wconf 88' lang='lat' dir='ltr'><strong>templum</strong></span> <span class='ocrx_word' id='word_1_705' title='bbox 2007 4848 2245 4894; x_wconf 86' lang='lat' dir='ltr'><strong>sanctum</strong></span> 
     </span>
    </p>
   </div>
   <div class='ocr_carea' id='block_1_86' title="bbox 655 4925 2245 5001">
    <p class='ocr_par' dir='ltr' id='par_1_86' title="bbox 655 4925 2245 5001">
     <span class='ocr_line' id='line_1_86' title="bbox 655 4925 2245 5001; baseline 0.007 -26"><span class='ocrx_word' id='word_1_706' title='bbox 655 4931 798 4977; x_wconf 86' lang='lat' dir='ltr'><strong>tuum</strong></span> <span class='ocrx_word' id='word_1_707' title='bbox 825 4925 878 4978; x_wconf 88' lang='lat' dir='ltr'><strong>in</strong></span> <span class='ocrx_word' id='word_1_708' title='bbox 907 4925 1088 4980; x_wconf 87' lang='lat' dir='ltr'><strong>timore</strong></span> <span class='ocrx_word' id='word_1_709' title='bbox 1114 4937 1198 4982; x_wconf 88' lang='lat' dir='ltr'><strong>tuo</strong></span> <span class='ocrx_word' id='word_1_710' title='bbox 1231 4927 1471 4999; x_wconf 85' lang='lat' dir='ltr'><strong>(Psal.v,</strong></span> <span class='ocrx_word' id='word_1_711' title='bbox 1502 4927 1578 4999; x_wconf 91' lang='lat'><strong>8).</strong></span> <span class='ocrx_word' id='word_1_712' title='bbox 1609 4928 1740 4982; x_wconf 86' lang='lat' dir='ltr'><strong>Nam</strong></span> <span class='ocrx_word' id='word_1_713' title='bbox 1760 4937 1817 4984; x_wconf 88' lang='lat' dir='ltr'><strong>et</strong></span> <span class='ocrx_word' id='word_1_714' title='bbox 1837 4929 1954 5000; x_wconf 87' lang='lat' dir='ltr'><strong>ipse</strong></span> <span class='ocrx_word' id='word_1_715' title='bbox 1975 4929 2245 5001; x_wconf 88' lang='lat' dir='ltr'><strong>Salvator,</strong></span> 
     </span>
    </p>
   </div>
   <div class='ocr_carea' id='block_1_87' title="bbox 654 5015 2248 5092">
    <p class='ocr_par' dir='ltr' id='par_1_87' title="bbox 654 5015 2248 5092">
     <span class='ocr_line' id='line_1_87' title="bbox 654 5015 2248 5092; baseline 0.004 -23"><span class='ocrx_word' id='word_1_716' title='bbox 654 5031 778 5070; x_wconf 91' lang='lat' dir='ltr'><strong>cum</strong></span> <span class='ocrx_word' id='word_1_717' title='bbox 805 5015 874 5071; x_wconf 91' lang='lat' dir='ltr'><strong>de</strong></span> <span class='ocrx_word' id='word_1_718' title='bbox 903 5018 1108 5088; x_wconf 90' lang='lat' dir='ltr'><strong>templo</strong></span> <span class='ocrx_word' id='word_1_719' title='bbox 1127 5019 1424 5075; x_wconf 89' lang='lat' dir='ltr'><strong>vendentes</strong></span> <span class='ocrx_word' id='word_1_720' title='bbox 1447 5027 1502 5074; x_wconf 90' lang='lat' dir='ltr'><strong>et</strong></span> <span class='ocrx_word' id='word_1_721' title='bbox 1525 5028 1766 5075; x_wconf 90' lang='lat' dir='ltr'><strong>ementes</strong></span> <span class='ocrx_word' id='word_1_722' title='bbox 1789 5019 2036 5090; x_wconf 69' lang='lat' dir='ltr'><strong>‘ejiceret,</strong></span> <span class='ocrx_word' id='word_1_723' title='bbox 2074 5022 2248 5092; x_wconf 88' lang='lat' dir='ltr'><strong>ipsum</strong></span> 
     </span>
    </p>
   </div>
   <div class='ocr_carea' id='block_1_88' title="bbox 657 5108 2250 5183">
    <p class='ocr_par' dir='ltr' id='par_1_88' title="bbox 657 5108 2250 5183">
     <span class='ocr_line' id='line_1_88' title="bbox 657 5108 2250 5183; baseline 0.003 -23"><span class='ocrx_word' id='word_1_724' title='bbox 657 5108 913 5177; x_wconf 89' lang='lat' dir='ltr'><strong>templum</strong></span> <span class='ocrx_word' id='word_1_725' title='bbox 934 5109 1154 5164; x_wconf 92' lang='lat' dir='ltr'><strong>domum</strong></span> <span class='ocrx_word' id='word_1_726' title='bbox 1175 5127 1485 5183; x_wconf 89' lang='lat' dir='ltr'><strong>nuncupans</strong></span> <span class='ocrx_word' id='word_1_727' title='bbox 1505 5112 1609 5166; x_wconf 90' lang='lat' dir='ltr'><strong>ait:</strong></span> <span class='ocrx_word' id='word_1_728' title='bbox 1637 5111 1904 5180; x_wconf 83' lang='lat' dir='ltr'><strong>Scriptum</strong></span> <span class='ocrx_word' id='word_1_729' title='bbox 1935 5122 2035 5181; x_wconf 87' lang='lat' dir='ltr'><strong>est,</strong></span> <span class='ocrx_word' id='word_1_730' title='bbox 2051 5113 2250 5168; x_wconf 89' lang='lat' dir='ltr'><strong>Domus</strong></span> 
     </span>
    </p>
   </div>
   <div class='ocr_carea' id='block_1_89' title="bbox 656 5202 2250 5277">
    <p class='ocr_par' dir='ltr' id='par_1_89' title="bbox 656 5202 2250 5277">
     <span class='ocr_line' id='line_1_89' title="bbox 656 5202 2250 5277; baseline 0.004 -23"><span class='ocrx_word' id='word_1_731' title='bbox 656 5217 770 5254; x_wconf 87' lang='lat' dir='ltr'><strong>mea</strong></span> <span class='ocrx_word' id='word_1_732' title='bbox 792 5202 974 5257; x_wconf 72' lang='lat' dir='ltr'><strong>donius</strong></span> <span class='ocrx_word' id='word_1_733' title='bbox 1002 5205 1256 5258; x_wconf 87' lang='lat' dir='ltr'><strong>arationis</strong></span> <span class='ocrx_word' id='word_1_734' title='bbox 1284 5205 1568 5269; x_wconf 79' lang='lat' dir='ltr'><strong>vocabitur;</strong></span> <span class='ocrx_word' id='word_1_735' title='bbox 1597 5221 1685 5259; x_wconf 87' lang='lat' dir='ltr'><strong>vos</strong></span> <span class='ocrx_word' id='word_1_736' title='bbox 1715 5215 1886 5260; x_wconf 88' lang='lat' dir='ltr'><strong>autem</strong></span> <span class='ocrx_word' id='word_1_737' title='bbox 1914 5207 2109 5277; x_wconf 79' lang='lat' dir='ltr'><strong>fecistis</strong></span> <span class='ocrx_word' id='word_1_738' title='bbox 2136 5223 2250 5260; x_wconf 90' lang='lat' dir='ltr'><strong>eam</strong></span> 
     </span>
    </p>
   </div>
   <div class='ocr_carea' id='block_1_90' title="bbox 658 5292 2250 5366">
    <p class='ocr_par' dir='ltr' id='par_1_90' title="bbox 658 5292 2250 5366">
     <span class='ocr_line' id='line_1_90' title="bbox 658 5292 2250 5366; baseline 0.004 -23"><span class='ocrx_word' id='word_1_739' title='bbox 658 5293 958 5358; x_wconf 81' lang='lat' dir='ltr'><strong>speluncam</strong></span> <span class='ocrx_word' id='word_1_740' title='bbox 988 5295 1250 5348; x_wconf 89' lang='lat' dir='ltr'><strong>latronum</strong></span> <span class='ocrx_word' id='word_1_741' title='bbox 1280 5292 1496 5366; x_wconf 74' lang='lat' dir='ltr'><strong>(Matth.</strong></span> <span class='ocrx_word' id='word_1_742' title='bbox 1529 5311 1641 5359; x_wconf 67' lang='grc' dir='ltr'>χιιι,</span> <span class='ocrx_word' id='word_1_743' title='bbox 1677 5295 1786 5359; x_wconf 81' lang='grc'>15).</span> <span class='ocrx_word' id='word_1_744' title='bbox 1815 5295 2043 5351; x_wconf 91' lang='lat' dir='ltr'><strong>Domum</strong></span> <span class='ocrx_word' id='word_1_745' title='bbox 2071 5305 2250 5352; x_wconf 89' lang='lat' dir='ltr'><strong>autem</strong></span> 
     </span>
    </p>
   </div>
   <div class='ocr_carea' id='block_1_91' title="bbox 658 5381 2251 5457">
    <p class='ocr_par' dir='ltr' id='par_1_91' title="bbox 658 5381 2251 5457">
     <span class='ocr_line' id='line_1_91' title="bbox 658 5381 2251 5457; baseline 0.004 -21"><span class='ocrx_word' id='word_1_746' title='bbox 658 5381 858 5438; x_wconf 88' lang='lat' dir='ltr'><strong>Christi</strong></span> <span class='ocrx_word' id='word_1_747' title='bbox 911 5401 1012 5442; x_wconf 85' lang='lat' dir='ltr'><strong>nos</strong></span> <span class='ocrx_word' id='word_1_748' title='bbox 1052 5402 1173 5442; x_wconf 89' lang='lat' dir='ltr'><strong>esse</strong></span> <span class='ocrx_word' id='word_1_749' title='bbox 1227 5387 1526 5457; x_wconf 88' lang='lat' dir='ltr'><strong>apostolica</strong></span> <span class='ocrx_word' id='word_1_750' title='bbox 1558 5395 1787 5443; x_wconf 83' lang='lat' dir='ltr'><strong>testatur</strong></span> <span class='ocrx_word' id='word_1_751' title='bbox 1815 5389 2131 5454; x_wconf 88' lang='lat' dir='ltr'><strong>auctoritas,</strong></span> <span class='ocrx_word' id='word_1_752' title='bbox 2162 5389 2251 5443; x_wconf 92' lang='lat' dir='ltr'><strong>ubi</strong></span> 
     </span>
    </p>
   </div>
   <div class='ocr_carea' id='block_1_92' title="bbox 659 5473 2245 5552">
    <p class='ocr_par' dir='ltr' id='par_1_92' title="bbox 659 5473 2245 5552">
     <span class='ocr_line' id='line_1_92' title="bbox 659 5473 2245 5552; baseline 0.001 -24"><span class='ocrx_word' id='word_1_753' title='bbox 659 5473 858 5530; x_wconf 88' lang='lat' dir='ltr'><strong>dicitur</strong></span> <span class='ocrx_word' id='word_1_754' title='bbox 885 5493 898 5529; x_wconf 89' lang='lat'><strong>:</strong></span> <span class='ocrx_word' id='word_1_755' title='bbox 929 5475 1166 5533; x_wconf 80' lang='lat' dir='ltr'><strong>Christus</strong></span> <span class='ocrx_word' id='word_1_756' title='bbox 1201 5487 1374 5532; x_wconf 85' lang='lat' dir='ltr'><strong>autem</strong></span> <span class='ocrx_word' id='word_1_757' title='bbox 1404 5489 1648 5552; x_wconf 87' lang='lat' dir='ltr'><strong>tanquam</strong></span> <span class='ocrx_word' id='word_1_758' title='bbox 1669 5480 1812 5550; x_wconf 85' lang='lat' dir='ltr'><strong>ﬁlius</strong></span> <span class='ocrx_word' id='word_1_759' title='bbox 1857 5480 1911 5532; x_wconf 89' lang='lat' dir='ltr'><strong>in</strong></span> <span class='ocrx_word' id='word_1_760' title='bbox 1943 5481 2094 5533; x_wconf 89' lang='lat' dir='ltr'><strong>domo</strong></span> <span class='ocrx_word' id='word_1_761' title='bbox 2131 5495 2245 5542; x_wconf 73' lang='lat' dir='ltr'><strong>sua,</strong></span> 
     </span>
    </p>
   </div>
   <div class='ocr_carea' id='block_1_93' title="bbox 659 5566 2250 5642">
    <p class='ocr_par' dir='ltr' id='par_1_93' title="bbox 659 5566 2250 5642">
     <span class='ocr_line' id='line_1_93' title="bbox 659 5566 2250 5642; baseline 0.001 -23"><span class='ocrx_word' id='word_1_762' title='bbox 659 5582 776 5636; x_wconf 75' lang='lat' dir='ltr'><strong>qua:</strong></span> <span class='ocrx_word' id='word_1_763' title='bbox 820 5566 1002 5621; x_wconf 86' lang='lat' dir='ltr'><strong>domus</strong></span> <span class='ocrx_word' id='word_1_764' title='bbox 1032 5584 1127 5622; x_wconf 90' lang='lat' dir='ltr'><strong>nos</strong></span> <span class='ocrx_word' id='word_1_765' title='bbox 1169 5585 1345 5623; x_wconf 86' lang='lat' dir='ltr'><strong>sumus</strong></span> <span class='ocrx_word' id='word_1_766' title='bbox 1401 5569 1589 5642; x_wconf 85' lang='lat' dir='ltr'><strong>(Hebr.</strong></span> <span class='ocrx_word' id='word_1_767' title='bbox 1623 5587 1698 5635; x_wconf 85' lang='grc' dir='ltr'>ιιι,</span> <span class='ocrx_word' id='word_1_768' title='bbox 1732 5569 1808 5637; x_wconf 85' lang='grc'><strong>6).</strong></span> <span class='ocrx_word' id='word_1_769' title='bbox 1855 5569 2094 5638; x_wconf 81' lang='lat' dir='ltr'><strong>Apparet</strong></span> <span class='ocrx_word' id='word_1_770' title='bbox 2121 5581 2250 5636; x_wconf 87' lang='lat' dir='ltr'><strong>ergo</strong></span> 
     </span>
    </p>
   </div>
   <div class='ocr_carea' id='block_1_94' title="bbox 660 5656 2249 5727">
    <p class='ocr_par' dir='ltr' id='par_1_94' title="bbox 660 5656 2249 5727">
     <span class='ocr_line' id='line_1_94' title="bbox 660 5656 2249 5727; baseline 0.003 -18"><span class='ocrx_word' id='word_1_771' title='bbox 660 5656 920 5726; x_wconf 88' lang='lat' dir='ltr'><strong>Spiritum</strong></span> <span class='ocrx_word' id='word_1_772' title='bbox 949 5667 1195 5714; x_wconf 90' lang='lat' dir='ltr'><strong>sanctum</strong></span> <span class='ocrx_word' id='word_1_773' title='bbox 1241 5661 1560 5716; x_wconf 84' lang='lat' dir='ltr'><strong>naturaliter</strong></span> <span class='ocrx_word' id='word_1_774' title='bbox 1587 5677 1708 5718; x_wconf 89' lang='lat' dir='ltr'><strong>esse</strong></span> <span class='ocrx_word' id='word_1_775' title='bbox 1739 5661 1918 5716; x_wconf 74' lang='lat' dir='ltr'><strong>Deum</strong></span> <span class='ocrx_word' id='word_1_776' title='bbox 1949 5678 1962 5722; x_wconf 88' lang='lat'><strong>;</strong></span> <span class='ocrx_word' id='word_1_777' title='bbox 2003 5659 2249 5727; x_wconf 89' lang='lat' dir='ltr'><strong>quando-</strong></span> 
     </span>
    </p>
   </div>
   <div class='ocr_carea' id='block_1_95' title="bbox 661 5743 2254 5824">
    <p class='ocr_par' dir='ltr' id='par_1_95' title="bbox 661 5743 2254 5824">
     <span class='ocr_line' id='line_1_95' title="bbox 661 5743 2254 5824; baseline 0.004 -24"><span class='ocrx_word' id='word_1_778' title='bbox 661 5743 878 5815; x_wconf 50' lang='lat' dir='ltr'><strong>quidé’ut</strong></span> <span class='ocrx_word' id='word_1_779' title='bbox 906 5750 984 5805; x_wconf 90' lang='lat' dir='ltr'><strong>sic</strong></span> <span class='ocrx_word' id='word_1_780' title='bbox 1025 5767 1208 5807; x_wconf 89' lang='lat' dir='ltr'><strong>sumus</strong></span> <span class='ocrx_word' id='word_1_781' title='bbox 1239 5753 1496 5824; x_wconf 89' lang='lat' dir='ltr'><strong>templum</strong></span> <span class='ocrx_word' id='word_1_782' title='bbox 1520 5754 1752 5824; x_wconf 88' lang='lat' dir='ltr'><strong>Spiritus</strong></span> <span class='ocrx_word' id='word_1_783' title='bbox 1781 5754 1972 5821; x_wconf 90' lang='lat' dir='ltr'><strong>sancti,</strong></span> <span class='ocrx_word' id='word_1_784' title='bbox 1996 5753 2138 5808; x_wconf 90' lang='lat' dir='ltr'><strong>sicut</strong></span> <span class='ocrx_word' id='word_1_785' title='bbox 2163 5767 2224 5807; x_wconf 88' lang='lat' dir='ltr'><strong>su</strong></span> <span class='ocrx_word' id='word_1_786' title='bbox 2242 5779 2254 5790; x_wconf 68' lang='grc' dir='ltr'><strong>ι</strong></span> 
     </span>
    </p>
   </div>
   <div class='ocr_carea' id='block_1_96' title="bbox 665 5844 2251 5924">
    <p class='ocr_par' dir='ltr' id='par_1_96' title="bbox 665 5844 2251 5924">
     <span class='ocr_line' id='line_1_96' title="bbox 665 5844 2251 5924; baseline -0.001 -20"><span class='ocrx_word' id='word_1_787' title='bbox 665 5862 783 5907; x_wconf 85' lang='lat' dir='ltr'><strong>ntus</strong></span> <span class='ocrx_word' id='word_1_788' title='bbox 813 5851 1069 5924; x_wconf 86' lang='lat' dir='ltr'><strong>templum</strong></span> <span class='ocrx_word' id='word_1_789' title='bbox 1093 5851 1270 5911; x_wconf 87' lang='lat' dir='ltr'><strong>Patris</strong></span> <span class='ocrx_word' id='word_1_790' title='bbox 1299 5861 1350 5909; x_wconf 89' lang='lat' dir='ltr'><strong>et</strong></span> <span class='ocrx_word' id='word_1_791' title='bbox 1379 5852 1516 5908; x_wconf 84' lang='lat' dir='ltr'><strong>Filii.</strong></span> <span class='ocrx_word' id='word_1_792' title='bbox 1537 5851 1604 5906; x_wconf 86' lang='lat' dir='ltr'><strong>Et</strong></span> <span class='ocrx_word' id='word_1_793' title='bbox 1622 5851 1877 5920; x_wconf 77' lang='lat' dir='ltr'><strong>quoniam</strong></span> <span class='ocrx_word' id='word_1_794' title='bbox 1907 5862 2003 5903; x_wconf 76' lang='lat' dir='ltr'><strong>uer</strong></span> <span class='ocrx_word' id='word_1_795' title='bbox 2027 5844 2251 5902; x_wconf 81' lang='lat' dir='ltr'><strong>duorum</strong></span> 
     </span>
    </p>
   </div>
   <div class='ocr_carea' id='block_1_97' title="bbox 2347 4108 3846 4181">
    <p class='ocr_par' dir='ltr' id='par_1_97' title="bbox 2347 4108 3846 4181">
     <span class='ocr_line' id='line_1_97' title="bbox 2347 4108 3846 4181; baseline 0.001 -18"><span class='ocrx_word' id='word_1_796' title='bbox 2347 4108 2432 4164; x_wconf 89' lang='lat' dir='ltr'><strong>vel</strong></span> <span class='ocrx_word' id='word_1_797' title='bbox 2457 4109 2617 4163; x_wconf 91' lang='lat' dir='ltr'><strong>trium</strong></span> <span class='ocrx_word' id='word_1_798' title='bbox 2637 4111 2861 4165; x_wconf 92' lang='lat' dir='ltr'><strong>deorum</strong></span> <span class='ocrx_word' id='word_1_799' title='bbox 2884 4125 3168 4180; x_wconf 91' lang='lat' dir='ltr'><strong>possumus</strong></span> <span class='ocrx_word' id='word_1_800' title='bbox 3190 4110 3454 4181; x_wconf 91' lang='lat' dir='ltr'><strong>templum</strong></span> <span class='ocrx_word' id='word_1_801' title='bbox 3476 4122 3609 4174; x_wconf 87' lang='lat' dir='ltr'><strong>esse,</strong></span> <span class='ocrx_word' id='word_1_802' title='bbox 3627 4117 3766 4173; x_wconf 74' lang='lat' dir='ltr'><strong>neque</strong></span> <span class='ocrx_word' id='word_1_803' title='bbox 3781 4114 3846 4152; x_wconf 80' lang='grc' dir='ltr'><strong>ηο·</strong></span> 
     </span>
    </p>
   </div>
   <div class='ocr_carea' id='block_1_98' title="bbox 2351 4186 3847 4266">
    <p class='ocr_par' dir='ltr' id='par_1_98' title="bbox 2351 4186 3847 4266">
     <span class='ocr_line' id='line_1_98' title="bbox 2351 4186 3847 4266; baseline -0.004 -13"><span class='ocrx_word' id='word_1_804' title='bbox 2351 4199 2431 4254; x_wconf 93' lang='lat' dir='ltr'><strong>bis</strong></span> <span class='ocrx_word' id='word_1_805' title='bbox 2473 4199 2598 4254; x_wconf 91' lang='lat' dir='ltr'><strong>licet</strong></span> <span class='ocrx_word' id='word_1_806' title='bbox 2624 4208 2930 4255; x_wconf 89' lang='lat' dir='ltr'><strong>creaturam</strong></span> <span class='ocrx_word' id='word_1_807' title='bbox 2957 4201 3158 4266; x_wconf 84' lang='lat' dir='ltr'><strong>colere,</strong></span> <span class='ocrx_word' id='word_1_808' title='bbox 3211 4201 3296 4255; x_wconf 88' lang='lat' dir='ltr'><strong>vel</strong></span> <span class='ocrx_word' id='word_1_809' title='bbox 3323 4207 3582 4261; x_wconf 74' lang='lat' dir='ltr'><strong>creatura:</strong></span> <span class='ocrx_word' id='word_1_810' title='bbox 3621 4192 3795 4250; x_wconf 78' lang='lat' dir='ltr'><strong>servire.</strong></span> <span class='ocrx_word' id='word_1_811' title='bbox 3817 4186 3847 4238; x_wconf 76' lang='lat' dir='ltr'><strong>id</strong></span> 
     </span>
    </p>
   </div>
   <div class='ocr_carea' id='block_1_99' title="bbox 2349 4281 3846 4365">
    <p class='ocr_par' dir='ltr' id='par_1_99' title="bbox 2349 4281 3846 4365">
     <span class='ocr_line' id='line_1_99' title="bbox 2349 4281 3846 4365; baseline -0.009 -21"><span class='ocrx_word' id='word_1_812' title='bbox 2349 4298 2432 4344; x_wconf 91' lang='lat' dir='ltr'><strong>est</strong></span> <span class='ocrx_word' id='word_1_813' title='bbox 2456 4290 2691 4365; x_wconf 78' lang='grc' dir='ltr'><strong>λατρέιαν</strong></span> <span class='ocrx_word' id='word_1_814' title='bbox 2713 4290 3013 4358; x_wconf 79' lang='lat' dir='ltr'><strong>exhibere;</strong></span> <span class='ocrx_word' id='word_1_815' title='bbox 3044 4299 3334 4361; x_wconf 90' lang='lat' dir='ltr'><strong>propterea</strong></span> <span class='ocrx_word' id='word_1_816' title='bbox 3371 4291 3532 4360; x_wconf 89' lang='lat' dir='ltr'><strong>digne</strong></span> <span class='ocrx_word' id='word_1_817' title='bbox 3569 4299 3712 4342; x_wconf 90' lang='lat' dir='ltr'><strong>unum</strong></span> <span class='ocrx_word' id='word_1_818' title='bbox 3734 4281 3846 4334; x_wconf 77' lang='lat' dir='ltr'><strong>Deum</strong></span> 
     </span>
    </p>
   </div>
   <div class='ocr_carea' id='block_1_100' title="bbox 2350 4379 3847 4450">
    <p class='ocr_par' dir='ltr' id='par_1_100' title="bbox 2350 4379 3847 4450">
     <span class='ocr_line' id='line_1_100' title="bbox 2350 4379 3847 4450; baseline -0.002 -16"><span class='ocrx_word' id='word_1_819' title='bbox 2350 4380 2596 4447; x_wconf 91' lang='lat' dir='ltr'><strong>colimus,</strong></span> <span class='ocrx_word' id='word_1_820' title='bbox 2629 4397 2738 4436; x_wconf 88' lang='lat' dir='ltr'><strong>non</strong></span> <span class='ocrx_word' id='word_1_821' title='bbox 2778 4382 2955 4437; x_wconf 90' lang='lat' dir='ltr'><strong>solum</strong></span> <span class='ocrx_word' id='word_1_822' title='bbox 2985 4381 3224 4450; x_wconf 88' lang='lat' dir='ltr'><strong>Patrem,</strong></span> <span class='ocrx_word' id='word_1_823' title='bbox 3250 4398 3351 4438; x_wconf 85' lang='lat' dir='ltr'><strong>nec</strong></span> <span class='ocrx_word' id='word_1_824' title='bbox 3388 4383 3561 4438; x_wconf 91' lang='lat' dir='ltr'><strong>solum</strong></span> <span class='ocrx_word' id='word_1_825' title='bbox 3585 4379 3762 4439; x_wconf 87' lang='lat' dir='ltr'><strong>Filium,</strong></span> <span class='ocrx_word' id='word_1_826' title='bbox 3784 4385 3847 4424; x_wconf 67' lang='lat' dir='ltr'><strong>nec</strong></span> 
     </span>
    </p>
   </div>
   <div class='ocr_carea' id='block_1_101' title="bbox 2350 4457 3848 4542">
    <p class='ocr_par' dir='ltr' id='par_1_101' title="bbox 2350 4457 3848 4542">
     <span class='ocr_line' id='line_1_101' title="bbox 2350 4457 3848 4542; baseline -0.003 -18"><span class='ocrx_word' id='word_1_827' title='bbox 2350 4471 2526 4525; x_wconf 86' lang='lat' dir='ltr'><strong>solum</strong></span> <span class='ocrx_word' id='word_1_828' title='bbox 2547 4469 2806 4540; x_wconf 90' lang='lat' dir='ltr'><strong>Spiritum</strong></span> <span class='ocrx_word' id='word_1_829' title='bbox 2835 4480 3104 4537; x_wconf 87' lang='lat' dir='ltr'><strong>sanctum;</strong></span> <span class='ocrx_word' id='word_1_830' title='bbox 3135 4472 3231 4527; x_wconf 89' lang='lat' dir='ltr'><strong>sed</strong></span> <span class='ocrx_word' id='word_1_831' title='bbox 3259 4472 3434 4542; x_wconf 83' lang='lat' dir='ltr'><strong>ipsam</strong></span> <span class='ocrx_word' id='word_1_832' title='bbox 3463 4470 3758 4528; x_wconf 86' lang='lat' dir='ltr'><strong>Trinitatem,</strong></span> <span class='ocrx_word' id='word_1_833' title='bbox 3781 4457 3848 4512; x_wconf 71' lang='lat' dir='ltr'><strong>Pa-</strong></span> 
     </span>
    </p>
   </div>
   <div class='ocr_carea' id='block_1_102' title="bbox 2353 4552 3848 4632">
    <p class='ocr_par' dir='ltr' id='par_1_102' title="bbox 2353 4552 3848 4632">
     <span class='ocr_line' id='line_1_102' title="bbox 2353 4552 3848 4632; baseline -0.008 -18"><span class='ocrx_word' id='word_1_834' title='bbox 2353 4569 2511 4626; x_wconf 92' lang='lat' dir='ltr'><strong>trem,</strong></span> <span class='ocrx_word' id='word_1_835' title='bbox 2540 4568 2596 4615; x_wconf 93' lang='lat' dir='ltr'><strong>et</strong></span> <span class='ocrx_word' id='word_1_836' title='bbox 2627 4560 2838 4625; x_wconf 80' lang='lat' dir='ltr'><strong>Filium,</strong></span> <span class='ocrx_word' id='word_1_837' title='bbox 2870 4567 2925 4616; x_wconf 90' lang='lat' dir='ltr'><strong>et</strong></span> <span class='ocrx_word' id='word_1_838' title='bbox 2952 4560 3214 4632; x_wconf 90' lang='lat' dir='ltr'><strong>Spiritum</strong></span> <span class='ocrx_word' id='word_1_839' title='bbox 3243 4571 3511 4618; x_wconf 89' lang='lat' dir='ltr'><strong>sanctum.</strong></span> <span class='ocrx_word' id='word_1_840' title='bbox 3542 4556 3755 4628; x_wconf 83' lang='lat' dir='ltr'><strong>Alioquin</strong></span> <span class='ocrx_word' id='word_1_841' title='bbox 3774 4552 3848 4605; x_wconf 85' lang='lat' dir='ltr'><strong>dis-</strong></span> 
     </span>
    </p>
   </div>
   <div class='ocr_carea' id='block_1_103' title="bbox 2348 4640 3848 4728">
    <p class='ocr_par' dir='ltr' id='par_1_103' title="bbox 2348 4640 3848 4728">
     <span class='ocr_line' id='line_1_103' title="bbox 2348 4640 3848 4728; baseline -0.006 -19"><span class='ocrx_word' id='word_1_842' title='bbox 2348 4669 2513 4709; x_wconf 90' lang='lat' dir='ltr'><strong>cerne</strong></span> <span class='ocrx_word' id='word_1_843' title='bbox 2541 4654 2738 4723; x_wconf 90' lang='lat' dir='ltr'><strong>templa</strong></span> <span class='ocrx_word' id='word_1_844' title='bbox 2766 4695 2781 4719; x_wconf 93' lang='lat'><strong>,</strong></span> <span class='ocrx_word' id='word_1_845' title='bbox 2813 4663 2874 4709; x_wconf 92' lang='lat' dir='ltr'><strong>ut</strong></span> <span class='ocrx_word' id='word_1_846' title='bbox 2898 4655 3174 4710; x_wconf 90' lang='lat' dir='ltr'><strong>discernas</strong></span> <span class='ocrx_word' id='word_1_847' title='bbox 3203 4664 3258 4728; x_wconf 84' lang='lat' dir='ltr'><strong>et</strong></span> <span class='ocrx_word' id='word_1_848' title='bbox 3287 4649 3522 4710; x_wconf 86' lang='lat' dir='ltr'><strong>merita:</strong></span> <span class='ocrx_word' id='word_1_849' title='bbox 3551 4661 3602 4707; x_wconf 89' lang='lat' dir='ltr'><strong>et</strong></span> <span class='ocrx_word' id='word_1_850' title='bbox 3621 4648 3751 4706; x_wconf 88' lang='lat' dir='ltr'><strong>dicin</strong></span> <span class='ocrx_word' id='word_1_851' title='bbox 3771 4640 3848 4710; x_wconf 80' lang='lat' dir='ltr'><strong>qui-</strong></span> 
     </span>
    </p>
   </div>
   <div class='ocr_carea' id='block_1_104' title="bbox 2349 4733 3850 4814">
    <p class='ocr_par' dir='ltr' id='par_1_104' title="bbox 2349 4733 3850 4814">
     <span class='ocr_line' id='line_1_104' title="bbox 2349 4733 3850 4814; baseline -0.005 -16"><span class='ocrx_word' id='word_1_852' title='bbox 2349 4743 2452 4798; x_wconf 90' lang='lat' dir='ltr'><strong>bus</strong></span> <span class='ocrx_word' id='word_1_853' title='bbox 2470 4743 2671 4799; x_wconf 88' lang='lat' dir='ltr'><strong>habeat</strong></span> <span class='ocrx_word' id='word_1_854' title='bbox 2691 4742 2854 4798; x_wconf 90' lang='lat' dir='ltr'><strong>Pater</strong></span> <span class='ocrx_word' id='word_1_855' title='bbox 2879 4743 3156 4814; x_wconf 90' lang='lat' dir='ltr'><strong>templum,</strong></span> <span class='ocrx_word' id='word_1_856' title='bbox 3180 4745 3233 4799; x_wconf 85' lang='lat' dir='ltr'><strong>in</strong></span> <span class='ocrx_word' id='word_1_857' title='bbox 3247 4745 3440 4814; x_wconf 90' lang='lat' dir='ltr'><strong>quibus</strong></span> <span class='ocrx_word' id='word_1_858' title='bbox 3459 4743 3633 4806; x_wconf 91' lang='lat' dir='ltr'><strong>Filius,</strong></span> <span class='ocrx_word' id='word_1_859' title='bbox 3650 4739 3694 4793; x_wconf 90' lang='lat' dir='ltr'><strong>in</strong></span> <span class='ocrx_word' id='word_1_860' title='bbox 3717 4733 3850 4805; x_wconf 68' lang='lat' dir='ltr'><strong>quibus</strong></span> 
     </span>
    </p>
   </div>
   <div class='ocr_carea' id='block_1_105' title="bbox 2351 4827 3850 4906">
    <p class='ocr_par' dir='ltr' id='par_1_105' title="bbox 2351 4827 3850 4906">
     <span class='ocr_line' id='line_1_105' title="bbox 2351 4827 3850 4906; baseline -0.005 -16"><span class='ocrx_word' id='word_1_861' title='bbox 2351 4834 2586 4906; x_wconf 90' lang='lat' dir='ltr'><strong>Spiritus</strong></span> <span class='ocrx_word' id='word_1_862' title='bbox 2613 4843 2853 4890; x_wconf 89' lang='lat' dir='ltr'><strong>sanctus.</strong></span> <span class='ocrx_word' id='word_1_863' title='bbox 2881 4834 3037 4901; x_wconf 87' lang='lat' dir='ltr'><strong>Quod</strong></span> <span class='ocrx_word' id='word_1_864' title='bbox 3086 4836 3270 4904; x_wconf 91' lang='lat' dir='ltr'><strong>utique</strong></span> <span class='ocrx_word' id='word_1_865' title='bbox 3300 4851 3410 4892; x_wconf 90' lang='lat' dir='ltr'><strong>non</strong></span> <span class='ocrx_word' id='word_1_866' title='bbox 3437 4831 3665 4890; x_wconf 79' lang='lat' dir='ltr'><strong>discrevit</strong></span> <span class='ocrx_word' id='word_1_867' title='bbox 3686 4827 3850 4896; x_wconf 70' lang='grc' dir='ltr'><strong>Δμοειο·</strong></span> 
     </span>
    </p>
   </div>
   <div class='ocr_carea' id='block_1_106' title="bbox 2355 4917 3848 4996">
    <p class='ocr_par' dir='ltr' id='par_1_106' title="bbox 2355 4917 3848 4996">
     <span class='ocr_line' id='line_1_106' title="bbox 2355 4917 3848 4996; baseline -0.008 -14"><span class='ocrx_word' id='word_1_868' title='bbox 2355 4928 2458 4994; x_wconf 91' lang='lat' dir='ltr'><strong>lus,</strong></span> <span class='ocrx_word' id='word_1_869' title='bbox 2492 4927 2585 4994; x_wconf 86' lang='lat' dir='ltr'><strong>qui</strong></span> <span class='ocrx_word' id='word_1_870' title='bbox 2633 4927 2689 4982; x_wconf 91' lang='lat' dir='ltr'><strong>in</strong></span> <span class='ocrx_word' id='word_1_871' title='bbox 2717 4941 2825 4981; x_wconf 90' lang='lat' dir='ltr'><strong>una</strong></span> <span class='ocrx_word' id='word_1_872' title='bbox 2855 4926 3152 4996; x_wconf 88' lang='lat' dir='ltr'><strong>eademque</strong></span> <span class='ocrx_word' id='word_1_873' title='bbox 3184 4926 3447 4996; x_wconf 86' lang='lat' dir='ltr'><strong>Epistola,</strong></span> <span class='ocrx_word' id='word_1_874' title='bbox 3493 4939 3620 4995; x_wconf 90' lang='lat' dir='ltr'><strong>quos</strong></span> <span class='ocrx_word' id='word_1_875' title='bbox 3643 4917 3751 4974; x_wconf 75' lang='lat' dir='ltr'><strong>dixit</strong></span> <span class='ocrx_word' id='word_1_876' title='bbox 3770 4922 3848 4966; x_wconf 61' lang='lat' dir='ltr'><strong>esse</strong></span> 
     </span>
    </p>
   </div>
   <div class='ocr_carea' id='block_1_107' title="bbox 2353 5010 3848 5088">
    <p class='ocr_par' dir='ltr' id='par_1_107' title="bbox 2353 5010 3848 5088">
     <span class='ocr_line' id='line_1_107' title="bbox 2353 5010 3848 5088; baseline -0.011 -16"><span class='ocrx_word' id='word_1_877' title='bbox 2353 5018 2614 5088; x_wconf 90' lang='lat' dir='ltr'><strong>templum</strong></span> <span class='ocrx_word' id='word_1_878' title='bbox 2639 5017 2756 5083; x_wconf 89' lang='lat' dir='ltr'><strong>Dei,</strong></span> <span class='ocrx_word' id='word_1_879' title='bbox 2782 5017 2930 5087; x_wconf 88' lang='lat' dir='ltr'><strong>ipsos</strong></span> <span class='ocrx_word' id='word_1_880' title='bbox 2956 5016 3094 5072; x_wconf 83' lang='lat' dir='ltr'><strong>dixit</strong></span> <span class='ocrx_word' id='word_1_881' title='bbox 3121 5032 3240 5072; x_wconf 91' lang='lat' dir='ltr'><strong>esse</strong></span> <span class='ocrx_word' id='word_1_882' title='bbox 3278 5017 3534 5087; x_wconf 89' lang='lat' dir='ltr'><strong>templum</strong></span> <span class='ocrx_word' id='word_1_883' title='bbox 3561 5010 3753 5082; x_wconf 87' lang='lat' dir='ltr'><strong>Spiritus</strong></span> <span class='ocrx_word' id='word_1_884' title='bbox 3767 5013 3848 5056; x_wconf 82' lang='lat' dir='ltr'><strong>san-</strong></span> 
     </span>
    </p>
   </div>
   <div class='ocr_carea' id='block_1_108' title="bbox 2349 5096 3847 5178">
    <p class='ocr_par' dir='ltr' id='par_1_108' title="bbox 2349 5096 3847 5178">
     <span class='ocr_line' id='line_1_108' title="bbox 2349 5096 3847 5178; baseline -0.008 -14"><span class='ocrx_word' id='word_1_885' title='bbox 2349 5110 2423 5164; x_wconf 90' lang='lat' dir='ltr'><strong>cti</strong></span> <span class='ocrx_word' id='word_1_886' title='bbox 2448 5123 2616 5178; x_wconf 89' lang='lat' dir='ltr'><strong>:quos</strong></span> <span class='ocrx_word' id='word_1_887' title='bbox 2643 5108 2809 5162; x_wconf 88' lang='lat' dir='ltr'><strong>etiam</strong></span> <span class='ocrx_word' id='word_1_888' title='bbox 2833 5107 3020 5163; x_wconf 89' lang='lat' dir='ltr'><strong>dicens</strong></span> <span class='ocrx_word' id='word_1_889' title='bbox 3047 5108 3290 5170; x_wconf 86' lang='lat' dir='ltr'><strong>membra</strong></span> <span class='ocrx_word' id='word_1_890' title='bbox 3317 5107 3536 5170; x_wconf 85' lang='lat' dir='ltr'><strong>Christi,</strong></span> <span class='ocrx_word' id='word_1_891' title='bbox 3554 5096 3751 5158; x_wconf 83' lang='lat' dir='ltr'><strong>ostendit</strong></span> <span class='ocrx_word' id='word_1_892' title='bbox 3769 5101 3847 5178; x_wconf 50' lang='lat' dir='ltr'><strong>es?!</strong></span> 
     </span>
    </p>
   </div>
   <div class='ocr_carea' id='block_1_109' title="bbox 2352 5176 3846 5271">
    <p class='ocr_par' dir='ltr' id='par_1_109' title="bbox 2352 5176 3846 5271">
     <span class='ocr_line' id='line_1_109' title="bbox 2352 5176 3846 5271; baseline -0.017 -17"><span class='ocrx_word' id='word_1_893' title='bbox 2352 5176 2609 5271; x_wconf 84' lang='lat' dir='ltr'><strong>templum</strong></span> <span class='ocrx_word' id='word_1_894' title='bbox 2641 5197 2859 5254; x_wconf 87' lang='lat' dir='ltr'><strong>Christi.</strong></span> <span class='ocrx_word' id='word_1_895' title='bbox 2886 5198 3007 5269; x_wconf 92' lang='lat' dir='ltr'><strong>lpse</strong></span> <span class='ocrx_word' id='word_1_896' title='bbox 3035 5199 3178 5254; x_wconf 92' lang='lat' dir='ltr'><strong>enim</strong></span> <span class='ocrx_word' id='word_1_897' title='bbox 3201 5199 3256 5254; x_wconf 89' lang='lat' dir='ltr'><strong>in</strong></span> <span class='ocrx_word' id='word_1_898' title='bbox 3277 5198 3465 5254; x_wconf 89' lang='lat' dir='ltr'><strong>eadem</strong></span> <span class='ocrx_word' id='word_1_899' title='bbox 3493 5206 3659 5250; x_wconf 82' lang='lat' dir='ltr'><strong>rursus</strong></span> <span class='ocrx_word' id='word_1_900' title='bbox 3678 5176 3846 5255; x_wconf 82' lang='lat' dir='ltr'><strong>Epistola</strong></span> 
     </span>
    </p>
   </div>
   <div class='ocr_carea' id='block_1_110' title="bbox 2352 5276 3842 5361">
    <p class='ocr_par' dir='ltr' id='par_1_110' title="bbox 2352 5276 3842 5361">
     <span class='ocr_line' id='line_1_110' title="bbox 2352 5276 3842 5361; baseline -0.015 -15"><span class='ocrx_word' id='word_1_901' title='bbox 2352 5292 2520 5346; x_wconf 88' lang='lat' dir='ltr'><strong>dicit:</strong></span> <span class='ocrx_word' id='word_1_902' title='bbox 2555 5290 2659 5346; x_wconf 88' lang='lat' dir='ltr'><strong>Vos</strong></span> <span class='ocrx_word' id='word_1_903' title='bbox 2684 5291 2810 5344; x_wconf 86' lang='lat' dir='ltr'><strong>estis</strong></span> <span class='ocrx_word' id='word_1_904' title='bbox 2839 5307 3027 5361; x_wconf 90' lang='lat' dir='ltr'><strong>corpus</strong></span> <span class='ocrx_word' id='word_1_905' title='bbox 3055 5289 3246 5344; x_wconf 84' lang='lat' dir='ltr'><strong>Christi</strong></span> <span class='ocrx_word' id='word_1_906' title='bbox 3284 5299 3333 5344; x_wconf 88' lang='lat' dir='ltr'><strong>et</strong></span> <span class='ocrx_word' id='word_1_907' title='bbox 3359 5286 3577 5342; x_wconf 74' lang='lat' dir='ltr'><strong>ntembra</strong></span> <span class='ocrx_word' id='word_1_908' title='bbox 3604 5281 3648 5352; x_wconf 77' lang='grc' dir='ltr'>(ι</span> <span class='ocrx_word' id='word_1_909' title='bbox 3670 5276 3761 5331; x_wconf 82' lang='lat' dir='ltr'><strong>Cor.</strong></span> <span class='ocrx_word' id='word_1_910' title='bbox 3785 5281 3842 5324; x_wconf 78' lang='grc' dir='ltr'>ιιι,</span> 
     </span>
    </p>
   </div>
   <div class='ocr_carea' id='block_1_111' title="bbox 2352 5372 3846 5452">
    <p class='ocr_par' dir='ltr' id='par_1_111' title="bbox 2352 5372 3846 5452">
     <span class='ocr_line' id='line_1_111' title="bbox 2352 5372 3846 5452; baseline -0.011 -13"><span class='ocrx_word' id='word_1_911' title='bbox 2352 5382 2468 5452; x_wconf 70' lang='grc'>26).</span> <span class='ocrx_word' id='word_1_912' title='bbox 2522 5383 2748 5452; x_wconf 83' lang='lat' dir='ltr'><strong>Propter</strong></span> <span class='ocrx_word' id='word_1_913' title='bbox 2774 5382 2924 5451; x_wconf 90' lang='lat' dir='ltr'><strong>quod</strong></span> <span class='ocrx_word' id='word_1_914' title='bbox 2953 5383 3082 5437; x_wconf 87' lang='lat' dir='ltr'><strong>alibi</strong></span> <span class='ocrx_word' id='word_1_915' title='bbox 3119 5383 3250 5438; x_wconf 90' lang='lat' dir='ltr'><strong>dicit</strong></span> <span class='ocrx_word' id='word_1_916' title='bbox 3283 5400 3294 5434; x_wconf 94' lang='lat'><strong>:</strong></span> <span class='ocrx_word' id='word_1_917' title='bbox 3332 5381 3465 5446; x_wconf 81' lang='lat' dir='ltr'><strong>Quia</strong></span> <span class='ocrx_word' id='word_1_918' title='bbox 3493 5374 3694 5433; x_wconf 85' lang='lat' dir='ltr'><strong>membra</strong></span> <span class='ocrx_word' id='word_1_919' title='bbox 3729 5372 3846 5419; x_wconf 60' lang='lat' dir='ltr'><strong>sunt“</strong></span> 
     </span>
    </p>
   </div>
   <div class='ocr_carea' id='block_1_112' title="bbox 2352 5455 3842 5550">
    <p class='ocr_par' dir='ltr' id='par_1_112' title="bbox 2352 5455 3842 5550">
     <span class='ocr_line' id='line_1_112' title="bbox 2352 5455 3842 5550; baseline -0.001 -23"><span class='ocrx_word' id='word_1_920' title='bbox 2352 5475 2582 5543; x_wconf 88' lang='lat' dir='ltr'><strong>corporis</strong></span> <span class='ocrx_word' id='word_1_921' title='bbox 2614 5475 2744 5544; x_wconf 85' lang='lat' dir='ltr'><strong>ejus,</strong></span> <span class='ocrx_word' id='word_1_922' title='bbox 2777 5475 2841 5528; x_wconf 91' lang='lat' dir='ltr'><strong>de</strong></span> <span class='ocrx_word' id='word_1_923' title='bbox 2860 5491 3017 5529; x_wconf 87' lang='lat' dir='ltr'><strong>carne</strong></span> <span class='ocrx_word' id='word_1_924' title='bbox 3039 5474 3174 5544; x_wconf 86' lang='lat' dir='ltr'><strong>ejus,</strong></span> <span class='ocrx_word' id='word_1_925' title='bbox 3196 5485 3247 5528; x_wconf 89' lang='lat' dir='ltr'><strong>et</strong></span> <span class='ocrx_word' id='word_1_926' title='bbox 3275 5475 3340 5528; x_wconf 88' lang='lat' dir='ltr'><strong>de</strong></span> <span class='ocrx_word' id='word_1_927' title='bbox 3362 5473 3552 5528; x_wconf 83' lang='lat' dir='ltr'><strong>assibus</strong></span> <span class='ocrx_word' id='word_1_928' title='bbox 3577 5467 3672 5537; x_wconf 56' lang='lat' dir='ltr'><strong>ejus</strong></span> <span class='ocrx_word' id='word_1_929' title='bbox 3693 5455 3842 5550; x_wconf 51' lang='lat' dir='ltr'><strong>(EP’l‘f&#39;</strong></span> 
     </span>
    </p>
   </div>
   <div class='ocr_carea' id='block_1_113' title="bbox 2351 5538 3846 5635">
    <p class='ocr_par' dir='ltr' id='par_1_113' title="bbox 2351 5538 3846 5635">
     <span class='ocr_line' id='line_1_113' title="bbox 2351 5538 3846 5635; baseline -0.007 -15"><span class='ocrx_word' id='word_1_930' title='bbox 2351 5582 2406 5630; x_wconf 89' lang='lat' dir='ltr'><strong>v,</strong></span> <span class='ocrx_word' id='word_1_931' title='bbox 2438 5538 2552 5635; x_wconf 64' lang='lat'><strong>30).</strong></span> <span class='ocrx_word' id='word_1_932' title='bbox 2583 5538 2704 5634; x_wconf 74' lang='lat' dir='ltr'><strong>ipse</strong></span> <span class='ocrx_word' id='word_1_933' title='bbox 2723 5573 2904 5620; x_wconf 90' lang='lat' dir='ltr'><strong>autem</strong></span> <span class='ocrx_word' id='word_1_934' title='bbox 2925 5538 3175 5621; x_wconf 76' lang='lat' dir='ltr'><strong>Salvator</strong></span> <span class='ocrx_word' id='word_1_935' title='bbox 3195 5574 3399 5632; x_wconf 88' lang='lat' dir='ltr'><strong>noster,</strong></span> <span class='ocrx_word' id='word_1_936' title='bbox 3429 5574 3615 5631; x_wconf 89' lang='lat' dir='ltr'><strong>corpus</strong></span> <span class='ocrx_word' id='word_1_937' title='bbox 3631 5563 3753 5610; x_wconf 80' lang='lat' dir='ltr'><strong>suum</strong></span> <span class='ocrx_word' id='word_1_938' title='bbox 3768 5538 3846 5635; x_wconf 54' lang='lat' dir='ltr'><strong>vid&quot;</strong></span> 
     </span>
    </p>
   </div>
   <div class='ocr_carea' id='block_1_114' title="bbox 2355 5632 3844 5728">
    <p class='ocr_par' dir='ltr' id='par_1_114' title="bbox 2355 5632 3844 5728">
     <span class='ocr_line' id='line_1_114' title="bbox 2355 5632 3844 5728; baseline -0.008 -19"><span class='ocrx_word' id='word_1_939' title='bbox 2355 5632 2631 5725; x_wconf 83' lang='lat' dir='ltr'><strong>quomodo</strong></span> <span class='ocrx_word' id='word_1_940' title='bbox 2653 5656 2911 5725; x_wconf 86' lang='lat' dir='ltr'><strong>templum</strong></span> <span class='ocrx_word' id='word_1_941' title='bbox 2939 5657 3195 5728; x_wconf 88' lang='lat' dir='ltr'><strong>appellet,</strong></span> <span class='ocrx_word' id='word_1_942' title='bbox 3225 5656 3447 5712; x_wconf 85' lang='lat' dir='ltr'><strong>dicens:</strong></span> <span class='ocrx_word' id='word_1_943' title='bbox 3477 5649 3653 5709; x_wconf 81' lang='lat' dir='ltr'><strong>Solvite</strong></span> 
     </span>
    </p>
   </div>
   <div class='ocr_carea' id='block_1_115' title="bbox 2359 5719 3844 5816">
    <p class='ocr_par' dir='ltr' id='par_1_115' title="bbox 2359 5719 3844 5816">
     <span class='ocr_line' id='line_1_115' title="bbox 2359 5719 3844 5816; baseline -0.007 -14"><span class='ocrx_word' id='word_1_944' title='bbox 2359 5719 2474 5814; x_wconf 67' lang='lat' dir='ltr'><strong>Iioc&#39;,</strong></span> <span class='ocrx_word' id='word_1_945' title='bbox 2504 5758 2554 5804; x_wconf 88' lang='lat' dir='ltr'><strong>et</strong></span> <span class='ocrx_word' id='word_1_946' title='bbox 2578 5750 2633 5804; x_wconf 87' lang='lat' dir='ltr'><strong>in</strong></span> <span class='ocrx_word' id='word_1_947' title='bbox 2677 5719 2837 5805; x_wconf 71' lang='lat' dir='ltr'><strong>tribus</strong></span> <span class='ocrx_word' id='word_1_948' title='bbox 2886 5719 3064 5805; x_wconf 73' lang='lat' dir='ltr'><strong>diebus</strong></span> <span class='ocrx_word' id='word_1_949' title='bbox 3091 5719 3327 5806; x_wconf 77' lang='lat' dir='ltr'><strong>excitabo</strong></span> <span class='ocrx_word' id='word_1_950' title='bbox 3357 5747 3484 5805; x_wconf 86' lang='lat' dir='ltr'><strong>illud</strong></span> <span class='ocrx_word' id='word_1_951' title='bbox 3529 5740 3685 5816; x_wconf 72' lang='lat' dir='ltr'><strong>(lauti.</strong></span> <span class='ocrx_word' id='word_1_952' title='bbox 3710 5719 3844 5792; x_wconf 44' lang='lat'><strong>11.19).</strong></span> 
     </span>
    </p>
   </div>
   <div class='ocr_carea' id='block_1_116' title="bbox 2356 5818 3843 5917">
    <p class='ocr_par' dir='ltr' id='par_1_116' title="bbox 2356 5818 3843 5917">
     <span class='ocr_line' id='line_1_116' title="bbox 2356 5818 3843 5917; baseline -0.014 -20"><span class='ocrx_word' id='word_1_953' title='bbox 2356 5843 2554 5899; x_wconf 90' lang='lat' dir='ltr'><strong>Beatus</strong></span> <span class='ocrx_word' id='word_1_954' title='bbox 2604 5851 2784 5898; x_wconf 91' lang='lat' dir='ltr'><strong>autem</strong></span> <span class='ocrx_word' id='word_1_955' title='bbox 2837 5843 3186 5917; x_wconf 81' lang='lat' dir='ltr'><strong>evangelista,</strong></span> <span class='ocrx_word' id='word_1_956' title='bbox 3219 5843 3285 5901; x_wconf 90' lang='lat' dir='ltr'><strong>de</strong></span> <span class='ocrx_word' id='word_1_957' title='bbox 3315 5859 3423 5916; x_wconf 87' lang='lat' dir='ltr'><strong>quo</strong></span> <span class='ocrx_word' id='word_1_958' title='bbox 3465 5833 3649 5907; x_wconf 86' lang='lat' dir='ltr'><strong>templo</strong></span> <span class='ocrx_word' id='word_1_959' title='bbox 3681 5818 3843 5882; x_wconf 73' lang='grc' dir='ltr'>άιιιςεει</span> 
     </span>
    </p>
   </div>
  </div>
