4050 6460
201 365 301 424 765

202 477 501 546 ostendens,
517 478 593 534 ait
613 497 625 532 :
641 477 762 548 Ipse
777 487 943 532 autem
959 475 1158 530 dicebat
1171 476 1436 548 detentplo
1451 477 1681 547 corporis
1696 475 1774 530 sui
1801 477 1854 536 Α

203 570 376 644 (Joan.
396 586 454 636 ιι,
465 568 578 641 21).
590 567 718 624 Ideo
734 582 861 637 ergo
878 582 1061 622 sumus
1077 566 1334 636 templum
1348 566 1462 632 Dei,
1477 567 1601 635 quia
1615 580 1778 620 mem-

198 662 290 717 bra
317 675 503 715 sumus
530 658 775 730 corporis
803 657 1021 714 Christi.
1054 656 1334 728 Templum
1381 667 1560 712 autem
1590 671 1773 713 sumus

197 747 386 815 Patris,
418 757 474 805 et
492 748 633 814 Filii,
666 757 722 805 et
748 747 978 819 Spiritus
1006 748 1199 804 sancti.
1231 747 1348 803 Non
1379 748 1550 804 tribus
1575 747 1773 818 dispar,

161 876 167 883 -
198 842 363 908 Patri,
393 849 448 897 et
475 840 635 904 Filio.
659 850 715 896 et
739 849 1000 897 creatum
1053 839 1275 910 Spiritui
1303 849 1526 903 sancto;
1557 840 1651 894 sed
1678 838 1778 908 ipsi

199 933 443 990 Trinitati
472 933 564 988 uni
586 932 883 1003 Deo,cujus
911 947 1097 989 sumus
1126 932 1496 1003 templum,illi
1521 931 1780 986 exhiben-

195 1033 276 1080 tes
303 1023 575 1079 servitutis
613 1024 950 1093 obsequium.
983 1022 1151 1090 Quam
1185 1023 1340 1078 nobis
1367 1038 1476 1077 non
1504 1023 1650 1087 licet,
1681 1037 1782 1079 nec

97 1176 104 1180 _
196 1113 286 1168 uni
310 1112 443 1179 Deo,
473 1111 628 1182 cujus
651 1114 908 1184 templum
939 1129 1144 1182 sumus,
1174 1113 1514 1184 aliquatenus
1544 1113 1780 1182 denega-

193 1217 290 1269 re;
323 1218 423 1258 nec
452 1203 562 1258 Deo
590 1203 743 1272 cujus
781 1204 1041 1276 templum
1068 1219 1178 1260 non
1200 1220 1384 1261 sumus
1410 1204 1688 1260 exhibere.
1709 1203 1781 1258 ll-

193 1289 282 1344 lud
303 1290 626 1346 omnimodis
649 1291 1021 1361 observantes,
1041 1290 1188 1362 quod
1213 1291 1416 1348 dictum
1446 1303 1561 1348 est:
1593 1291 1782 1348 Domi-

193 1396 315 1434 num
356 1381 515 1452 593
545 1379 714 1434 Deum
751 1391 892 1435 tuum
931 1381 1206 1448 adorabis,
1235 1390 1284 1436 et
1339 1382 1417 1436 illi
1457 1383 1556 1437 soli
1596 1382 1782 1436 servies

196 1471 374 1543 (Deut.
410 1488 480 1539 vi,
511 1472 621 1544 l3).
677 1472 794 1545 Ipsa
831 1474 1064 1530 servitus
1098 1473 1286 1532 Grzece
1318 1475 1527 1550 λατρέια
1565 1474 1781 1544 dicitur,

191 1578 311 1633 quae
341 1562 444 1618 soli
475 1578 601 1618 vero
631 1563 742 1618 Deo
784 1565 907 1634 jure
935 1553 1297 1632 ac'legitime,
1329 1579 1436 1620 non
1467 1579 1499 1619 a
1539 1564 1778 1635 perﬁdis,

191 1651 286 1709 sed
337 1670 369 1708 a
397 1654 680 1710 catholicis
717 1653 963 1712 ﬁdelibus
992 1656 1296 1713 exhibetur.
1334 1655 1488 1712 Unde
1513 1657 1778 1727 quosdam

191 1742 378 1813 culpat
403 1744 713 1814 Apostolus,
730 1746 824 1816 ‘qui
858 1755 1296 1800 commutaverunt
1319 1747 1580 1801 veritatem
1607 1745 1706 1801 Dei
1726 1749 1782 1801 in

191 1833 541 1898 mendacium,
564 1843 612 1888 et
641 1833 930 1903 coluerunt,
952 1846 1001 1890 et
1026 1835 1312 1890 servierunt
1333 1846 1586 1892 creatura:
1613 1838 1782 1908 potius

189 1943 344 1997 quam
373 1925 604 1980 Creatori
645 1925 821 1998 (Rom.
847 1944 882 1991 ι,
916 1925 1029 1998 25).
1062 1927 1152 1983 Sic
1189 1936 1368 1983 autem
1397 1928 1497 1983 iste
1529 1928 1680 1984 locus
1728 1927 1785 1983 in

189 2016 382 2073 Graeco
410 2017 637 2072 habetur
659 2018 900 2088 eloquio,
922 2024 1005 2076 καὶ
1031 2022 1402 2087 ἐσεϐάσθησαν,
1431 2025 1512 2077 καὶ
1540 2023 1783 2096 ἐλάτρευ-

191 2127 282 2162 σον
311 2117 374 2181 τῇ
400 2111 560 2163 κτίσει
584 2113 727 2184 παρὰ
751 2112 838 2166 τὸν
863 2113 1125 2167 κτίσαντα.
1141 2111 1333 2167 Cernis
1358 2127 1553 2182 nempe
1572 2112 1693 2167 illos
1715 2111 1784 2168 ab

188 2196 458 2266 Apostolo
479 2199 714 2267 graviter
739 2197 1004 2265 denotari,
1035 2200 1128 2271 qui
1145 2201 1382 2278 λατρείαν
1411 2201 1514 2258 soli
1539 2198 1784 2257 Creatori

187 2286 428 2342 debitam
457 2290 708 2364 cuiquam
733 2291 1077 2346 exhibuerint
1107 2292 1200 2364 (al.
1219 2290 1600 2362 exhibuerunt)
1631 2307 1779 2348 crea-

187 2382 344 2430 turzn.
381 2351 581 2431 lstamr
595 2393 758 2447 porro
796 2373 1060 2434 'creaturae
1099 2351 1365 2435 culturam
1407 2395 1526 2452 qua:
1575 2351 1784 2454 λατρεία

186 2474 548 2533 nuncupatur,
582 2466 870 2522 ostendens
898 2469 1089 2524 beatus
1119 2470 1434 2540 Apostolus,
1464 2471 1698 2526 maxime
1727 2472 1782 2527 in

185 2555 581 2611 sacriﬁciorum
621 2558 991 2614 immolatione
1030 2570 1301 2626 constare,
1334 2576 1456 2616 cum
1484 2562 1647 2616 vellet
1673 2561 1782 2618 Co-

187 2647 426 2702 rinthios
449 2663 476 2700 a
508 2650 959 2704 commessatione
988 2650 1338 2706 immolatitim
1367 2653 1545 2706 carnis
1573 2666 1780 2719 arcere,

186 2737 268 2791 sic
300 2737 377 2790 ait
410 2755 422 2789 :
467 2735 691 2808 Propter
732 2740 889 2810 quod,
924 2741 1180 2795 carissimi
1208 2742 1352 2807 mihi,
1390 2742 1551 2813 fugite
1576 2742 1640 2794 ab
1670 2742 1785 2797 ido-

186 2827 360 2882 lorum
404 2827 624 2882 cultura.
688 2828 757 2884 Ut
800 2831 1135 2900 prudentibus
1186 2832 1385 2903 loquor,
1418 2848 1505 2886 vos
1558 2832 1784 2896 iudicate

187 2918 330 2989 quod
359 2919 495 2974 dico.
528 2919 679 2974 Calia:
709 2922 1077 2976 benedictionis
1108 2924 1187 2976 cui
1215 2923 1578 2988 benedicimus,
1612 2940 1785 2978 nonne

187 3009 590 3064 communicatio
633 3013 905 3082 sanguinis
953 3012 1146 3067 Christi
1195 3013 1324 3067 est?
1369 3022 1418 3067 et
1455 3015 1607 3084 panis
1635 3031 1783 3086 quem

189 3100 512 3171 frangimus,
556 3117 728 3155 nonne
765 3104 1095 3173 participatio
1125 3105 1355 3174 corporis
1384 3103 1596 3159 Domini
1623 3114 1700 3158 est
1729 3103 1781 3175 (Ι

1264 359 1539 418 CONTRA
1578 359 1928 417 FABIANUM
1961 360 2404 423 FRAGMENTA.

3366 361 3468 416 766

2257 472 2418 545 594
2445 469 2921 528 FRAGMENTUM
2944 470 3083 528 xw.

1877 578 2007 633 Cum
2034 576 2133 631 Dei
2162 575 2333 630 Filius
2362 575 2572 640 dicitur,
2604 591 2712 629 non
2749 573 2861 630 sola
2902 573 3095 633 Christi
3123 573 3320 642 deitas,
3373 577 3468 630 sed

1952 649 2108 702 etiam
2140 647 2441 716 [inmanitas
2467 644 2817 716 signiﬁcatur.
2851 642 3000 699 Idem
3027 655 3102 699 est
3126 643 3360 700 Christus
3380 647 3468 716 qui

1951 717 2100 772 Jesus
2125 713 2384 771 Christus.

1951 827 2065 896 Ego
2092 827 2256 897 igitur
2283 826 2372 881 illa
2398 840 2516 896 qua:
2544 823 2642 880 tibi
2668 825 2843 880 visum
2864 832 2948 881 est
2974 825 3076 881 sub
3102 826 3320 882 nomine
3342 841 3470 883 meo

1879 919 2028 976 falsis
2072 918 2241 988 gestis
2284 917 2552 983 inserere,
2589 931 2692 973 nec
2719 917 2893 983 sensi,
2939 932 3040 972 nec
3079 916 3212 973 dixi.
3244 917 3473 973 Avertat

1882 1013 2026 1069 enim
2055 1012 2197 1067 Deus
2243 1018 2300 1066 et
2322 1010 2482 1079 longe
2515 1009 2677 1066 faciat
2705 1009 2866 1065 istum
2888 1024 3202 1080 perversum
3230 1025 3295 1067 ac
3320 1026 3472 1067 mor-

1881 1102 2096 1159 tiferum
2118 1116 2334 1158 sensum
2357 1115 2388 1154 a
2411 1100 2577 1156 corde
2601 1099 2853 1157 ﬁdelium.
2879 1099 3009 1167 Quis
3031 1101 3196 1168 enim,
3217 1117 3328 1158 non
3349 1101 3472 1158 dico

1882 1193 2110 1262 stultus,
2151 1191 2246 1248 sed
2275 1206 2497 1262 prorsus
2527 1190 2762 1256 insanus,
2790 1189 2988 1246 audeat
3016 1190 3237 1247 credere
3266 1193 3354 1248 vel
3381 1193 3466 1248 di-

1881 1300 2040 1349 cere,
2069 1298 2192 1339 cum
2220 1282 2317 1338 Dei
2347 1282 2514 1336 Filius
2537 1281 2753 1346 dicitur,
2782 1282 2953 1337 solam
2983 1281 3239 1337 deitatem
3271 1282 3472 1341 Christi

1883 1375 2184 1433 evidentius
2203 1373 2531 1444 signiﬁcari?
2550 1388 2672 1428 cum
2693 1373 2881 1442 utique
2902 1373 3042 1429 idem
3057 1374 3152 1429 Dei
3176 1373 3341 1430 Filius
3364 1390 3473 1430 non

1882 1466 2058 1522 solum
2088 1465 2384 1521 secundum
2412 1463 2748 1519 divinitatem
2771 1505 2786 1532 ,
2834 1464 2930 1519 sed
2971 1465 3135 1520 etiam
3179 1465 3473 1520 secundum

1883 1571 2120 1623 carnem,
2145 1571 2253 1611 non
2276 1563 2486 1610 tantum
2514 1555 2611 1610 Dei
2633 1553 2822 1618 Filius,
2847 1554 2943 1609 sed
2971 1553 3136 1609 etiam
3165 1555 3305 1609 Deus
3333 1570 3460 1624 pro-

1882 1647 2111 1719 pheticis
2153 1645 2474 1717 prmdicetur
2516 1645 2764 1714 eloquiis.
2807 1643 2993 1699 Claret
3039 1644 3238 1714 quippe
3268 1643 3466 1700 Filium

1885 1738 2000 1803 Dei,
2049 1751 2157 1792 non
2186 1736 2480 1791 secundum
2512 1733 2883 1800 divinitatem,
2929 1733 3023 1790 sed
3049 1735 3343 1790 secundum
3369 1735 3472 1789 hu-

1815 1851 1859 1912 B
1886 1809 2199 1883 manitateni
2222 1867 2238 1894 ,
2279 1834 2498 1882 unctum
2529 1841 2651 1882 esse
2690 1824 2894 1896 Spiritu
2932 1832 3119 1880 sancto
3154 1842 3168 1878 :
3208 1831 3264 1880 et
3294 1832 3476 1880 tamen

1887 1936 2010 1976 eum
2041 1920 2132 1990 qui
2162 1927 2356 1975 unctus
2395 1927 2518 1984 est,
2563 1919 2731 1973 Deum
2773 1917 2964 1972 beatus
3011 1915 3180 1972 David
3218 1916 3476 1987 appellat,

1887 2010 2072 2068 dicens
2105 2028 2118 2064 :
2155 2010 2320 2065 Unxit
2347 2021 2394 2064 te
2423 2008 2588 2075 Deus,
2621 2007 2766 2062 Deus
2788 2017 2932 2072 tuus,
2965 2006 3078 2061 oleo
3115 2006 3476 2061 exsultationis

1887 2121 1998 2176 pra:
2023 2103 2364 2175 participibus
2394 2103 2494 2156 tuis
2536 2101 2710 2172 (Psal.
2745 2116 2892 2164 xuv,
2922 2098 3000 2168 8).
3036 2097 3142 2153 Aut
3169 2097 3290 2166 quis
3312 2097 3476 2162 dicat,

1885 2198 2011 2268 quia
2038 2195 2130 2250 ubi
2156 2194 2379 2265 ponitur
2409 2191 2567 2248 Jesus
2585 2231 2600 2256 ,
2629 2190 2864 2246 hominis
2893 2196 3101 2242 tantum
3125 2201 3356 2257 persona
3383 2185 3478 2239 dte"

1884 2286 2157 2352 claretur;
2201 2283 2290 2339 ubi
2317 2299 2448 2339 vero
2478 2282 2700 2352 ponitur
2740 2279 2897 2336 Jesus
2928 2277 3195 2342 Christus,
3222 2276 3335 2345 jam
3357 2275 3478 2346 plus

1885 2378 1960 2434 ibi
2005 2377 2359 2434 humanitatis
2403 2390 2564 2445 quam
2609 2374 2828 2428 deitatis
2876 2381 3058 2442 partes
3103 2371 3478 2440 exsuperent?

1883 2468 2020 2524 Cum
2049 2468 2233 2537 utique
2260 2467 2452 2522 beatus
2493 2464 2788 2535 Apostolus
2814 2462 2961 2518 dicat
2992 2480 3006 2515 :
3048 2461 3166 2516 Hoc
3193 2461 3378 2515 sentite
3421 2459 3478 2513 in

1883 2559 2047 2624 vobis,
2076 2559 2212 2628 quod
2251 2568 2300 2611 et
2329 2559 2384 2612 in
2413 2556 2619 2611 Christo
2642 2554 2787 2609 Jesu.
2823 2553 2924 2618 Qui
2953 2570 3068 2607 cum
3093 2555 3147 2606 in
3180 2554 3350 2624 {arma
3381 2550 3479 2606 Dei

1883 2660 2036 2714 esset,
2061 2667 2164 2704 non
2195 2651 2435 2719 rapinam
2458 2649 2742 2701 arbitratus
2763 2656 2840 2700 est
2855 2662 2967 2699 esse
2982 2662 3040 2699 se
3062 2646 3311 2716 wqualem
3331 2642 3478 2708 Deo;

1885 2742 1977 2796 sed
2003 2741 2332 2811 semetipsum
2360 2739 2647 2793 exinanivit
2676 2740 2900 2808 formam
2928 2737 3059 2789 servi
3101 2736 3391 2806 accipiens,
3423 2735 3478 2787 in

1883 2832 2276 2888 similitudinem
2318 2831 2583 2885 hominum
2624 2831 2828 2900 factus,
2878 2837 2927 2880 et
2953 2825 3132 2880 habitu
3161 2827 3397 2880 inventus
3422 2832 3478 2877 ut

1885 2925 2036 2995 homo
2066 2923 2287 2994 (Philip.
2321 2938 2380 2989 u,
2413 2919 2463 2986 5,
2518 2920 2580 2986 6,
2614 2920 2694 2990 7).
2729 2919 2961 2974 Videsne
2986 2917 3168 2974 Jesum
3198 2916 3473 2973 ChriStum

1883 3017 1939 3073 in
1968 3016 2140 3071 forma
2166 3014 2306 3069 Dei?
2335 3013 2508 3070 Iesum
2533 3012 2808 3068 Christum
2833 3026 2892 3066 se
2920 3010 3248 3076 exinanisse,
3279 3018 3336 3065 et
3361 3009 3474 3066 for-

1883 3124 2030 3164 nam
2051 3107 2190 3163 servi
2215 3105 2527 3177 accepisse?
2557 3103 2739 3159 Jesum
2765 3103 3039 3158 Christum
3069 3103 3123 3157 in
3151 3096 3463 3158 similit’udi-

189 3189 312 3243 Cor.
350 3189 519 3285 x,_M,
557 3190 644 3258 l5,
676 3190 793 3285 l6)?
822 3190 890 3246 Et
915 3192 1072 3259 infra,
1105 3192 1397 3249 ostendens
1422 3208 1584 3263 quam
1608 3193 1783 3250 idolo-
1809 3221 1858 3285 ο
1886 3214 2011 3254 nem
2042 3197 2320 3252 hominum
2343 3195 2564 3260 factum,
2606 3203 2662 3250 et
2689 3194 2873 3249 habitu
2904 3194 3182 3248 inventum
3211 3201 3270 3248 ut
3297 3192 3478 3248 homi-

188 3296 309 3336 rum
345 3282 609 3336 culturam
660 3283 903 3351 dixisset,
935 3299 966 3339 a
1014 3300 1120 3355 qua
1161 3299 1255 3341 eos
1278 3283 1502 3353 jubehat
1547 3293 1606 3339 ut
1629 3283 1784 3354 fuge-
1822 3281 1856 3285 “
1887 3286 2058 3342 nem?
2103 3283 2231 3341 Haec
2258 3292 2440 3340 autem
2478 3284 2660 3340 omnia
2688 3284 2810 3352 quis
2836 3284 2984 3349 fecit,
3023 3283 3126 3337 nisi
3162 3281 3479 3350 Unigenitus

192 3380 345 3440 rent,
370 3371 444 3426 ait
468 3390 481 3424 :
503 3371 626 3426 Non
655 3375 868 3444 potestis
883 3355 1111 3430 .calicem
1132 3373 1344 3429 Domini
1366 3373 1558 3444 bibere,
1579 3384 1630 3429 et
1650 3375 1787 3429 cali-

189 3481 299 3519 cem
331 3465 744 3521 dwmoniorum:
785 3483 890 3523 non
919 3469 1133 3539 potestis
1163 3484 1353 3524 mensa:
1376 3468 1588 3524 Domini
1615 3471 1785 3540 parti-

188 3555 333 3624 cipes
366 3571 506 3620 esse,
535 3565 585 3609 et
612 3573 804 3611 mensa:
831 3555 1205 3612 dwmoniorum
1233 3555 1392 3628 (Ibid.
1425 3557 1514 3624 20,
1536 3557 1650 3629 21).
1675 3558 1788 3628 Ap-

188 3652 352 3714 paret
397 3645 581 3714 itaque
616 3645 764 3699 illam
819 3645 1084 3700 culturam
1133 3661 1253 3714 quze
1304 3648 1511 3708 λατρεία
1563 3647 1780 3711 dicitur,

187 3735 432 3791 maxime
477 3737 534 3791 in
581 3734 860 3792 sacriﬁciis
908 3737 1158 3792 inveniri.
1187 3737 1321 3795 Nam
1365 3748 1421 3794 et
1464 3739 1596 3794 illud
1636 3739 1785 3808 quod

187 3826 358 3896 paulo
378 3832 502 3880 ante
516 3825 1076 3889 commemoravimus,
1093 3825 1293 3882 dixisse
1316 3826 1534 3881 beatum
1549 3826 1783 3896 Aposto-

188 3914 326 3981 lum,
359 3914 547 3987 Fugite
574 3915 638 3970 ab.
667 3915 926 3974 idolorum
947 3961 950 3963 Α
973 3917 1196 3982 cultura,
1227 3915 1530 3971 idololatria
1559 3917 1612 3971 in
1637 3915 1786 3972 ϐιω-

190 4023 255 4065 co
280 4007 465 4078 posita
493 4016 596 4064 est.
627 4007 731 4076 Qui
752 4008 904 4064 locus
930 4007 1010 4063 sic
1037 4022 1098 4064 se
1123 4007 1308 4075 habet,
1332 4010 1540 4082 φεύγετε
1570 4010 1672 4064 ἀπὸ
1693 4018 1784 4070 τῆς

178 4099 632 4175 ,εἰδωλολατρώιμ

658 4207 1139 4264 FRAGMENTUM
1185 4207 1325 4264 Xlll.

495 4300 594 4366 Qui
622 4302 869 4371 Ili/ferant
897 4303 1106 4377 λατρεία
1133 4311 1184 4355 et
1203 4301 1489 4362 δούλωσις.

260 4397 522 4469 Λατρείαν
561 4407 692 4462 ergo
727 4392 843 4448 sola
883 4392 985 4448 sibi
1028 4408 1156 4449 vera
1199 4392 1452 4449 divinitas
1496 4391 1780 4459 vindicat;

95 4484 104 4492 '
190 4482 463 4545 iudicum;
483 4499 634 4549 vero,
651 4492 711 4544 ειη
724 4483 834 4538 Deo
855 4491 939 4539 est
964 4491 1222 4553 quantum
1240 4492 1458 4554 oportet
1485 4483 1780 4551 reddenda,

1884 3377 2076 3434 Deus?
2113 3376 2249 3434 Item
2275 3377 2407 3433 dicit
2440 3376 2734 3448 Apostolus
2777 3395 2792 3430 :
2853 3375 3002 3450 Unus
3030 3375 3288 3431 Dominus
3325 3373 3478 3430 Jesus

1886 3468 2142 3535 Christus,
2185 3485 2278 3539 per
2319 3484 2465 3540 quem
2506 3471 2704 3534 omnia,
2749 3475 2797 3521 et
2827 3484 2924 3522 nos
2948 3483 3040 3538 per
3069 3469 3238 3538 ipsum
3267 3466 3326 3535 (1
3354 3465 3475 3522 Cor.

1883 3577 2006 3627 vin,
2055 3560 2144 3633 6).
2202 3558 2332 3626 Quis
2372 3568 2455 3614 est
2503 3569 2681 3615 autem
2722 3559 2878 3617 Jesus
2918 3559 3164 3614 Christus
3191 3574 3291 3629 per
3316 3573 3478 3628 quem

1886 3652 2067 3706 omnia
2087 3693 2103 3718 ,
2151 3650 2254 3705 nisi
2302 3650 2371 3705 de
2399 3665 2508 3718 quo
2537 3650 2668 3706 dicit
2695 3651 3026 3718 evangelista
3060 3668 3072 3702 :
3121 3649 3186 3703 In
3215 3651 3477 3720 principio

1886 3753 1999 3798 erat
2027 3743 2269 3808 Verbum,
2293 3752 2343 3795 et
2370 3740 2596 3794 Verbum
2615 3751 2728 3795 erat
2750 3742 2888 3810 apud
2918 3740 3104 3804 Deum,
3128 3749 3176 3794 et
3199 3739 3339 3794 Deus
3359 3749 3474 3794 erat

1899 3830 2140 3886 Verbum.
2191 3829 2308 3884 Hoc
2345 3837 2458 3883 erat
2495 3830 2552 3882 in
2582 3830 2836 3899 principio
2868 3829 3008 3898 apud
3053 3827 3234 3881 Deum.
3283 3824 3477 3882 Omnia

1885 3940 1977 3993 per
1994 3923 2164 3994 ipsum
2182 3923 2324 3992 facta
2345 3928 2486 3984 sunt,
2503 3930 2552 3973 et
2573 3922 2686 3974 sine
2704 3922 2816 3990 ipso
2838 3922 3032 3990 factum
3053 3930 3128 3973 est
3149 3919 3281 3973 nihil
3292 3919 3476 3990 (Joan.

1888 4031 1928 4081 ι,
1962 4012 2012 4078 l,
2043 4011 2098 4078 2,
2129 4011 2232 4082 5)?
2279 4001 2544 4077 Quoniam
2586 4011 2748 4079 igitur
2775 4009 2930 4066 Jesus
2957 4010 3200 4065 Christus
3231 4025 3370 4065 unus
3393 4020 3478 4068 est

1885 4104 2026 4159 Deus
2045 4111 2102 4157 et
2126 4103 2313 4169 homo,
2335 4110 2620 4172 propterea
2643 4102 2756 4157 sive
2771 4117 2894 4156 cum
2915 4103 2984 4156 de
3011 4103 3192 4172 seipso
3215 4102 3477 4173 loquitur,

1884 4197 1999 4253 sive
2027 4210 2149 4251 cum
2173 4194 2242 4251 de
2271 4195 2366 4250 illo
2395 4195 2693 4264 loquuntur
2718 4195 2972 4265 apostoli,
3015 4209 3282 4265 nusquam
3313 4196 3478 4251 istam

1883 4289 2266 4346 discretionem
2287 4287 2510 4353 faciunt,
2531 4303 2696 4357 quam
2720 4296 2777 4344 tu
2805 4288 3040 4343 inaniter
3065 4289 3118 4343 in
3149 4288 3237 4343 illa
3262 4297 3481 4344 tuorum

1882 4381 2122 4437 falsitate
2141 4388 2422 4451 gestorum
2450 4379 2631 4436 facere
2651 4379 2893 4435 voluisti.
2925 4379 3058 4434 Nam
3070 4360 3204 4451 'ipse
3226 4380 3479 4436 Salvator

1885 4485 2094 4544 noster,
2121 4476 2262 4532 sicut
2286 4483 2461 4531 totum
2486 4489 2546 4531 se
2561 4475 2657 4531 Dei
2671 4474 2886 4542 Filium,
2905 4475 2985 4530 sic
3005 4482 3179 4530 totum
3202 4489 3262 4529 se
3282 4473 3476 4529 Filium

188 4584 245 4630 et
273 4575 586 4632 hominibus
613 4584 873 4647 quantum
901 4575 1165 4632 condecet
1189 4575 1514 4632 exhibenda.
1553 4577 1783 4647 Propter
1809 4586 1863 4646 Ι)
1885 4573 2118 4628 hominis
2152 4579 2448 4642 nuncupat.
2496 4570 2630 4624 Cum
2661 4569 2804 4624 enim
2833 4583 2982 4623 caeco
3010 4576 3138 4622 nato
3165 4581 3326 4637 quem
3355 4566 3475 4620 illu-

189 4667 430 4743 λατρείαν
471 4681 600 4736 ergo
637 4667 834 4723 dicitur
879 4685 892 4720 :
943 4666 1254 4736 Sacriﬁcate
1300 4667 1412 4722 Deo
1461 4667 1777 4738 sacriﬁcium

189 4757 410 4827 justitite
429 4756 601 4828 (Psal.
627 4774 699 4825 ιν,
721 4757 807 4827 6);
835 4765 910 4823 et,
937 4756 1260 4826 Sacriﬁcans
1287 4758 1386 4812 diis
1407 4759 1776 4825 eradicabitur,

191 4849 294 4903 nisi
325 4847 550 4904 Domino
577 4850 675 4904 soli
709 4848 904 4919 (Exod.
938 4864 1078 4916 χχιι,
1111 4848 1222 4919 40).
1266 4849 1492 4920 Propter
1516 4849 1778 4908 δούλωσιν

191 4951 329 4992 vero
357 4936 484 4993 dicit
511 4937 801 5008 Apostolus
829 4955 843 4992 :
880 4937 1097 4993 Domino
1119 4937 1324 4993 Christo
1345 4941 1528 4994 seruite
1547 4939 1776 5008 (Coloss.

192 5040 268 5090 ιιι,
291 5026 424 5098 24);
453 5035 508 5082 et
531 5028 726 5083 iterum
751 5046 765 5082 :
791 5027 993 5083 Servite
1012 5030 1226 5083 inuicem
1245 5030 1298 5082 in
1331 5031 1551 5083 caritate
1575 5029 1776 5099 (Galat.

192 5133 248 5182 v,
274 5117 386 5187 13).
412 5117 618 5174 Rursus
639 5119 782 5175 idem
809 5119 1108 5189 apostohis,
1140 5134 1262 5174 cum
1284 5118 1353 5175 de
1373 5121 1513 5176 escis
1538 5121 1784 5191 loquere-

191 5215 284 5262 tur
311 5222 432 5277 quae
459 5208 620 5264 idolis
664 5209 1012 5264 immolantur
1031 5251 1046 5278 ,
1091 5217 1315 5280 propter
1339 5211 1573 5285 λατρείαν
1601 5210 1776 5266 dixit:

193 5296 367 5357 Nobis
391 5311 563 5358 autem
589 5320 718 5358 unus
752 5303 888 5358 Deus
921 5304 1096 5371 Pater,
1133 5321 1198 5359 ea:
1228 5321 1326 5377 quo
1355 5307 1560 5371 omnia,
1600 5313 1652 5360 et
1683 5322 1780 5360 nos

191 5389 248 5441 in
278 5391 430 5461 ipso;
469 5402 519 5447 et
547 5410 679 5448 unus
707 5392 962 5450 Dominus
1001 5403 1176 5450 noster
1201 5393 1355 5450 Iesus
1383 5394 1615 5450 Christus
1633 5438 1650 5465 ,
1687 5413 1780 5466 per

193 5494 347 5548 quem
373 5483 568 5549 omnia,
590 5493 640 5538 et
664 5500 760 5539 nos
782 5501 875 5555 per
893 5485 1062 5554 ipsum
1082 5484 1138 5556 (ι
1156 5483 1276 5540 Cor.
1300 5501 1412 5552 vm,
1439 5485 1518 5556 6).
1550 5484 1780 5557 Propter

193 5567 456 5628 δούλωσιν
481 5589 614 5629 vero
638 5574 771 5630 dlcit
798 5593 811 5628 :
837 5573 1035 5630 Paulus
1054 5591 1230 5630 servus
1242 5575 1432 5630 Christi
1451 5575 1576 5631 Jesu
1595 5575 1772 5646 (Rom.

195 5674 233 5722 1.
257 5662 340 5729 1);
372 5672 426 5719 et
448 5664 692 5721 ﬁdelibus
718 5665 962 5734 loquens,
988 5667 1099 5720 ait:
1133 5664 1256 5722 Non
1279 5668 1419 5722 enim
1440 5668 1776 5736 nosmetipsos

193 5753 567 5823 prazdicamus,
598 5757 686 5810 sed
713 5755 892 5810 Jesum
921 5755 1180 5819 Christum
1209 5757 1488 5813 Dominum
1519 5769 1770 5823 nostrum,

193 5855 290 5909 rays
321 5857 484 5902 autem
513 5864 682 5905 servos
712 5857 900 5904 vestros
931 5865 1021 5910 per
1045 5847 1224 5903 Iesum
1255 5848 1342 5920 (II
1373 5849 1491 5904 Cor.
1519 5865 1590 5915 tv,
1625 5848 1696 5921 5).

1884 4666 2183 4722 minaverat
2202 4663 2429 4719 dixisset
2460 4681 2473 4716 :
2508 4661 2584 4716 Tu
2609 4662 2779 4715 credis
2818 4661 2871 4714 in
2901 4659 3098 4714 Filium
3130 4657 3272 4711 Det?
3299 4666 3354 4712 et
3382 4657 3475 4711 ille

1883 4755 2249 4827 respondisset
2279 4772 2294 4808 :
2325 4752 2452 4816 Quis
2473 4761 2549 4807 est
2567 4791 2582 4815 ,
2627 4751 2868 4816 Domine,
2899 4758 2958 4802 ut
2978 4749 3183 4802 credam
3215 4749 3269 4800 in
3309 4763 3424 4800 eum
3449 4748 3474 4800 ?

1883 4847 1963 4902 sic
1989 4846 2040 4900 ei
2067 4844 2343 4915 respondit
2364 4844 2479 4912 ipse
2502 4841 2598 4898 Dei
2624 4841 2792 4897 Filius
2819 4859 2833 4893 :
2864 4839 2931 4893 Et
2957 4839 3130 4893 vidisti
3152 4854 3286 4903 eum,
3311 4846 3360 4891 et
3379 4839 3476 4929 .qui

1884 4939 2109 5010 loquitur
2145 4946 2311 4990 tecum
2356 4937 2466 5005 ipse
2504 4945 2580 4989 est
2611 4935 2789 5005 (Joan.
2822 4950 2906 5000 Ix,
2933 4931 3022 5000 55,
3052 4932 3141 5001 56,
3173 4931 3286 5001 57).
3321 4930 3473 4984 Nun-

1884 5029 2012 5099 quid
2043 5038 2169 5083 tunc
2198 5028 2314 5082 sola
2357 5027 2432 5080 illi
2459 5027 2632 5082 deitas
2660 5027 2842 5082 locuta
2884 5035 2987 5090 est,
3040 5034 3134 5079 aut
3178 5023 3354 5078 solam
3381 5021 3473 5075 ille

1879 5120 2137 5176 deitatem
2188 5117 2320 5173 vidit
2361 5126 2417 5173 et
2463 5117 2754 5173 adoravit?
2780 5118 2907 5173 Non
2938 5118 3145 5186 utique.
3190 5114 3325 5180 Quia
3357 5114 3472 5182 ipse

1880 5211 2139 5267 Dominus
2159 5210 2314 5267 Jesus
2341 5211 2392 5265 in
2422 5219 2651 5281 utraque
2679 5220 2872 5266 natura
2903 5209 3063 5280 595
3094 5223 3231 5260 unus
3259 5215 3344 5260 est
3373 5204 3472 5260 Dei

1880 5303 2066 5359 Filius.
2097 5297 2200 5370 Qui
2229 5303 2298 5359 de
2316 5319 2378 5359 se
2405 5319 2588 5359 rursus
2611 5303 2740 5358 dicit
2764 5320 2776 5355 :
2817 5299 2986 5355 Nemo
3014 5298 3248 5353 ascendit
3274 5299 3328 5351 in
3359 5312 3464 5352 cat-

1879 5395 2006 5458 lum,
2035 5395 2135 5448 nisi
2163 5395 2250 5467 qui
2279 5394 2342 5449 de
2370 5394 2497 5450 ctelo
2519 5394 2803 5461 descendit,
2835 5391 3008 5447 Filius
3036 5390 3259 5445 hominis
3278 5391 3364 5463 qui
3389 5399 3470 5444 est
3513 5428 3526 5434 -

1881 5488 1938 5542 in
1983 5487 2111 5542 coelo
2161 5485 2342 5558 (Joan.
2394 5485 2630 5555 111,1’5).
2682 5483 2840 5550 Quod
2870 5492 3049 5538 tamen
3099 5497 3208 5536 non
3258 5490 3464 5538 utrum-

1883 5593 1988 5648 que
2017 5578 2311 5634 secundum
2335 5578 2504 5632 solam
2525 5591 2742 5632 carnem
2766 5575 2921 5630 dixit.
2947 5573 3080 5628 Nam
3100 5573 3294 5629 eodem
3324 5581 3465 5626 tem-

1881 5687 2014 5742 pore
2042 5687 2261 5726 carnem
2293 5686 2443 5725 suam
2467 5671 2647 5725 nonin
2669 5669 2807 5726 curio
2834 5669 3041 5734 habw't,
3071 5667 3166 5724 sed
3197 5669 3248 5722 in
3281 5676 3425 5722 terra
3451 5687 3465 5722 :

1883 5771 1936 5815 ct
1965 5771 2142 5817 tamen
2166 5760 2331 5816 Filius
2356 5761 2588 5816 hominis
2613 5761 2731 5829 fuit,
2765 5777 2871 5816 non
2895 5761 3068 5816 solum
3091 5760 3144 5813 in
3173 5767 3337 5823 terra,
3369 5760 3466 5815 sed

1882 5852 2043 5910 etiam
2086 5853 2142 5910 in
2180 5852 2318 5909 coelo
2350 5871 2360 5904 :
2412 5853 2704 5911 secundum
2735 5853 2904 5911 solam
2937 5851 3139 5910 scilicet
3167 5865 3384 5909 carnem
3413 5850 3468 5907 in
