4050 6472
575 376 674 429 767
1572 380 1628 434 S.
1668 374 2032 435 FULGENTII
2070 373 2371 430 EPISCOPI
2410 373 2783 431 BUSPENSIS
3707 377 3790 438 763

573 491 689 545 sola
722 497 865 545 terra
890 508 904 556 ;
955 491 1248 548 secundum
1275 490 1614 547 divinitatem
1640 506 1792 555 vero,
1825 497 1883 544 et
1909 489 1964 543 in
1996 487 2159 548 coelo,
2193 494 2236 551 Α
2267 487 2494 556 quilibet
2521 488 2634 541 sive
2662 485 2964 550 rationalis,
2995 485 3107 539 sive
3136 484 3478 552 irrationalis,
3518 498 3707 550 creatus
3729 501 3793 545 ta-

574 589 632 635 et
661 582 713 634 in
745 589 886 636 terra
931 599 945 634 :
996 590 1284 651 utrumque
1324 593 1504 636 tamen
1553 579 1991 650 inseparabiliter
2017 592 2155 632 unus
2259 592 2381 631 men
2412 577 2634 645 spiritus
2663 577 2963 630 intimatur.
2987 574 3246 641 Quotiens
3267 584 3448 630 autem
3469 592 3584 632 cum
3611 579 3791 635 honori-

575 672 811 726 hominis
832 671 1015 728 Filius.
1039 672 1158 742 Ipse
1188 673 1330 727 enim
1353 672 1507 727 Jesus
1527 670 1774 726 Christus
1793 685 1931 724 unus
1960 675 2041 723 est
2060 667 2156 720 Dei
2258 668 2475 722 licentia
2495 667 2726 738 Spiritus
2746 666 3054 722 nominatur
3076 666 3234 738 [sicut
3261 675 3345 722 est
3373 668 3500 723 illud
3524 671 3655 739 quod
3683 673 3795 743 Apo-

577 768 632 814 et
660 761 893 815 hominis
921 762 1106 816 Filius.
1137 762 1370 816 Inaniter
1403 775 1532 830 ergo
1562 761 1722 816 verba
1754 760 1850 815 tibi
1895 758 2155 827 multipli-
2209 755 2222 762 “
2257 756 2429 813 stolus
2475 757 2549 810 ait
2578 774 2590 810 :
2621 756 2729 811 Per
2753 759 3021 810 caritatem
3069 757 3297 827 Spiritus
3321 757 3497 829 (Rem.
3529 777 3612 828 xv,
3640 760 3732 833 50),
3757 777 3798 820 et

578 851 711 905 casti
751 851 1020 920 superﬂua
1047 893 1061 916 ,
1112 852 1300 907 volens
1344 852 1619 921 apostolos
1656 866 1764 905 non
1813 850 1987 906 solum
2031 847 2159 903 Iesu

581 942 802 1006 Christi,
835 957 1023 997 verum
1052 944 1210 996 etiam
1237 941 1437 997 Christi
1466 958 1653 997 servos
1693 940 2000 996 ostendere.
2027 939 2160 1018 Cum

582 1031 766 1099 utique
792 1033 903 1100 ipse
927 1032 1274 1098 sitChristus,
1291 1034 1381 1102 qui
1412 1041 1495 1088 est
1517 1032 1670 1086 Jesus
1683 1030 1949 1094 Christus,
1969 1038 2164 1083 utram-

583 1135 688 1188 que
715 1129 962 1175 naturam
992 1122 1195 1176 habens
1247 1122 1299 1175 in
1353 1138 1457 1176 una
1511 1135 1770 1190 persona,
1819 1119 1873 1172 in
1923 1133 2030 1187 quo
2084 1118 2167 1171 in-

585 1210 755 1263 divisa
800 1219 855 1264 et
901 1210 1180 1266 inconfusa
1232 1220 1415 1267 manet
1442 1211 1620 1265 divina
1651 1211 1991 1278 humanaque
2035 1208 2164 1263 sub-

590 1301 809 1354 stantia.

1069 1411 1543 1469 FRAGMENTUM
1583 1413 1694 1467 XV.

590 1503 703 1577 Nec
725 1506 948 1576 Spiritus
973 1509 1084 1561 sine
1105 1508 1370 1577 adjuncto,
1394 1505 1752 1577 nec_Spiritus_
1767 1502 2175 1577 sanctusiappel-

660 1574 796 1647 tatur
815 1579 869 1630 in
893 1574 1184 1647 Scripturis
1197 1578 1353 1630 Pater
1372 1586 1470 1647 aut_
1479 1575 1522 1627 F
1526 1576 1662 1647 ilius.
1687 1574 1833 1628 Idem
1852 1584 1928 1628 est
1950 1575 2176 1642 Spiritus

667 1645 788 1712 Dei,
815 1645 1042 1716 Spiritus
1073 1656 1299 1711 sanctus,
1330 1647 1416 1717 qui
1436 1645 1762 1701 Paracletus.

664 1755 866 1810 Saltem
897 1773 1042 1813 nunc
1072 1772 1304 1827 agnosce
1326 1757 1602 1826 apostolos
1643 1765 1699 1811 et
1731 1756 2024 1828 prophetas
2051 1752 2178 1822 Spi-

2260 863 2594 918 qutecunque
2617 847 2855 919 similia],
2885 864 2992 903 non
3014 849 3140 904 licet
3166 849 3219 903 in
3243 849 3324 904 his
3353 850 3571 920 intelligi
3598 853 3685 908 nisi
3704 853 3800 923 Spi-

2263 939 2422 994 ritum
2448 948 2725 1004 sanctum;
2749 939 2900 994 illum
2925 941 3112 1009 utique
3140 940 3399 1010 Spiritum
3429 941 3494 997 de
3515 958 3614 1012 quo
3649 943 3796 1001 Salva-

2263 1038 2353 1086 tor
2378 1043 2563 1086 noster
2589 1031 2725 1085 dixit
2757 1048 2768 1083 :
2802 1029 2968 1085 Omne
2994 1041 3278 1101 peccatum,
3323 1042 3371 1087 et
3404 1033 3713 1103 blasphemia,
3739 1056 3798 1091 re-

2264 1121 2491 1175 mittetur
2520 1119 2840 1184 hominibus;
2891 1121 3121 1190 Spiritus
3171 1132 3340 1177 autem
3383 1123 3680 1192 blasphemia
3723 1146 3800 1182 non

2266 1211 2548 1264 remittetur
2569 1209 2786 1281 (Matth.
2811 1226 2907 1278 xu,
2936 1211 3050 1281 51).
3079 1211 3139 1265 In
3177 1213 3283 1267 hoc
3312 1221 3493 1266 autem
3543 1214 3653 1268 loco
3696 1217 3806 1271 scire

2269 1300 2526 1356 debemus
2546 1301 2842 1370 genitivum
2871 1317 3053 1358 casum
3084 1318 3223 1368 esse,
3257 1302 3313 1357 id
3336 1311 3436 1368 est,
3482 1304 3622 1373 hujus
3665 1305 3800 1376 Spiri-

2274 1402 2386 1457 tus;
2417 1409 2529 1448 non
2557 1394 2970 1460 nominativum,
3003 1395 3145 1448 sicut
3173 1401 3426 1463 putantes
3472 1394 3691 1464 plerique
3733 1396 3805 1450 lal-

2274 1482 2474 1538 luntur.
2501 1483 2657 1549 Quod
2677 1483 2987 1540 distinctum
3019 1485 3288 1554 reperitur
3319 1485 3374 1539 in
3403 1483 3601 1549 Graeco,
3630 1487 3702 1539 ubi
3727 1503 3804 1542 non

2277 1575 2470 1630 dicitur
2494 1578 2551 1630 τὸ
2575 1583 2792 1647 Πνεῦμα.
2823 1575 2918 1631 sed
2939 1583 3030 1632 τοῦ
3063 1579 3370 1647 Πνιύματος.
3397 1575 3622 1645 Denique
3644 1576 3806 1633 Graecus

2281 1664 2454 1722 codex
2482 1661 2755 1734 Evangelii
2777 1665 2856 1719 sic
2883 1665 3073 1732 habet,-
3101 1667 3131 1723 ἡ
3154 1664 3208 1720 δὲ
3229 1672 3324 1720 τοῦ
3343 1664 3616 1736 Haeduum;
3637 1668 3809 1740 βλασφη-

2281 1759 2372 1827 μία
2401 1758 2484 1809 οὐκ
2510 1758 2834 1828 ἀφεθήσεται.
2874 1753 2975 1810 Ubi
2999 1754 3093 1809 Dei
3119 1755 3309 1820 Filius,
3344 1764 3401 1810 ut
3447 1756 3723 1810 ostenderet
3744 1760 3811 1826 qui

596 1848 761 1909 ritum
789 1846 1148 1913 Paracletum,
1183 1849 1288 1904 hoc
1316 1857 1400 1904 est
1429 1848 1684 1918 Spiritum
1714 1856 1980 1913 sanctum,
2008 1847 2180 1916 ipsum
2215 1871 2260 1929 Β
2283 1846 2353 1900 sit
2372 1845 2628 1914 Spiritus,
2659 1845 2815 1915 cujus
2853 1845 3223 1914 pronuntiavit
3263 1845 3666 1900 irremissibilem
3705 1847 3811 1901 blas-

600 1933 697 1987 Dei
719 1933 976 2004 Spiritum
999 1937 1339 2006 praedicasse.
1366 1936 1501 1991 Illud
1546 1951 1675 2006 ergo
1716 1936 1860 2006 quod
1899 1934 2185 2005 Apostolus

601 2025 782 2090 posuit
811 2043 823 2076 :
859 2025 958 2089 Qui
987 2026 1210 2096 Spiritui
1236 2026 1330 2080 Dei
1353 2029 1598 2080 servimus
1623 2025 1840 2097 (Philip.
1870 2041 1949 2092 nt,
1974 2024 2052 2089 '5),
2078 2037 2186 2076 non

602 2112 708 2166 alio
736 2128 896 2182 quam
927 2115 1151 2184 Spiritui
1199 2123 1406 2179 sancto,
1439 2114 1494 2167 id
1541 2123 1624 2168 est
1673 2113 1976 2177 Paracleto,
2006 2109 2191 2166 docuit

601 2201 964 2255 serviendum.
1000 2201 1153 2256 IIunc
1182 2209 1360 2256 autem
1388 2201 1566 2255 locum
1595 2215 1703 2254 non
1725 2215 2029 2269 possumus,
2052 2198 2191 2252 sicut

603 2301 661 2344 tu
691 2301 865 2362 putas,
892 2293 958 2348 de
989 2294 1102 2348 Deo
1133 2295 1310 2358 Patre,
1359 2293 1472 2347 sive
1501 2292 1568 2346 de
1599 2292 1710 2346 Deo
1735 2291 1873 2345 Filio
1920 2289 2188 2358 accipere.

608 2382 878 2448 Quoniam
907 2383 1034 2437 licet
1056 2391 1112 2437 et
1140 2381 1302 2437 Pater
1329 2381 1562 2452 Spiritus
1587 2382 1676 2445 sit,
1709 2394 1982 2449 nunquam
2014 2386 2191 2432 tamen

612 2471 774 2527 Pater
802 2481 896 2526 aut
919 2472 1084 2528 Filius
1105 2473 1368 2538 absolute,
1388 2472 1439 2526 id
1457 2479 1541 2527 est
1563 2472 1679 2526 sine
1699 2471 1876 2540 aliqua
1892 2469 2195 2537 adjectione

612 2565 847 2620 nominis
868 2565 1138 2619 invenitur
1165 2564 1398 2633 Spiritus
1420 2569 1778 2630 nuncupatus.
1813 2560 1943 2613 Nam
1974 2566 2029 2613 et
2055 2559 2107 2611 in
2128 2573 2195 2612 eo

603 2653 748 2722 quod
776 2654 974 2708 dictum
1003 2663 1084 2707 est
1111 2653 1368 2724 :Spiritus
1394 2662 1469 2706 est
1494 2651 1633 2705 Deus
1663 2651 1843 2721 (Joan.
1867 2666 1938 2716 tv,
1961 2648 2086 2718 24);
2110 2647 2197 2701 ad-

515 2771 520 2778 ι
605 2744 774 2798 ditum
826 2751 910 2798 est
963 2744 1073 2798 illic
1117 2743 1290 2806 Deus;
1348 2750 1404 2797 et
1433 2743 1487 2796 in
1514 2757 1581 2796 eo
1609 2741 1753 2810 quod
1783 2739 1950 2794 Filius
2001 2738 2199 2792 dicitur

2287 1935 2575 2006 phemiam,
2607 1936 2721 1991 hmc
2743 1935 2905 1990 verba
2934 1935 3209 2004 subjunxit
3233 1937 3389 2007 (vers.
3415 1936 3504 2006 52)
3538 1955 3549 1990 :
3573 1936 3634 1990 Et
3654 1939 3813 2007 quicun-

2289 2045 2384 2098 que
2403 2028 2596 2082 dixerit
2615 2027 2822 2082 verbum
2842 2035 3025 2082 contra
3070 2026 3268 2082 Filium
3322 2029 3562 2097 hominis,
3601 2031 3815 2083 remittitur

2289 2117 2364 2180 ei;
2414 2118 2499 2187 qui
2549 2125 2721 2170 autem
2776 2116 2968 2170 dixerit
3009 2126 3192 2170 contra
3224 2115 3483 2186 Spiritum
3502 2124 3816 2182 sanctum,‘non

2291 2207 2580 2260 remittetur
2601 2207 2671 2273 ei,
2703 2222 2864 2277 neque
2889 2206 2944 2259 in
2976 2206 3071 2260 hoc
3097 2206 3289 2260 saeculo
3313 2223 3474 2277 neque
3493 2208 3544 2259 in
3557 2207 3816 2278 [uturo.Non

2291 2296 2467 2348 solum
2498 2295 2681 2363 itaque
2711 2309 2834 2350 cum
2865 2295 3112 2349 absolute
3134 2294 3373 2364 Spiritus
3415 2296 3639 2364 ponitur,
3679 2295 3752 2350 sed
3781 2305 3816 2348 et

2293 2402 2414 2442 cum
2463 2384 2696 2454 Spiritus
2741 2393 2959 2440 sanctus
2989 2385 3055 2439 ab
3079 2385 3345 2454 apostolis
3374 2395 3703 2455 nuncupatur,
3729 2400 3820 2438 nus-

2293 2489 2454 2543 quam
2503 2475 2773 2530 invenitur
2801 2473 3091 2545 signilicari
3141 2473 3306 2529 Pater
3344 2483 3437 2529 aut
3466 2473 3634 2539 Filius,
3659 2473 3735 2529 sed
3759 2473 3818 2527 ille

2297 2565 2634 2633 signiﬁcatur
2658 2566 2910 2637 Spiritus,
2942 2566 3033 2636 qui
3066 2559 3282 2636 proprie
3312 2567 3366 2621 in
3408 2565 3653 2620 Triuitate
3675 2565 3822 2619 dicitur

2297 2655 2530 2725 Spiritus
2559 2665 2781 2712 sanctus
2809 2673 2822 2711 :
2855 2673 3014 2726 quem
3047 2658 3161 2726 ipse
3183 2657 3277 2712 Dei
3315 2657 3480 2712 Filius
3529 2657 3824 2712 indubitanter

2301 2747 2748 2808 ostendit,dicens
2776 2766 2789 2800 :
2819 2747 2920 2815 Ite,
2953 2747 3126 2801 docete
3153 2764 3332 2801 omnes
3355 2756 3543 2819 gentes,
3569 2747 3823 2817 baptizanles

606 2836 865 2906 Spiritus,
898 2836 1198 2891 invenimus
1225 2836 1512 2891 Jeremiam
1540 2835 1740 2890 dixisse
1776 2852 1788 2887 :
1818 2833 2045 2903 Spiritus
2077 2843 2201 2886 ante
2257 2901 2260 2903 _
2297 2853 2382 2892 eos
2406 2839 2459 2891 in
2481 2839 2688 2892 nomine
2714 2839 2892 2893 Patris
2914 2849 2962 2893 et
2987 2837 3116 2893 Filii
3146 2849 3196 2892 et
3224 2839 3458 2909 Spiritus
3483 2840 3635 2892 sancti
3661 2835 3821 2905 (.llatth.

610 2929 792 2998 (aciem
822 2939 1054 2982 nostram
1079 2925 1316 2982 Christus
1335 2925 1590 2980 Dominus
1617 2925 1831 2996 (Thren.
1864 2939 1932 2987 IV,
1951 2922 2060 2992 20).
2080 2921 2198 2978 Non
2301 2944 2485 2992 xxvm,
2519 2928 2628 2996 19).
2654 2928 2771 2983 Non
2799 2929 2982 2997 itaque
3004 2943 3282 2998 negamus,
3311 2929 3454 2998 quod
3483 2929 3658 2983 attinet
3680 2927 3732 2979 ad
3755 2940 3824 2978 na-

613 3031 793 3076 autem
847 3021 1091 3076 absolute
1135 3020 1295 3074 Pater
1321 3028 1377 3074 et
1407 3019 1570 3072 Filius
1601 3018 1876 3080 invenitur
1901 3015 2198 3085 nuncupari
2302 3027 2499 3084 turam,
2533 3028 2589 3075 et
2618 3019 2834 3076 Patrem
2858 3019 3137 3091 Spiritum,
3172 3031 3226 3075 et
3273 3019 3468 3075 Filium
3515 3019 3750 3089 Spiritum,
3787 3023 3826 3068 et

612 3112 862 3180 Spiritus,
894 3111 1038 3180 quod
1069 3110 1369 3165 invenimus
1389 3110 1442 3163 in
1464 3109 1669 3179 Spiritu
1697 3114 1907 3162 sancto.
1941 3105 2091 3161 Sicut
2105 3106 2199 3160 illo
2303 3108 2516 3164 Patrem
2547 3122 2815 3176 sanctum,
2847 3121 2902 3165 et
2922 3111 3113 3165 Filium
3140 3119 3390 3166 sanctum
3419 3130 3432 3163 :
3475 3125 3574 3164 una
3615 3116 3686 3163 est
3719 3106 3822 3160 enim

616 3202 739 3256 loco
761 3202 850 3256 ubi
882 3202 959 3254 ait
978 3200 1266 3269 Apostolus
1293 3218 1304 3252 :
1333 3198 1555 3252 Obsecro
1577 3199 1735 3268 igitur
1749 3213 1854 3261 vos,
1883 3197 2090 3266 fratres,
2110 3211 2203 3265 per
2230 3244 2272 3270 ί,
2304 3209 2495 3254 natura
2527 3199 2827 3265 Trinitatis,
2859 3209 2913 3254 et
2934 3217 3040 3254 uua
3072 3210 3154 3256 est
3174 3201 3293 3270 ejus
3339 3201 3588 3255 sanctitas
3607 3194 3823 3252 naturalis.

539 3279 541 3281 ’
617 3290 898 3344 Dominum
927 3297 1160 3343 nostrum
1185 3288 1362 3341 Jesum
1393 3287 1677 3351 Christum,
1715 3293 1766 3338 et
1795 3301 1886 3355 per
1935 3286 2203 3338 caritatem
2230 3279 2274 3304 υ
2305 3289 2411 3343 Sed
2463 3284 2660 3344 tamen
2699 3291 2843 3359 quod
2888 3291 3081 3345 attinet
3122 3291 3823 3361 ad.proprietatemperson:e.

622 3381 851 3450 Spiritus
883 3379 1059 3451 (Rom.
1092 3395 1183 3456 xv,
1214 3377 1326 3446 50),
1353 3377 1421 3432 de
1473 3376 1672 3446 Spiritu
1704 3383 1894 3430 sancto
1923 3373 2206 3428 manifeste
2305 3397 2568 3453 nusquam
2600 3383 2678 3438 sic
2703 3383 2976 3438 invenitur
3003 3385 3213 3454 positus
3261 3384 3497 3455 Spiritus
3543 3390 3749 3444 sanctus;
3784 3387 3826 3432 ut

619 3473 744 3527 dicit
771 3471 864 3542 (al.
888 3471 1136 3541 dicitur);
1181 3479 1236 3524 et
1259 3471 1451 3524 iterum
1474 3487 1485 3520 :
1521 3469 1586 3522 In
1607 3485 1705 3538 quo
1726 3478 1774 3521 et
1803 3484 1890 3522 vos
1912 3469 2207 3538 coaediﬁca-

620 3565 749 3618 mini
777 3565 832 3616 in
862 3562 1208 3615 habitaculum
1242 3561 1342 3615 Dei
1363 3569 1412 3614 et
1443 3560 1642 3630 Spiritu
1666 3557 1882 3629 (Ephes.
1913 3575 1975 3624 tt,
2001 3558 2114 3628 ‘29).
2141 3557 2208 3611 Et

619 3656 896 3726 apostolus
919 3653 1081 3709 Judas
1101 3655 1205 3708 ait:
1227 3652 1274 3706 Η
1282 3654 1298 3705 i
1317 3662 1436 3707 sunt
1457 3653 1542 3721 qui
1563 3660 1834 3721 segregant
1855 3653 2069 3720 seipsos,
2093 3651 2209 3703 ani-

622 3748 784 3801 males
815 3746 1070 3816 Spiritum
1091 3762 1193 3799 non
1225 3743 1468 3798 habentes
1497 3743 1674 3815 (Iuda:
1703 3743 1833 3810 tux).
1893 3740 1983 3795 Sic
2030 3747 2209 3794 autem

624 3853 748 3892 cum
779 3836 1026 3890 absolute
1053 3835 1248 3890 dicitur
1277 3834 1528 3904 Spiritus,
1561 3849 1669 3887 non
1724 3839 1807 3886 est
1837 3830 2211 3898 intelligendus

623 3929 726 3985 uisi
750 3927 980 3997 Spiritus
1001 3935 1217 3982 sanctus
1237 3944 1250 3991 ;
1274 3927 1413 3982 sicut
1432 3926 1596 3979 etiam
1626 3940 1745 3980 cum
1798 3923 1958 3977 Pater
2006 3932 2212 3976 tantum

624 4021 839 4085 dicitur,
871 4035 980 4075 non
1003 4019 1350 4086 intelligimus
1381 4018 1480 4072 nisi
1503 4017 1674 4071 Deum
1704 4015 1953 4078 Patrem;
2005 4022 2062 4069 et
2089 4029 2211 4068 cum

626 4113 792 4168 Filius
813 4112 1185 4168 tantummodo
1211 4111 1426 4178 dicitur,
1452 4127 1560 4166 non
1590 4125 1876 4180 possumus
1917 4109 2215 4178 intelligere

629 4207 730 4261 uisi
766 4206 940 4262 solum
963 4204 1255 4260 Christum.
1281 4207 1452 4270 Quam
1481 4205 1720 4271 regulam
1749 4202 1944 4257 divina:
1973 4202 2215 4272 Scriptu-

629 4313 704 4352 ra:
723 4297 1120 4367 promulgatam
1151 4304 1396 4350 tenemus
1418 4295 1680 4363 eloquiis;
1712 4309 1834 4362 qua:
1860 4291 2074 4347 Patrem
2115 4308 2216 4348 no-

630 4389 863 4452 minans,
895 4403 1004 4442 non
1034 4388 1194 4440 alium
1224 4402 1384 4455 quam
1439 4387 1607 4440 Deum
1651 4383 1867 4439 Patrem
1915 4385 2217 4455 intelligen-

629 4477 757 4530 dum
787 4475 1054 4541 ostendit;
1102 4483 1159 4529 et
1204 4475 1396 4529 Filium
1447 4474 1817 4529 tantummodo
1874 4490 2211 4545 nuncupans,

2305 3475 2494 3528 eodem
2525 3475 2744 3530 nomine
2770 3483 2863 3528 aut
2889 3475 3047 3530 Pater
3069 3477 3406 3548 intelligatur
3434 3486 3523 3532 aut
3549 3476 3718 3530 Filius:
3755 3469 3826 3524 nisi

2307 3563 2396 3618 ille
2423 3564 2639 3634 proprie
2670 3563 2981 3619 Paraclctus
3010 3565 3260 3635 Spiritus,
3295 3568 3388 3637 qui
3419 3584 3521 3622 non
3575 3573 3648 3618 est
3689 3561 3827 3628 utique

2309 3655 2469 3710 Pater
2521 3665 2612 3710 aut
2660 3657 2843 3721 Filius,
2903 3658 2997 3712 sed
3055 3674 3190 3713 unus
3221 3660 3471 3728 idemque
3497 3658 3653 3712 Patris
3675 3651 3826 3710 etFilii

2311 3746 2560 3816 Spiritus.

2683 3884 2839 3954 597
2872 3884 3353 3940 FRACMENTUM
3389 3884 3520 3939 XVI.

2316 3995 2544 4066 Spiritus
2571 3999 2738 4050 sancti
2778 4008 2833 4050 ut
2877 3997 3057 4051 Patris
3099 4008 3148 4050 et
3183 3998 3313 4051 Filii
3340 3999 3581 4067 templum
3610 3995 3833 4056 sumus,“

2728 4070 3066 4137 sacriﬁcium,
3098 4079 3147 4121 et
3170 4069 3492 4122 sacerdotes.

2387 4200 2529 4254 Nihil
2561 4209 2740 4256 tamen
2781 4202 3094 4271 praejudicat
3136 4202 3403 4256 divinitati
3444 4200 3659 4272 Spiritus
3686 4190 3827 4252 sancti,

2318 4309 2478 4363 quem
2510 4295 2808 4350 certissime
2834 4296 3026 4350 beatus
3055 4293 3254 4350 Paulus
3297 4311 3420 4351 esse
3446 4296 3606 4348 Deum
3632 4283 3828 4345 ostendit.

2318 4385 2536 4454 quando
2577 4401 2807 4456 corpora
2846 4396 3029 4442 nostra
3060 4387 3321 4455 templum
3350 4401 3468 4440 esse
3495 4383 3619 4438 dixit
3659 4374 3831 4447 Spiritus

2321 4477 2515 4544 sancti,
2560 4493 2708 4547 quem
2737 4477 2934 4531 habetis
2969 4494 3000 4529 a
3031 4477 3138 4530 Deo
3170 4476 3225 4543 (Ι
3247 4474 3368 4530 Cor.
3394 4493 3464 4537 vr,
3496 4474 3596 4542 19).
3639 4467 3723 4523 Ubi
3747 4461 3830 4518 nul-

630 4567 902 4622 Christum
917 4565 1312 4635 agnoscendum
1331 4566 1490 4636 596
1511 4580 1630 4620 esse
1651 4567 2002 4632 monstravit;
2026 4565 2219 4636 etSpi-
2237 4562 2295 4637 'n
2321 4568 2534 4622 latenus
2561 4575 2717 4637 potes
2745 4582 3031 4636 personam
3067 4566 3238 4620 Patris
3275 4565 3592 4627 ostendere;
3635 4554 3830 4627 quoniam

630 4660 790 4713 ritum
819 4617 1194 4712 tantilmmodo
1217 4617 1520 4718 nom‘i'tiat‘t's,
1563 4655 1823 4726 Spiritum
1853 4625 2097 4711 sanctum
2125 4617 2217 4711 arc-
2242 4617 2297 4678 D
2320 4655 2510 4710 beatus
2537 4617 2828 4724 Arpostolrus
2858 4671 2888 4709 a
2931 4655 3043 4710 Deo
3089 4657 3225 4710 dixit
3267 4670 3366 4710 nos
3409 4655 3597 4708 habere
3635 4645 3830 4717 Spiritum

631 4748 936 4819 cipiendum
966 4747 1220 4802 edocuit:
1271 4747 1374 4801 illis
1402 4746 1665 4801 duntaxat
1695 4746 1827 4802 locis
1875 4747 2068 4816 quibus
2108 4763 2218 4803 non

632 4846 727 4902 aut;
755 4837 1019 4892 humanus
1046 4835 1265 4905 spiritus
1295 4834 1637 4903 accipiendas
1663 4843 1764 4898 est,
1809 4844 1901 4889 aut
1944 4835 2062 4904 ipso
2116 4836 2219 4891 hu-

636 4943 796 4983 mano
824 4927 1016 4996 spiritu
1044 4932 1291 4980 creatura
1313 4925 1563 4995 qumlibet
1591 4923 1842 4989 inferior;
1887 4926 2026 4980 sicut
2054 4934 2140 4980 est
2159 4925 2224 4980 il-

633 5018 726 5073 lud
749 5016 895 5087 quod
917 5017 993 5070 ait
1021 5016 1309 5085 Apostolus
1339 5033 1351 5067 :
1385 5017 1580 5085 Corpus
1609 5016 1814 5086 quidem
1852 5024 2110 5070 mortuum
2147 5024 2226 5070 est

632 5117 841 5178 propter
868 5095 1153 5176 peccatum,
1177 5107 1387 5175 spiritus
1415 5123 1530 5160 vero
1572 5108 1676 5159 vita
1726 5116 1934 5177 propter
1966 5107 2226 5177 justitiam

635 5201 811 5264 (Rom.
843 5216 954 5266 vm,
979 5198 1090 5267 10).
1119 5196 1185 5250 Et
1213 5197 1341 5250 illud
1368 5197 1511 5265 quod
1539 5197 1675 5251 dixit
1696 5197 1954 5252 Dominus
1977 5213 2072 5266 per
2094 5213 2225 5268 pro-

635 5293 853 5360 phetam
882 5309 894 5343 :
915 5291 1143 5360 Spiritus
1165 5306 1197 5342 a
1221 5306 1300 5342 me
1319 5289 1475 5355 exiet,
1507 5298 1555 5342 et
1583 5305 1784 5343 omnem
1809 5292 1992 5358 ﬂatum
2013 5307 2105 5360 ego
2128 5291 2227 5360 feci

637 5384 790 5451 (lsai.
824 5400 952 5451 LVII,
978 5384 1088 5452 16).
1121 5381 1370 5436 Ostendit
1393 5381 1535 5435 enim
1565 5381 1693 5448 quid
1723 5373 1918 5435 dixerit
1947 5381 2217 5450 spiritum,

635 5477 850 5546 quando
898 5477 1030 5531 dixit
1081 5487 1127 5530 et
1190 5478 1388 5536 ﬂutant.
1445 5473 1690 5529 Hominis
1744 5481 1921 5528 autem
1977 5474 2227 5541 spiritum

634 5576 921 5639 propterea
950 5567 1132 5623 llatum
1160 5567 1312 5630 dixit,
1365 5574 1587 5635 propter
1630 5564 1773 5634 quod
1817 5564 2074 5632 scriptum
2123 5570 2224 5624 est,

633 5666 757 5730 quia
791 5663 1067 5733 insufﬂauit
1093 5661 1228 5738 ηεαδ
1253 5663 1303 5713 in
1336 5662 1521 5730 faciem
1549 5661 1771 5714 hominis
1819 5659 2057 5728 spiritum
2085 5658 2223 5722 vim,

634 5766 681 5804 et
711 5757 878 5823 [actus
901 5763 976 5808 est
1007 5754 1158 5806 homo
1183 5755 1231 5805 in
1265 5753 1490 5804 animam
1517 5752 1681 5804 vivam
1714 5749 1922 5820 (Cenes.
1947 5765 2002 5812 u,
2031 5747 2103 5817 7).
2139 5745 2226 5800 In-

638 5845 923 5899 veniuntur
953 5846 1055 5900 alia
1085 5844 1298 5908 similia,
1333 5843 1384 5896 in
1415 5842 1607 5910 quibus
1639 5858 1743 5896 non
1772 5841 1859 5896 ille
1881 5847 2116 5906 creator,
2133 5838 2227 5894 sed

2321 4752 2588 4801 sanctum.
2613 4746 2722 4802 Sed
2749 4761 2924 4816 neque
2937 4761 3224 4816 personam
3243 4746 3362 4800 Filii
3383 4746 3726 4800 demonstrare
3741 4731 3832 4788 ulla-

2323 4847 2481 4894 tenus
2502 4845 2658 4909 potes
2679 4838 2731 4891 in
2753 4838 2971 4892 nomine
2993 4837 3226 4908 Spiritus
3254 4837 3445 4899 sancti,
3471 4847 3627 4904 qnam-
3645 4822 3830 4897 superius

2323 4931 2580 4986 discrevit
2607 4930 2917 5000 Apostolus,
2947 4929 3134 4985 dicens
3179 4947 3190 4981 :
3247 4927 3470 4982 Nescitis
3517 4924 3626 4995 quia
3667 4926 3830 4985 carpo"

2325 5032 2494 5077 vestra
2523 5020 2753 5076 membra
2779 5020 2975 5074 Christi
2994 5029 3113 5073 sunt
3163 5017 3350 5090 (Ibid.,
3385 5015 3517 5086 15)?
3552 5011 3603 5066 In
3630 5011 3716 5064 hoc
3737 5011 3830 5066 οτεο

2329 5120 2571 5167 sanctam
2619 5110 2936 5164 Trinitatem
2982 5109 3259 5167 evidenter
3307 5104 3540 5161 ostendit
3584 5091 3827 5169 Apostolus».

2333 5202 2618 5256 nominans
2644 5200 2948 5265 Christum,
2982 5199 3035 5254 id
3063 5207 3145 5253 est
3169 5199 3263 5252 Dei
3292 5196 3507 5264 Filium,
3536 5189 3773 5247 nominans
3793 5183 3830 5230 el

2332 5293 2589 5362 Spiritum
2619 5299 2862 5347 sanctum
2889 5334 2904 5359 ,
2953 5291 3238 5346 nominans
3257 5286 3595 5344 nihilominus
3620 5289 3667 5335 et
3689 5277 3827 5330 Deum.

2335 5383 2386 5437 id
2428 5391 2508 5438 est
2552 5381 2789 5450 Patrem,
2820 5398 2850 5436 a
2881 5398 2988 5454 quo
3015 5382 3275 5437 habemus
3299 5382 3467 5450 ipsum
3492 5374 3716 5446 Spiritum
3738 5377 3828 5454 stn-

2334 5482 2479 5526 ctum
2513 5472 2678 5541 (quod
2708 5452 2940 5527 inaniter
2969 5473 3075 5527 tuis
3101 5470 3394 5526 mendaciis
3423 5463 3657 5524 indidisti,
3680 5455 3751 5511 sed
3765 5452 3831 5502 Ιιαο

2334 5566 2506 5618 bemus
2536 5579 2652 5617 eum
2673 5581 2704 5617 a
2734 5562 2866 5635 Deo)
2902 5583 2914 5617 :
2947 5564 2999 5619 in
3031 5579 3140 5634 quo
3168 5563 3350 5633 utique
3379 5561 3495 5616 ideo
3523 5565 3683 5610 veram
3705 5543 3831 5635 ἀίδην

2334 5663 2442 5709 tem
2471 5656 2871 5723 cognoscimus,
2905 5657 3029 5724 quia
3062 5656 3316 5725 templum
3339 5654 3386 5708 ei
3418 5667 3517 5707 non
3545 5649 3605 5702 de
3629 5634 3831 5733 hPIdibf

2335 5756 2385 5799 et
2416 5746 2572 5814 lignis
2600 5747 2848 5815 facimus,
2880 5749 2974 5803 sed
3009 5748 3265 5818 templum
3305 5747 3420 5815 ejus
3461 5758 3553 5798 nos
3586 5746 3753 5790 sumus.
3786 5723 3830 5776 Ει

2336 5839 2519 5908 Illique
2549 5841 2639 5908 qui
2684 5842 2737 5895 in
2768 5841 2968 5911 templo
3013 5857 3118 5922 non
3150 5836 3449 5895 manufacto
3478 5832 3686 5888 habitat,
3730 5821 3831 5871 DN”
