4046 6500
847 343 922 356 ν...

206 401 314 460 769

204 527 292 573 est
317 517 584 582 excelsus,
624 515 784 571 beato
811 515 1084 583 Stephano
1112 513 1341 576 dicente,
1372 517 1494 583 quia
1522 513 1773 567 Excelsus
1813 518 1861 574 Α

207 625 313 661 non
337 609 392 661 in
418 600 730 678 manufactis
761 606 959 658 habitat
1005 603 1138 675 (Act.
1173 620 1276 670 vii,
1302 604 1412 672 48).
1463 603 1616 658 Unde
1661 618 1783 658 cum

205 698 314 754 hoc
328 698 572 765 dixisset,
594 707 649 754 et
669 697 796 752 illud
817 697 1178 752 testimonium
1200 695 1340 750 idem
1368 705 1570 766 martyr
1594 695 1788 748 beatis-

206 789 376 843 simus
405 788 744 852 subdidisset,
775 787 914 856 quod
938 788 1040 857 (al.
1059 788 1186 857 quo)
1204 787 1396 842 dicitur
1422 787 1642 841 :Ccetum
1664 785 1789 838 milii

206 878 356 930 sedes
375 886 471 943 est,
497 889 634 930 terra
654 887 824 931 autem
847 877 1124 930 scabellum
1138 876 1322 946 pedum
1346 893 1572 930 meorum
1596 893 1611 928 :
1636 890 1788 945 quam

208 969 420 1023 domum
442 968 768 1038 wdificabitis
804 968 974 1020 mihi?
1018 967 1143 1020 dicit
1171 964 1422 1020 Dominus
1473 965 1608 1030 (Isa.
1643 980 1784 1027 vai,

209 1061 267 1132 1)
295 1079 308 1128 ;
340 1070 462 1131 post
491 1076 659 1130 pauca
689 1060 919 1129 subjecit
951 1077 963 1112 :
996 1056 1143 1111 Dura
1172 1058 1363 1111 cerrice
1383 1055 1788 1110 etincircumcisi

210 1152 367 1206 corde
396 1162 445 1207 et
466 1150 695 1216 auribus,
723 1167 807 1204 ros
832 1167 1031 1220 semper
1057 1149 1276 1217 Spiritui
1296 1157 1478 1202 sancto
1508 1147 1785 1210 restitistis,

209 1242 345 1294 sicut
373 1251 546 1308 patres
573 1240 730 1294 vestri
757 1250 805 1291 et
833 1255 920 1292 vos
944 1238 1082 1310 (Act.
1110 1253 1198 1301 vii,
1234 1235 1348 1303 5|).
1385 1234 1531 1289 Unus
1561 1241 1789 1301 estergo

212 1331 356 1386 Deus
395 1331 657 1395 excelsus,
686 1330 867 1393 Pater,
901 1337 956 1384 et
985 1326 1150 1382 Filius
1168 1369 1182 1393 ,
1213 1335 1268 1381 et
1295 1326 1526 1396 Spiritus
1553 1331 1788 1389 sanctus,

210 1421 306 1489 qui
329 1437 434 1475 non
465 1422 516 1474 in
539 1419 853 1473 manufactis
869 1418 1102 1482 habitat;
1127 1417 1242 1484 sed,
1264 1432 1362 1485 per
1383 1415 1608 1483 gratiam
1630 1428 1789 1481 quam

215 1510 372 1568 nobis
412 1511 632 1572 tribuit,
689 1525 785 1563 nos
833 1508 931 1563 sibi
977 1507 1232 1576 templum
1270 1507 1563 1560 clementer
1592 1501 1788 1557 effecit.

213 1598 326 1653 Nec
347 1599 521 1652 solum
552 1599 826 1667 templum,
851 1596 943 1651 sed
961 1597 1120 1651 etiam
1144 1595 1483 1650 sacriﬁcium.
1510 1593 1627 1663 ipsa
1649 1593 1791 1647 enim

214 1703 446 1758 corpora
477 1697 660 1742 nostra
689 1689 828 1758 (quae
853 1685 1110 1756 templum
1135 1700 1253 1740 esse
1276 1700 1381 1738 non
1405 1684 1570 1738 solius
1595 1681 1789 1747 Patris,

214 1795 319 1835 nec
346 1781 512 1835 solius
533 1779 672 1846 Filii,
707 1795 805 1833 nec
829 1779 995 1834 solius
1021 1777 1252 1847 Spiritus
1281 1777 1471 1842 sancti,
1505 1775 1597 1831 sed
1629 1775 1793 1844 ipsius

1260 373 1534 456 CONTRA
1573 398 1921 455 FABIANUM
1962 397 2405 456 FRAGMENTA.

3360 401 3461 456 770

2336 512 2807 568 FRAGMENTUM
2852 512 3011 568 XVII.

1894 606 2016 662 Non
2057 608 2226 661 minus
2256 607 2484 677 Spiritus
2513 617 2719 661 sanctus
2747 618 2825 677 est
2861 607 3003 662 Deus
3030 624 3162 661 unus
3205 619 3252 663 et
3297 624 3462 675 verus,

2355 694 2510 746 quam
2539 677 2699 730 Pater
2723 688 2773 730 et
2799 676 2989 731 Filius.

1959 765 2072 820 Non
2091 765 2234 820 enim
2260 766 2370 820 Deo
2394 781 2520 821 vero
2549 773 2604 821 et
2625 767 2750 821 vivo
2771 768 2988 834 militat,
3013 783 3188 838 neque
3211 768 3321 823 Deo
3341 772 3465 825 vivo

1888 867 1944 909 et
1972 871 2099 910 vero
2137 857 2331 921 servit,
2380 857 2621 924 quisquis
2649 857 2905 926 templum
2933 858 2988 910 in
3018 858 3335 926 corporibus
3365 859 3466 911 hu-

1888 948 2113 1010 minum,
2146 961 2251 1000 non
2283 946 2394 1000 Deo
2420 946 2544 1001 vivo
2573 954 2630 1000 et
2658 961 2818 1012 vero,
2847 947 2941 1001 sed
2971 945 3074 1001 deo
3104 947 3309 1001 incerto
3339 947 3468 1001 aedi-

1890 1032 2047 1088 ﬁcare
2073 1034 2367 1089 contendit.
2398 1033 2541 1088 Talis
2571 1043 2749 1089 autem
2775 1033 3056 1088 aediﬁcatio
3098 1050 3204 1088 non
3235 1045 3319 1089 est
3359 1037 3467 1089 uli—

1889 1141 1993 1194 que
2034 1140 2062 1178 a
2100 1124 2232 1180 Deo.
2283 1123 2350 1177 Et
2377 1125 2648 1194 quomodo
2699 1125 2802 1178 illis
2830 1139 2967 1193 quos
2999 1125 3254 1193 templum
3294 1127 3470 1181 sancti

1888 1215 2119 1286 Spiritus
2158 1231 2276 1270 esse
2305 1216 2558 1281 dicebat,
2603 1217 2849 1286 superius
2878 1217 2952 1270 ait
2999 1235 3012 1270 :
3064 1217 3164 1270 Dei
3192 1220 3471 1289 tediﬁcatio

1891 1309 2013 1362 estis
2038 1307 2092 1381 (Ι
2113 1305 2233 1362 Cor.
2259 1324 2334 1374 ιιι,
2355 1309 2410 1378 9)
2431 1310 2455 1362 ?
2476 1309 2626 1363 Nunc
2649 1309 2830 1377 itaque
2859 1325 3021 1363 unum
3054 1310 3150 1364 tibi
3180 1311 3470 1365 tenendum

1891 1405 2030 1467 este
2058 1397 2266 1452 duobus
2300 1415 2312 1450 :
2346 1405 2406 1451 ut
2434 1407 2527 1452 aut
2552 1411 2812 1464 agnoscas
2841 1414 2871 1453 a
2902 1399 3013 1454 Deo
3042 1400 3096 1453 in
3133 1400 3284 1455 nobis
3305 1400 3470 1455 aediﬁ-

1890 1498 2068 1543 catum
2097 1491 2270 1544 sancti
2291 1489 2521 1560 Spiritus
2547 1493 2823 1561 templum,
2853 1501 2909 1547 et
2936 1509 3003 1547 ex
3034 1495 3138 1549 hoc
3165 1509 3465 1563 cognoscas

1890 1595 2074 1634 verum
2100 1580 2267 1634 Deum
2295 1597 2411 1635 esse
2433 1580 2690 1651 Spiritum
2716 1592 2963 1638 sanctum
2998 1602 3009 1636 :
3040 1595 3132 1638 aut
3151 1586 3195 1638 si
3218 1602 3326 1640 non
3353 1602 3472 1642 cre-

1890 1670 1971 1724 dis
2003 1673 2140 1726 hanc
2168 1686 2287 1725 esse
2323 1671 2418 1726 Dei
2441 1672 2884 1738 aediﬁcationem,
2914 1672 3137 1727 Paulum
3167 1675 3472 1744 proﬁtearis

1893 1773 2010 1814 esse
2054 1759 2385 1813 mendacem.
2437 1759 2546 1814 Sed
2582 1759 2627 1814 si
2674 1760 2813 1814 hanc
2857 1762 3290 1830 praedicationem
3320 1761 3473 1819 Pauli

215 1870 512 1936 Trinitatis,
542 1871 699 1924 unius
718 1869 836 1938 Dei,
870 1870 1075 1924 scilicet
1103 1868 1298 1933 Patris,
1319 1874 1371 1920 et
1392 1867 1530 1930 Filii,
1547 1873 1600 1920 et
1628 1865 1795 1935 Spiri-
1829 1864 1869 1924 Β
1896 1847 2078 1901 audire
2105 1847 2358 1938 ηοιιξθτῖεν
2390 1856 2449 1902 ιιι
2474 1849 2820 1903 remanebisa
2846 1850 3075 1904 veritate
3097 1851 3312 1920 penitus
3341 1853 3473 1908 alie-

214 1970 304 2015 tus
316 1961 507 2026 sancti,
531 1960 780 2028 superius
791 1969 872 2013 est
898 1974 926 2012 a
950 1958 1104 2012 nobis
1120 1956 1446 2012 sufﬁcienter
1471 1955 1788 2025 ostensum),

217 2060 278 2104 ut
316 2051 548 2104 hostiam
588 2051 761 2103 vivam
799 2047 911 2102 Deo
953 2049 1340 2112 exhibeamus,
1399 2048 1588 2101 beatus
1636 2045 1820 2100 docet‘

218 2141 512 2208 Apostolus
539 2139 724 2194 dicens
754 2159 766 2192 :
801 2139 1025 2193 Obsecro
1055 2139 1226 2208 itaque
1265 2155 1378 2200 vos,
1431 2141 1617 2209 fratres
1641 2179 1657 2204 ,
1705 2152 1795 2206 per

215 2229 628 2282 misericordiam
657 2227 788 2292 Dei,
831 2237 887 2280 ut
915 2226 1200 2279 exlzibeatis
1246 2242 1462 2295 corpora
1491 2234 1658 2277 uestra
1698 2224 1792 2277 ho-

213 2319 366 2370 stiam
395 2317 658 2381 viventem,
682 2327 937 2378 sanctam,
964 2313 1071 2368 Deo
1099 2314 1387 2384 placentem
1410 2313 1696 2384 (Romam,
1717 2312 1788 2382 1).

214 2404 456 2459 Hostiam
481 2420 607 2458 vero
630 2404 683 2457 in
712 2411 970 2472 quantum
999 2403 1226 2472 quisque
1256 2400 1416 2456 oﬁ'ert
1439 2402 1567 2464 Deo,
1604 2401 1657 2454 in
1677 2410 1795 2454 tan-

215 2501 331 2545 tum
350 2493 663 2562 spiritaliter
683 2489 918 2558 fungitur
946 2491 1243 2544 sacerdotis
1271 2489 1468 2543 cilicio.
1501 2487 1654 2542 Unde
1675 2489 1798 2542 bea-

216 2593 303 2638 tus
329 2598 545 2652 quoque
575 2583 796 2646 Petrus,
830 2582 988 2637 simul
1029 2598 1128 2636 nos
1157 2588 1210 2636 et
1252 2581 1507 2650 templum
1556 2596 1693 2644 esse,
1743 2588 1799 2634 et

216 2673 551 2736 sacerdotes,
583 2683 638 2727 et
665 2673 868 2727 hostias
897 2671 1316 2735 demonstravit,
1351 2670 1536 2724 dicens
1566 2688 1578 2722 :
1613 2669 1681 2722 Et
1711 2686 1796 2723 vos

219 2771 463 2832 tanquam
501 2762 699 2832 lapides
731 2763 857 2826 vivi,
901 2762 1231 2830 a’diﬁcamini
1269 2762 1322 2813 in
1353 2759 1559 2813 domum
1583 2760 1799 2830 spirita-

218 2855 340 2920 lem,
379 2856 434 2907 in
456 2853 799 2907 sacerdotium
827 2861 1081 2918 sanctum,
1118 2851 1394 2919 offerentes
1416 2849 1677 2920 spiritales
1703 2849 1796 2902 lto-

217 2946 376 3009 stias,
421 2943 757 3014 acceptabiles
789 2942 896 2997 Deo
939 2958 1030 3012 per
1067 2941 1242 2995 Jesum
1274 2939 1531 2994 Christum
1573 2939 1627 3008 (Ι
1653 2938 1796 2994 Petr.

220 3050 273 3096 κ,
301 3033 377 3103 5).
401 3033 532 3100 Quia
564 3034 677 3103 ipse
705 3049 803 3102 pro
826 3032 980 3086 nobis
1004 3031 1176 3086 factus
1205 3038 1288 3086 est
1315 3029 1586 3096 sacerdos,
1619 3039 1672 3084 et
1703 3029 1800 3084 ob-

220 3123 338 3176 tulit
364 3124 706 3192 semetipsum
735 3138 832 3192 pro
851 3122 1025 3188 nobis,
1059 3123 1199 3177 sicut
1218 3122 1293 3174 ait
1323 3121 1613 3190 Apostolus
1643 3137 1655 3172 :
1693 3119 1799 3172 0b-

1896 1951 2030 2001 nus;
2081 1937 2310 1990 mendax
2341 1945 2520 1991 autem
2560 1954 2668 1993 non
2706 1938 2809 1993 erit
2838 1939 3064 2004 Paulus,
3115 1941 3205 2008 qui
3245 1943 3473 1998 veritate

1892 2026 2080 2095 plenus
2100 2026 2363 2080 exclamat
2387 2046 2398 2077 :
2438 2025 2716 2081 Veritatem
2738 2027 2856 2082 dico
2879 2030 2932 2082 in
2963 2029 3163 2083 Christo
3183 2029 3340 2096 Iesu;
3365 2049 3470 2087 non

1893 2117 2137 2183 mentior,
2171 2119 2514 2171 testimonium
2540 2119 2666 2172 mihi
2695 2118 2988 2188 perhibente
3016 2121 3330 2174 conscientia
3357 2140 3473 2177 mea

1892 2208 1947 2260 in
1975 2207 2174 2276 Spiritu
2202 2216 2380 2261 sancto
2410 2207 2585 2278 (Rom.
2621 2225 2696 2276 ix,
2727 2207 2804 2278 1).
2837 2207 3100 2274 Quoniam
3131 2210 3292 2276 igitur
3318 2213 3466 2265 veri:

1894 2306 2055 2353 tatem
2085 2299 2282 2354 Paulus
2310 2300 2522 2367 docuit,
2555 2310 2609 2356 et
2649 2300 2832 2356 dicens
2859 2318 3088 2371 corpora
3118 2311 3300 2356 nostra
3335 2310 3470 2355 tem-

1891 2385 2035 2454 plum
2055 2402 2175 2442 esse
2204 2387 2434 2457 Spiritus
2461 2390 2654 2452 sancti,
2686 2390 3038 2444 certissimam
3065 2389 3181 2457 ejus
3208 2390 3465 2444 deitatem

1894 2474 2134 2531 ﬁdelibus
2156 2477 2454 2543 intimavit;
2485 2478 2726 2547 quisquis
2753 2493 2933 2532 veram
2965 2487 3277 2546 certamque
3303 2466 3473 2533 deita-

1896 2571 1998 2617 tem
2020 2566 2187 2620 sancti
2209 2566 2439 2635 Spiritus
2469 2575 2646 2634 negat,
2682 2575 2974 2636 cognoscat
3002 2582 3060 2622 se
3086 2568 3152 2622 ad
3175 2566 3472 2623 Ecclesium

1897 2653 1986 2708 Dei
2014 2655 2118 2708 vivi
2149 2655 2451 2711 nullatenus
2472 2658 2759 2725 pertinere,
2776 2673 2934 2725 quam
2949 2657 3144 2712 Paulus
3165 2659 3471 2712 columnam

1896 2751 1950 2796 et
1978 2740 2371 2798 ﬁrmamentum
2405 2746 2647 2800 veritatis
2686 2747 2921 2816 appellat
2970 2746 3045 2818 (Ι
3072 2747 3201 2801 Tim.
3234 2764 3308 2812 Ill,
3344 2749 3470 2816 15).

1897 2832 2020 2899 Quae
2045 2841 2234 2889 sancta
2266 2836 2492 2890 ecclesia
2521 2837 2662 2891 illius
2688 2852 2746 2892 se
2767 2838 2923 2892 unius
2947 2837 3044 2892 Dei
3062 2839 3331 2908 templum
3353 2855 3473 2894 esse

1897 2925 2059 2990 novit,
2086 2939 2243 2993 quem
2264 2933 2457 2980 natura
2482 2926 2667 2992 Deum,
2697 2936 2752 2982 et
2775 2929 2844 2983 ob
2866 2929 2969 2983 hoc
2985 2929 3100 2997 ejus
3126 2929 3465 2984 divinitatem

1895 3030 2070 3069 veram
2099 3024 2407 3085 certamque
2439 3018 2734 3085 cognoscit.
2770 3017 3041 3086 Abjicieus
3069 3019 3274 3074 scilicet
3301 3017 3468 3073 falso-

1897 3120 2011 3158 rum
2052 3105 2276 3160 deorum
2305 3107 2568 3162 culturam
2602 3126 2615 3160 :
2647 3109 2738 3177 qui
2776 3124 2875 3178 pro
2913 3125 2980 3164 eo
3009 3109 3153 3178 quod
3178 3119 3368 3165 natura
3397 3111 3472 3165 dii

220 3211 462 3266 lationem
491 3223 539 3266 et
567 3213 786 3266 hostiam
808 3211 917 3265 Deo
942 3212 995 3264 in
1037 3211 1245 3265 odorem
1276 3209 1544 3263 suavitatis
1577 3207 1788 3279 (Ephes.
1823 3225 1866 3288 ο
1896 3211 1999 3288 ηοξ)
2025 3204 2165 3261 sum,
2193 3205 2398 3288 Pieriam
2426 3197 2680 3253 deitatem
2703 3199 2904 3255 habere
2934 3216 3042 3255 ηοη
3071 3207 3315 3270 Ροέευηῐ·
3344 3201 3472 3257 Ρτο·

221 3320 272 3370 v,
297 3304 372 3374 2).
407 3305 568 3376 598
587 3305 694 3359 Sed
716 3304 859 3374 quod
884 3302 1160 3359 offerimus
1188 3318 1285 3372 per
1307 3303 1577 3357 Christum
1605 3317 1796 3356 secun-

219 3394 345 3449 dum
371 3396 538 3450 solius
561 3397 945 3451 humanitatem
975 3395 1115 3459 Filii,
1141 3397 1241 3465 ipsi
1275 3411 1496 3470 summa:
1525 3395 1680 3450 simul
1711 3393 1795 3449 οῖ-

1896 3286 2013 3340 inde
2038 3288 2164 3356 quia
2186 3287 2276 3341 illa
2299 3296 2382 3343 est
2405 3297 2553 3342 certa
2573 3289 2766 3357 deitas,
2799 3305 2919 3359 quae
2944 3288 3028 3345 est
3050 3292 3345 3356 naturalis;
3377 3293 3471 3360 qui

1895 3386 2082 3432 natura
2105 3378 2178 3433 dii
2204 3395 2312 3434 non
2337 3388 2482 3446 sunt,
2506 3389 2711 3435 certam
2741 3381 2997 3437 deitatem
3026 3398 3134 3437 non
3163 3383 3392 3449 habent;
3418 3392 3474 3437 et

221 3486 438 3540 ferimus
461 3486 725 3542 Trinitati.
759 3487 924 3553 Digne
953 3501 1081 3554 ergo
1107 3487 1340 3561 λατρέιαν
1359 3496 1551 3542 sancto
1573 3485 1797 3556 Spiritui
2012 3479 2212 3561 cenam
2241 3484 2350 3561 ξ)οη
2376 3469 2610 3535 habent:
2650 3471 2850 3524 "una"!
2895 3471 3114 3526 habem-
3148 3471 3314 3526 nec“!
3344 3487 3474 3526 vero

221 3573 502 3639 debemus,
545 3575 697 3643 cujus
723 3591 952 3644 corpora
982 3584 1165 3630 nostra
1196 3576 1451 3644 templum
1490 3591 1608 3630 esse
1644 3575 1798 3629 novi-

221 3678 342 3717 mus
376 3681 389 3714 :
422 3671 476 3717 et
503 3679 569 3716 ex
597 3664 700 3717 hoc
732 3664 806 3717 illi
845 3664 1035 3717 eadem
1075 3679 1304 3732 corpora
1336 3673 1537 3729 nostra,
1567 3664 1798 3718 hostiam

222 3755 489 3809 viventem
512 3753 824 3824 spiritaliter
842 3755 1180 3809 exhibemus.
1211 3755 1378 3822 Cujus
1407 3763 1588 3810 autem
1616 3770 1799 3809 sumus

222 3846 500 3916 templum,
524 3855 577 3900 et
598 3847 685 3900 cui
707 3861 934 3914 corpora
959 3853 1140 3900 nostra
1163 3844 1480 3900 sacriﬁcium
1503 3845 1796 3912 offerimus,

224 3953 444 3992 necesse
483 3948 565 3991 est
594 3945 652 3992 ut
698 3937 747 3991 ei
787 3936 1122 3992 sacerdotale
1168 3938 1444 3992 servitium
1486 3937 1795 3992 debeamus.

224 4027 360 4083 Hinc
388 4037 471 4083 est
494 4021 638 4097 quod
662 4027 903 4084 Ecclesia
930 4028 1218 4091 catholica,
1252 4043 1370 4097 qua:
1399 4039 1595 4083 sanctae
1625 4028 1800 4083 Trini-

225 4121 370 4187 tatis,
393 4120 444 4174 id
466 4127 548 4174 est
575 4121 729 4174 unius
750 4119 864 4184 Dei,
891 4135 1053 4173 unum
1075 4128 1157 4174 est
1175 4120 1452 4188 templum,
1484 4119 1656 4174 eidem
1679 4135 1804 4173 san-

224 4218 321 4264 ctaa
349 4208 594 4262 Trinitati
617 4211 706 4263 uni
733 4209 844 4263 Deo
873 4209 1111 4278 spiritale
1135 4209 1453 4264 sacriﬁcium
1477 4208 1669 4265 oﬁerre
1696 4224 1801 4263 non

225 4301 421 4355 desinit
462 4319 475 4353 :
520 4302 644 4369 quia
675 4301 773 4369 ipsi
816 4299 1082 4365 Trinitati,
1115 4301 1206 4355 uni
1251 4315 1380 4354 vero
1415 4307 1470 4354 et
1495 4301 1639 4356 bono
1670 4300 1802 4366 Deo,

225 4391 500 4444 servitium
542 4390 874 4445 sacerdotale
922 4391 1220 4446 certissime
1259 4407 1318 4446 se
1364 4390 1568 4446 debere
1597 4404 1802 4458 cogno-

229 4481 350 4534 scit.

1900 3557 2060 3626 ﬁdes,
2108 3559 2199 3614 uni
2238 3560 2351 3615 Deo
2384 3576 2514 3615 vero
2542 3563 2771 3639 λατρείαν
2817 3563 3070 3617 exhibere
3099 3577 3206 3616 non
3237 3561 3471 3629 dubitat,
3529 3619 3537 3630 ,

1901 3661 2058 3714 quam
2083 3648 2232 3702 novit
2259 3649 2363 3702 deo
2393 3649 2550 3704 alteri
2578 3665 2685 3703 non
2708 3651 2889 3705 deberi
2915 3670 2927 3703 :
2953 3667 3053 3705 nec
3081 3661 3260 3721 potest
3281 3653 3333 3705 in
3358 3668 3474 3706 cor-

1899 3739 2116 3808 poribus
2145 3738 2376 3793 ﬁdelium
2425 3742 2751 3795 constituere
2793 3743 3086 3811 templum,
3139 3751 3232 3796 aut
3279 3743 3475 3798 offerre

1899 3826 2125 3881 hostiam
2142 3829 2388 3896 cuiquam
2401 3828 2522 3894 deo,
2538 3831 2628 3899 qui
2644 3830 2784 3884 Deus
2802 3847 2906 3885 non
2922 3829 3081 3885 fuerit
3093 3846 3189 3900 per
3203 3839 3471 3885 naturam.

1902 3917 2014 3973 Scit
2040 3919 2181 3973 enim
2211 3919 2349 3975 hanc
2389 3921 2701 3975 servitutem
2725 3921 2798 3974 illi
2825 3911 3007 3975 deberi
3035 3921 3166 3985 Deo,
3185 3922 3272 3989 qui
3295 3921 3474 3975 solum

1902 4023 1960 4064 se
1979 4009 2217 4078 praecipit
2235 4009 2361 4074 coli,
2383 4009 2636 4077 solusque
2662 4009 2820 4064 debet
2844 4009 3062 4078 templo,
3087 4009 3388 4063 sacerdotio
3411 4024 3477 4063 ac

1903 4099 2156 4155 sacriﬁcio
2173 4100 2518 4169 spiritualiter
2530 4100 2690 4172 599
2705 4115 2735 4153 a
2754 4099 2999 4154 ﬁdelibus
3017 4100 3291 4154 honorari.
3311 4100 3480 4168 Digne

1903 4190 2062 4258 igitur
2083 4199 2323 4246 sanctum
2354 4190 2632 4260 Spiritum,
2664 4206 2846 4246 verum
2869 4191 3054 4255 Deum,
3087 4199 3142 4246 et
3169 4206 3291 4245 cum
3321 4189 3479 4245 Patre

1903 4295 1964 4334 ac
1982 4279 2112 4333 Filio
2135 4293 2296 4333 unum
2310 4279 2498 4347 Deum,
2517 4287 2702 4334 sancta
2727 4279 2897 4335 credit
2918 4287 2971 4334 et
2991 4279 3278 4333 conﬁtetur
3302 4277 3479 4333 Eccleo

1905 4369 1982 4424 sia
2008 4386 2020 4434 ;
2047 4383 2164 4438 qua:
2185 4383 2244 4423 se
2278 4368 2448 4423 Patris
2468 4377 2520 4424 et
2542 4369 2661 4422 Filii
2690 4377 2744 4423 et
2771 4367 3002 4438 Spiritus
3029 4367 3198 4422 sancti
3227 4367 3478 4436 templum

1906 4472 2024 4512 esse
2051 4471 2399 4526 cognoscens,
2431 4472 2591 4512 unam
2612 4456 2932 4510 Trinitatem
2954 4456 3204 4523 intelligit
3231 4455 3478 4509 divinita~

1910 4556 2035 4615 tem,
2049 4549 2131 4602 cui
2146 4547 2396 4602 Trinitati
2413 4563 2572 4601 unam
2588 4547 2898 4616 suppliciter
2913 4547 3131 4600 exhibet
3147 4546 3477 4600 servitutem.

1243 4729 1339 4776 EX
1384 4729 1608 4778 UBBO
1656 4731 1722 4776 ν.
1779 4731 1876 4778 DE
1918 4731 2226 4780 [MAGINE
2273 4731 2419 4779 DEI.

667 4830 1139 4886 FRAGMENTUM
1170 4832 1350 4886 XVIII.

228 4911 396 4965 Filius
426 4927 526 4963 non
557 4911 788 4962 imitatur
811 4909 1042 4972 Patrem,
1068 4926 1161 4962 nec
1189 4911 1379 4962 similia
1410 4889 1520 4962 ι’ἧῖη
1548 4909 1636 4963 illo
1658 4910 1800 4979 facit,

296 4981 388 5033 sed
413 4981 612 5033 eadem.
658 4980 738 5031 Ad
774 4980 1051 5047 imaginem
1099 4979 1190 5031 Dei
1223 4983 1389 5049 factus
1417 4981 1604 5032 dicitur
1629 4981 1800 5040 homo,

295 5052 417 5120 quia
446 5049 632 5102 divina:
663 5049 932 5103 Trinitatis
961 5050 1014 5102 in
1044 5052 1310 5115 memoria,
1367 5050 1711 5120 intelligentia
1755 5057 1806 5102 et

294 5120 558 5173 voluntate
581 5121 754 5189 imago
785 5127 879 5172 est.

296 5210 355 5263 In
379 5225 439 5264 re
468 5209 664 5278 quippe
695 5209 902 5277 potiore
927 5217 1105 5278 potest
1127 5209 1430 5278 exemplum
1470 5208 1598 5263 boni
1627 5212 1806 5279 operis

228 5301 475 5355 inveniri.
507 5299 565 5353 In
588 5307 848 5368 quantum
878 5307 960 5352 est
989 5299 1131 5353 enim
1154 5307 1357 5354 naturae
1386 5299 1544 5352 simul
1565 5300 1803 5356 virtutis~

226 5405 331 5459 que
353 5389 609 5458 parilitas,
635 5388 685 5440 in
713 5395 919 5441 tantum
939 5388 1124 5442 deesse
1153 5388 1394 5443 videmus
1425 5388 1798 5453 imitationem,

227 5479 320 5535 sed
363 5478 661 5533 invenimus
701 5477 880 5547 operis
911 5479 1190 5532 unitatem.
1239 5479 1314 5534 lbi
1343 5495 1474 5534 vero
1495 5481 1800 5549 exemplum

227 5570 571 5640 proponitur,
604 5569 694 5624 ubi
724 5578 816 5623 aut
860 5578 1064 5623 naturae
1093 5578 1186 5623 aut
1215 5570 1426 5624 virtutis
1471 5569 1802 5644 inaequalitas

228 5663 513 5718 invenitur.
559 5661 685 5715 inde
713 5670 796 5716 est
822 5660 966 5730 quod
998 5661 1089 5715 Dei
1139 5661 1308 5715 Filius
1337 5676 1498 5714 unam
1528 5676 1587 5714 se
1615 5669 1800 5714 osten-

227 5754 361 5809 dens
383 5754 580 5808 habere
606 5769 725 5808 cum
751 5751 906 5806 Patre
937 5761 1202 5818 naturam,
1236 5762 1291 5808 et
1319 5752 1388 5805 ob
1417 5752 1520 5806 hoc
1538 5751 1799 5819 aequalem

228 5845 280 5898 in
323 5845 633 5908 operatione
671 5845 935 5906 virtutem,
967 5842 1094 5904 dixit
1129 5869 1138 5904 ;
1173 5843 1498 5913 Quaecunque
1525 5840 1686 5896 Pater
1722 5843 1802 5911 fa-

1829 4839 1881 4897 D
1904 4848 1989 4910 cit,
2019 4847 2127 4900 lucc
2159 4847 2334 4900 eadem
2369 4857 2418 4899 et
2447 4845 2494 4898 F
2497 4847 2617 4901 ilius
2649 4850 2888 4902 similiter
2909 4851 3036 4919 facit
3065 4848 3245 4919 (Joan.
3279 4864 3331 4912 v,
3367 4847 3481 4917 19).

1905 4935 2035 4991 Cum
2079 4952 2207 5005 ergo
2253 4936 2443 4990 eadem
2493 4938 2642 5005 facit,
2693 4940 2896 4992 nullum
2947 4938 3215 4993 invenitur
3259 4938 3485 5006 potioris

1905 5027 2204 5095 exemplum
2230 5043 2244 5090 ;
2277 5034 2330 5078 et
2359 5041 2481 5080 cum
2511 5028 2762 5082 similiter
2791 5028 2946 5090 facit,
2981 5029 3180 5082 nullum
3212 5028 3478 5096 reperitur

1905 5117 2124 5171 diversie
2173 5118 2506 5186 operationis
2552 5119 2825 5173 indicium.
2876 5119 2986 5174 Nec
3026 5118 3152 5172 illud
3200 5125 3380 5187 potest
3416 5117 3484 5172 ad

1905 5207 2204 5276 exemplum
2233 5208 2439 5272 referri,
2484 5207 2628 5277 quod
2656 5209 2732 5262 ait
2775 5227 2786 5260 :
2822 5207 2946 5261 Non
2987 5217 3150 5277 potest
3177 5206 3224 5258 F
3229 5208 3346 5260 ilius
3373 5223 3404 5258 a
3424 5224 3478 5260 se

1905 5300 2070 5366 facere
2095 5297 2391 5366 quidquam,
2445 5300 2547 5352 nisi
2575 5299 2708 5370 quod
2749 5298 2930 5351 viderit
2962 5297 3171 5351 Patrem
3201 5299 3476 5369 facientem

1907 5385 2170 5457 (Ibidem).
2202 5387 2317 5443 Hoc
2348 5390 2491 5444 enim
2526 5390 2591 5442 ad
2619 5389 2774 5442 unius
2799 5387 2931 5441 dixit
2950 5395 3153 5441 natura:
3182 5403 3245 5442 ac
3271 5388 3484 5441 virtutis

1907 5479 2175 5544 indicium,
2197 5496 2301 5534 non
2333 5481 2399 5533 ad
2428 5480 2740 5533 imitationis
2769 5479 3090 5547 exemplum.
3113 5478 3482 5546 Adjecitenim

1905 5570 2088 5624 dicens
2122 5589 2134 5622 :
2165 5567 2488 5640 Quacunque
2528 5568 2689 5621 Pater
2719 5569 2863 5636 facit,
2905 5568 3012 5621 Iiwc
3032 5567 3212 5620 eadem
3233 5576 3280 5620 et
3309 5565 3354 5617 F
3360 5567 3481 5620 ilius

1908 5663 2140 5714 similiter
2163 5663 2288 5730 facit
2314 5678 2330 5724 ;
2357 5659 2447 5727 qui
2480 5659 2662 5728 utique
2685 5659 2810 5712 talia
2833 5673 2891 5712 se
2916 5656 3089 5712 facere
3114 5657 3338 5722 diceret,
3371 5673 3480 5710 non

1907 5751 2116 5814 eadem,
2146 5752 2189 5804 si
2214 5750 2561 5803 imitationem
2595 5748 2646 5802 in
2673 5763 2732 5802 se
2753 5749 2961 5818 paterni
2987 5748 3167 5817 operis
3194 5746 3479 5801 ostendere

1908 5839 2181 5894 voluisset.
2207 5838 2311 5894 Sed
2335 5837 2462 5893 nihil
2483 5836 2640 5893 Pater
2661 5836 2784 5891 facit
2809 5837 2862 5891 in
2886 5851 2992 5907 quo
3019 5835 3321 5906 exemplum
3344 5848 3469 5906 pra:-
