4050 6460
624 431 720 488 771

1662 436 1719 491 5.
1757 433 2118 491 FULGENTII
2155 431 2453 490 EPISCOPI
2493 430 2862 489 RUSPENSIS
3727 443 3803 499 772

625 549 749 601 beat
776 546 944 610 Filio,
987 548 1079 616 qui
1117 549 1297 602 omnia
1329 563 1448 617 qua:
1480 545 1635 609 fecit,
1681 560 1776 615 per
1815 545 2006 600 Filium
2055 545 2206 600 fecit.
2245 551 2285 608 Α
2317 541 2537 596 humani
2559 541 2736 598 cordis
2755 542 2935 596 lumen
2963 539 3203 595 veritatis
3227 540 3524 596 abscondat.
3547 543 3653 602 II:ec
3669 561 3802 608 autem

621 635 772 693 Tunc
798 646 977 692 autem
1007 638 1292 709 quidquam
1339 637 1474 692 Filio
1517 635 1831 691 imitandum
1861 635 2196 701 ostenderet,

622 729 668 781 si
701 728 902 797 aliquid
933 735 1075 782 esset
1104 729 1284 798 operis
1311 727 1453 797 quod
1476 741 1572 796 per
1598 725 1793 779 Filium
1821 740 1930 780 non
1959 723 2195 779 fecisset.

621 815 761 869 Nihil
790 824 873 870 est
898 823 1094 881 autem,
1120 816 1262 883 quod
1284 831 1392 870 non
1423 830 1520 884 per
1549 814 1740 868 Filium
1764 813 1925 868 Pater
1954 812 2082 868 fecit
2105 822 2200 868 aut

621 901 768 958 facit.
794 901 909 957 Una
937 911 1019 958 est
1046 904 1206 971 igitur
1229 903 1281 956 iu
1305 903 1555 957 omnibus
1574 903 1734 956 rebus
1758 901 2002 970 operatio
2027 899 2203 956 Patris

621 1002 678 1048 et
703 992 843 1070 Filii,
887 992 1120 1048 Proinde
1148 994 1347 1062 faciens
1381 993 1548 1048 Filius
1575 992 1724 1048 videt
1753 994 1963 1082 Pairem
1991 992 2197 1082 facien-

622 1093 752 1151 tem,
783 1100 893 1140 non
922 1099 1018 1154 per
1045 1084 1426 1149 imitationem,
1457 1083 1552 1140 sed
1575 1097 1671 1152 per
1698 1081 1997 1136 naturalem
2025 1081 2201 1135 virtu-

623 1177 694 1232 tis
721 1185 886 1246 atque
914 1175 1098 1246 operis
1128 1175 1405 1230 unitatem.
1439 1173 1572 1228 Cum
1603 1173 1789 1227 eadem
1815 1170 1960 1236 facit,
1990 1187 2098 1226 non
2121 1179 2204 1226 est

623 1269 874 1332 imitatio,
905 1267 1001 1321 sed
1040 1267 1216 1322 unitas
1247 1266 1466 1336 operis;
1517 1273 1573 1320 et
1615 1279 1736 1320 cum
1765 1263 2013 1318 similiter
2053 1262 2202 1331 facit,

622 1375 729 1415 non
752 1367 834 1413 est
861 1357 1196 1427 imparilitas,
1219 1357 1314 1412 sed
1335 1356 1616 1426 aequalitas
1643 1355 1918 1409 naturalis.
1941 1353 2202 1406 Imitatio-

621 1463 745 1503 nem
772 1461 924 1514 vero,
953 1447 1097 1515 quod
1122 1447 1191 1501 ad
1219 1447 1524 1516 exemplum
1555 1444 1812 1514 pertinet,
1861 1459 1968 1498 non
2014 1443 2117 1497 nisi
2147 1443 2200 1496 in

619 1536 846 1591 diversis
868 1544 1030 1605 atque
1058 1535 1390 1606 disparibus,
1442 1533 1556 1589 sive
1584 1534 1790 1587 naturis
1815 1533 1928 1587 sive
1951 1532 2202 1586 volunta-

621 1627 762 1682 tibus
807 1626 1056 1690 inveniri,
1105 1627 1295 1681 beatus
1321 1624 1598 1680 evidenter
1626 1623 1865 1678 ostendit
1889 1621 2199 1691 Apostolus.

618 1713 856 1787 Impares
883 1717 1082 1787 quippe
1110 1715 1364 1770 indicavit
1406 1714 1712 1775 voluntate,
1744 1713 1985 1782 quamvis
2016 1719 2204 1767 natura

621 1817 807 1865 nosset
825 1809 1061 1879 aequales
1089 1824 1185 1864 eos
1212 1808 1404 1879 quibus
1448 1815 1577 1862 tunc
1605 1806 1918 1860 Timotheus
1948 1810 2198 1874 przeerat,

2303 637 2430 686 sunt
2456 630 2558 684 tria
2577 643 2698 699 qua:
2727 627 2859 693 dixi,
2892 628 3173 694 memoria,
3205 628 3544 697 intelligentia
3593 645 3639 688 et
3657 639 3802 694 volun-

2305 727 2388 774 tas
2414 736 2425 772 :
2451 733 2573 790 qua:
2597 719 2828 789 propriis
2849 717 2920 772 ita
2945 717 3319 773 discernuntur
3336 721 3607 789 vocabulis,
3629 734 3676 779 ut
3698 729 3803 786 nulla

2305 811 2358 867 in
2388 813 2468 868 eis
2488 812 2558 867 sit
2578 811 2862 867 diversitas
2887 811 3168 867 nuturalis.
3202 809 3316 865 Alia
3344 812 3533 883 quippe
3551 825 3626 871 est
3647 833 3804 875 memo-

2303 904 2405 971 ria,
2435 903 2540 958 alia
2567 903 2940 972 intelligentia,
2972 902 3075 957 alia
3104 903 3386 969 voluntas;
3418 912 3470 960 et
3497 913 3682 974 tamen,
3715 926 3803 966 cum

2305 994 2414 1049 sint
2438 995 2552 1050 haec
2579 995 2845 1050 veraciter
2874 995 3004 1061 tria,
3054 1010 3164 1050 non
3192 1003 3276 1050 est
3312 997 3500 1052 mentis
3520 997 3714 1067 diversa,
3740 1005 3805 1060 sed
3903 1059 3910 1066 ,

2305 1100 2410 1139 una
2433 1094 2622 1140 natura
2649 1103 2663 1152 ;
2715 1085 2969 1156 quoniam
2999 1085 3121 1150 ista,
3153 1100 3273 1156 qua:
3299 1086 3432 1140 trina
3455 1086 3544 1160 (al.
3571 1090 3676 1160 tria)
3700 1103 3802 1159 sunt,

2306 1175 2361 1230 in
2407 1190 2512 1229 una
2554 1183 2736 1230 mente
2775 1175 3006 1228 humana
3036 1177 3357 1231 consistunt.
3390 1175 3565 1247 Itaque
3590 1179 3696 1234 dum
3726 1183 3806 1239 btet:

2304 1264 2407 1319 tria
2430 1265 2483 1319 in
2505 1264 2662 1320 unius
2681 1264 2929 1320 humana:
2950 1266 3147 1320 mentis
3175 1274 3367 1320 natura
3389 1266 3707 1336 inveniantur,
3728 1290 3806 1330 non

2305 1362 2483 1410 tamen
2515 1356 2568 1410 in
2598 1356 2677 1411 eis
2702 1371 2854 1412 mens
2883 1357 2996 1426 ipsa
3022 1355 3298 1424 dividitur,
3329 1365 3389 1412 ut
3417 1358 3466 1412 in
3489 1368 3626 1428 parte
3648 1363 3712 1416 sui
3736 1365 3806 1416 ha-

2303 1444 2430 1498 beat
2475 1445 2818 1511 memoriam,
2870 1445 2925 1500 in
2972 1453 3128 1516 parte
3157 1445 3586 1514 intelligentiam,
3628 1449 3672 1502 in
3695 1460 3806 1518 parte

2302 1533 2672 1600 voluntatem;
2723 1533 2817 1589 sed
2860 1533 3119 1603 quidquid
3148 1533 3428 1602 meminit,
3473 1535 3707 1592 invenitur
3727 1549 3807 1595 tota

2302 1620 2647 1686 meminisse;
2678 1629 2735 1675 et
2761 1620 3017 1690 quidquid
3044 1620 3311 1689 intelligit,
3336 1628 3447 1676 tota
3471 1623 3749 1693 intelligere;
3770 1636 3809 1681 et

2305 1711 2563 1782 quidquid
2593 1711 2937 1766 nihilominus
2965 1711 3079 1780 ipsa
3105 1726 3261 1766 mens
3288 1711 3490 1780 diligit,
3535 1721 3636 1769 tota
3656 1729 3810 1784 cogno-

2304 1801 2473 1855 scitur
2500 1816 2653 1857 mens
2678 1801 2912 1856 hominis
2937 1816 3032 1856 sua
3057 1801 3338 1856 voluntate
3357 1803 3586 1871 diligere.
3613 1803 3716 1869 Ista,
3740 1805 3810 1859 Fa-

621 1903 678 1955 in
713 1916 778 1956 eo
800 1901 945 1970 quod
972 1901 1019 1955 ei
1049 1900 1179 1956 dicit
1211 1918 1224 1953 :
1255 1899 1565 1970 Exemplum
1593 1907 1700 1952 esto
1729 1896 1988 1967 ﬁdelibus,
2013 1895 2067 1948 in
2095 1910 2203 1948 ινστ-
2231 1909 2279 1969 B
2304 1891 2486 1956 biane,
2518 1892 2562 1946 si
2589 1901 2765 1962 potes,
2796 1890 3047 1959 attende,
3085 1891 3187 1946 ista
3210 1891 3418 1959 cogita,
3448 1892 3544 1947 ista
3570 1894 3810 1951 rationabili

620 1990 706 2056 bo,
735 1990 791 2044 in
820 1990 1224 2053 conversatione,
1256 1989 1310 2042 in
1336 1989 1584 2052 caritate,
1615 1987 1669 2040 in
1699 1985 1830 2055 ﬁde,
1875 1985 1930 2037 in
1967 1982 2204 2036 castitate

623 2077 680 2151 (ι
703 2078 842 2133 Tim.
868 2095 939 2144 ιν,
969 2077 1078 2146 12).
1118 2077 1178 2131 In
1205 2078 1289 2132 his
1318 2077 1503 2146 utique
1531 2075 1781 2129 omnibus
1809 2072 1911 2127 nisi
1938 2071 2202 2141 potiorem

622 2169 832 2226 ceteris
859 2169 1020 2223 sciret
1047 2183 1110 2223 ac
1152 2169 1314 2222 vellet
1338 2182 1457 2222 esse
1488 2165 1847 2228 Timotheum,
1896 2162 2201 2216 nullatenus

623 2273 750 2313 eum
781 2255 1027 2312 ﬁdelibus
1053 2271 1173 2311 esse
1207 2256 1421 2326 juberet
1445 2254 1751 2324 exemplum
1785 2271 1797 2305 :
1830 2261 1885 2307 et
1905 2252 2066 2322 600
2087 2245 2203 2305 illos

624 2348 876 2418 exemplo
905 2345 1021 2416 ejus
1048 2346 1296 2401 mdilicari
1326 2345 1594 2414 cupiebat,
1636 2359 1773 2412 quos
1819 2341 2096 2396 voluntate
2139 2353 2203 2394 ac

625 2437 825 2492 virtute
851 2437 1083 2506 impares
1106 2444 1352 2492 noverat.
1375 2435 1554 2490 Titum
1575 2447 1788 2504 quoque
1813 2432 1879 2486 ad
1901 2430 2201 2500 exemplum

628 2525 874 2582 fidelibus
903 2526 1261 2582 exhibendum
1297 2524 1544 2581 similiter
1576 2523 1922 2585 exhortatur,
1971 2520 2153 2574 dicens
2183 2538 2195 2572 :

628 2615 696 2671 In
717 2616 949 2670 omnibus
977 2618 1191 2686 teipsum
1217 2613 1388 2686 prazbe
1403 2613 1692 2684 exemplum
1719 2611 1968 2665 bonorum
1995 2625 2200 2679 operum

629 2702 758 2775 (Tit.
775 2720 832 2772 ιι,
846 2703 925 2773 7).
951 2702 1080 2758 Tale
1093 2701 1350 2771 quiddam
1370 2701 1608 2757 etiamin
1632 2700 1811 2768 seipso
1832 2697 2201 2754 demonstrans

625 2793 704 2848 ait
734 2810 748 2846 :
780 2791 1074 2847 Imitatores
1098 2793 1198 2845 mei
1225 2801 1404 2855 estote,
1437 2793 1567 2844 sicut
1597 2801 1646 2844 et
1665 2805 1759 2860 ego
1789 2786 1981 2842 Christi
2008 2787 2060 2856 (Ι
2083 2787 2196 2842 Cor.

623 2897 685 2950 ιι,
713 2881 790 2951 1).
816 2879 931 2936 Hoc
959 2890 1136 2936 autem
1166 2881 1301 2936 dixit
1330 2881 1641 2951 Apostolus,
1666 2895 1765 2949 pro
1795 2893 1861 2933 eo
1888 2879 2030 2947 quod
2051 2877 2200 2933 Chri-

623 2981 739 3028 stus
766 2973 922 3027 nobis
952 2972 1173 3040 reliquit
1200 2972 1506 3041 exemplum
1525 3011 1539 3035 ,
1583 2978 1643 3024 ut
1670 2985 1958 3040 sequamur
1983 2970 2202 3037 vestigia

2305 1982 2604 2038 intentione
2625 1979 3018 2037 considera.De
3041 1981 3476 2036 consideratione
3495 1982 3708 2051 imaginis
3724 2000 3812 2039 con-

2303 2071 2500 2126 scende
2523 2070 2588 2124 ad
2618 2070 3025 2138 intelligentiam
3056 2069 3300 2123 veritatis
3327 2087 3341 2135 ;
3374 2077 3429 2124 et
3452 2070 3645 2124 inventa
3665 2073 3733 2126 hic
3753 2073 3812 2126 di-

2301 2170 2474 2216 screta
2514 2159 2778 2215 Trinitate
2811 2159 3116 2225 nominum,
3163 2157 3483 2214 Trinitatem
3505 2161 3606 2215 illic
3629 2162 3812 2229 intelligo

2303 2265 2676 2322 personarum;
2694 2257 2749 2305 et
2761 2263 3058 2319 agnoscens
3073 2249 3126 2302 in
3145 2263 3249 2302 una
3262 2255 3446 2303 mente
3459 2249 3683 2314 hominis,
3695 2265 3813 2304 unam

2306 2339 2582 2396 memoria:
2599 2347 2654 2394 et
2669 2337 3032 2408 intelligentia:
3047 2344 3101 2392 et
3115 2336 3408 2392 voluntatis
3429 2337 3720 2392 individuam

2302 2443 2566 2497 natm-am,
2599 2447 2864 2504 cognosce
2894 2432 2947 2486 in
2975 2432 3066 2486 illa
3093 2445 3221 2485 vera
3249 2429 3530 2486 divinitate
3555 2446 3697 2484 unam
3729 2446 3814 2484 ma-

2298 2539 2429 2580 nere
2454 2525 2613 2595 601
2643 2531 2841 2578 sancta:
2870 2520 3144 2576 Trinitatis
3171 2521 3484 2577 essentiam.
3537 2521 3673 2578 Tunc
3716 2537 3815 2592 pro-

2299 2615 2443 2672 fecto
2476 2617 2529 2670 in
2551 2615 2902 2685 perceptione
2948 2613 3104 2684 hujus
3126 2614 3356 2668 rationis
3377 2613 3585 2668 dabitur
3628 2613 3710 2668 tibi
3747 2628 3818 2667 co-

2299 2706 2469 2775 gnitio
2523 2705 2802 2760 Trinitatis
2835 2722 2848 2758 :
2881 2720 3041 2774 quam
3072 2704 3118 2758 si
3147 2704 3200 2757 in
3244 2704 3349 2759 hac
3394 2703 3502 2758 vita
3545 2703 3718 2758 videris
3750 2719 3819 2772 per

2298 2795 2577 2866 speculum
2600 2795 2654 2850 in
2682 2793 2987 2864 aenigmate,
3015 2802 3128 2848 tum
3159 2793 3213 2849 in
3242 2793 3335 2847 illa
3362 2794 3470 2848 vita
3496 2793 3680 2848 videbis
3719 2793 3818 2846 cuia

2298 2886 2365 2941 ad
2394 2886 2609 2941 faciem.
2632 2883 2748 2940 Hoc
2777 2892 2860 2940 est
2886 2883 3031 2938 enim
3075 2883 3219 2954 quod
3247 2881 3538 2953 Apostolus
3558 2882 3626 2936 ait
3654 2900 3665 2935 :
3700 2880 3818 2934 Vide-

2297 2993 2410 3031 mus
2438 2977 2576 3030 enim
2602 2991 2739 3029 nunc
2766 2991 2858 3045 per
2878 2973 3139 3044 speculum
3161 2975 3215 3027 in
3241 2975 3539 3045 (enigmata,
3560 2981 3670 3025 tunc
3689 2982 3819 3024 autem

620 3062 741 3131 ejus
769 3059 823 3132 (Ι
847 3059 994 3114 Petr.
1032 3077 1088 3125 ιι,
1118 3059 1231 3130 2i).
1283 3059 1440 3114 Ratio
1468 3075 1599 3114 vero
1629 3059 1984 3126 intelligenda:
2014 3068 2201 3115 utcun-

621 3167 730 3222 que
758 3151 1035 3206 Trinitatis
1057 3152 1128 3206 ibi
1158 3152 1443 3220 qumrenda
1465 3159 1565 3216 est,
1591 3150 1680 3206 ubi
1703 3151 1771 3205 ad
1800 3151 2082 3222 imaginem
2103 3151 2199 3208 Dei

2298 3067 2432 3138 {acie
2451 3064 2520 3118 ad
2549 3065 2735 3136 {aciem
2759 3061 2816 3133 (Ι
2853 3061 2971 3117 Cor.
3004 3078 3115 3128 xm,
3149 3060 3264 3132 12).
3296 3061 3357 3116 In
3403 3062 3507 3116 hoc
3557 3061 3698 3129 igitur
3725 3074 3819 3128 spe-

2297 3154 2418 3209 culo
2447 3154 2738 3210 creationis
2766 3154 3012 3208 humanae
3059 3167 3332 3222 cognosce
3375 3151 3636 3208 Creatoris
3675 3150 3854 3230 imagio.

622 3241 751 3298 facti
778 3258 981 3307 sumus,
1013 3249 1068 3296 et
1107 3242 1196 3296 ubi
1217 3250 1476 3310 quantum
1507 3257 1807 3330 possumus,
1837 3242 2075 3311 quandiu
2101 3257 2197 3312 per
2221 3292 2262 3330 ρ
2298 3261 2442 3312 nem,
2471 3246 2518 3302 si
2545 3246 2629 3302 vis
2657 3245 2829 3316 ipsam
2857 3242 3131 3300 Creatoris
3154 3244 3499 3314 postmodum
3551 3253 3820 3312 cognoscere

621 3333 800 3397 tidem,
828 3349 933 3388 non
962 3348 1059 3403 per
1090 3333 1326 3402 speciem
1354 3333 1706 3399 ambulamus,
1735 3349 1857 3388 cum
1886 3332 2195 3388 dillicultate
2222 3329 2268 3383 “t
2295 3337 2596 3392 veritatem.
2630 3335 2860 3389 Ambula
2904 3350 3001 3404 per
3045 3334 3185 3388 hanc
3240 3332 3403 3388 Iidem
3422 3371 3438 3396 ,
3496 3339 3551 3386 ut
3594 3329 3820 3400 pervenire

620 3424 798 3492 magni
820 3422 1039 3486 laboris,
1065 3437 1160 3491 per
1189 3422 1461 3491 speculum
1492 3423 1543 3475 in
1573 3422 1854 3490 aenigmate
1880 3437 2022 3477 nunc
2051 3423 2195 3477 vide-
2295 3425 2467 3494 possis
2493 3423 2559 3478 ad
2589 3423 2846 3494 speciem.
2880 3422 2936 3476 In
2959 3437 3064 3490 qua
3087 3421 3243 3476 simul
3265 3421 3434 3477 etiam
3459 3419 3738 3491 mysterium
3762 3417 3818 3468 di-

619 3529 760 3569 mus.
786 3513 928 3567 Deus
956 3512 1098 3566 enim
1127 3513 1268 3568 sicut
1296 3512 1351 3566 in
1389 3528 1448 3567 se
1476 3513 1742 3567 bonorum
1765 3527 1988 3582 operum
2010 3526 2194 3565 exem-
2295 3515 2429 3569 vinae
2483 3513 2876 3570 Incarnationis
2906 3513 3122 3568 attende
3155 3530 3167 3565 :
3202 3520 3260 3566 ut
3289 3527 3552 3584 agnoscas
3609 3520 3657 3565 et
3697 3507 3821 3562 totius

617 3603 768 3674 plum
797 3602 1104 3658 hominibus
1127 3602 1334 3671 tribuit,
1361 3603 1437 3657 sic
1457 3602 1824 3657 testimonium
1847 3616 1956 3656 sua:
1973 3600 2196 3667 agnitio-

2298 3607 2566 3662 Trinitatis
2589 3623 2753 3661 unam
2795 3621 2915 3661 esse
2959 3605 3342 3672 substantiam,
3383 3613 3440 3659 et
3481 3601 3821 3672 susceptionem

617 3697 703 3752 nis
732 3696 784 3750 in
812 3695 1119 3751 hominibus
1147 3695 1436 3750 collocavit
1463 3712 1476 3760 ;
1529 3703 1587 3748 ut
1615 3710 1736 3748 cum
1765 3693 1882 3762 ejus
1909 3692 2082 3760 imago
2109 3699 2193 3744 at-
2291 3700 2466 3755 carnis
2494 3699 2559 3754 ad
2581 3699 2751 3754 solam
2775 3698 2892 3753 Filii
2919 3698 3189 3768 pertinere
3205 3712 3515 3767 personam,
3538 3695 3646 3766 Ipsa
3666 3695 3822 3764 quippe

616 3785 876 3851 tenditur,
901 3785 1042 3841 illius
1063 3785 1216 3854 cujus
1237 3785 1414 3854 imago
1442 3793 1524 3840 est
1548 3785 1751 3855 agnitio
1771 3785 2033 3854 capiatur.
2064 3781 2190 3836 Nam

2298 3791 2570 3856 memoria,
2604 3806 2720 3860 qua:
2745 3790 2798 3844 in
2828 3790 3006 3845 anima
3032 3789 3266 3845 hominis
3295 3798 3404 3855 est,
3436 3798 3496 3844 ut
3539 3785 3717 3857 aliquid
3745 3785 3819 3841 Jo-

611 3875 659 3930 si
687 3874 882 3930 divinte
931 3875 1253 3945 cognitionis
1295 3876 1498 3930 nullum
1545 3877 1744 3931 creatis
1788 3875 1950 3930 rebus
1999 3874 2193 3928 inesset
2287 3889 2501 3949 quatur,
2534 3879 2828 3950 proferlex
2884 3894 3002 3934 sese
3057 3879 3468 3947 cogitationem,
3499 3887 3553 3934 et
3602 3875 3819 3947 quodam-

612 3968 898 4036 indicium,
930 3983 1035 4023 non
1065 3969 1290 4024 dixisset
1311 3968 1501 4024 beatus
1542 3967 1833 4038 Apostolus
1861 3985 1874 4020 :
1906 3965 2190 4020 Imisibitia

2298 3974 2451 4029 modo
2475 3973 2715 4028 nascitur
2743 3988 2810 4026 ex
2830 3987 2895 4026 ea
2917 3962 3160 4042 spiritale
3188 3972 3440 4026 verbum.
3474 3970 3640 4040 Atque
3669 3968 3729 4021 ita
3753 3963 3820 4017 illa

611 4061 752 4116 enim
771 4062 885 4132 ejus
913 4077 946 4114 a
974 4068 1211 4114 creatura
1231 4059 1430 4125 mundi,
1459 4075 1552 4129 per
1578 4076 1647 4113 ea
1666 4075 1780 4130 qua:
1809 4060 1948 4129 facta
1973 4067 2091 4111 sunt
2111 4057 2187 4108 in-

2298 4063 2569 4118 rationalis
2586 4063 2777 4116 anima:
2801 4077 2908 4116 una
2937 4059 3390 4130 indivisibilisque
3418 4067 3624 4120 natura,
3647 4062 3742 4110 tota
3762 4053 3821 4105 in-

611 4151 818 4205 tellecta
845 4151 1228 4214 conspiciuntur
1251 4148 1428 4220 (Rom.
1454 4167 1494 4218 ι,
1523 4149 1635 4220 20).
1668 4149 1805 4203 Hinc
1827 4157 1910 4204 est
1937 4147 2077 4217 quod
2101 4147 2188 4201 illa
2286 4153 2500 4208 venitur
2521 4152 2827 4207 meminisse
2853 4149 2998 4220 quod
3019 4149 3292 4218 intelligit,
3315 4157 3375 4203 et
3406 4156 3521 4203 tota
3566 4144 3818 4209 intelligere

611 4253 820 4293 summa
848 4237 1100 4307 Trinitas,
1128 4253 1248 4309 quae
1276 4255 1383 4294 non
1412 4239 1575 4295 habet
1597 4256 1779 4310 parem
1797 4281 1812 4304 ,
1845 4239 1912 4293 ad
1941 4240 2179 4294 testimo-

2298 4246 2432 4315 quod
2453 4245 2716 4308 meminit,
2746 4252 2801 4298 et
2819 4242 3077 4314 quidquid
3099 4242 3258 4297 oculo
3286 4241 3564 4296 memoria:
3603 4239 3818 4295 intuetur.

613 4327 762 4382 nium
783 4341 892 4382 sua:
914 4329 1231 4397 agnitionis,
1263 4344 1371 4385 non
1399 4330 1652 4398 cuiquam
1673 4330 1875 4399 pecori,
1903 4345 2002 4385 nec
2030 4330 2184 4385 alicui
2287 4337 2807 4405 totumeogitatione
2835 4333 3232 4404 complectitur.
3265 4333 3400 4399 Qua:
3439 4329 3682 4400 cogitatio
3701 4335 3748 4382 ut
3771 4323 3820 4376 ad

611 4416 870 4470 animanti
894 4417 1039 4486 quod
1062 4433 1169 4474 non
1199 4425 1378 4488 potest
1407 4431 1604 4488 capere
1631 4420 1918 4485 rationem,
1960 4435 2060 4476 nec
2086 4421 2185 4491 ipsi
2286 4427 2515 4482 aliorum
2543 4427 2790 4482 notitiam
2813 4423 3137 4496 proferatur,
3168 4437 3434 4492 corporea
3456 4436 3587 4478 voce
3605 4425 3818 4490 gestauit.

610 4505 827 4576 (³οη)οά
856 4506 1119 4574 humano,
1150 4507 1246 4563 sed
1286 4508 1530 4564 interiori
1577 4509 1783 4562 homini
1822 4518 2008 4565 nostro
2035 4525 2185 4565 suam
2284 4507 2378 4571 Illa
2405 4517 2608 4586 quippe
2636 4516 2915 4584 cogitatio,
2944 4514 3078 4569 nihil
3129 4521 3214 4568 est
3259 4512 3407 4567 aliud
3435 4527 3594 4582 quam
3645 4510 3816 4564 interna

610 4597 930 4653 mirabiliter
961 4599 1230 4668 impressit
1255 4600 1539 4668 imaginem
1567 4617 1594 4653 τ’
1608 4600 1696 4655 ubi
1727 4617 1832 4655 non
1861 4608 1946 4655 est
1973 4617 2182 4657 masca-
2215 4650 2256 4672 η
2284 4605 2506 4661 locutio.
2539 4603 2692 4659 Unde
2721 4605 2858 4658 intra
2888 4603 3234 4672 semetipsam
3262 4601 3548 4657 rationalis
3572 4599 3731 4654 anima
3756 4596 3818 4647 loc

608 4687 692 4745 lus
722 4703 898 4759 neque
931 4687 1150 4755 femina,
1179 4691 1303 4760 quia
1333 4691 1386 4745 in
1418 4693 1606 4761 spiritu
1635 4692 1783 4746 nulla
1810 4701 1991 4763 potest
2026 4707 2184 4749 sexus
2215 4685 2256 4708 υ
2283 4696 2487 4766 quitur,
2535 4695 2662 4750 dum
2691 4694 3019 4764 cogitatione
3068 4700 3252 4748 versat
3302 4693 3451 4761 quod
3501 4692 3552 4746 in
3605 4685 3818 4744 memoria

607 4779 837 4835 inveniri
865 4779 1138 4836 distantia.
1189 4781 1246 4835 Si
1272 4796 1400 4837 vere
1429 4783 1608 4852 igitur,
1639 4782 1774 4838 duce
1803 4783 2034 4849 ratione,
2067 4799 2182 4854 my-
2285 4787 2592 4847 continetur
2622 4804 2634 4839 :
2660 4795 2716 4841 et
2745 4785 2872 4841 ideo
2892 4785 3052 4855 digne
3067 4783 3179 4853 jam
3208 4783 3412 4839 dicitur
3433 4782 3668 4845 verbum,
3690 4776 3818 4833 etiam

604 4870 831 4924 sterium
855 4871 938 4926 vis
967 4886 1190 4926 summa:
1219 4871 1494 4930 Trinitatis
1521 4877 1793 4942 utc'unque
1837 4887 2184 4942 cognoscere,
2285 4880 2435 4950 prius
2463 4863 2875 4949 quarﬂorpore
2895 4892 2960 4932 ac
2978 4876 3128 4932 vocis
3155 4875 3336 4931 ofﬁcio
3373 4873 3686 4945 proferatur.
3713 4867 3819 4920 Ver-

603 4959 897 5014 humanam
945 4970 1203 5027 mentem,
1249 4977 1356 5017 non
1386 4963 1543 5018 oculo
1567 4963 1835 5033 corporis,
1879 4963 1972 5018 sed
1997 4963 2183 5018 obtutu
2285 4970 2409 5025 bum
2439 4971 2622 5038 itaque
2650 4969 2779 5023 illud
2810 4966 3071 5038 spiritale,
3097 4965 3152 5020 id
3192 4973 3294 5029 est,
3327 4979 3398 5019 ex
3445 4961 3692 5018 memoria
3733 4956 3818 5008 lor-

602 5050 846 5106 iuteriori
888 5051 1115 5105 intuere.
1142 5050 1279 5105 Redi
1316 5051 1384 5105 ad
1412 5059 1497 5117 te,
1546 5060 1608 5106 ut
1636 5066 1898 5121 agnoscas
1937 5068 2060 5107 eum
2091 5053 2183 5121 qui
2285 5069 2429 5114 mata
2457 5059 2734 5129 cogitatio,
2756 5057 2997 5113 habitum
3018 5055 3420 5126 quodammodo
3451 5053 3641 5123 accipit
3665 5061 3820 5115 corpo-

600 5141 727 5197 fecit
752 5148 826 5196 te.
877 5139 954 5196 Ibi
989 5148 1042 5196 te
1070 5156 1292 5211 prorsus
1321 5137 1640 5212 introspice,
1671 5135 1762 5199 ubi
1792 5144 1960 5200 habes
1985 5143 2184 5213 aliquid
2282 5151 2474 5217 ralem,
2504 5149 2628 5203 dum
2653 5147 2849 5218 accipit
2870 5161 3188 5216 corpoream
3219 5159 3434 5202 vocem.
3489 5143 3665 5210 Itaque
3690 5137 3819 5190 mira-

564 5245 571 5266 '
599 5235 826 5290 rationis
852 5251 867 5299 ;
916 5242 972 5289 et
1013 5235 1192 5288 statim
1230 5234 1325 5288 tibi
1355 5234 1410 5288 in
1432 5249 1526 5288 sua
1558 5235 1811 5304 imagine,
1844 5245 2096 5306 tanquam
2130 5237 2179 5290 in
2282 5239 2458 5294 biliter
2486 5237 2614 5292 illud
2644 5237 2886 5301 verbum,
2911 5245 2967 5291 et
2995 5235 3060 5289 ad
3083 5235 3217 5289 alios
3237 5241 3464 5302 accepta
3495 5245 3624 5286 voce
3668 5238 3820 5296 proce-

597 5325 850 5396 speculo,
881 5327 1145 5381 clarescet
1174 5323 1378 5394 agnitio
1408 5325 1706 5380 Trinitatis.
1755 5325 1832 5381 Ita
1864 5325 1955 5382 lict
2013 5335 2073 5381 ut
2128 5328 2178 5381 in
2281 5327 2379 5394 dit,
2410 5335 2464 5380 et
2488 5340 2518 5379 a
2548 5325 2804 5380 memoria
2835 5325 2902 5380 de
2949 5339 3054 5393 qua
3086 5323 3323 5377 nascitur
3350 5336 3463 5376 non
3491 5315 3684 5374 recedit
3715 5323 3821 5363 τηῢῦ

597 5417 1035 5473 consideratione
1067 5433 1173 5471 non
1202 5417 1396 5485 genitae
1426 5417 1703 5485 imaginis,
1734 5417 1830 5473 sed
1869 5427 2096 5483 creatzc,
2130 5419 2180 5472 id
2281 5417 2528 5472 divisioni
2558 5415 2832 5485 subiacet;
2855 5413 3291 5484 quandoquidem
3321 5426 3428 5466 uno
3478 5408 3642 5464 verbo
3668 5419 3724 5458 ex
3747 5410 3822 5453 ore

597 5517 681 5564 est
730 5516 934 5563 natura:
982 5509 1206 5562 multum
1250 5509 1521 5564 inferioris
1563 5510 1896 5578 multumque
1939 5511 2176 5578 imparis,
2283 5507 2550 5577 loquentis
2573 5507 2788 5571 emisso,
2808 5506 2885 5560 sic
2903 5506 3237 5559 instruuntur
3253 5501 3485 5556 universi
3507 5499 3594 5567 qui
3616 5492 3820 5548 audiunt.

594 5601 858 5654 unitatem
885 5598 1310 5669 Trinitatemque
1347 5616 1554 5668 veram,
1585 5609 1842 5668 quantum
1867 5615 1963 5669 per
1989 5615 2180 5671 specu-
2281 5604 2340 5649 ut
2359 5596 2502 5665 quod
2531 5595 2699 5650 semel
2721 5595 2924 5650 dictum
2966 5593 3191 5648 audiunt
3219 5592 3420 5657 cuncti,
3459 5590 3575 5644 sine
3602 5582 3823 5640 divisione

595 5689 705 5743 lum
729 5690 780 5743 in
804 5691 1090 5758 :enigmate
1110 5689 1277 5744 videri
1309 5698 1507 5760 potest,
1535 5691 1728 5746 summi
1758 5690 1998 5760 reperias
2017 5688 2179 5744 Crea-
2280 5696 2450 5742 totum
2478 5686 2782 5757 percipiant
2804 5685 3017 5753 singuli.
3041 5683 3229 5751 Itaque
3266 5681 3487 5737 verbum
3518 5675 3660 5737 illud,
3683 5681 3822 5741 quan-

595 5783 746 5836 toris.
778 5781 913 5836 Sunt
939 5782 1084 5842 enim
1115 5783 1357 5850 quaedam
1389 5784 1489 5837 tria
1515 5784 1568 5837 in
1597 5791 1778 5837 mente
1800 5782 2032 5836 humana
2059 5796 2176 5850 quae
2279 5788 2394 5834 tum
2425 5779 2694 5834 invenitur
2720 5780 2772 5833 in
2795 5779 3020 5840 cunctis,
3048 5785 3254 5830 tantum
3295 5771 3565 5828 invenitur
3593 5769 3641 5820 in
3667 5761 3821 5825 sinﬁu'

593 5868 660 5925 ad
689 5869 1017 5938 agnitionem
1058 5871 1152 5927 Dei
1184 5873 1485 5942 proliciant,
1534 5873 1579 5928 si
1619 5889 1728 5930 non
1759 5873 1860 5930 sibi
1889 5871 2176 5930 obduratio
2280 5871 2362 5927 lis.
2397 5872 2592 5930 Totum
2617 5873 2800 5942 itaque
2827 5872 2882 5932 in
2911 5869 3170 5928 memoria
3200 5872 3482 5940 permanet
3511 5861 3576 5918 de
3602 5872 3698 5928 qua
3739 5862 3818 5905 nar
