4046 6498
276 387 369 444 773
1019 376 1046 392 ’⁵
1319 383 1594 444 CONTRA
1631 379 1980 439 FABIANUM
2021 380 2460 444 FRAGMENTA.

3413 381 3516 436 774

273 499 462 562 scitur,
492 504 664 552 totum
687 509 948 565 corporea
977 507 1110 550 voce
1130 494 1431 565 profertur,
1465 503 1636 550 totum
1659 495 1840 550 multis
1873 495 1918 553 Λ
1941 493 2092 561 gulas
2118 492 2472 564 propriasque
2498 503 2775 562 personas.
2815 488 2998 560 Imago
3037 490 3238 561 quippe
3277 500 3359 546 est
3389 493 3516 556 ista,

265 587 604 644 audientibus
632 585 799 640 semel
827 585 1054 652 dicitur,
1078 592 1354 652 totumque
1384 585 1438 638 in
1485 584 1710 654 singulis
1737 599 1832 638 au-

264 675 553 737 dientibus,
581 689 687 727 non
736 672 912 726 minus
957 687 1116 741 quam
1163 673 1217 726 in
1246 673 1494 728 omnibus
1544 673 1834 727 invenitur.

263 761 340 818 Ita
367 771 420 818 et
450 761 613 816 Filius
645 759 762 827 Dei,
790 760 935 830 quod
964 767 1044 814 est
1063 759 1297 814 Verbum
1329 760 1442 824 Dei,
1472 776 1502 815 a
1529 759 1685 816 Patre
1713 762 1837 830 qui-

261 855 406 916 dem,
438 854 576 908 sicut
624 853 737 922 ipse
769 861 996 907 testatur
1037 851 1213 923 (Joau.
1260 868 1372 920 xvr,
1402 851 1517 921 28),
1566 853 1734 907 exivit
1783 861 1838 908 et

262 947 412 999 venit
437 946 488 997 in
511 944 652 998 hunc
679 941 937 996 mundum
966 961 978 995 :
1004 943 1098 997 sed
1127 951 1182 998 et
1202 959 1420 1013 semper
1449 943 1590 1012 apud
1617 933 1836 998 Patrem

261 1041 402 1097 erat,
431 1031 554 1100 quia
585 1032 639 1083 iu
667 1030 921 1100 principio
946 1041 1058 1084 erat
1097 1030 1338 1094 Verbum,
1370 1041 1420 1086 et
1475 1031 1696 1085 Verbum
1724 1039 1837 1085 erat

261 1122 402 1192 apud
437 1119 636 1183 Deum,
683 1129 732 1172 et
771 1119 910 1173 Deus
957 1130 1067 1173 erat
1123 1120 1341 1174 Verbum
1392 1121 1632 1190 (Joan.t,
1657 1121 1748 1191 1);
1777 1129 1833 1175 et

260 1223 547 1279 antequam
605 1210 658 1264 in
709 1210 963 1266 mundum
1014 1211 1242 1277 veniret,
1273 1213 1322 1264 in
1373 1212 1563 1266 mundo
1608 1220 1742 1279 erat,
1787 1220 1836 1265 et

260 1305 482 1358 mundus
506 1321 598 1376 per
635 1305 806 1374 ipsum
855 1304 1019 1372 [actus
1048 1311 1123 1356 est
1163 1301 1349 1371 (Ibid.,
1381 1300 1488 1370 19.).
1539 1301 1597 1355 In
1637 1301 1836 1356 mundo

261 1396 403 1450 enim
432 1410 646 1464 semper
674 1403 794 1449 erat
817 1393 1048 1447 Verbum
1071 1393 1239 1458 Deus;
1267 1393 1392 1461 quia
1429 1407 1528 1462 per
1573 1392 1834 1447 unitatem

260 1493 467 1538 naturae
494 1483 633 1537 sicut
681 1497 899 1536 omnem
954 1491 1259 1537 creaturam
1310 1482 1496 1551 implet
1546 1481 1725 1546 Pater,
1757 1482 1836 1537 sic

260 1575 448 1645 implet
472 1581 526 1628 et
550 1573 733 1628 Filius.
759 1571 943 1640 Itaque
970 1587 1071 1627 nec
1099 1587 1130 1624 a
1157 1571 1318 1626 Patre
1366 1571 1611 1627 discessit
1656 1586 1778 1626 cum
1805 1586 1836 1626 a

259 1663 421 1718 Patre
449 1663 634 1724 exivit.
665 1677 767 1716 nec
797 1670 922 1715 tunc
951 1661 1005 1714 in
1031 1659 1231 1714 mundo
1262 1674 1382 1714 esse
1407 1659 1594 1731 erepit,
1625 1673 1746 1714 cum
1779 1658 1832 1712 in

259 1753 515 1808 mundum
546 1752 710 1807 venit.
736 1750 842 1806 Sed
869 1751 1056 1806 exiens
1079 1766 1114 1808 a
1135 1748 1320 1820 Patre,
1346 1750 1424 1805 sic
1454 1749 1594 1819 apud
1619 1747 1834 1803 Patrem

1939 598 2045 637 non
2074 589 2216 647 nata,
2242 579 2338 636 sed
2361 579 2524 645 facta,
2555 594 2664 635 non
2684 579 2884 648 genita,
2913 578 3010 634 sed
3037 587 3238 634 creata.
3284 579 3364 635 Ad
3405 580 3511 636 hoc

1938 673 2142 742 utique,
2166 680 2226 726 ut
2253 673 2392 727 sicut
2414 673 2576 743 602
2602 671 2656 726 in
2684 671 2786 726 ista
2811 686 2918 726 una
2965 671 3196 740 imagine
3241 671 3510 728 invenitur

1938 763 2182 832 quaedam
2207 763 2463 819 discretio
2490 763 2900 828 vocabulorum,
2932 764 3010 818 sic
3041 763 3093 817 in
3122 763 3210 816 illa
3234 779 3338 818 uua
3381 764 3513 819 divi-

1937 853 2108 908 nitate
2135 861 2493 923 cognoscatur
2519 851 2770 908 discretio
2800 867 3179 922 personarum;
3211 861 3267 907 et
3292 861 3512 908 natura-
3586 859 3589 862 '

1939 942 2003 997 lis
2034 943 2210 998 unitas
2233 941 2484 997 ostendat
2538 958 2702 996 unum
2731 942 2895 997 Deum
2925 957 3043 998 esse
3082 940 3297 996 Patrem
3345 951 3401 996 et
3428 942 3516 995 Fi-

1937 1031 2065 1085 lium
2087 1039 2144 1085 et
2183 1029 2442 1100 Spiritum
2489 1039 2764 1096 sanctum,
2791 1046 3146 1099 personarum
3201 1045 3332 1085 vero
3378 1046 3508 1100 pro-

1937 1123 2136 1193 prietas
2154 1121 2486 1177 demonstret
2525 1121 2686 1176 alium
2708 1137 2827 1177 esse
2853 1121 3087 1187 Patrem,
3115 1121 3276 1176 alium
3297 1120 3512 1186 Fili’um,

1936 1213 2100 1266 alium
2125 1212 2383 1282 Spiritum
2416 1221 2681 1267 sanctum.
2715 1211 2892 1266 Alium
2917 1220 3099 1266 autem
3130 1211 3367 1278 Patrem,
3405 1228 3513 1266 non

1937 1318 2002 1358 eo
2022 1302 2165 1372 quod
2194 1289 2368 1356 Deus‘-'
2384 1308 2488 1364 est,
2517 1300 2612 1355 sed
2633 1315 2700 1355 eo
2727 1301 2870 1370 quod
2924 1298 3087 1355 Pater
3124 1307 3239 1366 est;
3269 1309 3326 1355 et
3351 1301 3514 1354 alium

1936 1389 2128 1444 Filium
2150 1405 2258 1444 non
2288 1404 2355 1444 eo
2378 1388 2522 1458 quod
2543 1389 2686 1443 Deus
2713 1397 2816 1454 est,
2845 1389 2939 1443 sed
2967 1404 3034 1444 eo
3054 1389 3200 1458 quod
3224 1389 3388 1443 Filius
3409 1397 3514 1456 est;

1936 1483 2098 1537 alium
2119 1497 2335 1552 quoque
2363 1481 2623 1551 Spiritum
2651 1488 2897 1536 sanctum
2915 1520 2930 1540 ,
2961 1495 3068 1534 non
3099 1495 3167 1534 eo
3194 1479 3339 1549 quod
3372 1479 3514 1534 Deus

1937 1581 2038 1636 est,
2071 1571 2165 1628 sed
2194 1587 2260 1626 eo
2287 1569 2434 1640 quod
2464 1578 2520 1624 et
2545 1569 2720 1624 Patris
2746 1577 2799 1623 et
2815 1567 2934 1622 Filii
2961 1567 3192 1638 Spiritus
3206 1576 3309 1624 est.
3337 1568 3514 1623 Alium

1937 1672 2068 1726 ergo
2090 1658 2302 1714 Patrem
2324 1659 2415 1729 qui
2441 1659 2619 1731 (Apud
2640 1658 2845 1713 Theod.
2876 1659 2997 1728 quia
3044 1658 3131 1713 hic
3150 1665 3205 1713 et
3225 1657 3383 1729 infra)
3414 1671 3510 1725 ge-

1938 1751 2075 1813 nuit,
2099 1749 2261 1804 alium
2284 1748 2474 1803 Filium
2504 1749 2594 1817 qui
2638 1748 2706 1802 de
2750 1746 2910 1802 Patre
2939 1756 3097 1803 natus
3123 1755 3226 1816 est,
3253 1756 3309 1804 et
3349 1748 3512 1802 alium

258 1844 569 1914 permansit,
617 1844 756 1898 sicut
803 1857 1016 1911 semper
1037 1850 1155 1896 erat
1185 1860 1198 1896 :
1230 1850 1286 1896 et
1334 1842 1388 1896 in
1437 1839 1695 1895 mundum
1740 1854 1834 1894 ve-
1865 1865 1912 1925 Β
1940 1842 2196 1912 Spiritum
2223 1849 2469 1898 sanctum
2494 1841 2584 1910 qui
2628 1840 2696 1895 de
2737 1838 2898 1894 Patre
2937 1839 3181 1910 Filioque
3227 1838 3511 1908 procedit:

258 1935 433 2000 niens,
465 1933 538 1987 ibi
567 1941 694 1988 tunc
716 1931 906 1987 adesse
933 1932 1104 1987 voluit
1145 1948 1242 2002 per
1267 1931 1493 2000 gratiam
1513 1973 1530 1998 ,
1577 1931 1666 1985 ubi
1693 1946 1830 1985 nuu-

256 2041 420 2096 quam
439 2026 628 2080 deesse
656 2025 831 2094 potuit
856 2040 953 2094 per
981 2033 1247 2079 naturam.
1275 2023 1416 2078 Ecce
1441 2038 1542 2092 ego
1574 2025 1627 2079 in
1656 2040 1829 2094 quan-

257 2128 393 2186 tum
427 2116 626 2186 potui,
675 2116 801 2171 licet
850 2115 1106 2182 breviter,
1155 2115 1361 2170 reddidi
1407 2116 1672 2170 rationem
1722 2130 1829 2183 qua

257 2182 617 2259 unum—Deum
646 2203 884 2258 dicamus
912 2202 1146 2270 Patrem,
1177 2211 1232 2256 et
1259 2201 1471 2264 Filium,
1500 2211 1556 2256 et
1569 2182 1828 2271 Spiritum

257 2301 500 2349 sanctum
533 2311 544 2345 :
579 2301 635 2347 et
662 2293 716 2346 in
745 2293 860 2362 ipsa
889 2292 985 2346 Dei
1016 2293 1248 2360 imagine
1295 2291 1505 2346 ostendi
1554 2292 1828 2362 quoddam

257 2385 446 2439 divintc
474 2383 762 2453 agnitionis
785 2383 1055 2438 indicium.
1097 2383 1153 2437 ln
1180 2398 1285 2452 qua
1326 2383 1541 2452 quidem
1570 2383 1824 2451 imagine,

258 2475 535 2537 memoria,
562 2473 914 2542 intelligentia
959 2487 1015 2527 et
1063 2473 1312 2527 voluntas
1342 2489 1450 2527 non
1498 2472 1702 2526 habent
1728 2473 1830 2526 siu-

1939 1950 2050 1989 non
2081 1943 2259 1988 tamen
2281 1933 2443 1988 alium
2473 1931 2642 1985 Deum
2667 1928 2879 1985 Patrem
2899 1969 2914 1995 ,
2947 1939 3002 1984 et
3031 1930 3192 1984 alium
3224 1929 3391 1984 Deum
3420 1927 3514 1982 Fin

1935 2025 2084 2090 lium,
2117 2032 2172 2080 et
2197 2025 2360 2078 alium
2389 2022 2558 2077 Deum
2605 2021 2866 2090 Spiritum
2914 2029 3195 2086 sanctum;
3226 2020 3320 2075 sed
3347 2034 3513 2080 unum

1937 2117 2106 2171 Deum
2127 2115 2341 2170 Patrem
2368 2124 2423 2170 et
2444 2113 2636 2168 Filium
2683 2121 2739 2167 et
2776 2111 3034 2181 Spiritum
3079 2120 3343 2166 sanctum.
3393 2101 3513 2164 Non

1936 2206 2078 2260 enim
2117 2203 2400 2260 confundit
2430 2203 2607 2258 unitas
2632 2201 2971 2265 Trinitatem,
2996 2217 3097 2256 nec
3140 2200 3377 2255 Trinitas
3425 2213 3513 2254 se-

1935 2303 2090 2364 parat
2121 2295 2412 2356 unitatem;
2442 2294 2568 2362 quia
2597 2291 2741 2361 quod
2764 2291 2816 2344 in
2834 2305 3186 2359 personarum
3215 2289 3512 2360 proprieta-

1933 2393 1985 2439 te
2010 2385 2350 2447 discernitur,
2383 2383 2488 2437 hoc
2516 2395 2679 2436 unum
2707 2379 3022 2435 naturaliter
3068 2379 3316 2434 essentia:
3354 2378 3513 2433 unius

1934 2473 2312 2528 communione
2334 2479 2683 2526 monstratur.
2873 2467 2876 2469 Α
3055 2471 3062 2477 ’

1281 2675 1374 2720 EX
1411 2673 1635 2722 LIBRO
1678 2674 1774 2720 Vl.
1829 2675 1927 2721 DE
1974 2672 2120 2720 UNO
2163 2671 2493 2720 ETEBNO.

712 2783 1189 2843 FRAGMENTUM
1227 2783 1365 2839 XIX.

649 2880 813 2934 Filius
839 2890 916 2934 est
954 2879 1105 2932 Patri
1130 2886 1437 2931 coreternus.

327 2975 442 3031 Non
480 2981 563 3028 est
605 2969 988 3026 irrationabilis
1044 2966 1294 3022 Ecclesia:
1345 2965 1624 3021 catholicae
1675 2963 1828 3028 ﬁdes,

258 3067 380 3137 quia
406 3073 731 3120 coaeternum
761 3060 910 3114 Patri
938 3058 1127 3112 Filium
1164 3066 1220 3112 et
1251 3057 1422 3112 credit
1453 3063 1508 3110 et
1535 3054 1827 3124 praedicat,

1936 2803 2187 2859 nativitas
2217 2801 2310 2857 ﬁlii
2340 2801 2633 2863 nascentis,
2658 2801 2782 2870 quia
2811 2803 2928 2857 sine
2951 2803 3102 2858 initio
3130 2818 3238 2857 non
3267 2803 3360 2858 fuit
3391 2805 3513 2860 sub~

1936 2896 2134 2950 stantia
2180 2883 2486 2962 genituris:
2533 2893 2715 2961 itaque
2761 2901 2950 2947 natura
2999 2894 3088 2948 illa
3137 2895 3258 2949 ideo
3305 2895 3512 2950 initium

1940 2984 2193 3039 nascendi
2237 2983 2291 3036 in
2338 2981 2447 3037 ﬁlio
2495 2983 2761 3037 veraciter
2789 2982 2993 3048 habuit,
3041 2985 3164 3052 quia
3205 2985 3323 3039 sine
3361 2985 3515 3039 initio

1941 3074 2205 3130 existendi
2251 3073 2303 3128 in
2330 3073 2575 3142 genitore
2623 3087 2730 3126 non
2785 3072 2922 3126 fuit:
2977 3074 3118 3128 unde
3168 3073 3512 3130 manifestum

259 3156 432 3211 δεῖθιιε
455 3158 726 3207 recentem
757 3163 876 3204 esse
905 3163 1118 3204 omnem
1167 3148 1326 3202 deum
1349 3147 1401 3200 ⁵η
1424 3161 1532 3214 (ἶυο
1560 3144 1828 3200 uisum“
1859 3165 1904 3228 C
1935 3173 2038 3225 est,
2064 3165 2187 3233 quia
2218 3164 2271 3218 in
2303 3163 2411 3218 lilio
2435 3162 2687 3217 nativitas
2715 3162 2802 3216 illa
2833 3163 2989 3217 nullo'
3005 3163 3158 3218 initio
3187 3163 3512 3232 subjaceret,

258 3243 532 3314 quodlibet
557 3241 826 3294 invenitur
847 3239 1071 3292 initium.
1105 3235 1220 3292 Hoc
1242 3244 1422 3290 autem
1442 3235 1583 3290 Deus
1610 3249 1710 3290 suo
1735 3249 1834 3304 po-

259 3335 385 3406 pulo
412 3333 750 3404 repromisit,
781 3332 906 3400 quia
933 3331 977 3384 si
1007 3345 1129 3384 eum
1181 3327 1431 3392 audierit,
1479 3327 1613 3383 deus
1647 3327 1703 3380 in
1741 3327 1834 3380 illo

259 3439 446 3480 recens
467 3440 572 3478 non
591 3425 716 3490 erit,
745 3431 800 3477 et
819 3423 889 3476 ob
913 3421 1019 3475 hoc
1045 3419 1208 3475 deum
1255 3419 1487 3473 alienum
1532 3417 1834 3472 nullatenus

259 3514 524 3569 adorabit.
554 3512 644 3566 Sic
666 3512 810 3566 enim
845 3511 1040 3565 dicitur
1085 3525 1182 3579 per
1235 3509 1558 3578 prophetam
1591 3525 1603 3559 :
1641 3506 1832 3573 Israel,

260 3606 304 3660 ei
328 3620 410 3658 me
439 3604 683 3666 audieris,
715 3619 818 3656 non
847 3603 946 3655 erit
973 3603 1027 3654 in
1055 3610 1103 3654 te
1125 3601 1247 3653 deus
1292 3615 1489 3662 recens,
1514 3616 1676 3669 neque
1705 3599 1835 3653 ado-

259 3693 398 3747 rabis
423 3693 574 3746 deum
595 3693 824 3745 alienum
853 3689 1025 3761 (Psal.
1049 3705 1213 3753 Lxxx,
1241 3688 1349 3757 10).
1380 3688 1504 3742 Ideo
1527 3689 1686 3755 igitur
1703 3688 1836 3742 deus

256 3783 450 3840 reéens
467 3799 572 3837 non
601 3791 684 3837 est
709 3780 892 3846 Filius,
921 3781 1047 3850 quia
1079 3789 1283 3834 mterno
1314 3778 1458 3832 Patri
1506 3788 1589 3833 est
1617 3787 1835 3833 natura-

255 3875 381 3929 liter
416 3881 744 3938 coazteruus;
778 3880 833 3927 et
858 3873 928 3926 ob
958 3872 1062 3926 hoc
1089 3886 1120 3924 a
1147 3869 1302 3923 nobis
1358 3884 1493 3923 unus
1548 3869 1690 3923 Deus
1711 3883 1832 3923 cum

261 3964 418 4020 Patre
444 3965 657 4026 colitur,
687 3964 812 4032 quia
835 3962 1102 4032 posterior
1124 3959 1284 4014 Patre
1303 3957 1604 4013 nullatenus
1632 3957 1836 4012 iuveni-

258 4067 365 4113 tur.
394 4058 526 4113 Cum
557 4070 685 4124 ergo
713 4055 768 4109 in
811 4053 948 4108 Filio
973 4053 1230 4122 qumritur
1278 4061 1494 4106 acterna:
1538 4049 1835 4106 nativitatis

255 4161 443 4214 causa,
465 4147 580 4200 sola
611 4145 881 4200 invenitur
907 4143 1086 4198 Patris
1113 4151 1316 4196 {eterna
1369 4141 1666 4197 substantia
1693 4158 1706 4192 :
1739 4157 1834 4196 na-

255 4247 376 4292 tura
406 4237 547 4290 enim
575 4251 694 4303 qua:
717 4235 927 4288 initium
959 4232 1226 4288 existendi
1257 4232 1447 4296 nescit,
1481 4231 1689 4285 initium
1735 4244 1832 4298 ge-

253 4328 477 4384 nerandi
507 4327 706 4380 habere
735 4342 842 4380 non
870 4325 1062 4396 potuit.
1095 4323 1233 4390 Quid
1268 4331 1448 4377 autem
1497 4321 1832 4378 manifestius

255 4417 321 4472 ad
349 4416 779 4484 cognoscendum
803 4414 1016 4482 Filium,
1036 4424 1093 4470 et
1121 4416 1188 4469 de
1216 4423 1406 4468 natura
1424 4413 1598 4470 Patris
1623 4423 1828 4480 natum,

253 4517 312 4564 et
332 4507 480 4564 Patri
505 4506 822 4560 naturaliter
847 4515 1197 4570 comternum,
1225 4505 1318 4559 illo
1366 4503 1658 4574 Scriptura:
1686 4505 1828 4572 loco,

253 4611 363 4666 quo
391 4596 459 4651 de
510 4594 785 4664 Sapientia
833 4594 1060 4649 dicitur:
1097 4594 1358 4664 Splendor
1405 4605 1479 4648 est
1517 4597 1655 4649 enim
1703 4595 1833 4651 lucis

253 4697 462 4743 eterna
493 4689 647 4760 (Sap.
677 4704 768 4753 vtt,
793 4686 920 4756 26)?
943 4687 1076 4755 Nam
1105 4688 1384 4756 splendor,
1427 4705 1527 4744 nec
1568 4704 1600 4743 a
1638 4701 1833 4746 natura

254 4778 389 4834 lucis
413 4779 684 4834 invenitur
711 4788 1022 4844 extraneus,
1055 4787 1112 4832 et
1135 4779 1273 4833 sicut
1299 4794 1405 4833 non
1443 4788 1527 4834 est
1567 4781 1681 4849 ipsa
1711 4782 1834 4836 luce

251 4868 450 4931 minor,
463 4869 542 4923 sic
558 4883 621 4922 ea
640 4884 744 4922 non
767 4875 946 4937 potest
961 4883 1081 4922 esse
1095 4868 1381 4936 posterior.
1396 4867 1832 4924 Cozeternitatem

251 4960 453 5030 quippe
497 4959 799 5029 splendoris
836 4958 1136 5014 certissime
1181 4958 1521 5013 commendat
1554 4960 1832 5014 :eternitas

251 5051 406 5106 lucis.
430 5050 564 5104 Nam
575 5057 802 5119 excepto
814 5049 961 5118 quod
983 5048 1349 5116 unusquisque
1361 5048 1634 5103 hominum
1647 5050 1725 5104 sic
1739 5063 1834 5118 ge-

249 5147 409 5195 nerat
433 5139 619 5203 ﬁlium,
647 5139 786 5195 sicut
813 5146 899 5194 est
915 5141 1028 5208 ipse
1049 5147 1367 5208 generatus;
1391 5148 1446 5194 et
1472 5139 1593 5194 ideo
1612 5141 1721 5196 tilio
1732 5156 1831 5196 suo

249 5230 523 5284 invenitur
534 5228 790 5295 anterior,
805 5229 929 5297 quia
944 5228 1039 5282 fuit
1057 5236 1210 5298 patre
1223 5243 1322 5282 suo
1339 5228 1633 5297 posterior:
1651 5237 1830 5284 tamen

249 5319 319 5374 ad
340 5319 515 5388 ipsum
533 5319 764 5388 primum
801 5318 1074 5373 hominem
1105 5333 1464 5382 recurremus,
1497 5319 1581 5373 cui
1603 5319 1704 5374 soli
1728 5319 1828 5373 da-

248 5419 366 5466 tum
393 5417 478 5465 est
497 5411 548 5464 in
565 5417 679 5464 toto
694 5410 926 5463 humano
937 5425 1156 5479 genere,
1174 5419 1233 5464 ut
1245 5411 1358 5480 ipse
1382 5411 1520 5465 lilius
1541 5426 1647 5466 non
1660 5419 1825 5479 esset,

248 5507 307 5554 et
325 5500 394 5554 de
418 5515 478 5555 se
521 5497 684 5552 ﬁlium
711 5498 1050 5568 protulisset,
1073 5499 1403 5569 haberetque
1451 5500 1519 5555 de
1555 5516 1616 5555 se
1642 5509 1825 5556 natum

247 5592 412 5662 603
443 5607 548 5646 non
589 5598 766 5658 natus,
815 5599 871 5646 et
910 5600 1094 5660 posset
1137 5608 1396 5662 generare
1437 5609 1542 5648 non
1588 5594 1823 5662 genitus.

250 5680 544 5736 Generatio
585 5681 785 5751 quippe
813 5681 902 5735 illa
944 5685 1205 5740 naturalis
1252 5684 1507 5738 unitatem
1539 5694 1743 5740 natura:
1773 5687 1824 5740 in

250 5779 404 5843 patre
444 5770 660 5842 ﬁlioque
693 5771 945 5827 servavit.
987 5769 1112 5830 Ideo
1161 5785 1343 5834 autem
1388 5774 1596 5829 iuitium
1636 5777 1825 5833 habuit

1935 3255 1981 3310 si
2053 3261 2242 3308 natura
2290 3253 2460 3322 patris
2517 3251 2779 3306 existendi
2829 3251 3038 3306 initium
3100 3268 3206 3307 non
3256 3253 3502 3308 haberet.

1936 3344 2202 3411 Quocirca
2250 3344 2340 3399 ubi
2383 3343 2500 3398 sine
2530 3343 2685 3398 initio
2717 3344 2976 3398 naturalis
3006 3344 3273 3399 invenitur
3299 3347 3514 3400 interni-

1937 3443 2024 3490 tas
2045 3435 2236 3505 patris,
2278 3434 2486 3488 initium
2520 3433 2720 3487 habere
2747 3449 2856 3488 non
2897 3441 3082 3503 potest;
3103 3434 3356 3488 nativitas
3383 3450 3515 3503 pro«

1937 3524 2024 3578 lis.
2063 3524 2334 3591 lngenitus
2361 3537 2490 3592 ergo
2513 3523 2653 3576 Deus
2675 3521 2856 3588 Pater,
2887 3531 2940 3577 et
2955 3524 3167 3591 genitus
3187 3523 3328 3578 Deus
3348 3523 3517 3578 Filius

1937 3629 2062 3668 cum
2091 3614 2305 3678 dicitur,
2335 3615 2473 3668 sicut
2492 3613 2752 3667 naturalis
2775 3613 2997 3681 ingeniti
3021 3613 3195 3668 Patris
3230 3617 3509 3682 generatio

1937 3708 2196 3758 unitatem
2227 3714 2430 3758 natum:
2461 3704 2586 3758 facit
2634 3703 2688 3756 in
2718 3703 2880 3758 Patre
2929 3703 3173 3773 Filioque
3218 3707 3511 3772 cognosci,

1937 3783 2016 3848 sic
2044 3795 2302 3849 naturalis
2343 3794 2617 3848 atternitas
2647 3791 2819 3847 Patris
2874 3802 3020 3848 vetat
3059 3794 3276 3863 aliquod
3305 3795 3515 3851 initium

1937 3882 2129 3937 divina:
2157 3881 2516 3951 generationis
2545 3881 2790 3949 intelligi.
2831 3881 3043 3949 Absque
3075 3882 3225 3936 initio
3249 3891 3333 3936 est
3352 3883 3516 3950 igitur

1939 3980 1995 4026 et
2026 3970 2191 4026 Pater
2231 3981 2286 4026 et
2322 3972 2506 4037 Filius,
2555 3979 2611 4026 et
2654 3970 2779 4025 ideo
2807 3986 2969 4025 unum
2998 3986 3290 4040 verumque
3319 3973 3513 4041 princi-

1940 4063 2086 4131 pium
2109 4070 2193 4116 est
2212 4060 2374 4115 Pater
2401 4069 2455 4114 et
2481 4059 2648 4114 Filius
2673 4078 2685 4112 :
2719 4059 2860 4114 unde
2889 4061 3003 4128 ipse
3023 4059 3167 4114 Deus
3196 4057 3356 4115 Pater
3381 4075 3510 4130 pro-

1919 4152 2056 4221 .prio
2086 4151 2219 4205 Filio
2247 4151 2378 4205 dicit
2409 4150 2462 4203 in
2491 4149 2697 4219 psalmo
2723 4167 2735 4201 :
2783 4147 2970 4202 Tecum
3006 4150 3316 4219 principium
3343 4151 3400 4202 in
3427 4150 3512 4204 die

1937 4242 2136 4294 virtutis
2163 4250 2283 4306 tum,
2315 4245 2369 4292 in
2391 4238 2749 4308 splendoribus
2784 4249 3101 4306 sanctorum,
3133 4257 3199 4294 ex
3220 4249 3365 4294 utero
3389 4251 3512 4295 ante

1936 4331 2207 4400 luciferum
2247 4332 2398 4401 genui
2447 4339 2496 4382 te
2554 4328 2724 4399 (Paul.
2768 4345 2877 4395 cu,
2908 4331 2984 4399 3).
3025 4329 3178 4396 Quod
3215 4340 3300 4387 est
3341 4341 3511 4386 tecum

1935 4422 2263 4491 principium,
2297 4420 2396 4475 nisi
2419 4419 2561 4490 quod
2589 4421 2714 4475 alibi
2743 4420 2812 4476 de
2835 4420 3111 4490 Sapientia
3141 4423 3357 4489 dicitur.
3383 4427 3511 4494 quia

1864 4543 1911 4600 ο
1939 4528 1971 4563 α
2001 4511 2225 4565 Domino
2256 4509 2362 4564 Deo
2389 4520 2486 4575 est,
2509 4520 2559 4564 et
2587 4527 2701 4564 cum
2729 4511 2820 4565 illo
2850 4513 2944 4582 fuit
2971 4528 3190 4580 semper,
3221 4523 3271 4566 et
3297 4523 3374 4568 est
3392 4526 3514 4570 ante

1936 4618 2096 4656 omum
2124 4602 2312 4673 (Eccli.
2346 4619 2391 4666 ι,
2425 4602 2449 4654 l
2463 4611 2479 4670 )
2503 4605 2526 4655 ?
2555 4602 2722 4670 Digne
2745 4603 2926 4672 itaque
2949 4618 3009 4658 se
3035 4603 3201 4658 Filius
3229 4607 3514 4675 proﬁtetur

1935 4709 2053 4748 esse
2076 4694 2417 4763 principium,
2445 4692 2570 4760 quia
2601 4693 2654 4746 in
2691 4700 2897 4746 tantum
2925 4707 2983 4747 se
3008 4695 3157 4748 novit
3186 4694 3330 4748 Patri
3359 4697 3511 4764 prin-

1937 4783 2078 4851 cipio
2115 4791 2461 4844 comternum,
2487 4789 2570 4856 _ut
2615 4796 2736 4836 cum
2782 4781 2974 4835 eodem
3005 4781 3165 4837 Patre
3195 4784 3510 4838 naturaliter

1938 4885 2103 4924 unum
2151 4884 2210 4924 se
2252 4869 2464 4924 noverit
2493 4883 2610 4924 esse
2637 4869 2991 4939 principium:
3023 4877 3079 4925 et
3105 4871 3235 4926 illud
3263 4872 3405 4942 quod
3448 4887 3510 4926 se

1934 4985 1967 5018 α
1995 4971 2051 5018 et
2076 4987 2136 5026 ω,
2166 4961 2375 5016 initium
2419 4971 2474 5017 et
2519 4960 2675 5016 linem
2698 4962 2864 5018 Filius
2911 4965 3104 5020 asserit
3147 4966 3328 5037 (Apoc.
3359 4983 3395 5032 ι,
3427 4966 3507 5034 6),

1933 5054 2168 5122 seipsum
2216 5053 2400 5121 utique
2446 5053 2562 5108 sine
2590 5053 2742 5107 initio
2771 5063 2826 5109 et
2867 5055 2972 5109 line
3009 5057 3331 5111 conﬁrmat:
3379 5059 3506 5126 quia

1933 5146 2072 5200 sicut
2097 5153 2223 5198 ante
2248 5145 2406 5214 alpha
2436 5160 2541 5200 non
2583 5153 2664 5200 est
2691 5145 2867 5214 aliqua
2901 5146 3099 5212 littera,
3149 5148 3228 5202 sic
3256 5156 3382 5202 ante
3423 5147 3504 5203 Fi-

1933 5234 2060 5288 lium
2089 5233 2235 5287 nulla
2270 5235 2445 5303 potuit
2473 5248 2593 5289 esse
2617 5243 2809 5289 natura
2835 5252 2849 5287 :
2898 5235 3018 5290 ideo
3062 5236 3224 5302 igitur
3250 5251 3310 5290 se
3347 5237 3506 5308 alpha

1931 5328 2098 5383 Filius
2124 5329 2271 5394 dicit,
2303 5337 2362 5384 ut
2389 5345 2569 5384 rerum
2596 5344 2655 5384 se
2680 5329 2987 5384 ostenderet
3012 5344 3134 5385 esse
3161 5331 3502 5402 principium,

1933 5420 2080 5490 quod
2105 5421 2251 5475 nullo
2279 5430 2458 5492 potest
2484 5421 2766 5491 prmveniri
2791 5421 3075 5493 principio.
3101 5421 3237 5478 Hinc
3257 5432 3339 5478 est
3357 5423 3503 5494 quod

1933 5513 2096 5567 etiam
2118 5522 2336 5569 sanctus
2363 5512 2711 5581 evangelista,
2743 5527 2864 5567 cum
2894 5513 3009 5568 sine
3039 5514 3191 5569 initio
3226 5516 3504 5569 aeternita-

1933 5610 2044 5658 tem
2068 5603 2228 5658 Verbi
2269 5603 2432 5658 vellet
2459 5602 2782 5672 exprimere,
2818 5603 2948 5657 nihil
2992 5607 3168 5675 aptius
3192 5646 3207 5671 ,
3258 5606 3502 5674 nihilque

1932 5693 2328 5761 congruentius,
2375 5691 2577 5762 Spiritu
2604 5700 2791 5748 sancto
2819 5693 3053 5761 repletus
3087 5696 3308 5762 invenit,
3337 5710 3501 5764 quam

1933 5792 1991 5836 ut
2033 5782 2234 5839 diceret
2268 5781 2366 5836 ειη
2411 5781 2668 5854 principio
2707 5789 2818 5836 erat
2865 5781 3086 5838 Verbum
3135 5783 3314 5855 (Joan.
3346 5801 3386 5852 ι,
3419 5783 3498 5853 Ι).
