4050 6462
648 395 753 451 775

646 511 764 565 Non
793 511 936 565 enim
973 511 1026 564 in
1055 510 1318 580 principio
1347 510 1506 580 cmpit
1528 523 1646 565 esse
1674 510 1937 578 Verbum,
1969 512 2097 582 quia
2121 527 2222 566 no-

646 609 802 655 verat
840 601 969 655 illud
998 600 1234 656 Verbum
1263 600 1415 656 initio
1443 600 1740 655 nativitatis
1771 602 2088 656 naturaliter
2116 617 2225 657 non

622 675 766 748 Iesse
785 692 1112 762 subjectum:
1133 693 1226 747 sed
1246 693 1299 746 in
1321 693 1594 762 principio,
1618 692 1812 760 inquit,
1833 704 1944 746 erat
1965 693 2190 748 Verbum
2205 711 2223 748 :

645 791 706 837 ut
736 784 839 839 hoc
885 783 1110 837 audiens
1147 783 1476 838 curiositatis
1522 783 1769 836 humana:
1813 784 2090 839 temeritas
2140 800 2224 840 se-

645 873 932 940 metipsam
957 873 1024 926 ab
1046 872 1318 942 impietate
1337 873 1698 940 generationis
1716 873 1938 927 initiatae
1953 883 2222 942 coerceat,

647 977 770 1016 cum
799 961 1054 1032 quidquid
1080 962 1310 1016 voluerit
1339 969 1463 1015 ante
1501 962 1646 1016 illam
1675 963 2080 1030 generationem
2125 963 2225 1017 im-

646 1052 922 1126 moderata
951 1052 1272 1120 cogitatione
1301 1051 1588 1120 conjicere,
1638 1067 1746 1106 non
1776 1051 1917 1104 aliud
1949 1052 2000 1105 in
2044 1051 2222 1106 Verbo

644 1157 804 1211 quam
843 1152 958 1197 erat
987 1157 1217 1212 semper,
1272 1142 1446 1196 valeat
1475 1142 1736 1196 invenire.
1781 1141 1894 1196 Hoc
1922 1143 2066 1196 enim
2096 1157 2222 1197 vere

645 1231 700 1284 in
720 1231 983 1300 principio
1009 1239 1143 1294 erat,
1177 1229 1320 1300 quod
1344 1230 1459 1284 sine
1488 1230 1755 1284 existendi
1779 1230 2044 1306 principio
2072 1240 2217 1296 erat;

643 1321 770 1389 quia
813 1336 920 1374 non
950 1336 1075 1375 vere
1127 1321 1179 1374 in
1210 1321 1476 1390 principio
1507 1331 1674 1386 esset,
1707 1323 1752 1376 si
1775 1305 1902 1376 esse
1929 1322 2215 1392 cmpisset:

642 1410 776 1465 illud
820 1411 964 1466 enim
1014 1426 1141 1466 vere
1191 1412 1242 1464 in
1285 1411 1549 1481 principio
1591 1427 1712 1466 esse
1757 1411 1976 1477 dicitur,
2029 1413 2084 1466 in
2113 1426 2220 1479 quo

640 1503 812 1571 ipsum
845 1517 964 1558 esse
1012 1503 1125 1557 sine
1154 1503 1308 1557 initio
1351 1503 1668 1557 naturaliter
1704 1504 1991 1558 invenitur.
2027 1503 2221 1558 Dicens

639 1593 821 1661 itaque
847 1601 1067 1648 sanctus
1093 1594 1437 1662 evangelista,
1473 1592 1535 1646 In
1560 1596 1816 1664 principio
1833 1604 1945 1648 erat
1973 1594 2216 1660 Verbum,

641 1685 750 1740 tale
779 1685 980 1754 aliquid
1000 1685 1135 1739 dixit
1163 1684 1320 1753 quale
1349 1685 1394 1738 si
1418 1684 1643 1752 diceret,
1675 1683 1732 1736 ln
1772 1685 2074 1738 aeternitate
2102 1691 2220 1738 crat

641 1773 893 1828 Verbum.
934 1773 1072 1827 Vera
1101 1775 1297 1842 quippe
1321 1773 1590 1827 aeternitas
1617 1789 1735 1843 qua:
1757 1789 1875 1828 esse
1898 1790 2005 1828 non
2033 1773 2216 1844 cmpit,

1679 397 1736 455 S.
1777 396 2137 455 FUDGENTII
2177 397 2478 454 EPISCOPI
2509 398 2877 456 RUSPENSIS

3749 417 3820 471 776

2257 515 2308 574 Α
2335 511 2590 566 ostendit.
2615 511 2748 567 Cum
2776 527 2909 566 vero
2939 511 3016 566 sic
3045 512 3239 567 dicitur
3265 515 3586 584 singulariter
3606 524 3663 575 ad
3683 525 3822 600 imagi-

2330 617 2467 667 nem,
2501 611 2559 656 ut
2580 618 2689 657 non
2718 602 2946 665 dicatur,
2980 602 3058 656 Ad
3085 604 3367 672 imaginem
3394 622 3574 673 meam,
3599 627 3741 682 neque
3763 619 3820 674 Ad

2328 692 2616 760 imaginem
2645 700 2812 756 tuam,
2841 691 2934 746 sed
2963 694 3032 744 ad
3052 693 3324 763 imaginem
3351 705 3601 762 nostram;
3629 715 3820 761 numerus

2327 782 2550 853 pluralis
2577 781 2834 850 singulari
2861 782 3221 852 conjungitur,
3268 793 3326 838 ut
3364 785 3420 839 in‘
3454 789 3638 844 unitate
3677 791 3818 849 divina:

2327 883 2532 929 natura:
2588 890 2940 946 personarum
2983 875 3218 930 Trinitas
3275 887 3595 945 agnoscatur.
3643 881 3692 936 Si
3727 899 3818 954 ergo

2327 963 2562 1020 Trinitas
2602 981 2710 1020 non
2741 981 2879 1021 unus
2907 975 2990 1021 est
3034 968 3348 1022 naturaliter
3376 970 3527 1037 Deus,
3567 989 3707 1042 quare
3742 993 3818 1033 non

2325 1059 2606 1128 pluraliter
2630 1059 2709 1114 Ad
2738 1060 3017 1128 imagines,
3042 1063 3134 1116 sed
3164 1064 3497 1132 singulariter
3523 1069 3584 1119 ad
3609 1070 3818 1140 imaginem

2323 1150 2507 1204 dixit?
2542 1150 2611 1204 Et
2647 1151 2691 1206 si
2720 1167 2828 1204 non
2855 1151 2922 1205 ad
2952 1153 3114 1207 totius
3145 1152 3418 1210 Trinitatis
3447 1171 3593 1210 unam
3629 1157 3818 1216 divinitus

2323 1238 2488 1294 homo
2529 1238 2805 1294 faciendus
2849 1250 2964 1294 erat
3011 1241 3325 1310 imaginem,
3375 1259 3534 1312 quare
3581 1263 3672 1301 non
3707 1250 3816 1317 dixit,

2322 1329 2521 1396 Meam,
2570 1332 2665 1386 sed
2694 1335 2970 1386 nostram?
3015 1332 3146 1386 Cum
3187 1335 3348 1404 paulo
3377 1345 3510 1403 post,
3555 1337 3612 1390 ad
3639 1338 3816 1394 insinua-

2322 1422 2526 1475 tionem
2550 1422 2711 1492 605
2732 1422 2923 1476 divinm
2953 1425 3108 1478 unius
3138 1426 3384 1480 essentia:
3412 1425 3660 1496 Scriptura
3683 1430 3813 1485 dicat:

2319 1509 2390 1564 Et
2431 1513 2551 1582 fecit
2595 1512 2733 1565 Deus
2777 1513 3062 1577 hominem;
3105 1514 3174 1566 ad
3200 1515 3475 1585 imaginem
3503 1515 3592 1570 Dei
3618 1519 3816 1588 feciteum

2321 1601 2508 1675 (Ibid.,
2542 1602 2655 1674 27).
2689 1603 2842 1670 Quod
2890 1606 3053 1658 eliam
3082 1605 3274 1662 beatus
3316 1607 3591 1677 Apostolus
3623 1626 3700 1664 sua
3721 1628 3816 1680 pre-

2318 1691 2588 1746 dicatioue
2627 1692 2952 1748 conﬁrmans
2977 1731 2991 1756 ,
3037 1694 3112 1748 ait
3139 1711 3151 1746 :
3181 1695 3517 1764 Expoliantes
3551 1716 3628 1752 vos
3658 1713 3817 1754 veterem

2317 1782 2575 1835 hominem
2621 1800 2734 1836 cum
2777 1784 2975 1836 actibus
2993 1785 3131 1849 suis,
3173 1793 3221 1838 et
3250 1786 3514 1840 induentes
3540 1805 3712 1854 norum,
3737 1807 3817 1841 eum

638 1865 752 1919 sola
789 1881 974 1919 verum
1006 1864 1273 1918 invenitur
1303 1879 1421 1918 esse
1463 1864 1801 1934 principium.
1862 1864 1988 1919 Ideo
2029 1873 2210 1918 autem
2245 1892 2286 1950 Β
2315 1875 2402 1943 qui
2427 1884 2702 1928 renovatur
2730 1877 2784 1929 in
2812 1876 3129 1946 agnitionem
3161 1877 3254 1948 (al,
3287 1879 3341 1930 in
3378 1879 3661 1950 agnitione),
3685 1896 3817 1933 “cun.

636 1971 745 2010 non
786 1957 921 2010 dixit
961 1957 1308 2024 evangelista,
1361 1955 1419 2009 ln
1469 1957 1732 2026 principio
1769 1965 1887 2011 erat
1915 1957 2074 2019 Deus,
2118 1957 2211 2010 sed

636 2044 704 2100 In
743 2049 998 2118 principio
1045 2056 1157 2100 erat
1193 2046 1456 2108 Verbum;
1506 2047 1761 2114 quoniam
1791 2045 1968 2101 nullus
1993 2045 2210 2113 ambigit

637 2136 704 2190 de
726 2135 836 2190 Deo
856 2134 1012 2189 Patre
1040 2135 1182 2204 quod
1205 2136 1322 2189 sine
1353 2136 1506 2189 initio
1529 2137 1600 2189 sit
1620 2145 1852 2190 aeternus
1878 2137 2010 2191 :hoc
2033 2145 2210 2192 autem

635 2225 706 2279 de
734 2225 869 2280 Filio
896 2227 1048 2280 nobis
1075 2226 1257 2280 debuit
1286 2225 1543 2291 intimari,
1571 2225 1718 2293 quod
1749 2226 2058 2295 plenissime
2083 2227 2206 2280 bea-

637 2326 721 2370 tus
747 2316 983 2372 Joannes
1018 2317 1272 2383 ostendit,
1305 2317 1510 2383 dicens,
1546 2317 1612 2370 In
1640 2319 1894 2387 principio
1925 2328 2036 2370 erat
2085 2316 2212 2370 Ver-

634 2407 752 2460 bum
777 2423 794 2461 :
825 2417 881 2461 ut
909 2407 1034 2462 hinc
1059 2407 1175 2460 sine
1201 2406 1462 2476 principio
1492 2421 1609 2461 esse
1637 2406 1825 2459 Filium
1871 2406 2207 2470 noverimus;

634 2499 848 2568 quando
895 2498 1152 2567 quidquid
1202 2497 1529 2552 voluerimus
1579 2497 1817 2564 cogitare
1864 2496 2205 2564 principium,

633 2603 847 2658 semper
893 2589 1224 2642 inveniemus
1249 2589 1371 2655 quia
1413 2588 1464 2640 in
1496 2587 1759 2656 principio
1789 2595 1904 2640 erat
1933 2585 2165 2640 Verbum
2193 2605 2205 2637 :

633 2692 702 2732 ne
723 2677 1007 2746 aliquando
1029 2678 1256 2746 coepisse
1283 2691 1404 2730 esse
1432 2677 1688 2741 dicamus,
1735 2676 1880 2744 quod
1929 2675 1980 2728 in
2011 2676 2212 2744 princi-

632 2769 721 2839 pio
767 2776 883 2823 erat
928 2783 1140 2837 semper
1177 2767 1438 2822 audimus.
1491 2765 1622 2819 Erat
1669 2779 1798 2833 ergo
1826 2766 1966 2835 apud
1996 2765 2209 2820 Patrem

631 2859 816 2926 Filius,
843 2860 978 2914 sicut
1007 2858 1148 2929 apud
1174 2859 1338 2928 θοή.
1366 2857 1535 2912 Deum
1563 2856 1724 2921 Deus,
1775 2857 1914 2910 sicut
1941 2857 2082 2925 apud
2113 2856 2211 2909 im-

632 2966 876 3006 mensum
908 2951 1218 3015 immensus,
1265 2949 1402 3004 sicut
1431 2947 1573 3017 apud
1600 2956 1862 3001 aeternum
1894 2946 2212 3001 naturaliter

630 3051 946 3098 coaeternus.

1106 3151 1583 3207 FRAGMENTUM
1614 3152 1728 3206 XX.

793 3267 1045 3320 Eternus
1078 3266 1239 3320 Pater
1265 3267 1429 3336 potuit
1457 3267 1571 3320 sine
1594 3267 1744 3320 initio
1769 3281 2034 3337 generare.

700 3358 817 3427 Ipsa
847 3366 1035 3411 contra
1065 3365 1118 3411 te
1163 3357 1346 3424 utique
1373 3357 1630 3412 vocabula
1663 3365 2050 3426 protestantur,
2082 3357 2207 3424 quia

633 3449 794 3504 Pater
821 3449 937 3503 sine
965 3449 1128 3503 dubio
1158 3449 1330 3517 potuit
1354 3448 1545 3502 Filium
1569 3463 1850 3516 generare,
1881 3456 1936 3502 et
1959 3449 2084 3515 quia
2113 3463 2209 3517 po-

633 3541 736 3595 tuit
778 3540 977 3609 genuit.
1022 3537 1274 3606 Proinde,
1315 3538 1441 3606 quia
1490 3537 1631 3592 Deus
1660 3535 1821 3592 Pater
1867 3538 2210 3606 omnipotens

632 3640 731 3695 est,
762 3630 905 3683 sicut
934 3629 1108 3698 potuit
1145 3640 1426 3694 generare,
1475 3628 1555 3682 sic
1585 3628 1759 3696 potuit
1787 3627 1904 3682 sine
1936 3627 2090 3682 initio
2118 3642 2208 3695 ge-

631 3733 858 3783 nerare;
888 3719 995 3773 imo
1024 3718 1158 3772 sicut
1186 3718 1386 3785 genuit,
1415 3718 1493 3772 sic
1519 3719 1635 3771 sine
1661 3717 1812 3772 initio
1840 3719 2039 3786 genuit.
2073 3719 2206 3783 Quia

630 3817 818 3862 natura
840 3807 976 3876 ejus,
995 3821 1113 3875 quae
1128 3809 1244 3860 sine
1256 3807 1408 3861 initio
1424 3815 1525 3873 est,
1540 3807 1677 3861 sicut
1699 3822 1806 3862 non
1823 3807 1986 3861 habet
2001 3807 2206 3861 initium

627 3899 911 3963 existendi,
957 3900 1036 3952 sic
1077 3899 1286 3951 initium
1337 3913 1443 3952 non
1473 3900 1650 3966 potuit
1699 3898 1898 3952 habere
1935 3898 2205 3966 gignendi.

626 3988 825 4043 Natura
852 3989 1048 4058 quippe
1083 3989 1172 4042 illa
1211 4003 1424 4058 semper
1454 3997 1569 4054 est;
1621 3997 1676 4043 et
1705 3989 1826 4044 ideo
1850 3990 1992 4058 quod
2022 3989 2088 4043 de
2119 3989 2207 4042 illa

627 4081 943 4134 naturaliter
967 4090 1146 4134 natum
1175 4087 1277 4144 est,
1317 4080 1594 4148 mqualiter
1619 4095 1834 4150 semper
1873 4089 1972 4134 est.
2021 4079 2208 4133 Unitas

626 4173 768 4226 enim
787 4172 1040 4226 naturalis
1056 4172 1401 4240 generatione
1424 4173 1618 4224 mutari
1642 4187 1747 4225 non
1769 4171 1969 4241 potuit,
1994 4169 2224 4238 quando

626 4261 882 4314 naturalis
907 4262 1178 4328 nativitas,
1207 4262 1346 4315 sicut
1370 4263 1421 4314 in
1449 4277 1507 4314 se
1534 4271 1800 4325 naturam,
1833 4262 1910 4316 sic
1939 4261 2209 4315 aeternita-

627 4357 737 4403 tem
760 4350 1058 4402 naturalem
1089 4350 1183 4403 Dei
1212 4351 1519 4417 generantis
1544 4352 1780 4417 agnovit.
1816 4348 2048 4405 Proinde
2076 4366 2204 4420 pro-

626 4440 839 4510 prietati
855 4441 1236 4494 vocabulorum
1257 4441 1388 4495 cedc
1413 4441 1649 4507 tandem,
1670 4451 1722 4494 et
1739 4443 1896 4496 crede
1921 4460 1934 4508 ;
1963 4451 2017 4497 et
2045 4443 2098 4497 in
2116 4459 2201 4507 eo,

623 4547 784 4601 quem
823 4533 1095 4602 proprium
1141 4531 1330 4585 Filium
1371 4531 1546 4586 Patris
1594 4533 1882 4601 Apostolus
1927 4535 2199 4602 prmdicat,

622 4599 976 4677 aeternitatem
1001 4623 1117 4676 sine
1141 4622 1292 4676 initio
1318 4632 1554 4692 paternae
1571 4599 2196 4691 generationis—agnosce.
2229 4631 2282 4689 ι)
2305 4599 2520 4692 ἀφεῖεν

1078 4732 1555 4788 FRAGMENTUM
1587 4733 1723 4787 XXI.

625 4839 793 4894 llomo
815 4843 980 4911 factus
1011 4851 1086 4894 est
1116 4842 1195 4912 ad,
1214 4843 1507 4912 imaginem,
1536 4845 1816 4896 non'unins
1847 4852 2049 4895 tantum
2075 4860 2195 4912 per-

688 4927 830 4964 sona:
858 4911 1062 4973 divinae,
1107 4911 1196 4964 sed
1228 4911 1380 4964 totius
1412 4911 1702 4966 Trinitatis.
1736 4911 1920 4964 Deiex
1952 4911 2194 4980 Scriptu-

683 4981 754 5033 ris
802 4983 996 5052 sanctis
1043 4980 1326 5033 ostenditur
1367 4991 1414 5034 et
1453 4984 1505 5034 in
1537 4984 1772 5052 personis
1804 4982 2030 5035 Trinitas
2065 4994 2112 5035 et
2140 4984 2193 5034 in

687 5059 876 5104 natura
897 5051 1089 5103 unitas.

592 5140 605 5169 ·’
688 5141 924 5194 Recurre
948 5139 1015 5192 ad
1041 5149 1346 5194 sanctarum
1374 5141 1655 5195 exordium
1685 5141 2104 5211 Scripturarum,
2141 5144 2192 5196 in

613 5245 720 5296 quo
765 5230 921 5296 (velis
951 5229 1111 5299 nolis)
1152 5231 1424 5285 hominem
1455 5231 1654 5285 factum
1683 5232 1870 5286 audies
1899 5235 1966 5286 ad
1997 5234 2188 5300 imagi-

613 5335 738 5373 nem
748 5319 1042 5374 Trinitatis.
1062 5319 1138 5374 ibi
1157 5323 1354 5391 quippe
1374 5324 1633 5391 scriptum
1655 5334 1738 5377 est
1755 5341 1766 5375 :
1785 5323 1851 5376 Et
1872 5325 2002 5378 dixit
2017 5325 2187 5378 Deus:

570 5383 894 5493 )Faciamus
917 5410 1173 5462 hominem
1201 5412 1269 5463 ad
1295 5413 1574 5482 imaginem
1605 5421 1653 5465 et
1671 5413 2058 5468 similitudinem
2091 5431 2187 5467 no-

612 5503 777 5548 stram
807 5494 1014 5564 (Cenes.
1047 5515 1083 5560 ι,
1124 5497 1236 5565 26).
1281 5499 1379 5554 Ubi
1421 5501 1475 5555 in
1523 5516 1589 5556 eo
1630 5501 1775 5569 quod
1805 5517 1910 5555 non
1956 5505 2185 5570 positum

612 5594 695 5639 est
718 5585 997 5646 Dixerunt,
1021 5587 1112 5638 sed
1140 5587 1278 5642 Deus
1306 5591 1460 5658 dixit,
1493 5591 1801 5658 agnoscitur
1815 5606 1919 5644 una
1939 5590 2188 5644 divinita-

611 5674 680 5726 tis
700 5673 954 5728 essentia.
973 5671 1230 5730 Similiter
1249 5688 1304 5730 et
1333 5679 1384 5732 in
1407 5696 1474 5734 eo
1499 5680 1644 5748 quod
1664 5695 1772 5735 non
1800 5680 1877 5734 ait
1896 5680 1977 5733 Ad
2005 5681 2186 5750 imagi-

609 5778 725 5829 nes,
752 5763 846 5818 sed
869 5763 940 5816 ad
966 5765 1260 5834 imaginem,
1299 5785 1402 5824 una
1431 5772 1608 5839 imago
1636 5788 1755 5842 qua:
1793 5772 1850 5826 lit
1897 5773 1989 5843 (al.
2023 5787 2184 5841 quam

609 5853 789 5920 fecit),
845 5867 1006 5908 unam
1058 5863 1298 5910 naturam
1343 5861 1424 5914 sui
1471 5861 1685 5926 factoris
1733 5863 1852 5933 (al.
1908 5865 2182 5936 auctoris)

2313 1965 2433 2018 dum
2463 1965 2742 2036 imaginem
2781 1967 2892 2036 ejus
2935 1969 3019 2038 qui
3067 1969 3257 2020 creavit
3297 1985 3412 2022 eum
3455 1969 3654 2040 (Coloss.
3691 1986 3755 2029 ιιι,
3779 1969 3816 2033 9,

2315 2055 2428 2125 10).
2461 2055 2528 2109 Ει
2556 2072 2623 2111 ιιε
2653 2056 2746 2110 tibi
2776 2057 3022 2111 videatur
3050 2059 3116 2115 ad
3157 2059 3440 2127 imaginem
3479 2059 3629 2112 solius
3651 2058 3726 2113 Dei
3748 2058 3814 2112 Pa-

2314 2147 2410 2200 tris
2439 2148 2712 2202 hominem
2741 2158 2980 2203 creatum
3006 2165 3271 2217 asserere,
3303 2151 3425 2204 audi
3453 2151 3571 2219 quid
3596 2151 3818 2221 Apostolus

2311 2239 2430 2292 sine
2457 2237 2856 2294 intermissione
2895 2240 3179 2310 subjuugat
3208 2261 3220 2294 :
3258 2241 3358 2295 Ubi
3389 2259 3488 2296 non
3515 2252 3584 2296 est
3606 2244 3769 2312 gentilis
3785 2254 3818 2296 et

2309 2326 2555 2393 Judwus,
2588 2329 2910 2384 circumcisio
2949 2340 2998 2384 et
3024 2333 3354 2401 praeputium,
3400 2331 3640 2386 Barbarus
3663 2343 3703 2386 et
3727 2332 3819 2402 Scy-

2313 2420 2424 2488 tha,
2455 2436 2628 2473 servus
2657 2432 2706 2474 et
2733 2421 2882 2487 liber,
2914 2422 3004 2475 sed
3031 2424 3204 2476 omnia
3243 2433 3292 2476 et
3323 2426 3377 2476 in
3405 2423 3621 2477 omnibus
3641 2422 3818 2476 Christus

2315 2513 2504 2583 (Ibid.,
2550 2514 2658 2585 Η).
2693 2514 2834 2569 Ecce
2881 2515 3070 2569 beatus
3099 2516 3394 2585 Apostolus
3437 2516 3537 2570 hoc
3563 2515 3698 2579 loco,
3733 2529 3819 2567 cum

2314 2605 2476 2658 vellet
2506 2605 2796 2659 ostendere
2844 2621 2968 2658 eum
3007 2620 3038 2658 a
3067 2620 3174 2674 quo
3222 2615 3276 2659 et
3307 2606 3377 2660 ad
3416 2605 3561 2674 cujus
3603 2606 3820 2672 imaginem

2311 2702 2526 2748 creatus
2555 2701 2640 2748 est
2668 2694 2831 2747 homo
2854 2734 2867 2758 ,
2915 2693 3188 2748 Christum
3216 2695 3351 2749 dicit
3373 2709 3496 2750 esse
3533 2696 3690 2749 omnia
3713 2702 3756 2748 et
3785 2693 3822 2746 in

2312 2781 2577 2836 omnibus.
2609 2780 2666 2836 Si
2687 2796 2818 2836 vero
2849 2783 3012 2836 solius
3041 2780 3241 2836 Christi
3264 2783 3551 2852 imaginem
3577 2783 3746 2837 homini
3761 2798 3821 2835 as-

2311 2871 2525 2939 signare
2551 2871 2788 2925 volueris
2810 2910 2826 2936 ,
2869 2872 2992 2926 vide
3016 2871 3145 2940 quid
3173 2871 3240 2926 de
3269 2873 3366 2927 illo
3396 2873 3512 2926 loco
3540 2870 3820 2941 respondeas,

2313 2960 2404 3014 ubi
2429 2959 2624 3013 dicitur
2651 2977 2663 3011 :
2699 2958 2976 3013 Faciamus
2997 2961 3251 3014 hominem
3278 2962 3350 3014 ad
3379 2963 3635 3031 imaginem
3659 2968 3700 3014 et
3717 2959 3822 3013 simi-

2313 3050 2582 3103 litudinem
2624 3059 2857 3103 nostram
2901 3047 3110 3119 (Cenes.
3156 3065 3193 3111 ι,
3229 3048 3342 3119 l6).
3380 3049 3494 3104 Hoc
3525 3050 3652 3103 enim
3671 3048 3822 3102 dictum

2313 3141 2427 3195 sive
2457 3156 2702 3211 persona:
2731 3139 2924 3206 Patris,
2957 3141 3071 3195 sive
3113 3140 3236 3195 Filii
3274 3142 3547 3209 assignare
3571 3138 3822 3200 contendas,

2240 3263 2283 3324 Ο
2318 3230 2364 3285 si
2390 3245 2497 3284 non
2527 3230 2593 3284 ad
2633 3231 2919 3299 imaginem
2949 3229 3122 3285 Patris
3150 3243 3206 3286 et
3246 3231 3370 3285 Filii
3400 3233 3590 3287 dixeris
3611 3230 3822 3284 hominem

2315 3319 2537 3388 factum,
2578 3335 2799 3375 necesse
2827 3328 2912 3375 est
2941 3329 3000 3374 ut
3037 3329 3130 3375 aut
3175 3320 3395 3377 Patrem
3423 3323 3682 3378 mentitum
3699 3318 3822 3390 proti-

2313 3411 2477 3465 tearis
2499 3452 2516 3480 ,
2560 3418 2652 3464 aut
2686 3410 2899 3466 Filium.
2946 3411 3197 3480 Agnosce
3226 3413 3392 3482 igitur
3421 3415 3473 3469 in
3501 3414 3722 3475 homine,
3745 3425 3822 3463 non

2311 3502 2481 3557 solius
2521 3501 2694 3558 Patris
2718 3543 2734 3568 ,
2777 3518 2878 3560 nec
2917 3505 3087 3560 solius
3114 3505 3276 3572 Filii,
3322 3522 3425 3561 nec
3469 3507 3624 3562 solius
3646 3504 3823 3574 Spiritus

2313 3595 2518 3662 sancti,
2565 3595 2662 3649 sed
2708 3610 2868 3649 unam
2913 3603 3113 3652 sancta:
3145 3595 3437 3651 Trinitatis
3471 3597 3747 3664 imaginem;
3784 3600 3823 3644 ut

2315 3692 2424 3737 tres
2453 3699 2711 3754 personas
2733 3685 2901 3753 ipsam
2932 3685 3272 3754 Trinitatem,
3296 3702 3461 3742 unum
3485 3687 3640 3742 Deum
3665 3684 3823 3739 veraci-

2315 3784 2398 3830 ter
2425 3776 2605 3830 valeas
2650 3775 2912 3830 conﬁteri.
2965 3776 3178 3848 Moyses
3219 3793 3439 3847 quoque
3479 3777 3545 3832 ad
3586 3773 3823 3830 docendum

2313 3869 2590 3924 Trinitatis
2618 3870 2774 3925 unius
2803 3870 2896 3924 Dei
2926 3870 3267 3939 mysterium,
3307 3873 3386 3926 sic
3423 3870 3662 3941 populum
3686 3865 3824 3923 Israel.

2313 3962 2430 4030 ipso
2459 3960 2570 4014 Deo
2591 3959 2840 4028 jubente,
2870 3961 3208 4016 benedixisse
3251 3963 3591 4029 cognoscitur
3620 3977 3631 4010 :
3658 3955 3824 4011 Benedi-

2313 4060 2395 4105 cat
2426 4059 2474 4104 te
2519 4049 2805 4112 Dominus,
2846 4060 2895 4104 et
2941 4050 3194 4104 custodiat
3228 4060 3291 4104 te.
3327 4050 3590 4104 llluminet
3627 4046 3825 4101 Dominus

2311 4144 2495 4212 faciem
2524 4157 2672 4194 suam
2701 4157 2853 4210 super
2882 4152 2960 4204 te,
2991 4149 3038 4194 et
3067 4142 3372 4194 misereatur
3406 4144 3496 4194 tui.
3535 4138 3726 4192 Attollat
3747 4133 3824 4186 Do~

2310 4233 2479 4285 minus
2505 4233 2690 4302 faciem
2719 4247 2864 4284 suam
2886 4247 3038 4298 super
3067 4241 3134 4293 te,
3165 4241 3214 4284 et
3243 4231 3328 4284 det
3363 4233 3455 4284 tibi
3482 4246 3647 4301 pacem
3682 4223 3822 4297 (Num.

2309 4338 2398 4388 vr,
2445 4321 2535 4390 ‘24,
2575 4321 2664 4386 25,
2711 4320 2824 4390 26).
2869 4320 3007 4376 Ecce
3053 4322 3210 4375 tertio
3257 4321 3519 4376 Dominus
3562 4319 3746 4381 dicitur,
3785 4322 3824 4365 ut

2309 4421 2510 4469 sancta:
2539 4412 2818 4466 Trinitatis
2845 4421 2900 4466 et
2926 4413 2980 4465 in
3023 4411 3268 4480 personis
3295 4410 3586 4477 distinctio,
3616 4416 3664 4462 et
3688 4408 3732 4460 in
3753 4418 3824 4456 na-

2308 4517 2426 4562 tura
2452 4509 2631 4560 unitas
2676 4513 3016 4574 agnoscatur.
3064 4504 3142 4557 Ita
3184 4519 3283 4558 nos
3310 4505 3532 4558 credere
3558 4509 3610 4556 et
3634 4494 3823 4554 conﬁteri

2553 4613 2651 4667 per
2678 4596 2869 4651 Isaiam
2889 4609 3103 4664 quoque
3138 4595 3462 4664 prophetam
3490 4595 3598 4663 ipsa
3619 4587 3821 4643 TrinitaS.

2303 4690 2394 4760 qui
2420 4697 2503 4744 est
2530 4703 2685 4752 unus,
2704 4702 2862 4740 verus
2889 4694 2943 4739 et
2966 4686 3139 4740 bonus
3157 4685 3582 4750 Deus,edocuit;
3612 4676 3821 4745 Seraphin

2298 4781 2366 4836 ad
2395 4781 2623 4835 invicem
2673 4780 2834 4834 tertio
2872 4778 3267 4832 clamantibus:
3299 4775 3524 4831 Sanctus
3545 4815 3559 4839 ,
3607 4773 3818 4826 Sanctus.

2299 4873 2524 4928 Sanctus
2566 4887 2584 4924 :
2618 4879 2673 4925 et
2715 4869 2884 4924 semel
2920 4866 3375 4922 subinferentibus
3405 4885 3418 4919 :
3445 4865 3680 4920 Dominus
3716 4858 3820 4910 Deut

2297 4961 2514 5016 sabaoth
2548 4979 2560 5013 :
2590 4961 2745 5026 plena
2768 4968 2846 5012 est
2885 4958 3052 5012 omnis
3101 4967 3236 5011 terra
3265 4957 3433 5028 gloria
3463 4957 3571 5025 ejus
3613 4950 3743 5022 (Isai.
3768 4959 3818 5002 ιι,

2297 5055 2373 5123 5).
2404 5053 2485 5107 Ex
2507 5054 2606 5108 hac
2630 5053 2789 5120 igitur
2808 5057 3135 5121 potestatum
3155 5049 3538 5118 praedicatione
3555 5041 3820 5100 cmlestium.

2299 5158 2529 5212 agnosce
2553 5151 2798 5197 sanctum
2827 5141 3062 5206 Patrem,
3089 5151 3333 5196 sanctum
3364 5139 3553 5193 Filium
3571 5178 3585 5200 ,
3623 5140 3817 5190 sanctum

2299 5233 2637 5287 Paracletum
2683 5231 2976 5301 Spiritum;
3023 5239 3078 5285 et
3110 5232 3272 5286 crede
3329 5245 3493 5284 unum
3535 5228 3688 5280 Deum
3729 5232 3819 5273 esse

2298 5324 2514 5379 Patrem
2543 5333 2598 5378 et
2627 5323 2820 5378 Filium
2858 5331 2914 5377 et
2941 5322 3198 5392 Spiritum
3227 5323 3484 5376 Sanctum
3514 5337 3526 5371 :
3558 5315 3670 5371 audi
3694 5308 3817 5364 ῐετιὶο

2297 5419 2519 5472 Sanctus
2545 5455 2560 5480 ,
2606 5415 2851 5479 Sanctus,
2883 5415 3109 5469 Sanctus
3136 5453 3150 5478 ,
3201 5423 3260 5468 ut
3307 5422 3414 5467 tres
3452 5425 3572 5466 esse
3607 5411 3818 5477 personas

2295 5522 2580 5577 agnoscas;
2607 5506 2729 5560 audi
2752 5506 2936 5568 semel,
2967 5504 3221 5559 Dominus
3245 5503 3382 5558 Deus
3402 5499 3632 5564 sabaoth,
3660 5504 3708 5548 ut
3727 5490 3816 5544 uni-

2293 5605 2458 5650 tatem
2505 5595 2798 5649 divinitatis
2824 5594 3106 5662 intelligas.
3139 5593 3254 5648 lloc
3292 5593 3453 5648 etiam
3497 5591 3675 5644 beatus
3699 5581 3814 5649 Apo'

2290 5686 2461 5740 stolus
2490 5683 2684 5749 ﬁrmat,
2722 5685 2814 5754 qui
2852 5685 2920 5739 ad
2961 5684 3340 5739 discretionem
3367 5689 3697 5752 personarum
3722 5670 3810 5722 ait:

2294 5775 2437 5828 Unus
2480 5773 2621 5826 Deus
2665 5773 2840 5838 Pater,
2883 5790 2946 5827 ea:
2974 5792 3072 5844 quo
3112 5776 3306 5837 omnia,
3335 5782 3381 5827 et
3410 5786 3504 5824 nos
3530 5767 3740 5834 in'ipso;
3775 5765 3815 5807 εί

2285 5855 2432 5921 unus.
2444 5863 2696 5924 Dominus
2722 5863 2875 5920 Jesus
2903 5865 3154 5933 Christus,
3184 5883 3274 5934 per
3295 5880 3434 5936 quem
3465 5859 3648 5924 omnia,
3677 5861 3718 5907 el
3735 5859 3810 5900 "0‘
