4046 6552
230 457 327 516 777

1281 454 1557 516 CONTRA
1595 453 1938 514 FABIANUM
1982 449 2420 510 FRAGMENTA.

3385 449 3491 504 778

225 590 313 642 per
340 587 506 641 ipsum
531 569 583 639 (Ι
623 569 741 626 Cor.
766 588 878 638 vm,
912 574 989 641 6).
1016 571 1084 626 Et
1115 571 1298 627 ﬁdeles
1324 572 1459 626 dixit
1486 571 1802 628 cetediticari
1837 579 1883 636 Α
1911 569 2032 637 igne
2076 569 2292 638 quidem
2333 581 2452 622 esse
2499 565 2800 636 splendoris
2831 574 2886 622 et
2932 566 3148 636 vaporis
3191 565 3452 634 originem
3476 605 3494 628 ,

225 665 274 717 in
302 664 643 715 habitaculum
672 662 771 716 Dei
802 665 858 716 in
891 663 1089 734 Spiritu
1133 660 1350 733 (Ephes.
1385 679 1442 726 ιι,
1471 662 1586 731 2⁸2).
1619 659 1810 714 Osten-

225 755 355 808 dcns
385 763 562 806 autem
591 769 754 806 unum
797 752 963 806 Deum
993 766 1112 808 esse
1153 750 1471 805 Trinitatem
1502 751 1607 815 ait,
1655 748 1698 802 Ο
1735 748 1814 801 at-

223 849 387 901 titudo
419 845 717 899 divitiarum
747 847 1022 916 sapientia:
1048 853 1099 897 et
1141 844 1374 900 scientia:
1416 844 1511 897 Dei
1545 840 1721 914 (Rom.
1754 855 1809 902 ιι,

224 937 345 1004 35)!
376 936 441 988 Et
467 935 627 1004 paulo
660 944 818 1003 post:
855 933 1114 997 Quoniam
1141 949 1205 986 ex
1227 935 1361 1004 ipso,
1389 944 1440 986 et
1486 947 1576 1002 per
1620 931 1809 999 ipsum,

225 1037 275 1079 et
315 1030 368 1080 in
398 1029 510 1095 ipso
537 1034 659 1078 sunt
701 1026 914 1092 omnia,
951 1026 1049 1094 ipsi
1091 1024 1260 1096 gloria
1287 1025 1343 1078 in
1381 1023 1575 1078 saecula
1623 1018 1812 1090 (Ibid.,

228 1117 338 1188 36).
379 1118 576 1173 Beatus
615 1133 746 1172 vero
783 1116 1021 1172 Joannes
1065 1117 1342 1188 apostolus
1385 1115 1666 1172 evidenter
1694 1111 1813 1164 ait:

232 1207 300 1262 Et
341 1217 438 1261 tres
464 1225 624 1262 unum
663 1217 781 1261 sunt
811 1206 862 1274 (I
892 1206 1053 1260 Joan.
1085 1223 1141 1274 ν,
1179 1207 1265 1277 '7);
1297 1206 1440 1275 quod
1481 1205 1549 1259 de
1579 1202 1735 1255 Patre
1761 1207 1819 1254 et

231 1297 367 1352 Filio
398 1308 448 1353 et
478 1297 683 1369 Spiritu
730 1305 921 1353 sancto
949 1297 1151 1352 dictum
1175 1336 1190 1361 ,
1233 1298 1374 1352 sicut
1399 1294 1649 1364 superius
1693 1305 1817 1345 cum

232 1390 496 1444 rationem
528 1388 796 1459 ﬂagitares
822 1389 1172 1444 ostendimus.

583 1537 746 1609 eos
785 1511 1260 1592 FRAGMENTUM
1303 1535 1461 1590 xxu.

238 1649 362 1705 Non
396 1659 477 1720 est
531 1651 690 1720 ignis_
716 1649 988 1720 splendore
1025 1658 1117 1720 aut
1152 1664 1342 1718 vapore
1393 1663 1484 1701 suo
1537 1661 1720 1720 prior:
1748 1645 1822 1700 sic

328 1738 422 1774 nec
448 1716 615 1773 Pater
645 1716 805 1784 Filio,
837 1728 926 1771 aut
950 1718 1153 1788 Spiritu
1179 1716 1358 1772 sancto
1381 1726 1457 1770 est
1480 1716 1731 1770 anterior.

311 1831 448 1898 Quid
480 1839 660 1887 autem
705 1830 801 1884 tibi
831 1830 1002 1883 visum
1044 1836 1130 1883 est
1165 1827 1384 1882 dicere:
1425 1845 1443 1878 t
1472 1822 1688 1894 Ergone
1710 1824 1824 1879 ﬁeri

238 1929 419 1992 potest
455 1928 515 1974 ut
558 1919 647 1973 ille
677 1918 766 1987 qui
797 1924 1040 1985 generat,
1064 1954 1066 1956 τ
1090 1931 1210 1970 cum
1263 1915 1355 1978 illo,
1380 1929 1540 1983 quem
1581 1920 1801 1982 generat

237 2009 444 2080 pariter
471 2007 721 2062 oriatur?
758 2026 776 2057 ι
814 2005 904 2060 Sic
933 2004 1075 2058 istud
1123 2001 1352 2058 inaniter
1379 2003 1592 2058 voluisti
1621 2001 1819 2065 dicere,

238 2099 396 2169 quasi
422 2106 597 2153 noset
623 2099 730 2151 hoc
755 2097 919 2151 etiam
949 2094 1164 2150 Patrem
1194 2095 1434 2150 dicamus
1463 2103 1667 2158 natum,
1699 2092 1822 2160 quia

240 2187 435 2242 Filium
482 2187 625 2241 Patri
655 2187 880 2261 dicimus
927 2194 1274 2240 conaternum.
1322 2183 1576 2239 Novimus
1607 2183 1823 2239 Patrem

241 2277 310 2332 de
343 2277 490 2331 nullo
534 2261 803 2344 genitum,
856 2275 1104 2329 novimus
1153 2274 1343 2328 Filium
1386 2275 1454 2328 de
1484 2273 1640 2329 Patre
1669 2274 1814 2342 geni-

238 2374 355 2417 tum
384 2382 397 2416 :
427 2364 515 2417 illa
538 2364 681 2418 enim
713 2362 990 2417 aeternitas
1014 2363 1118 2417 sibi
1146 2371 1469 2418 coaeternam
1495 2363 1681 2431 genuit
1709 2378 1827 2432 pro-

243 2457 368 2522 lem,
401 2471 520 2526 qua:
551 2471 618 2510 ex
655 2456 836 2524 aliquo
861 2455 1066 2510 habere
1095 2471 1200 2509 non
1243 2454 1512 2509 invenitur
1539 2454 1825 2523 originem.

245 2543 406 2599 Pater
449 2545 608 2612 igitur
636 2544 787 2612 origo
815 2552 899 2599 est
929 2553 1153 2607 aeterna,
1186 2543 1353 2597 Filius
1395 2543 1574 2612 proles
1614 2553 1828 2598 aeterna:

245 2633 468 2701 originis
506 2641 794 2687 cozeterna.
839 2631 957 2687 Non
986 2646 1116 2700 ergo
1156 2632 1332 2702 potuit
1358 2631 1519 2687 Pater
1544 2648 1667 2688 cum
1693 2632 1829 2687 Filio

247 2738 407 2792 quem
448 2722 632 2791 genuit
661 2721 820 2775 simul
850 2721 1016 2788 oriri,
1065 2721 1161 2776 sed
1188 2722 1362 2791 potuit
1390 2721 1556 2776 Filius
1586 2722 1652 2777 de
1683 2722 1832 2789 inge-

249 2812 362 2866 nito
394 2809 557 2866 Patre
604 2811 721 2866 sine
751 2810 904 2866 initio
950 2810 1116 2865 nasci.
1157 2810 1250 2865 Illa
1295 2810 1457 2880 igitur
1485 2812 1833 2867 similitudine

256 2901 410 2968 ignis,
428 2916 586 2970 quam
617 2900 713 2955 tibi
739 2900 838 2954 sub
858 2915 981 2954 meo
998 2899 1216 2954 nomine
1245 2901 1587 2970 proposuisti,
1608 2901 1832 2954 multum

250 2990 431 3044 solent
459 2997 634 3043 vestra
671 2998 977 3045 commenta
1008 2989 1242 3055 destrui;
1276 2990 1491 3059 quando
1518 2992 1718 3060 aliquid
1749 2993 1832 3046 in—

252 3081 467 3135 venitur
493 3081 546 3134 in
577 3087 823 3136 creatura
865 3079 1010 3149 quod
1054 3095 1122 3134 ex
1161 3096 1219 3136 se
1247 3080 1446 3150 aliquid
1477 3080 1736 3150 proferat,
1781 3089 1837 3135 et

253 3169 357 3224 hoc
376 3177 554 3224 tamen
574 3168 716 3240 quod
737 3169 1022 3239 protulerit
1050 3186 1156 3242 non
1189 3171 1479 3241 pnecedat:
1500 3171 1641 3226 unde
1670 3171 1839 3241 possit

255 3257 322 3311 ab
361 3257 445 3313 bis
472 3259 564 3327 qui
595 3265 740 3312 recte
769 3257 1152 3325 considerant,
1194 3259 1262 3313 de
1302 3268 1506 3314 :cterno
1538 3258 1697 3314 Patre
1728 3276 1835 3315 non

259 3352 434 3401 minus
452 3356 652 3402 aeterna
669 3347 786 3402 Filii
802 3348 1054 3416 cognosci
1068 3350 1337 3404 nativitas.
1356 3349 1426 3404 Ut
1452 3360 1630 3405 autem
1658 3352 1834 3420 aliqua

256 3437 449 3492 divinae
476 3439 834 3509 generationis
862 3439 930 3494 de
958 3440 1078 3508 igne
1106 3439 1399 3495 similitudo
1426 3451 1685 3506 sumatur,
1741 3441 1834 3495 lia-

261 3530 354 3584 bet
383 3530 485 3584 hoc
513 3530 824 3598 apostolicze
852 3532 1246 3599 przedicationis
1274 3533 1568 3587 auctoritas
1589 3548 1707 3601 qua:
1728 3533 1832 3586 ait:

263 3617 470 3677 Etenim
517 3618 657 3672 Deus
689 3629 864 3673 noster
893 3621 1028 3690 ignis
1058 3637 1364 3675 consumens
1409 3633 1485 3676 est
1515 3622 1700 3693 (Hebr.
1741 3640 1834 3686 ιιι,

261 3706 375 3774 29).
421 3705 572 3771 Quod
599 3707 695 3770 ait,
737 3723 969 3775 sequens
998 3709 1435 3777 praedicationem
1464 3712 1638 3766 sancti
1670 3711 1837 3782 Moysi

261 3795 492 3850 dicentis
533 3796 585 3848 in
614 3795 1030 3852 Deuteronomio
1066 3817 1079 3850 :
1111 3795 1370 3862 Quoniam
1422 3800 1669 3854 Dominus
1699 3799 1840 3855 Deus

264 3893 426 3938 vester
454 3886 590 3956 ignis
612 3901 918 3939 consumens
943 3895 1022 3939 est
1045 3885 1224 3956 (Deut.
1258 3903 1330 3951 tv,
1358 3886 1468 3957 24).
1495 3887 1573 3941 Ad
1604 3881 1706 3943 hoc
1728 3904 1844 3957 per-

206 3963 216 3966 “
266 3976 402 4030 tinet
429 3984 484 4030 et
514 3976 639 4030 illud
659 3975 806 4043 quod
833 3976 885 4030 in
915 3975 1052 4030 libro
1067 3975 1356 4046 Sapienti-.13
1383 3976 1449 4030 de
1475 3977 1587 4046 ipsa
1619 3977 1843 4046 Sapien-

267 4064 339 4117 tia
365 4063 592 4118 dicitur:
627 4063 886 4133 Splendor
914 4074 988 4117 est
1015 4065 1150 4117 enim
1171 4064 1300 4117 lucis
1327 4074 1534 4119 teternaz
1564 4067 1714 4135 (Sap.
1750 4082 1838 4129 vn,

266 4153 378 4224 26).
412 4152 564 4220 Quod
593 4154 837 4207 similiter
877 4154 1171 4223 apostolica
1219 4153 1602 4222 prmdicatione
1633 4153 1842 4223 profer-

268 4254 373 4309 tur,
406 4261 526 4299 cum
562 4245 756 4298 dicitur
780 4245 845 4298 ad
875 4243 1130 4299 llebrteos
1157 4245 1224 4299 de
1252 4245 1369 4313 ipso
1398 4245 1532 4299 Filio
1561 4261 1574 4297 :
1609 4239 1707 4309 Qui
1730 4262 1844 4300 cum

269 4336 336 4389 sit
383 4335 626 4405 splendor
667 4335 866 4406 gloriae,
901 4344 950 4387 et
986 4337 1154 4406 ﬁgura
1185 4333 1488 4390 substantia:
1515 4337 1625 4406 ejus
1656 4336 1840 4407 (Hebr.

269 4445 308 4491 ι,
341 4428 417 4497 5).
447 4426 579 4481 Cum
610 4436 788 4480 autem
814 4428 913 4481 ista
944 4427 1214 4494 dicuntur,
1245 4443 1352 4482 non
1383 4431 1562 4499 utique
1592 4429 1721 4495 Deo,
1755 4433 1846 4501 qui

267 4533 565 4587 corporeus
611 4534 715 4571 non
747 4526 828 4572 Cal.
851 4559 864 4581 ,
916 4519 1165 4587 qutelibet
1211 4536 1297 4575 res
1326 4536 1602 4590 corporea:
1630 4539 1846 4593 compa-

269 4617 460 4661 rantur
493 4627 504 4659 :
539 4611 631 4662 sed
682 4608 806 4677 quia
839 4608 1119 4662 invisibilia
1162 4609 1277 4677 ejus
1304 4626 1332 4662 a
1361 4621 1606 4665 creatura
1637 4613 1840 4677 mundi,

1914 674 2014 714 nec
2066 666 2246 711 tamen
2289 656 2465 725 ignem
2510 671 2628 711 esse
2675 655 2961 726 splendore
3013 663 3104 710 aut
3149 670 3352 725 vapore
3397 670 3497 708 suo

1913 748 2150 818 priorem
2181 765 2195 801 :
2228 755 2282 801 et
2325 762 2391 801 ex
2418 745 2551 811 hoc,
2598 746 2676 801 sic
2718 752 2977 800 aeternum
3015 741 3499 800 conlitere'Filium

1915 848 1971 895 et
1995 839 2255 909 Spiritum
2279 846 2542 902 sanctum,
2568 837 2707 892 sicut
2732 844 2993 892 aeternum
3020 835 3294 892 conﬁteris
3317 842 3371 890 et
3399 833 3503 887 Pa-

1918 937 2088 995 trem;
2122 945 2228 984 non
2261 930 2423 998 607
2457 919 2758 983 creaturam
2789 927 3033 984 Creatori
3073 929 3379 993 conferens,
3407 924 3503 980 sed

1919 1018 2207 1072 invisibilia
2250 1017 2342 1072 Dei
2374 1033 2470 1087 per
2509 1033 2571 1072 ea
2599 1034 2716 1087 quin
2749 1017 2888 1072 facta
2932 1026 3075 1085 sunt,
3108 1017 3379 1073 intellecta
3410 1033 3504 1071 co—

1917 1119 2201 1174 gnoscens.

2345 1218 2818 1275 FRAGMENTUM
2863 1220 3048 1276 XXIII.

1921 1328 2195 1398 Sapientia
2236 1329 2480 1398 splendor
2518 1339 2593 1384 est
2621 1331 2748 1385 lucis
2777 1342 3006 1386 aeternae.
3051 1331 3173 1386 Non
3197 1343 3273 1386 est
3295 1341 3504 1388 retentat

2247 1403 2250 1406 ’
2313 1401 2442 1453 lucis
2470 1401 2571 1453 nisi
2600 1409 2821 1454 aeternus
2850 1402 3114 1471 splendor.

1998 1507 2135 1563 Puto
2165 1519 2344 1564 autem
2388 1511 2455 1564 de
2495 1510 2787 1582 Scripturis
2833 1512 3032 1568 sanctis
3080 1527 3217 1578 esse,
3269 1512 3411 1581 quod
3438 1512 3506 1568 tle

1924 1599 2202 1668 Sapientia
2249 1600 2448 1658 dictum
2492 1601 2928 1669 memoravimus,
2977 1603 3100 1673 quia
3139 1604 3386 1674 splendor
3431 1613 3507 1658 est

1926 1690 2055 1745 lucis
2092 1702 2300 1746 wternte
2351 1692 2505 1762 (Sap.
2550 1710 2641 1757 vn,
2681 1692 2813 1762 26):
2863 1705 2918 1748 et
2965 1709 3238 1763 nunquam
3286 1694 3508 1749 audebis

1927 1781 2266 1851 splendorem
2293 1783 2413 1836 luce
2443 1783 2797 1851 posteriorem
2827 1782 3166 1851 aliquatenus
3194 1783 3508 1853 praedicare.

1930 1867 1998 1922 Et
2024 1870 2148 1938 quia
2176 1869 2262 1924 lux
2295 1869 2381 1922 illa
2411 1870 2562 1938 cujus
2583 1869 2855 1940 Sapientia
2891 1870 3145 1940 splendor
3173 1878 3278 1938 est,
3321 1870 3398 1926 sic
3426 1879 3509 1926 est

1806 1953 1819 1979 ’
1857 1943 1904 2001 Β
1933 1960 2248 2014 naturaliter
2273 1968 2494 2024 aeterna,
2536 1969 2593 2014 ut
2621 1961 2736 2015 sine
2764 1961 2915 2015 initio
2945 1961 3034 2026 sit,
3078 1977 3300 2016 necesse
3338 1971 3420 2017 est
3449 1971 3509 2016 ut

1926 2049 2088 2103 etiam
2119 2049 2370 2119 splendor
2417 2050 2503 2104 ille
2532 2051 2666 2105 lucis
2711 2050 2782 2104 ita
2833 2051 2903 2106 sit
2931 2060 3181 2117 :eternus,
3231 2063 3287 2106 ut
3333 2052 3507 2107 eidem

1927 2137 2032 2193 luci
2081 2139 2234 2207 cujus
2280 2139 2539 2208 splendor
2581 2149 2682 2206 est,
2727 2141 2844 2195 sine
2891 2142 3046 2196 initio
3093 2143 3164 2197 sit
3193 2143 3511 2198 naturaliter

1927 2234 2248 2282 ceteternus.
2291 2226 2406 2283 Hoc
2434 2230 2802 2284 testimonium
2833 2239 3033 2284 sanctae
3063 2231 3372 2300 Scriptum,
3405 2248 3512 2287 non

1928 2317 2102 2372 solum
2134 2317 2348 2387 plenum
2395 2327 2477 2371 est
2504 2317 2699 2373 virtute
2729 2320 3084 2387 auctoritatis,
3115 2335 3301 2375 vertun
3347 2321 3510 2374 etiam

1930 2407 2128 2462 lumine
2159 2408 2401 2461 rationis.
2455 2406 2622 2462 Recta
2652 2410 2850 2479 quippe
2895 2410 3034 2464 ratio
3063 2417 3166 2477 est,
3215 2418 3274 2466 ut
3320 2411 3366 2466 si
3407 2411 3512 2466 hoc

1931 2499 2293 2554 testimonium
2322 2510 2519 2554 sancta:
2546 2499 2834 2570 Scripturte
2860 2503 3140 2572 accipitur,
3173 2518 3276 2558 una
3305 2504 3512 2558 aiterni-

1931 2598 2014 2644 tas
2043 2590 2174 2645 lucis
2203 2591 2605 2660 splendorisque
2631 2592 2900 2646 credatur.
2927 2592 3112 2662 Neque
3141 2595 3283 2648 enim
3311 2595 3509 2648 frustra

1933 2682 2035 2736 hoc
2066 2682 2206 2736 Deus
2235 2681 2418 2745 voluit,
2451 2690 2508 2735 ut
2537 2683 2588 2735 in
2628 2697 2694 2736 eo
2723 2682 2860 2742 loco.
2897 2683 2985 2736 ubi
3015 2682 3291 2754 Sapientia
3324 2685 3510 2754 splen-

1933 2770 2033 2824 dor
2059 2770 2191 2825 lucis
2233 2770 2552 2836 ostenditur,
2602 2771 2789 2824 eadem
2836 2771 2926 2825 lux
2973 2780 3175 2826 aeterna
3223 2772 3516 2842 Scriptura:

1935 2862 2244 2917 testimonio
2272 2862 2539 2916 diceretur
2564 2879 2577 2927 ;
2605 2861 2704 2916 nisi
2737 2870 2793 2916 ut
2820 2877 2886 2916 ex
2907 2877 2973 2916 eo
3001 2861 3144 2930 quod
3169 2862 3310 2916 illam
3340 2863 3516 2918 lucem

1935 2955 2254 3008 naturaliter
2289 2964 2545 3008 aeternam
2573 2956 2966 3023 cognoscimus,
3011 2955 3352 3024 splendorem
3382 2971 3516 3025 quo—

1937 3061 2041 3116 que
2071 3047 2187 3114 ejus
2217 3046 2535 3101 naturaliter
2561 3046 2611 3100 ei
2643 3054 2970 3101 cetetcrnum
3022 3047 3138 3102 sine
3181 3047 3517 3102 dubitatione

1939 3139 2240 3194 credamus.
2750 3138 2752 3140 ’

2382 3248 2865 3311 FRAGMENTUM
2890 3250 3074 3306 XXIV.

1943 3361 2053 3416 Nec
2091 3362 2250 3415 Pater
2291 3363 2387 3432 fuit
2416 3371 2536 3416 ante
2576 3365 2988 3445 generationem,
3040 3381 3131 3418 nec
3183 3363 3351 3419 Filius
3397 3378 3519 3419 ante

2555 3443 2892 3488 nativitatem.

2008 3521 2235 3591 Semper
2261 3531 2446 3576 natum
2476 3521 2670 3576 Filiqu
2701 3522 2849 3591 dico,
2893 3532 2946 3578 et
2977 3522 3190 3577 Patrem
3220 3524 3336 3580 sine
3365 3525 3521 3580 initio

1938 3612 2186 3678 genuisse
2213 3611 2498 3666 conﬁteor.
2522 3611 2806 3676 Quomodo
2853 3613 3011 3680 igitur
3039 3611 3201 3666 Filius
3231 3621 3519 3682 antequam

1938 3710 2251 3757 nasceretur
2273 3717 2392 3756 esse
2414 3703 2608 3770 potuit,
2634 3701 2788 3769 cujus
2811 3703 3063 3756 nativitas
3087 3703 3297 3756 initium
3321 3704 3520 3758 habere

1939 3806 2048 3844 non
2080 3790 2298 3860 potuit?
2340 3789 2449 3844 Nec
2480 3791 2622 3844 enim
2654 3798 2867 3859 poterat
2899 3799 3054 3845 natus
3079 3807 3202 3846 esse
3246 3808 3342 3846 sua
3385 3797 3524 3848 nati-

1941 3883 2110 3937 vitate
2139 3882 2306 3952 prior,
2336 3897 2441 3951 qua
2465 3881 2740 3936 nativitate
2769 3883 2846 3936 sic
2875 3891 2955 3936 est
2983 3891 3235 3949 teternus,
3272 3896 3327 3939 ut
3367 3897 3523 3941 natu-

1943 3975 2128 4030 raliter
2152 3990 2258 4028 non
2287 3975 2356 4029 sit
2385 3972 2542 4028 Patre
2567 3974 2852 4043 posterior.
2888 3973 3004 4028 Non
3033 3989 3163 4044 ergo
3197 3975 3357 4031 Filius
3389 3980 3526 4032 nati-

1943 4066 2164 4118 vitatem
2207 4079 2356 4118 suam
2386 4063 2678 4134 praeces-it,
2721 4077 2879 4132 quem
2925 4064 3152 4134 genitori
3198 4077 3525 4123 cozeternum

1947 4159 2197 4213 nativitas
2225 4157 2337 4227 ipsa
2366 4158 2624 4211 naturalis
2649 4157 2899 4210 ostendit.
2952 4158 3164 4212 Patrem
3194 4175 3410 4229 quoque
3433 4177 3525 4232 ge-

1948 4261 2168 4302 nerasse
2203 4246 2482 4309 cnnlirmo,
2528 4262 2687 4317 quem
2736 4254 2914 4302 tamen
2961 4256 3245 4318 antequam
3271 4265 3527 4318 generas-

1949 4345 2050 4398 set,
2083 4350 2201 4390 esse
2228 4336 2469 4405 potuisse
2499 4352 2604 4392 non
2635 4335 2905 4406 pnedico;
2957 4353 3061 4392 non
3085 4339 3228 4393 enim
3257 4351 3373 4396 erat
3399 4354 3524 4400 ante

1952 4427 2282 4480 nativitatem
2323 4425 2462 4492 Filii,
2505 4427 2630 4496 quia
2679 4425 2773 4481 Dei
2814 4425 2985 4483 Patris
3023 4430 3161 4484 sicut
3207 4439 3288 4486 est
3326 4443 3527 4492 :eterna

1953 4517 2222 4584 divinitas,
2247 4517 2324 4571 sic
2350 4525 2434 4571 est
2459 4526 2660 4570 aeterna
2687 4518 2983 4586 paternitas
3007 4537 3021 4584 ;
3057 4528 3112 4574 et
3139 4521 3228 4575 ubi
3256 4526 3530 4580 aeternitas

1956 4611 2294 4680 paternitatis
2323 4611 2376 4664 in
2407 4611 2652 4677 genitore
2681 4612 3043 4678 cognoscitur,
3091 4614 3254 4666 etiam
3299 4615 3347 4668 in
3394 4617 3530 4672 Filio

270 4713 368 4766 per
397 4712 459 4750 ea
486 4708 604 4764 qua:
646 4695 782 4750 facta
811 4708 954 4760 sunt,
981 4697 1251 4750 intellecta
1293 4701 1715 4768 conspiciuntur,
1756 4719 1853 4757 no-
1886 4693 1937 4750 D
1959 4711 2159 4755 :eterna
2189 4701 2437 4754 nativitas
2462 4699 2749 4752 invenitur.
2791 4699 2906 4753 Non
2933 4714 3060 4768 ergo
3089 4716 3120 4755 e
3195 4717 3300 4770 quo
3326 4706 3529 4772 genuit,

268 4796 397 4840 strze
431 4785 723 4840 inﬁrmitati
749 4787 1032 4840 consulens
1053 4786 1229 4839 divina
1254 4789 1571 4856 benignitas,
1604 4793 1846 4860 quaedam

273 4879 325 4931 in
370 4879 591 4932 diversis
632 4877 790 4932 rebus
821 4877 1000 4946 posuit
1023 4892 1132 4930 sue
1159 4879 1478 4944 cognitionis
1521 4880 1716 4935 indicia
1750 4900 1762 4934 :
1793 4891 1851 4935 ut

273 4967 326 5020 in
351 4967 434 5019 his
455 4965 650 5034 quibus
670 4965 944 5034 capiendis
964 4979 1148 5018 sumus
1171 4965 1409 5033 invalidi,
1431 4968 1742 5023 usitatarum
1765 4985 1851 5025 re-

275 5074 395 5112 rum
423 5057 760 5113 documentis
790 5055 1136 5110 redderemur
1162 5057 1426 5113 instructi.
1457 5057 1710 5124 Quamvis
1750 5061 1849 5129 igi-

277 5158 364 5203 tur
389 5149 539 5220 etde
567 5146 838 5217 Sapientia
868 5147 1068 5202 dictum
1098 5149 1186 5212 sit,
1219 5148 1342 5216 quia
1370 5165 1526 5218 vapor
1550 5159 1626 5202 est
1654 5151 1852 5206 virtutis

276 5239 374 5294 Dei
403 5239 560 5309 (Sap.
593 5254 688 5305 vn,
719 5237 846 5306 25);
881 5245 1056 5291 tamen
1088 5247 1141 5292 ct
1171 5236 1402 5306 Spiritus
1433 5246 1649 5292 sanctus
1677 5239 1729 5291 in
1760 5255 1856 5293 na-
1885 5271 1887 5274 ‹

276 5336 395 5406 tura
438 5328 592 5406 ignis,
637 5327 824 5396 vapori
855 5341 960 5380 non
1004 5327 1296 5393 incongrue
1327 5328 1607 5397 (quantum
1651 5329 1859 5398 expetit

275 5420 355 5473 rei
382 5419 574 5473 divina:
601 5417 856 5484 cognitio)
881 5416 1144 5470 similatur
1179 5435 1189 5469 :
1218 5427 1437 5486 propter
1467 5416 1591 5470 illud
1618 5418 1760 5486 quod
1783 5419 1859 5472 ait

273 5511 588 5582 Apostolus,
622 5510 820 5578 Spiritu
888 5509 1159 5578 ferventes.
1193 5507 1308 5561 Non
1337 5517 1513 5561 autem
1547 5507 1613 5561 ad
1641 5507 1743 5562 hoc
1771 5522 1860 5562 ac-

277 5602 583 5674 cipiendum
614 5609 713 5662 est,
743 5608 799 5654 ut
839 5614 905 5654 cx
950 5599 1055 5654 hoc
1097 5590 1381 5670 quisquam
1419 5599 1640 5670 Spiritui
1671 5608 1858 5654 sancto

279 5694 513 5750 ascribat
539 5693 605 5746 de
639 5690 752 5746 Deo
784 5689 942 5744 Patre
987 5691 1354 5754 nativitatem;
1385 5689 1478 5744 sed
1504 5689 1571 5743 ad
1601 5689 1705 5744 hoc
1742 5697 1860 5742 tan-

281 5795 394 5839 tum
443 5792 502 5837 ut
543 5797 700 5836 unam
751 5789 992 5856 naturam
1023 5779 1212 5850 Patris,
1247 5789 1301 5836 et
1348 5780 1486 5845 Filii,
1538 5789 1592 5833 et
1624 5779 1861 5848 Spiritus

280 5875 454 5929 sancti
485 5879 802 5940 cognoscat,
837 5886 1102 5939 unamque
1152 5872 1469 5932 naturaliter
1497 5870 1857 5923 :eternitatem

283 5965 475 6018 divina:
515 5945 789 6014 Trinitatis
837 5941 1108 6027 intelligat.
1161 5944 1398 6029 proinle
1441 5945 1752 6025 considera,
1803 5961 1853 6014 in

566 6054 828 6113 Ριτηυι..
883 6051 1060 6110 LXV.

1955 4805 2077 4845 esse
2103 4789 2284 4858 etrapit,
2329 4788 2456 4857 quia
2485 4802 2584 4841 nec
2625 4789 2856 4842 essentia
2899 4787 3072 4842 Patris
3113 4805 3214 4845 nec
3253 4797 3530 4861 generatio

1956 4879 2291 4947 aliquatenus
2330 4878 2512 4946 erepit.
2548 4876 2664 4930 Una
2693 4886 2776 4931 est
2803 4879 2946 4931 enim
2983 4880 3256 4934 aeternitas
3284 4886 3533 4939 essentia:

1956 4968 2120 5037 603
2147 4967 2305 5020 simul
2334 4974 2387 5021 et
2405 4967 2772 5034 generationis
2797 4968 2850 5021 in
2877 4967 3036 5023 Patre
3063 4987 3075 5022 :
3111 4971 3161 5024 in
3191 4987 3295 5040 qua
3317 4976 3535 5028 aeterni-

1959 5066 2068 5112 tate
2109 5057 2186 5112 sic
2217 5058 2447 5112 essentia
2479 5058 2565 5112 illa
2605 5060 2989 5128 generatioque
3018 5073 3322 5130 permanet,
3357 5074 3414 5119 ut
3439 5083 3532 5122 ne-

1958 5147 2037 5199 fas
2057 5147 2126 5200 sit
2157 5153 2250 5200 aut
2297 5145 2576 5202 divinitate
2607 5145 2782 5203 Patris
2826 5149 3180 5217 posteriorem
3212 5161 3402 5220 putare
3441 5169 3536 5224 gea

1961 5239 2315 5303 nerationem,
2355 5246 2448 5291 aut
2473 5241 2822 5306 generatione
2851 5240 3087 5309 priorem
3116 5243 3337 5298 credere
3363 5245 3536 5301 deita-

1962 5336 2088 5381 tem.
2131 5327 2258 5382 Sine
2309 5328 2458 5382 initio
2487 5329 2647 5396 igitur
2689 5329 2826 5382 Deus
2855 5327 3015 5384 Pater
3039 5331 3243 5396 genuit,
3291 5334 3383 5401 qui
3419 5350 3540 5391 esse

1962 5433 2067 5471 non
2091 5415 2252 5486 cmpit
2277 5435 2289 5480 ;
2319 5427 2375 5472 et
2395 5418 2510 5473 sine
2539 5420 2692 5473 initio
2722 5425 2804 5473 est
2833 5418 2948 5473 Filii
2976 5421 3246 5484 nativitas,
3279 5425 3403 5493 quia
3435 5427 3538 5484 hoc

1963 5508 2124 5563 habet
2147 5515 2381 5576 paterna:
2403 5509 2767 5576 generationis
2790 5510 3082 5564 :eternitas.
3097 5509 3320 5579 Audisti
3344 5515 3536 5573 Filium

1961 5618 2173 5671 semper
2201 5616 2336 5664 esse,
2373 5609 2427 5655 et
2455 5601 2571 5656 sine
2613 5602 2766 5655 initio
2816 5610 2997 5655 natum
3040 5618 3178 5669 esse,
3234 5617 3333 5661 nec
3381 5605 3570 5676 posse

1960 5693 2063 5746 dici
2094 5700 2219 5746 ante
2247 5690 2363 5758 ejus
2390 5691 2722 5745 nativitatem
2763 5691 2959 5758 aliquid
2991 5693 3170 5757 fuisse,
3191 5695 3353 5762 cujus
3382 5707 3435 5750 et
3461 5700 3539 5752 di-

1962 5783 2153 5835 vinitas
2199 5790 2252 5834 et
2294 5781 2545 5834 nativitas
2576 5782 2888 5834 naturaliter
2928 5787 3237 5850 agnoscitur
3277 5801 3382 5839 non
3425 5805 3538 5843 (τωο
3573 5811 3578 5817 τ

1963 5875 2127 5941 pisse.
2154 5872 2281 5926 Nam
2315 5872 2525 5940 require
2553 5872 2604 5926 in
2630 5872 2920 5941 Scripturis
2947 5876 3168 5939 sanctis,
3191 5885 3247 5928 et
3275 5877 3540 5939 invenies.

1964 5964 2014 6016 in
2049 5973 2249 6017 tantum
2281 5977 2384 6016 non
2413 5978 2529 6017 esse
2578 5962 2710 6016 Filio
2740 5963 2953 6032 aliquod
3002 5964 3193 6020 divin-.e
3243 5969 3542 6026 nativitatis

3059 6057 3136 6118 25
