4050 6468
603 396 704 448 779

1621 399 1674 452 8.
1716 394 2073 452 FULGENTII
2114 395 2411 452 EPISCOPI
2454 397 2820 455 RUSPENSIS
3687 399 3765 456 780

604 507 835 574 initium,
867 516 925 563 ut
955 509 1254 580 ubicunque
1297 510 1477 564 divina
1507 511 1758 566 nativitas
1786 511 1902 580 ejus
1930 512 2167 581 ponitur,
2206 523 2246 574 Α
2280 513 2437 567 Deus.
2493 515 2775 568 Fateamur
2823 512 3002 577 itaque
3033 508 3234 562 Filium
3270 521 3385 562 esse
3423 505 3609 563 Initium
3645 520 3768 580 atque

603 607 722 649 ante
761 611 972 667 semper
998 599 1226 654 dicatur.
1256 599 1404 655 Sicut
1433 600 1486 654 in
1517 599 1729 655 Psaltno
1758 601 2016 671 scriptum
2045 609 2127 655 est
2154 619 2166 652 :

603 687 736 743 Ante
798 688 1065 761 luciferum
1110 693 1259 762 genui
1309 701 1354 745 te
1385 690 1555 762 (Psal.
1587 707 1694 756 cut,
1740 691 1814 759 5).
1865 691 1969 746 Ubi
2009 691 2172 746 etiam

601 774 768 834 Pater
811 794 869 836 se
916 795 1175 849 suumque
1217 781 1405 834 Filium
1453 797 1616 836 unum
1668 781 1796 837 dicit
1825 782 2172 850 esseprinci-

603 871 788 941 pium,
837 873 1091 942 quoniam
1135 873 1236 926 hoc
1279 881 1360 926 est
1407 888 1590 926 verum
1641 872 1980 942 principium,
2032 871 2175 940 quod

603 961 720 1016 sine
758 962 910 1018 initio
957 962 1271 1017 naturaliter
1322 962 1590 1016 invenitur
1622 971 1902 1016 aeternum.
1952 961 2010 1014 ln
2040 961 2176 1015 libro

605 1068 818 1123 quoque
843 1051 1248 1108 Proverbiorum
1280 1053 1391 1122 ipsa
1419 1051 1691 1121 Sapientia
1720 1050 1942 1105 dicitde
1971 1050 2130 1104 Patre
2159 1068 2172 1102 :

611 1143 918 1215 Priusquam
941 1154 1127 1196 terram
1151 1145 1362 1213 faceret,
1388 1145 1682 1214 priusquam
1705 1141 2034 1210 procederent
2057 1143 2176 1212 fon-

609 1244 680 1287 tes
708 1250 977 1304 aquarum,
1005 1243 1122 1287 ante
1148 1250 1324 1288 omnes
1345 1242 1514 1286 autem
1537 1233 1688 1286 colles
1707 1233 1878 1302 genuit
1902 1249 1980 1285 me
1997 1231 2175 1302 (Prov.

609 1343 717 1392 vin,
749 1325 838 1392 25,
867 1325 958 1389 24,
983 1325 1096 1396 25).
1137 1325 1216 1380 Tu
1246 1326 1379 1380 dicis
1424 1326 1758 1380 nativitatem
1785 1325 2020 1379 divinam
2051 1322 2183 1377 Uni~

605 1418 769 1482 geniti
796 1417 890 1472 Dei
921 1433 1026 1470 non
1055 1433 1216 1486 posse
1244 1417 1387 1481 sciri,
1413 1417 1536 1485 quia
1560 1433 1664 1472 non
1696 1425 1875 1486 potest
1904 1414 2179 1478 enarrari;

605 1522 726 1560 cum
775 1507 959 1576 utique
1001 1508 1045 1561 si
1092 1507 1331 1561 enarrari
1381 1515 1583 1576 posset,
1629 1506 1806 1560 divina
1855 1521 1963 1560 non
1991 1511 2178 1558 esset:

604 1597 854 1664 quocirca
883 1597 1008 1665 quia
1037 1596 1213 1650 divina
1238 1606 1338 1661 est,
1373 1612 1494 1650 vera
1526 1605 1646 1661 est;
1689 1598 1811 1665 quia
1858 1595 2038 1650 divina
2059 1602 2172 1659 est,

604 1697 801 1741 :eterna
833 1697 951 1752 est;
1000 1689 1122 1758 quia
1152 1688 1326 1742 divina
1354 1697 1454 1753 est,
1490 1687 1861 1742 inenarrabilis
1889 1694 1989 1740 est.
2044 1684 2177 1738 Illud

606 1780 767 1848 igitur
791 1779 935 1848 quod
964 1788 1020 1833 tu
1053 1781 1145 1835 tibi
1184 1781 1413 1834 inaniter
1442 1778 1786 1849 respondisti,
1817 1778 1942 1847 quia
1970 1793 2069 1832 nec
2099 1776 2185 1831 Fi-

2278 605 2621 674 Priucipiutn,
2651 604 2776 673 quia
2803 602 3060 670 scriptum
3088 608 3173 654 est
3205 617 3218 651 :
3251 597 3579 669 Principium,
3598 611 3637 654 et
3669 606 3770 672 quad

2276 698 2454 768 loquor
2501 695 2640 750 vobis
2681 693 2862 762 (Joan.
2905 707 3017 757 vul,
3056 689 3194 759 9.5);
3232 689 3494 743 etilerum
3519 707 3532 741 :
3561 689 3656 760 Ego
3687 710 3771 746 sum

2274 811 2304 841 α
2331 797 2378 840 et
2407 811 2464 851 ω,
2497 787 2700 840 initium
2739 794 2788 838 et
2813 785 2937 853 ﬁnis
2968 783 3150 852 (Apoc.
3183 797 3218 844 ι,
3250 779 3344 851 8):
3386 779 3475 834 sed
3511 781 3623 834 illud
3663 784 3772 850 prin-

2276 879 2472 947 cipium
2512 875 2654 946 quod
2695 892 2817 931 cum
2847 874 3006 929 Patre
3053 887 3218 928 unum
3264 880 3346 926 est
3389 872 3699 941 principium;
3735 884 3773 926 cl

2277 966 2399 1021 ideo
2425 981 2612 1021 verum
2639 965 2976 1036 principium,
3011 963 3136 1032 quia
3165 970 3290 1016 ante
3317 977 3471 1016 one
3497 962 3773 1031 principium.

2278 1057 2427 1114 Sicut
2471 1059 2612 1114 enim
2643 1058 2765 1112 ideo
2788 1064 2873 1113 est
2898 1071 3057 1111 verus
3087 1056 3246 1120 Deus,
3288 1054 3410 1122 quia
3436 1053 3497 1108 de
3522 1063 3683 1108 natura
3705 1053 3776 1108 Pa-

2280 1153 2375 1207 tris
2399 1161 2554 1207 natus
2581 1160 2666 1205 est
2707 1135 2866 1216 Deus,
2912 1151 2990 1205 sic
3037 1149 3160 1204 ideo
3184 1156 3268 1204 est
3283 1162 3468 1204 verum
3499 1148 3776 1218 principium,

2278 1245 2403 1313 quia
2431 1244 2498 1299 de
2526 1243 2617 1298 illo
2646 1242 2804 1298 Patre
2831 1242 2948 1297 sine
2976 1241 3128 1296 initio
3157 1249 3313 1296 natus
3339 1247 3418 1294 est
3436 1239 3520 1309 qui
3547 1249 3618 1295 est
3639 1257 3780 1295 veru

2282 1335 2624 1404 principium.
2663 1333 2753 1388 Sic
2774 1333 2956 1402 itaque
2975 1332 3023 1386 ξ’
3027 1333 3148 1386 ilius
3176 1331 3488 1402 principium
3532 1347 3626 1384 non
3661 1331 3779 1386 habet

2283 1426 2558 1492 nascendi,
2580 1424 2889 1481 sicut-Pater
2909 1441 3014 1479 non
3045 1425 3207 1478 habet
3231 1423 3538 1494 principium
3558 1423 3780 1477 existendi.

2271 1517 2339 1570 .ln
2388 1515 2651 1586 principio
2699 1515 2863 1584 igitur
2914 1529 3037 1568 cum
3086 1513 3244 1568 Patre
3287 1511 3468 1577 Filius,
3513 1512 3623 1581 quia
3659 1527 3780 1565 unum

2283 1606 2602 1676 principium
2653 1604 2813 1660 Pater
2854 1613 2911 1660 et
2939 1603 3116 1658 Filius
3166 1622 3180 1655 :
3230 1604 3506 1674 ipsumque
3550 1617 3688 1656 unum
3719 1617 3785 1656 vc-

2289 1713 2514 1768 rumque
2537 1697 3052 1769 principium,~cujus
3081 1696 3282 1751 nullum
3311 1703 3394 1751 est
3420 1694 3657 1750 existendi
3678 1695 3787 1764 prin-

2285 1790 2501 1860 cipium.
2535 1789 2796 1858 Antiquos
2823 1787 3031 1843 dierum
3053 1786 3210 1841 simul
3235 1784 3401 1840 Pater
3427 1793 3478 1840 et
3497 1785 3668 1839 Filius:
3695 1785 3785 1854 quia

613 1871 716 1924 lius
745 1885 864 1924 esse
893 1871 1066 1940 potuit
1097 1880 1383 1940 antequam
1414 1879 1747 1932 nasceretur,
1798 1878 1853 1924 et
1888 1867 2046 1923 Pater
2073 1869 2187 1923 sine
2220 1893 2263 1951 Β
2291 1879 2378 1934 ina
2408 1885 2492 1934 est
2529 1893 2656 1933 vera
2686 1877 3000 1932 naturaliter
3027 1876 3340 1946 antiquitas,
3386 1889 3500 1943 qure
3541 1874 3642 1929 sine
3676 1873 3791 1926 initio

605 1962 766 2017 dubio
794 1963 999 2016 exstitit
1027 1972 1310 2031 antequam
1351 1963 1613 2031 gigneret,
1656 1961 2012 2031 cogitationes
2059 1966 2184 2013 sunt

607 2053 784 2106 carnis
810 2059 864 2106 et
889 2053 1180 2120 sanguinis,
1219 2067 1338 2120 qua:
1378 2066 1598 2120 regnum
1630 2051 1726 2105 Dei
1768 2049 2046 2120 possidere
2075 2065 2182 2104 non

607 2154 828 2212 possunt
852 2143 902 2212 (ι
933 2143 1051 2197 Cor.
1087 2160 1177 2208 xv,
1207 2142 1292 2214 50)
1321 2162 1334 2196 ;
1365 2144 1468 2198 hoc
1490 2144 1631 2197 enim
1661 2143 1728 2197 de
1752 2142 2031 2196 divinitate
2059 2156 2185 2195 sen-

609 2235 677 2289 tis
703 2235 844 2304 quod
876 2236 928 2288 in
958 2234 1261 2288 hominibus
1287 2235 1482 2288 cernis.
1507 2233 1613 2288 Sed
1637 2250 1744 2287 non
1774 2233 1846 2287 ita
1876 2243 1976 2287 est.
2003 2231 2184 2287 Aiter-

595 2341 707 2380 .nus
734 2325 876 2380 enim
905 2324 1019 2380 sine
1045 2325 1196 2379 initio
1227 2325 1366 2379 Deus
1399 2325 1556 2380 Pater
1608 2334 1864 2380 :nteruam
1903 2325 2063 2380 habet
2090 2339 2184 2393 ge-

591 2417 958 2483 nerationem,
987 2432 1090 2487 qua
1120 2418 1302 2486 genuit
1325 2416 1664 2486 Unigenitum
1684 2433 1839 2472 suum
1871 2432 2018 2482 ;non
2045 2416 2184 2470 sicut

586 2511 673 2566 .de
694 2526 855 2566 carne
883 2520 1170 2580 generatur
1197 2527 1342 2572 caro,
1397 2511 1494 2566 sed
1523 2511 1662 2566 sicut
1710 2519 1792 2566 est
1843 2520 1998 2566 natus
2045 2511 2184 2565 Deus

583 2600 673 2656 -de
701 2599 833 2666 Deo,
857 2616 994 2656 unus
1021 2601 1088 2655 de
1127 2617 1256 2666 uno,
1305 2616 1465 2656 veros
1492 2600 1559 2655 de
1583 2615 1737 2666 vero,
1785 2607 2084 2654 coaeternus
2115 2599 2182 2654 de

585 2699 848 2757 aeterno;
897 2691 1032 2745 alter
1060 2691 1110 2744 in
1141 2705 1396 2760 persona,
1427 2705 1534 2745 non
1563 2689 1706 2744 aliud
1755 2690 1810 2744 in
1847 2698 2080 2755 natura;
2112 2690 2178 2744 de

606 2781 718 2837 Deo
748 2781 902 2838 Patre
934 2791 1086 2836 natus
1119 2783 1278 2849 Deus,
1301 2791 1356 2838 et
1384 2797 1504 2838 cum
1535 2783 1646 2838 Deo
1677 2782 1835 2838 Patre
1866 2783 2180 2838 naturaliter

593 2886 764 2940 -lltllls,
798 2883 1060 2936 aeternus,
1121 2873 1455 2940 immortalis,
1517 2882 1677 2944 atque
1731 2875 2180 2930 incommutabilis

2282 1978 2367 2024 est
2395 1969 2652 2024 naturalis
2677 1967 2967 2023 aeternitas.
3017 1966 3148 2021 Nam
3174 1967 3314 2021 sicut
3360 1965 3446 2019 illa
3491 1963 3723 2033 longitudo
3742 1963 3792 2016 de

2284 2075 2390 2131 qua
2446 2061 2588 2117 Deus
2646 2061 2775 2116 dicit
2807 2077 2820 2113 :
2849 2059 3198 2131 Longitudine
3245 2059 3441 2112 dierum
3494 2054 3669 2125 replebo
3707 2071 3789 2107 cm

2285 2150 2457 2221 (Psal.
2488 2167 2575 2218 xc,
2608 2151 2696 2220 l6)
2722 2168 2736 2216 ;
2761 2159 2816 2206 et
2845 2151 3104 2220 propheta
3137 2167 3150 2202 :
3188 2149 3256 2204 Ut
3287 2147 3558 2202 inhabilem
3597 2147 3644 2198 in
3679 2145 3794 2198 domo

2285 2241 2497 2296 Domini
2526 2242 2581 2294 in
2607 2239 2926 2311 longitudine
2971 2239 3169 2292 dierum
3217 2236 3393 2308 (Psal.
3442 2250 3563 2298 xxu,
3603 2232 3668 2300 6),
3704 2233 3792 2286 ideo

2283 2347 2410 2387 vera
2441 2330 2718 2399 longitudo
2748 2338 2849 2396 est,
2880 2330 3004 2399 quia
3033 2329 3180 2383 nullo
3208 2335 3294 2382 est
3338 2326 3557 2381 termino
3580 2321 3792 2385 ﬁnienda;

2284 2423 2363 2478 sic
2391 2421 2682 2492 antiquitas
2726 2421 2814 2475 illa
2845 2429 2924 2475 est
2955 2435 3102 2483 vera,
3153 2434 3272 2488 quae
3304 2418 3452 2473 nullo
3480 2417 3618 2471 initio
3642 2427 3794 2482 cogno-

2285 2521 2468 2569 scatur
2494 2512 2743 2568 inchoata
2772 2529 2784 2563 :
2817 2510 2997 2579 itaque
3025 2511 3319 2580 antiquitas
3342 2510 3419 2564 sic
3441 2508 3631 2563 initium
3651 2505 3796 2570 nescit,

2283 2605 2421 2659 sicut
2451 2603 2608 2658 tinem
2639 2603 2739 2658 ista
2767 2603 3042 2673 longitudo
3091 2618 3198 2657 non
3242 2603 3454 2671 recipit.
3500 2599 3701 2654 Proinde
3735 2596 3798 2649 ille

2283 2695 2373 2764 qui
2397 2709 2455 2749 se
2481 2694 2617 2748 dixit
2645 2718 2678 2750 α
2707 2703 2762 2749 et
2791 2718 2852 2761 ω,
2879 2709 2979 2748 nec
3008 2694 3170 2762 coepit
3194 2706 3313 2747 esse
3355 2707 3453 2746 nec
3478 2690 3683 2746 desinit:
3707 2686 3799 2756 quia

2282 2785 2422 2840 sicut
2450 2785 2504 2839 in
2528 2800 2588 2840 se
2617 2800 2725 2840 non
2755 2785 2916 2838 habet
2959 2783 3248 2851 aliquando
3283 2797 3448 2853 posse
3471 2796 3571 2836 non
3593 2793 3710 2844 esse,
3745 2775 3800 2830 sic

2286 2875 2341 2928 in
2371 2890 2432 2930 se
2461 2875 2778 2936 naturaliter
2804 2890 2912 2930 non
2936 2873 3101 2930 habet
3131 2890 3239 2930 non
3266 2874 3452 2929 fuisse.

818 3111 910 3158 EX
950 3110 1172 3158 LIBBO
1212 3111 1332 3157 VII.
1374 3111 1471 3158 DE
1509 3110 1982 3174 EQUALITATE
2018 3110 2110 3157 ET
2126 3109 2444 3229 :‘JlNIfIgATE
2482 3111 2801 3160 ΒΡΙΒΠἪΒ
2838 3111 3096 3186 BAN!!!)
3133 3111 3289 3160 ουιι
3326 3113 3565 3160 PATER
3597 3113 3674 3160 ET

958 3284 1120 3353 eos
1161 3280 1631 3336 FBAGMENTUM
1674 3280 1832 3335 xxv.

611 3394 838 3464 Spiritus
865 3402 1070 3446 sanctus
1101 3409 1193 3446 nec
1222 3393 1378 3447 utinm
1419 3403 1486 3446 est
1515 3391 1675 3446 Patre
1705 3393 1779 3447 vel
1800 3392 1961 3457 Filio,
1993 3412 2084 3448 nec
2113 3400 2185 3449 eis

1255 3483 1529 3554 subjectus.

682 3574 949 3630 Adversus
973 3589 1036 3629 ea
1065 3589 1182 3644 quo:
1211 3573 1278 3629 de
1307 3575 1610 3630 nominibus
1636 3584 1798 3644 atque
1827 3575 2020 3631 ofﬁciis
2062 3594 2182 3648 pro-

599 3666 856 3736 posuisti,
889 3673 1146 3734 quantum
1175 3679 1262 3719 res
1296 3663 1587 3734 ﬂagitabat,
1636 3665 1882 3720 dedimus
1904 3667 1998 3720 tibi
2027 3676 2186 3736 supc-

604 3758 741 3822 rius,
793 3757 1018 3812 Domino
1065 3754 1374 3824 adjuvante,
1418 3771 1771 3825 responsum:
1816 3753 2180 3823 ostendentes,

614 3866 718 3905 non
749 3863 816 3903 ex
845 3849 948 3903 illis
977 3848 1280 3902 nominibus
1307 3855 1399 3901 aut
1427 3847 1615 3902 oﬂiciis
1655 3858 1897 3904 sanctum
1927 3848 2181 3919 Spiritum

608 3942 908 4012 subjectum
937 3941 990 3995 iu
1016 3940 1195 4008 aliquo
1221 3947 1275 3994 et
1301 3938 1579 4006 humilem,
1628 3939 1765 3994 sicut
1809 3939 2064 4006 azstimas,
2103 3940 2184 3993 in-

608 4035 800 4091 veniri.
840 4033 898 4088 ln
929 4034 1019 4089 illo
1045 4041 1224 4087 autem
1265 4033 1384 4088 loco
1406 4031 1700 4101 Evangelii,
1747 4034 1835 4087 ubi
1880 4049 2000 4088 eum
2028 4042 2184 4103 putas

609 4129 873 4182 minorem
921 4125 1330 4195 subjectutnque
1368 4125 1693 4189 monstrari,
1761 4125 1830 4178 ibi
1879 4128 2183 4193 agnoscitur

605 4217 840 4288 Spiritus
882 4228 1100 4271 sanctus
1128 4215 1195 4269 ab
1228 4216 1432 4269 unitate
1457 4213 1633 4268 Patris
1680 4223 1735 4269 et
1777 4214 1895 4268 Filii
1923 4231 2030 4269 non
2060 4229 2181 4270 esse

609 4307 923 4361 naturaliter
954 4306 1185 4361 alienus.
1224 4304 1354 4359 Vide
1401 4306 1542 4359 enim
1572 4305 1697 4374 quid
1724 4306 1867 4360 dicat
1892 4305 2138 4360 Christus
2157 4326 2174 4359 ε

607 4398 786 4452 Adhuc
813 4395 972 4449 multa
1000 4395 1159 4448 habeo
1183 4394 1320 4448 vobis
1351 4395 1537 4458 dicere,
1583 4395 1673 4446 sed
1701 4410 1803 4447 non
1831 4397 2042 4464 potestis
2070 4413 2179 4450 mo-

607 4492 672 4544 dt.
698 4499 945 4559 portare;
976 4503 1086 4540 cum
1119 4495 1287 4539 autem
1318 4486 1510 4539 venerit
1537 4485 1627 4538 ille
1655 4484 1882 4555 Spiritus
1923 4489 2176 4555 veitatis,

604 4581 804 4636 docebit
842 4596 927 4634 ros
954 4581 1008 4633 in
1042 4595 1242 4632 omnem
1272 4579 1533 4632 veritatem
1564 4577 1742 4647 (Joan.
1776 4594 1888 4645 xvi,
1925 4577 2010 4645 12,
2064 4578 2172 4648 15).

2215 3287 2262 3350 C
2295 3287 2410 3341 sine
2432 3288 2590 3356 cujus
2619 3289 2834 3344 nomine
2864 3303 2971 3344 non
2992 3297 3171 3357 potest
3190 3297 3586 3344 sacramentum
3608 3295 3802 3343 constare

2286 3378 2639 3446 baptismatis.
2686 3377 2801 3434 Hoc
2827 3393 2955 3448 ergo
2982 3378 3230 3435 Christus
3255 3378 3407 3444 fecit,
3458 3395 3560 3435 non
3600 3379 3705 3448 quia
3729 3376 3802 3430 mi-

2289 3483 2388 3522 nus
2415 3477 2627 3538 poterat
2657 3468 2788 3524 dare
2812 3485 2971 3540 quam
3012 3470 3156 3538 quod
3185 3470 3334 3525 dedit
3376 3470 3599 3540 Spiritus
3636 3476 3803 3524 sanctus

2289 3561 2431 3626 (cum
2463 3558 2514 3612 in
2545 3560 2692 3614 omni
2720 3574 2940 3615 munere
2968 3560 3039 3613 ita
3069 3559 3138 3613 sit
3167 3575 3332 3614 unum
3360 3569 3556 3616 sancta:
3581 3555 3804 3612 Trinitatis

2286 3649 2506 3711 donum,
2537 3649 2673 3704 sicut
2714 3649 2767 3704 in
2795 3649 2942 3704 omni
2969 3665 3133 3719 opere
3153 3665 3317 3704 unum
3349 3658 3434 3705 est
3461 3658 3646 3706 sanctae
3670 3645 3804 3700 Trini-

2287 3744 2411 3798 tatis
2438 3742 2691 3814 ollicium)
2718 3761 2731 3809 ;
2773 3743 2865 3799 sed
2897 3744 3000 3798 hoc
3026 3744 3150 3798 fecit
3188 3743 3329 3799 Deus
3360 3743 3542 3808 Filius,
3583 3747 3642 3796 ad
3669 3749 3804 3795 osten-

2285 3833 2513 3889 dendam
2540 3844 2741 3890 sanetae
2771 3834 3049 3889 Trinitatis
3085 3852 3244 3889 unam
3275 3844 3542 3900 naturam,
3587 3842 3805 3901 unamque

2286 3925 2535 3979 virtutem
2562 3943 2577 3990 ;
2609 3934 2666 3979 ut
2691 3941 2813 3979 eum
2840 3941 2871 3979 a
2898 3926 3006 3995 quo
3031 3926 3211 3981 doceri
3252 3928 3530 3996 apostolos
3560 3927 3611 3980 in
3637 3937 3805 3980 omnem

2283 4015 2585 4081 veritatem,
2613 4016 2728 4085 ipso
2758 4017 3080 4085 praedicante
3116 4015 3416 4082 Salvatore,
3446 4024 3713 4079 constaret,
3736 4026 3806 4066 ne.

2284 4120 2374 4159 mo
2402 4106 2662 4160 minorem
2701 4105 2860 4161 Patre
2891 4115 2944 4160 et
2986 4105 3122 4161 Filio
3164 4109 3504 4176 aliquatenus
3546 4107 3802 4162 aestimaret.

2284 4195 2398 4252 Non
2430 4206 2512 4252 est
2533 4198 2616 4252 hic
2655 4198 2815 4267 igitur
2844 4198 3062 4266 aliquod
3092 4197 3341 4252 indicium
3373 4196 3716 4271 subjectionis,
3739 4191 3805 4247 ubi

2282 4287 2655 4342 manifestatur
2683 4289 2863 4342 unitas
2906 4289 3198 4348 naturalis;
3242 4289 3335 4342 sed
3365 4289 3620 4354 Christus,
3649 4287 3724 4356 qui
3746 4291 3808 4339 est

2282 4394 2406 4433 vera
2453 4378 2746 4448 Sapientia,
2796 4380 2932 4434 illius
2971 4379 3225 4435 adventui
3273 4381 3490 4450 plenam
3519 4381 3731 4434 veritatis
3753 4377 3808 4429 in-

2280 4475 2492 4529 venitur
2519 4491 2826 4532 reservasse
2853 4476 3180 4544 doctrinam,
3216 4479 3372 4548 c‘ujus
3402 4495 3562 4534 unam
3590 4489 3746 4531 secum
3767 4476 3809 4522 et

2274 4584 2402 4622 cum
2430 4567 2590 4623 Patre
2618 4571 2830 4625 volebat
2877 4571 3249 4628 demonstrare
3295 4572 3661 4628 substantiam.
3688 4560 3809 4632 Quod

604 4674 700 4730 llic
728 4673 958 4744 primum
987 4671 1233 4725 virtutem
1261 4669 1491 4740 Spiritus
1515 4670 1685 4724 sancti
1715 4668 1966 4724 Salvator
1995 4677 2176 4724 noster

2279 4659 2726 4728 subsequentibus
2761 4663 2940 4716 verbis
2968 4663 3220 4727 ostendit,
3271 4663 3498 4718 dicens:
3550 4659 3664 4714 Non
3702 4655 3807 4710 enim

599 4766 846 4834 dignatus
873 4770 956 4817 est
977 4760 1374 4825 commendare,
1395 4759 1609 4829 quando
1650 4774 1715 4814 ea
1752 4773 1893 4828 qum,
1944 4760 2059 4828 ipso
2085 4773 2174 4814 se-

599 4856 833 4912 cundum
863 4869 1080 4910 carnem
1125 4863 1388 4923 praesente
1429 4861 1590 4921 atque
1635 4851 1884 4914 docente,
1929 4850 2174 4919 discipuli

597 4955 816 5014 portare
864 4959 970 4998 non
1004 4951 1276 5014 poterant,
1321 4943 1492 4997 sancti
1532 4941 1764 5012 Spiritus
1790 4955 2014 4995 munere
2042 4955 2173 4995 cou-

590 5035 806 5103 Iortati,
836 5042 1018 5090 essent
1060 5033 1177 5087 sine
1200 5033 1362 5088 dubio
1391 5033 1676 5104 portaturi.
1712 5032 1812 5090 Ubi
1840 5034 2024 5104 utique
2065 5048 2171 5087 nou

586 5128 857 5198 majorem
884 5127 1136 5181 virtutem
1165 5124 1395 5196 Spiritus
1422 5127 1592 5180 sancti
1616 5125 1853 5181 ostendit
1869 5141 1994 5181 esse
2012 5139 2171 5195 quam

582 5233 786 5283 suam;
817 5216 914 5272 sed
942 5230 1100 5270 unam
1125 5215 1378 5270 virtutem
1417 5229 1536 5269 esse
1581 5213 1812 5284 Spiritus
1859 5215 2030 5269 sancti
2073 5213 2171 5269 de-

597 5308 936 5369 monstravit,
968 5315 1025 5360 et
1052 5320 1242 5360 suam:
1277 5313 1334 5358 ut
1381 5303 1472 5358 ille
1499 5304 1579 5358 eis
1624 5303 1835 5358 virtutis
1879 5303 2170 5372 plenitudi-

599 5410 722 5450 netn
749 5396 1081 5459 contulisset,
1129 5394 1221 5463 qui
1250 5395 1428 5448 minor
1456 5392 1652 5446 virtute
1693 5406 1797 5445 non
1845 5398 2004 5446 esset.
2056 5391 2170 5447 Hoc

597 5494 776 5540 autem
806 5485 1164 5539 necessarium
1193 5483 1292 5537 luit
1339 5491 1561 5552 propter
1596 5493 1945 5552 personarum
1971 5479 2172 5535 discre-

597 5577 818 5638 tionem,
850 5589 956 5628 nou
999 5582 1221 5642 propter
1248 5587 1472 5642 operum
1500 5572 1731 5639 aliquam
1759 5568 2163 5635 diversitatem;

561 5667 690 5723 sed
720 5665 923 5720 ordinis
969 5673 1105 5728 erat,
1160 5673 1219 5718 ut
1264 5665 1405 5718 illius
1450 5663 1636 5718 intima
1682 5659 2073 5715 illuminatione
2111 5669 2166 5716 et

580 5757 1024 5820 conﬁrmatione,
1050 5755 1393 5825 perﬁceretur
1414 5758 1466 5811 in
1494 5753 1754 5825 apostolis
1779 5753 1982 5807 donum
2009 5753 2166 5808 intel-

583 5851 827 5914 ligentia:
855 5848 1109 5912 spiritalis
1137 5855 1201 5902 et
1255 5848 1622 5913 insuperabilis
1669 5845 1888 5901 omnino
1934 5844 2163 5909 virtutis,

2268 4752 2509 4822 loquetur
2532 4769 2564 4804 a
2589 4755 2880 4824 semetipso,
2927 4755 3018 4808 sed
3056 4771 3362 4825 quaecunque
3400 4754 3573 4806 audiet
3599 4751 3804 4816 loquetur.

2267 4854 2326 4898 et
2353 4860 2467 4914 quae
2488 4853 2700 4899 ventura
2729 4854 2848 4898 sunt
2873 4846 3200 4900 annuntiabit
3226 4845 3386 4899 nobis.
3422 4844 3522 4898 Ille
3547 4858 3623 4896 me
3648 4833 3807 4903 clariﬁ-

2268 4934 2431 4996 cabit,
2453 4936 2571 5003 quia
2600 4933 2664 4987 de
2689 4950 2801 4988 meo
2821 4935 3056 5005 accipiet,
3088 4944 3137 4988 et
3159 4933 3492 4988 annuutiubit
3510 4931 3642 4986 vobis
3663 4924 3804 4997 (Ιοσιο

2272 5041 2382 5088 xvr,
2401 5024 2484 5090 l5,
2511 5023 2621 5093 ll).
2637 5023 2778 5080 Ecce
2787 5025 3019 5094 primum
3031 5023 3265 5080 ostendit
3281 5039 3387 5078 non
3405 5035 3522 5077 esse
3549 5019 3646 5073 alia
3671 5008 3806 5083 Spiri-

2277 5125 2362 5170 tus
2408 5117 2579 5170 sancti
2634 5131 2794 5186 quam
2839 5130 2958 5185 quae
2996 5124 3126 5170 sunt
3168 5116 3330 5186 διο
3372 5112 3518 5167 Filii.
3558 5104 3736 5164 Deinde
3763 5105 3806 5152 ιιι

2275 5207 2585 5261 ostenderet
2615 5207 2794 5260 omnia
2822 5221 2918 5260 sua
2966 5221 3085 5262 esse
3109 5221 3234 5275 qua:
3259 5205 3435 5258 Patris
3462 5208 3602 5265 sunt,
3649 5187 3805 5263 adjetil
3871 5254 3874 5257 .

2275 5299 2347 5366 (ιν.
2394 5293 2517 5365 15);
2548 5294 2741 5349 Omnia
2785 5313 3096 5369 quacunque
3121 5296 3273 5350 habet
3302 5294 3484 5356 Pater,
3534 5307 3642 5346 mea
3679 5289 3806 5340 sunt:

2272 5396 2538 5456 propferea
2569 5387 2679 5440 dixi
2704 5387 2823 5458 quia
2847 5387 2911 5440 de
2935 5404 3045 5441 meo
3074 5387 3312 5458 accipiet,
3338 5394 3387 5438 et
3414 5377 3806 5437 annuntiabituo-

2273 5482 2368 5536 bis.
2398 5481 2528 5537 Illud
2557 5482 2718 5549 igitur
2748 5481 2994 5551 primitus
3019 5481 3376 5544 attendamus,
3411 5475 3557 5548 quod
3581 5473 3678 5527 ait:
3707 5464 3804 5521 Non

2267 5575 2406 5627 enim
2434 5575 2666 5644 loquetur
2693 5591 2725 5626 α
2755 5574 3045 5643 semetipso,
3091 5573 3183 5626 sed
3207 5584 3516 5642 quazcunqtte
3551 5563 3711 5618 audiet
3747 5556 3808 5609 lo-

2268 5676 2466 5734 quetur.
2497 5664 2628 5730 Quis
2650 5674 2828 5718 autem
2849 5662 3252 5732 comprehendit
3275 5659 3444 5731 qualis
3467 5657 3536 5710 sit
3559 5653 3689 5707 illius
3713 5646 3810 5701 sim-

2269 5755 2422 5824 plicis
2453 5762 2654 5808 naturte
2678 5753 2897 5818 locutio,
2926 5752 3011 5807 vel
3056 5752 3229 5820 qualis
3258 5747 3506 5805 auditio?
3555 5741 3667 5805 Ubi,
3694 5736 3809 5790 sicut

2274 5861 2378 5898 non
2409 5853 2489 5899 est
2520 5843 2660 5898 aliud
2689 5858 2899 5914 sapere,
2931 5844 3015 5898 vel
3045 5843 3205 5910 scire,
3249 5855 3404 5913 quam
3431 5851 3554 5892 esse
3578 5877 3591 5902 ,
3633 5832 3694 5884 ita
3723 5837 3809 5878 non
