4050 6460
233 450 324 504 ’ξεί
1277 449 1552 506 CONTRA
1593 452 1941 508 FABIANUM
1971 453 2418 512 FRAGMENTA.

3407 449 3512 505 78%

229 572 310 622 est
353 562 494 619 aliud
546 563 731 619 audire
779 577 939 632 quam
972 578 1109 618 esse.
1162 564 1321 621 Audit
1370 566 1549 635 itaque
1579 565 1808 636 Spiritus
1840 577 1880 629 Α
1913 568 2030 637 ejus
2071 569 2251 624 divina
2281 577 2636 637 cognoscatur
2665 583 2785 622 esse
2813 567 3080 635 doctrina,
3111 567 3267 624 simul
3298 580 3506 636 cogno-

228 661 440 711 sanctus
478 668 808 724 quazcunque
846 654 1006 710 Pater
1048 665 1103 710 et
1145 655 1308 710 Filius
1347 657 1475 712 dicit
1516 657 1806 730 (Theodul—

225 747 370 817 phus,
413 745 646 816 dicunt),
698 755 754 801 et
800 747 928 802 htec‘
962 747 1150 803 eadem
1209 749 1456 804 similiter
1496 750 1664 815 dicit;
1731 750 1806 804 si-

224 844 312 892 cut
357 835 503 891 videt
548 834 714 892 Filius
757 852 876 907 qua:
922 836 1088 892 Pater
1141 838 1302 905 facit,
1364 848 1419 894 et
1466 840 1580 896 haec
1613 839 1804 895 eadem

221 925 466 980 similiter
494 923 641 981 facit.
683 925 739 982 In
789 928 879 982 illa
911 928 1052 983 enim
1107 937 1318 996 natura,
1368 930 1458 984 ubi
1488 939 1570 986 est
1598 946 1805 987 summa

221 1025 276 1071 et
305 1033 428 1072 vera
476 1016 812 1088 simplicitas,
865 1019 917 1072 in
958 1034 1023 1074 eo
1055 1019 1219 1075 Filius
1262 1021 1408 1076 videt
1452 1021 1596 1090 quod
1651 1023 1808 1077 l'ater

221 1105 363 1170 facit,
397 1115 453 1162 et
479 1105 710 1176 Spiritus
735 1115 955 1163 sanctus
996 1109 1145 1162 audit
1190 1109 1335 1182 quod
1373 1125 1495 1167 cum
1528 1109 1688 1165 Patre
1718 1109 1807 1164 Fi-

217 1197 321 1253 lius
345 1197 496 1263 dicit,
528 1199 652 1267 quia
681 1199 1062 1254 communione
1090 1200 1352 1256 naturalis
1375 1201 1620 1254 essentiae
1649 1208 1703 1255 et
1728 1200 1808 1254 Fi.

218 1290 318 1346 lius
348 1290 416 1345 de
449 1288 606 1346 Patre
638 1299 794 1348 natus
822 1291 1049 1356 exstitit,
1099 1299 1152 1345 et
1199 1290 1431 1360 Spiritus
1480 1300 1700 1348 sanctus
1739 1292 1806 1347 de

215 1382 378 1438 Patre
406 1382 647 1456 Filioque
671 1383 934 1454 procedit.
971 1383 1082 1438 Hoc
1119 1391 1201 1438 est
1244 1383 1405 1452 igitur
1432 1383 1654 1454 Spiritui
1682 1400 1802 1439 san-

213 1484 300 1530 cto
330 1475 535 1540 audire,
587 1475 733 1545 quod
778 1483 858 1530 est
900 1475 967 1530 de
993 1484 1181 1530 natura
1214 1473 1388 1529 Patris
1420 1475 1649 1546 Filiique
1677 1491 1798 1549 pro.

211 1567 409 1622 cedere
435 1583 447 1618 :
479 1575 536 1622 et
563 1567 666 1622 hoc
692 1575 776 1622 est
803 1566 972 1634 loqui,
1021 1565 1165 1636 quod
1195 1575 1280 1621 est
1317 1580 1413 1635 per
1438 1567 1666 1633 gratiam
1706 1582 1803 1621 no—

210 1657 338 1726 stris
365 1657 615 1713 cordibus
643 1656 984 1714 ineffabiliter
1013 1656 1280 1712 intimare.
1322 1654 1388 1711 Et
1419 1664 1598 1713 tamen
1629 1657 1802 1726 ipsum

208 1745 472 1818 Spiritum
501 1755 768 1812 sanctum,
801 1747 894 1816 qui
935 1754 991 1802 et
1018 1747 1070 1802 in
1101 1745 1362 1816 apostolis
1386 1753 1440 1800 et
1483 1746 1535 1800 in
1565 1747 1802 1818 prophev

209 1839 280 1896 tis
329 1839 542 1894 locutus
571 1846 656 1895 est
687 1837 833 1911 [quia
867 1854 974 1894 non
1022 1837 1196 1894 solum
1246 1839 1506 1908 apostolis
1552 1839 1803 1896 Salvator

1911 660 2078 713 scitur
2102 659 2220 727 ejus
2248 675 2352 713 una
2405 674 2525 712 cum
2579 656 2738 712 Patre
2767 657 3012 726 Filioque
3059 657 3376 712 substantia.
3425 656 3501 712 lbi

1911 750 2053 803 enim
2095 748 2295 804 locutio
2323 747 2556 819 Spiritus
2592 748 2764 803 sancti
2805 747 3124 818 percipitur,
3146 748 3239 801 'uhi
3265 763 3373 801 non
3404 747 3502 801 ali-

1911 848 1995 896 ter
2024 827 2184 909 quam
2235 847 2452 909 oportet
2491 838 2558 893 de
2587 837 2704 906 ejus
2732 837 3013 893 divinitate
3041 838 3292 893 sentitur.
3327 837 3501 892 Cane-

1911 947 2049 994 rum,
2084 930 2187 986 hoc
2216 930 2358 1000 quod
2386 930 2620 1000 Spiritus
2649 939 2869 986 sanctus
2895 930 2948 984 in
2978 945 3192 994 omnem
3215 931 3500 984 veritatem

1911 1022 2088 1091 docet,
2122 1022 2426 1077 nullatenus
2456 1022 2778 1092 percipiunt,
2809 1021 2901 1090 qui
2931 1020 3046 1088 ejus
3075 1020 3341 1089 majestati
3372 1020 3500 1074 caaci

1908 1112 2086 1166 cordis
2107 1111 2301 1166 duritia
2343 1111 2750 1165 contradicunt:
2782 1109 2924 1177 quod
2955 1107 3275 1164 facientibus
3303 1106 3499 1161 Judzcis

1909 1204 2002 1259 Dei
2025 1203 2188 1258 Filius
2219 1203 2290 1257 ita
2321 1203 2630 1272 respondit:
2659 1201 2902 1266 Quatritis
2934 1218 3012 1255 me
3041 1201 3349 1271 interﬁcere,
3376 1202 3496 1271 quia

1908 1312 2074 1350 sermo
2103 1311 2242 1352 meus
2268 1311 2370 1347 non
2411 1295 2548 1365 capit
2578 1295 2630 1352 in
2661 1293 2802 1350 vobis
2831 1295 3011 1366 (Joan.
3041 1311 3154 1359 vul,
3179 1293 3290 1366 57).
3324 1293 3498 1364 Capa—

1908 1401 1996 1441 ces
2025 1385 2222 1458 quippe
2243 1385 2510 1440 sermonis
2532 1386 2650 1454 ejus
2670 1399 2790 1441 esse
2819 1400 2927 1441 non
2952 1393 3223 1459 poterant,
3250 1383 3400 1453 cujus
3419 1383 3500 1437 di-

1906 1479 2085 1533 vinam
2143 1477 2479 1547 majestatem
2535 1477 2756 1534 minime
2805 1476 3220 1545 cognoscebant.
3254 1474 3383 1534 Ideo
3419 1475 3498 1533 eis

1907 1571 2073 1628 dicit:
2131 1570 2246 1642 Ego
2271 1571 2408 1646 quod
2435 1569 2536 1624 vidi
2566 1569 2705 1641 apud
2752 1567 2998 1634 Patrem,
3055 1569 3236 1640 loquor
3266 1568 3334 1636 (υ.
3367 1565 3492 1634 58);

1909 1664 2055 1718 ineo
2086 1663 2228 1716 enim
2278 1661 2421 1732 quod
2469 1661 2612 1732 apud
2658 1659 2872 1714 Patrem
2904 1658 3107 1713 viderat
3153 1658 3495 1726 loquebatur,

1907 1753 2050 1822 quod
2079 1769 2137 1808 se
2165 1753 2428 1822 mqualem
2452 1751 2599 1809 Patri
2627 1752 2946 1806 naturaliter
2975 1750 3260 1805 fatebatur.
3286 1749 3415 1805 Nam
3442 1757 3499 1807 et

1905 1847 2152 1916 superius
2191 1845 2403 1902 dixerat
2432 1845 2759 1913 evangelista
2789 1863 2800 1896 :
2848 1843 3131 1914 Propterea
3176 1859 3300 1913 ergo
3331 1842 3495 1912 magis

207 1941 401 1987 noster
428 1931 589 1993 dixit:
609 1930 732 1987 Non
753 1933 890 1988 enim
911 1949 996 1987 vos
1018 1933 1139 1986 estis
1163 1932 1246 2003 qui
1267 1931 1552 2004 loquimini,
1571 1932 1665 1987 sed
1679 1933 1802 2004 Spi»
1838 1951 1879 2010 Β
1905 1936 2202 2009 (μιιενεὸαηι
2223 1953 2335 1992 eum
2358 1937 2649 2008 interﬁcere
2669 1934 2864 2003 Juda'i,
2887 1936 3005 2004 quia
3028 1951 3131 1988 non
3154 1934 3318 1992 solum
3339 1935 3497 1989 solve.

206 2024 340 2081 ritus
362 2022 539 2078 Patris
569 2024 719 2078 vestri
741 2024 825 2096 qui
841 2023 1066 2095 loquitur
1091 2024 1144 2079 in
1166 2021 1304 2079 vobis
1332 2022 1548 2095 (Matth.
1576 2041 1632 2091 ι,
1655 2023 1798 2098 20)];

205 2129 395 2170 verum
425 2115 589 2170 etiam
617 2115 807 2170 beatus
835 2113 1027 2169 Petrus
1053 2113 1220 2179 dixit,
1252 2113 1374 2184 quia
1405 2131 1508 2170 non
1544 2115 1803 2170 voluntate

205 2210 440 2265 ltumana
457 2210 621 2266 allata
645 2217 718 2264 est
740 2225 967 2281 unquam
982 2207 1274 2279 prophetia,
1291 2207 1380 2261 sed
1403 2205 1600 2279 Spiritu
1624 2218 1802 2263 sancto

204 2299 310 2353 acti
357 2299 514 2354 locuti
542 2308 658 2353 sunt
687 2301 855 2354 sancti
881 2299 1110 2353 homines
1160 2296 1256 2351 Dei
1299 2295 1386 2369 (II
1436 2295 1580 2353 Petr.
1615 2315 1652 2367 I,
1685 2297 1798 2364 2|);

203 2392 403 2462 ipsum,
437 2401 496 2446 ut
532 2390 662 2465 dixi,
713 2390 972 2462 Spiritum
1013 2399 1276 2454 sanctum,
1319 2389 1601 2447 Dominum
1630 2390 1799 2448 Deum

203 2485 398 2541 beatus
428 2485 593 2539 David
620 2486 874 2555 appellat,
912 2484 1130 2539 dicens:
1163 2482 1387 2538 Audiam
1415 2483 1540 2554 quid
1564 2484 1796 2556 loquitur

202 2577 262 2633 in
293 2593 375 2629 me
395 2575 648 2629 Dominus
682 2575 820 2630 Deus
851 2573 1022 2644 (Psal.
1055 2590 1274 2639 Lxxxtv,
1300 2572 1378 2643 9).
1413 2573 1530 2629 Hoc
1559 2582 1643 2628 est
1670 2590 1800 2645 ergo

203 2665 397 2720 audire
419 2663 642 2736 Spiritui
666 2673 853 2720 sancto
875 2664 1017 2737 quod
1040 2673 1282 2727 estesse,
1308 2660 1392 2717 cui
1419 2678 1524 2718 non
1545 2663 1691 2719 aliud
1718 2672 1802 2720 est

203 2773 328 2814 esse
356 2773 518 2827 quam
546 2759 704 2813 scire.

639 2867 1118 2927 FRAGMENTUM
1160 2868 1348 2926 XXVI.

203 2959 474 3033 Quomodo
505 2961 674 3032 angeli
699 2971 749 3014 et
776 2978 976 3032 semper
1007 2962 1176 3015 vident
1203 2962 1388 3033 [aciem
1421 2962 1617 3027 Patris,
1667 2971 1716 3016 et
1743 2963 1796 3016 in

374 3032 629 3103 Spiritum
659 3041 895 3088 sanctum
923 3032 1214 3104 prospicere
1238 3034 1622 3102 concupiscunt.

274 3122 482 3178 Deinde
521 3130 794 3179 memento
842 3121 909 3177 de
964 3123 1068 3178 isto
1113 3131 1304 3178 sancto
1341 3123 1545 3194 Spiritu
1593 3123 1797 3180 dixisse

201 3217 514 3286 apostolum
541 3213 781 3279 Petrum,
809 3213 934 3282 quia
966 3213 1019 3267 in
1049 3228 1169 3267 eum
1201 3214 1593 3283 concupiscunt
1621 3214 1797 3285 angeli

1907 2026 1994 2082 bat
2042 2027 2330 2094 sabbatum,
2381 2028 2474 2082 sed
2519 2035 2567 2081 et
2616 2026 2827 2081 Patrem
2866 2044 3011 2082 suum
3059 2024 3258 2085 dicebat
3305 2024 3491 2086 Deum,

1905 2121 2153 2194 aequalem
2177 2137 2231 2173 se
2260 2119 2456 2191 faciens
2482 2118 2586 2173 Deo
2618 2118 2796 2188 (Joan.
2829 2135 2879 2183 v,
2913 2118 2994 2266 l?
3026 2136 3037 2174 :
3072 2125 3124 2171 et
3147 2125 3496 2186 poteaquatn

1905 2213 1980 2266 illi
2011 2213 2100 2266 uui
2124 2228 2297 2266 aecus
2327 2221 2484 2266 natus
2522 2211 2695 2266 fuerat
2725 2211 2910 2266 oculos
2975 2211 3176 2266 onavit.
3212 2209 3496 2266 indiunanv

1905 2213 1980 2267 illi
2011 2213 2100 2285 qui
2124 2228 2297 2268 cmcus
2327 2221 2484 2277 natus
2522 2211 2695 2266 fuerat
2725 2211 2910 2266 oculos
2938 2209 3176 2273 d'onavit,
3212 2209 3496 2278 indignanv

1906 2305 2047 2360 tibus
2092 2302 2290 2358 Judzcis
2320 2303 2390 2357 ita
2423 2301 2701 2373 respondit
2745 2320 2755 2354 :
2793 2302 2924 2357 Oves
2974 2317 3103 2355 mea:
3132 2317 3299 2354 vocem
3329 2317 3494 2358 meam

1904 2395 2141 2459 audiunt,
2174 2403 2222 2448 et
2243 2410 2335 2464 ego
2363 2410 2613 2465 cognosco
2643 2409 2753 2455 eas,
2797 2401 2845 2447 ct
2875 2401 3153 2464 sequuntur
3180 2407 3294 2456 me;
3326 2399 3374 2444 et
3403 2407 3494 2462 ego

1903 2486 2061 2539 vitam
2108 2495 2354 2539 a:ternam
2403 2485 2467 2539 do
2508 2485 2613 2549 eis,
2661 2492 2710 2538 et
2750 2500 2852 2541 non
2893 2483 3129 2553 peribunt
3158 2483 3210 2535 in
3249 2492 3495 2539 attentum

1907 2575 2086 2649 (Joan.
2136 2595 2192 2644 κ,
2221 2577 2311 2643 27,
2346 2577 2462 2648 28).
2497 2576 2567 2636 Ut
2597 2576 2908 2632 ostenderet
2953 2590 3073 2645 qua:
3115 2583 3197 2631 est
3247 2590 3348 2630 vox
3378 2571 3495 2644 ejus

1903 2685 2066 2741 quam
2086 2685 2217 2725 oves
2247 2668 2362 2738 ejus
2383 2669 2607 2728 audiunt
2632 2668 2782 2742 (quia
2803 2682 2992 2722 revera
3018 2667 3121 2724 illa:
3142 2681 3273 2721 oves
3301 2679 3488 2724 vocem

1903 2761 2062 2830 hujus
2089 2760 2216 2816 boni
2265 2760 2497 2831 pastoris
2528 2759 2770 2824 audiunt,
2796 2774 2913 2828 quae
2943 2775 3102 2812 unam
3133 2759 3403 2822 virtutem,
3433 2765 3490 2811 et

1902 2865 1971 2907 ex
1993 2851 2099 2908 hoc
2127 2865 2287 2906 unam
2312 2850 2601 2916 essentiam
2632 2848 2809 2907 Patris
2834 2847 3064 2922 Filiique
3093 2845 3447 2919 cognoscunt)
3477 2863 3491 2903 :

1902 2942 2081 3004 statim
2107 2957 2234 2998 vere
2263 2941 2440 3001 divina
2473 2957 2627 3008 voce,
2659 2955 2821 3000 unam
2847 2941 3100 2996 virtutem
3124 2947 3286 3010 atque
3308 2953 3493 2994 essen-

1903 3035 2030 3091 tiam
2061 3049 2214 3090 suam
2244 3033 2401 3092 simul
2429 3041 2484 3088 et
2512 3031 2688 3092 Patris
2713 3031 3025 3099 ostendens,
3056 3031 3190 3088 dixit
3210 3030 3277 3088 de
3307 3029 3495 3088 ovibus

1901 3124 2013 3184 suis
2043 3142 2055 3183 :
2093 3123 2160 3178 Et
2180 3141 2284 3180 non
2309 3124 2443 3195 rapit
2470 3139 2558 3180 eas
2587 3125 2855 3200 quisquam
2885 3122 2949 3176 de
2978 3138 3134 3180 manu
3158 3138 3296 3181 mea,
3337 3119 3495 3177 Pater

1901 3236 2040 3274 meus
2064 3219 2201 3296 quod
2221 3218 2360 3274 dedit
2382 3217 2506 3271 mihi
2528 3217 2697 3291 majus
2711 3216 2946 3272 omnibus
2962 3223 3068 3271 est:
3087 3224 3136 3268 et
3157 3201 3304 3273 nemo
3327 3222 3494 3284 potest

201 3305 517 3376 prospicere
543 3305 651 3360 :sic
678 3304 821 3358 enim
851 3303 924 3359 ait
962 3321 973 3356 :
1008 3302 1090 3357 Ea
1111 3320 1225 3375 qua:
1253 3320 1388 3358 nunc
1409 3307 1645 3360 nuntiata
1673 3315 1794 3364 sunt
1823 3329 1880 3392 α
1901 3325 2082 3379 rapere
2103 3309 2166 3362 de
2192 3325 2350 3361 manu
2385 3305 2559 3360 Patris
2589 3307 2710 3365 mei.
2745 3304 2856 3377 Ego
2878 3316 2927 3360 et
2960 3303 3118 3359 Pater
3137 3320 3296 3363 unum
3319 3319 3492 3362 sumus

199 3397 364 3463 vobis,
388 3413 478 3467 per
506 3413 591 3452 eos
620 3397 705 3469 qui
733 3397 1220 3466 wangelizaverunt
1244 3394 1402 3460 vobis,
1428 3395 1634 3467 Spiritu
1668 3413 1796 3452 san-.-

501 3489 568 3543 de
594 3491 739 3554 celo,
763 3491 818 3543 in
836 3505 984 3561 quem
1004 3491 1368 3560 concupiscunt
1389 3493 1564 3562 angeli
1591 3495 1794 3564 prospiv

196 3597 320 3639 cere
349 3579 405 3653 (ι
434 3579 579 3639 Petr.
609 3597 646 3644 ι,
680 3579 788 3649 12).
833 3579 971 3646 Quid
1000 3588 1082 3634 est
1111 3587 1290 3642 autem
1322 3581 1635 3650 angelorum
1668 3597 1793 3652 pro.

197 3672 416 3742 spicere
453 3671 556 3728 nisi
596 3671 942 3739 intelligere?
991 3669 1290 3725 Rationalis
1337 3671 1480 3728 enim
1522 3681 1789 3740 creatura,

195 3765 351 3838 quod
392 3766 706 3837 spiritaliter
747 3763 1039 3835 prospicit,
1091 3763 1382 3831 intelligit;
1434 3763 1560 3838 quia
1604 3766 1792 3820 oculus

195 3858 324 3928 ejus
351 3857 652 3914 intellectus
681 3857 816 3926 ejus.
868 3854 926 3911 Si
957 3867 1087 3923 ergo
1117 3855 1294 3914 minus
1332 3853 1536 3926 aliquid
1565 3865 1793 3915 noverat

195 3948 440 4020 Spiritus
469 3956 710 4015 sanctus,
739 3946 883 4018 quod
916 3947 1092 4001 minus
1121 3945 1306 4017 utique
1336 3955 1580 4012 noverat,
1613 3947 1792 4003 minus

195 4041 556 4112 intelligebat.
598 4040 716 4096 Non
764 4055 892 4110 ergo
923 4041 1225 4099 debuerunt
1275 4041 1659 4112 concupiscere
1702 4055 1793 4094 an-

193 4133 304 4203 geli
327 4134 499 4189 sancti
525 4135 580 4188 in
605 4147 726 4189 eum
756 4131 1086 4204 prospicere,
1117 4132 1209 4205 qui
1237 4131 1528 4190 secundum
1559 4132 1789 4203 plenitu~

193 4227 382 4286 dinem
410 4225 662 4290 scientiae,
695 4225 888 4281 faciem
918 4223 1092 4280 Patris
1121 4223 1305 4280 videre
1339 4223 1590 4284 Veritatis
1623 4223 1790 4294 ipsius

193 4318 515 4376 testimonio
566 4317 934 4386 perhibentur.
986 4315 1237 4390 Loquens
1281 4317 1425 4376 enim
1458 4313 1524 4372 de
1553 4316 1792 4390 parvulis

194 4412 305 4466 ait:
332 4410 515 4482 Angeli
543 4428 719 4466 eorum
745 4428 943 4483 semper
968 4412 1140 4469 vident
1162 4414 1349 4484 faciem
1378 4411 1558 4469 Patris
1585 4415 1682 4468 mei
1705 4416 1790 4489 qui

193 4501 248 4556 in
277 4500 422 4554 caelis
469 4509 543 4554 est
574 4499 786 4571 (Matth.
821 4515 968 4568 xvnt,
1001 4500 1111 4571 10).
1153 4501 1282 4575 Quis
1331 4501 1493 4574 igitur
1524 4511 1630 4562 tam
1676 4520 1791 4575 per-

193 4606 388 4648 versus
414 4591 520 4647 hoc
546 4591 614 4646 de
641 4592 844 4648 sanctis
867 4593 1070 4664 angelis
1091 4593 1286 4652 audeat
1311 4595 1598 4660 aestimare,
1642 4593 1788 4664 quod

1900 3402 2148 3477 (Ibidem,
2187 3399 2276 3468 28,
2318 3398 2408 3468 29,
2447 3398 2561 3470 50).
2594 3398 2720 3453 [hec
2757 3406 2842 3454 est
2881 3410 3010 3467 ergo
3041 3412 3144 3454 vox
3175 3411 3334 3465 quam
3362 3409 3491 3450 oves

1897 3499 2016 3568 ejus
2036 3496 2260 3551 audiunt
2284 3512 2300 3557 ;
2328 3509 2449 3563 qua:
2475 3492 2686 3552 scilicet
2715 3492 2768 3552 in
2795 3505 2863 3546 eo
2901 3490 3048 3560 quod
3068 3505 3227 3550 nemo
3257 3488 3397 3559 rapit
3424 3486 3491 3541 de

1896 3608 2057 3647 manu
2089 3589 2229 3657 Filii,
2262 3603 2437 3658 neque
2475 3587 2542 3646 de
2594 3600 2758 3640 manu
2806 3581 3004 3650 Patris,
3035 3599 3194 3642 unam
3237 3581 3504 3639 virtutem.

1895 3683 2016 3737 Filii
2065 3691 2120 3736 et
2164 3679 2341 3734 Patris
2370 3676 2716 3745 intelligant;
2747 3681 2804 3729 et
2846 3673 3125 3733 audientes
3152 3672 3220 3729 ab
3243 3686 3331 3736 eo,
3362 3669 3512 3738 quia'

1895 3775 2010 3845 ipse
2033 3780 2094 3828 'ct
2139 3772 2300 3830 Pater
2325 3785 2490 3826 unum
2518 3775 2663 3836 sunt,
2710 3767 2972 3823 unitatem
3022 3777 3206 3820 veram
3243 3763 3296 3818 in
3327 3761 3488 3816 Patre

1895 3874 1951 3920 et
1979 3863 2114 3918 Filio
2154 3861 2403 3917 essentne
2438 3859 2702 3918 naturalis
2729 3863 3044 3927 agnoscant.
3100 3854 3224 3914 llacc
3253 3865 3335 3910 est
3380 3869 3487 3913 vox

1893 3954 2036 4022 Filii,
2061 3954 2178 4009 haec
2204 3960 2288 4008 est
2316 3951 2518 4008 locutio
2539 3949 2771 4025 Spiritus
2798 3947 2992 4016 sancti,
3020 3948 3124 4001 hoc
3151 3962 3183 4004 a
3210 3945 3368 4001 Patre
3387 3961 3488 4030 laus-

1892 4047 2027 4108 divit
2070 4054 2126 4102 et
2153 4044 2322 4105 Filius
2362 4053 2418 4099 et
2445 4041 2676 4113 Spiritus
2702 4048 2919 4097 sanctus
2943 4057 2959 4106 ;
3007 4039 3134 4114 quia
3181 4037 3249 4093 de
3294 4047 3487 4096 natura

1894 4137 2070 4195 Patris
2098 4143 2258 4193 natus
2300 4142 2383 4189 est
2426 4133 2612 4197 Filius,
2659 4139 2714 4188 et
2761 4129 2957 4188 exinde
2982 4127 3228 4204 procedit
3253 4125 3486 4198 Spiritus

1893 4236 2112 4286 sanctus
2143 4244 2156 4280 :
2189 4227 2294 4282 hoc
2314 4227 2476 4284 etiam
2505 4239 2536 4278 a
2567 4223 2727 4282 Patre
2752 4232 2807 4283 et
2854 4222 2990 4282 Filio
3010 4221 3241 4292 Spiritus
3269 4229 3485 4279 sanctus

1894 4317 2067 4388 audit,
2119 4317 2244 4387 quia
2291 4313 2358 4371 de
2399 4313 2560 4370 Patre
2605 4322 2661 4370 et
2689 4312 2824 4371 Filio
2844 4313 3144 4370 communis
3189 4312 3484 4372 divinitatis

1891 4407 2197 4480 mqualitate
2219 4406 2482 4478 procedit.
2508 4405 2623 4460 Non
2649 4418 2778 4473 ergo
2813 4403 3046 4475 Spiritus
3067 4414 3286 4464 sanctus
3308 4405 3484 4478 loqui-

1893 4508 1983 4555 tur
2010 4515 2040 4555 a
2085 4500 2284 4571 seipso,
2308 4500 2432 4570 quia
2483 4514 2590 4552 non
2615 4505 2697 4552 est
2717 4512 2747 4553 a
2768 4497 2980 4567 seipso,
3013 4496 3109 4554 sed
3138 4495 3206 4552 de
3232 4495 3392 4555 Patre
3428 4505 3485 4551 et

1892 4591 2028 4653 Filio
2058 4591 2224 4646 habet
2251 4589 2552 4649 naturalem
2597 4588 2948 4653 locutionem,
2971 4587 3112 4646 unde
3159 4588 3482 4645 naturaliter

192 4683 392 4740 faciem
422 4683 635 4753 quidem
665 4683 837 4742 Patris
867 4685 1048 4757 (quem
1070 4685 1328 4754 majorem
1357 4686 1560 4756 Spiritu
1596 4696 1784 4743 sancto
1815 4713 1867 4772 Β
1892 4684 2054 4757 612
2093 4680 2392 4754 procedens
2436 4677 2600 4735 habet
2647 4677 2870 4748 originis
2915 4677 3221 4735 veritatem.
3253 4675 3330 4730 Ad
3380 4677 3482 4733 hoc

192 4773 355 4844 dicis)
385 4790 597 4848 semper
623 4775 860 4838 videant,
891 4783 945 4831 et
964 4776 1271 4848 prospicere
1297 4775 1350 4831 in
1377 4774 1635 4847 Spiritum
1658 4793 1782 4837 sau-

192 4878 344 4922 ctum
378 4870 559 4939 (quem
601 4868 863 4927 minorem
892 4867 1108 4937 asseris)
1141 4869 1568 4938 concupiscant?

524 4999 684 5076 611
724 4995 1200 5056 FBAGMENTUM
1240 4996 1444 5058 XXVII.

193 5088 335 5157 Quid
363 5100 439 5146 est
467 5090 604 5172 loqui
639 5089 895 5172 Spiritum
924 5097 1158 5172 sanctum
1184 5106 1285 5171 non
1302 5105 1352 5172 _a
1375 5090 1665 5172 semetipso,
1693 5089 1782 5172 sed

265 5158 563 5243 (παρέμειάῆ
604 5177 637 5214 a
681 5158 846 5219 Patre
883 5171 934 5217 ct
977 5159 1160 5216 Filio:
1191 5159 1313 5232 quid
1344 5159 1579 5219 eumdem
1608 5158 1673 5213 ab
1701 5159 1781 5215 his

267 5241 422 5286 ηυντ.

265 5321 628 5394 Quapropter,
676 5323 722 5378 si
752 5324 855 5380 hoc
897 5323 1042 5395 quod
1091 5322 1278 5381 audire
1315 5321 1510 5381 dicitur
1551 5321 1784 5392 Spiritus

187 5422 414 5469 satietus
465 5423 611 5470 recte
650 5416 876 5485 cogites,
922 5430 986 5469 ex
1017 5414 1122 5469 hoc
1173 5429 1333 5475 unam
1381 5422 1626 5471 naturam
1663 5430 1785 5470 esse

186 5505 426 5576 Spiritus
451 5508 624 5564 sancti
675 5523 794 5563 cum
826 5506 984 5565 Patre
1012 5506 1253 5576 Filioque
1281 5522 1592 5577 cognosces.
1619 5509 1782 5566 Audit

188 5597 339 5654 enim
372 5598 602 5670 Spiritus
628 5607 848 5662 sanctus
874 5596 1088 5653 Patrem
1117 5597 1418 5668 Filiumque
1440 5599 1769 5667 loquentem,

185 5689 333 5744 sicut
357 5689 504 5747 videt
519 5688 683 5748 Filius
707 5687 922 5745 Patrem
943 5687 1228 5748 facientem
1250 5706 1262 5745 :
1282 5689 1431 5747 audit
1459 5689 1616 5749 unius
1636 5706 1777 5748 com-

186 5780 448 5836 munione
475 5789 712 5846 naturae;
762 5780 889 5836 inde
917 5781 1114 5851 quippe
1143 5780 1305 5836 habet
1333 5789 1592 5840 :cternam
1623 5783 1776 5838 audi:

188 5869 418 5937 tionem,
436 5871 577 5928 unde
606 5871 900 5926 naturalem
931 5871 1094 5926 habet
1113 5879 1328 5926 aeterna:
1351 5871 1643 5928 divinitatis
1670 5873 1780 5928 ori-

186 5961 402 6033 ginem:
428 5973 484 6023 et
511 5963 633 6021 ideo
654 5979 772 6039 qua:
797 5962 946 6022 audit
973 5970 1028 6020 et
1048 5963 1304 6038 loquitur,
1320 5964 1447 6040 quia
1474 5964 1526 6022 in
1548 5981 1613 6023 eo
1634 5965 1778 6040 quod

1894 4774 2080 4844 utique
2119 4772 2354 4845 pertinet
2393 4768 2538 4840 quod
2578 4768 2653 4823 ait
2686 4787 2698 4822 :
2754 4767 2853 4826 Ille
2889 4785 2970 4827 me
2999 4767 3329 4840 clariﬁcabit,
3361 4769 3482 4840 quia

1892 4863 1958 4922 de
2002 4879 2114 4918 nteo
2140 4862 2374 4936 accipiet,
2403 4859 2803 4914 etannuntiabit
2850 4857 2989 4916 vobis
3020 4857 3197 4928 (Joan.
3235 4875 3346 4930 xu,
3369 4857 3476 4925 14).

1891 4952 2139 5023 Nunquid
2169 4952 2314 5010 enim
2343 4951 2482 5008 sicut
2528 4952 2686 5022 (forte
2721 4950 2820 5020 sic)
2849 4950 3048 5006 dictum
3090 4957 3191 5012 est.
3243 4951 3479 5020 accipiet.

1892 5053 2148 5118 tanquam
2171 5043 2258 5098 illa
2288 5057 2408 5116 qua:
2447 5041 2702 5100 docturus
2730 5041 3004 5112 apostolos
3030 5040 3221 5108 fuerat,
3251 5041 3478 5099 necdum

1890 5137 2122 5208 Spiritus
2160 5143 2376 5192 sanctus
2417 5135 2759 5206 accepisset?
2786 5133 2940 5201 Quod
2990 5134 3172 5204 utique
3219 5135 3478 5218 quan‘sit

1887 5231 2176 5290 absurdum
2228 5239 2390 5301 atque
2440 5231 2661 5301 impium
2692 5229 2938 5304 superius
2969 5229 3357 5288 demonstravi.
3384 5229 3475 5283 Di-

1887 5332 2032 5382 ctum
2061 5331 2143 5381 est
2166 5324 2346 5393 itaque
2373 5325 2492 5398 quia
2522 5325 2585 5378 de
2613 5341 2721 5382 meo
2752 5324 2984 5399 accipiet,
3019 5331 3273 5396 tanquam
3323 5324 3366 5378 si
3394 5324 3476 5379 di-

1889 5423 2103 5472 ceretur
2128 5432 2141 5471 :
2171 5412 2305 5474 Cum
2335 5429 2434 5470 vos
2471 5414 2608 5469 sicut
2631 5413 2773 5473 Deus
2797 5413 2995 5468 docere
3025 5414 3268 5484 cmperit,
3295 5416 3474 5470 omnia

1887 5503 2131 5581 quze'vos
2151 5504 2384 5571 docebit,
2410 5504 2476 5560 de
2501 5519 2620 5560 meo
2648 5518 2708 5558 se
2738 5503 2937 5559 habere
2967 5507 3308 5562 monstrabit.
3335 5507 3473 5575 Quid

1888 5607 1970 5654 est
1999 5599 2142 5658 enim
2189 5598 2464 5672 proprium
2488 5597 2682 5651 docere
2711 5597 2824 5662 Dei,
2852 5597 2948 5653 nisi
2982 5609 3036 5654 et
3065 5599 3472 5671 intelligentiam

1879 5692 2082 5762 ignaris
2109 5692 2368 5754 tribucre,
2400 5698 2454 5746 et
2497 5689 2861 5748 fortitudinem
2892 5706 2956 5746 ac
2979 5690 3226 5748 fiduciam
3271 5692 3470 5747 timidis

1883 5783 2178 5853 inSpirare?
2199 5779 2342 5850 quod
2371 5780 2555 5848 utique
2580 5779 2668 5839 ille
2697 5779 2929 5850 Spiritus
2947 5798 3074 5838 vere
3104 5781 3249 5850 facit,
3271 5784 3361 5852 qui
3386 5792 3470 5842 est

1883 5873 2205 5926 naturaliter
2233 5871 2467 5940 Spiritus
2499 5871 2777 5940 sapientia:
2806 5880 2861 5926 ct
2904 5872 3467 5940 intellectus,.consilii

1883 5973 1937 6022 et
1965 5963 2306 6023 fortitudinis.
2342 5961 2490 6023 Unde
2532 5963 2694 6024 etiam
2736 5964 2789 6026 in
2822 5964 2957 6027 libro
2987 5963 3216 6029 Acutum
3243 5976 3467 6043 aposto-
