4046 6512
612 427 711 504 res

1632 404 1696 479 's.
1741 421 2104 507 FULGENTII
2135 419 2436 485 EPISCQPI
2468 422 2842 484 RUSPENSIS
3759 432 3829 488 ut

607 548 775 608 torum
805 538 871 595 de
917 537 1256 592 credentibus
1288 536 1489 591 dictum
1520 545 1599 590 est
1625 579 1639 601 ,
1689 536 1811 604 quia
1865 535 2042 604 repleti
2076 541 2192 587 sunt
2227 540 2270 593 Α
2304 532 2619 602 Unigeuitus
2641 538 2857 601 dicitur,
2884 538 3362 594 in-solonaturalis
3383 541 3647 608 generatio
3663 541 3828 599 demon-

607 647 792 697 umnes
821 628 1022 700 Spiritu
1052 641 1250 693 sancto,
1285 641 1332 682 et
1358 628 1695 699 laqnebantur
1725 628 1927 681 verbum
1962 626 2054 679 Dei
2087 643 2199 679 cum

607 704 800 794 ﬁducia
831 708 969 792 (Act.
1002 738 1073 783 tv,
1110 722 1220 792 51).
1252 720 1386 787 Quia
1437 736 1562 775 vero
1615 719 1882 775 Pater-est
1941 718 2203 773 naturalis

606 798 761 882 origo
790 812 908 868 Filii
939 820 991 866 et
1034 813 1265 887 Spiritus
1292 813 1483 875 sancti,
1511 812 1629 867 ideo
1662 820 1834 865 totum
1860 808 2203 864 PatriFilius

608 905 911 971 assignans,
933 904 1007 957 ait
1034 922 1046 955 :
1074 901 1262 956 Omnia
1282 919 1396 973 qua:
1418 903 1568 956 habet
1589 902 1747 955 Pater
1771 918 1887 955 mea
1910 912 2058 977 sunt;
2090 919 2204 971 pro-

616 1004 794 1063 pterea
807 994 918 1046 dixi
944 992 1064 1073 quia
1095 993 1157 1045 de
1178 1008 1287 1045 meo
1313 992 1524 1057 accipiet
1551 990 1730 1061 (Joan.
1756 1007 1863 1053 xvr,
1893 989 2000 1059 15).
2028 990 2198 1056 Quam

611 1085 752 1159 bene
783 1086 1064 1139 veritatem
1093 1083 1350 1138 doctrina:
1388 1098 1499 1137 sua:
1535 1084 1749 1139 Veritas
1780 1084 1895 1152 ipsa
1924 1085 2196 1139 servavit!

610 1175 665 1230 Si
718 1176 857 1229 enim
912 1174 1015 1229 boc
1060 1191 1165 1229 non
1197 1174 1438 1240 dixisset,
1470 1174 1621 1243 quasi
1653 1190 1807 1229 suum
1840 1190 1960 1229 esse
1992 1183 2200 1229 tantum

610 1265 866 1337 Spiritum
907 1264 1270 1330 ostendisset;
1300 1265 1395 1319 sed
1436 1266 1655 1329 dicens.
1708 1269 1882 1320 omnia
1912 1285 2024 1338 qua:
2051 1268 2201 1322 habet

609 1355 772 1409 Pater
801 1372 911 1409 utea
939 1365 1099 1418 sunt;
1125 1365 1397 1425 propterea
1427 1357 1537 1409 dixi
1567 1357 1686 1427 quia
1714 1356 1779 1410 de
1801 1374 1912 1411 meo
1942 1359 2197 1428 accipiet;

609 1449 782 1524 ipsum
811 1446 1071 1517 Spiritum
1096 1457 1364 1507 sanctum.
1402 1464 1563 1503 unum
1591 1464 1711 1503 esse
1741 1449 1977 1504 ostendit
2017 1458 2071 1503 et
2097 1447 2199 1503 Pa-

609 1540 705 1595 tris
733 1548 788 1594 et
815 1554 990 1594 suum.
1022 1538 1189 1606 Cuius
1216 1539 1578 1608 intelligentia:
1602 1550 1861 1594 tenorem
1903 1540 2025 1595 loco
2066 1555 2201 1610 quo-

609 1619 716 1702 que
771 1618 1053 1701 superiore
1107 1632 1358 1697 servavit,
1414 1631 1635 1687 dicens:
1692 1632 1998 1686 Paraclelus
2028 1640 2198 1685 autem

607 1722 838 1793 Spiritus
864 1730 1074 1777 sanctus
1103 1738 1250 1794 quem
1281 1723 1442 1775 mittet
1474 1723 1700 1776 l’aterin
1725 1724 1932 1776 nomine
1955 1739 2085 1787 meo,
2113 1723 2200 1776 ille

608 1830 695 1868 vos
724 1812 924 1867 docebit
953 1813 1125 1868 omnia
1147 1827 1457 1884 quwcunque
1478 1813 1659 1870 dixero
1707 1813 1848 1867 vobis
1874 1811 2052 1883 (Joan.
2086 1830 2197 1880 XIV,

2305 634 2513 680 stretur
2536 637 2763 689 ,ntamcn
2793 637 3014 698 propter
3040 629 3269 699 gratiam
3302 628 3607 698 adoptionis
3632 645 3715 687 nos
3736 649 3831 705 quo.

2304 729 2408 785 que
2439 717 2768 772 DeusPater
2808 720 3094 775 voluntarie
3124 720 3302 790 genuit
3318 718 3484 772 «verba
3509 721 3711 774 vet-imis
3730 722 3828 793 (lac.

2305 822 2339 872 ι,
2370 807 2478 877 l8).
2516 807 2830 878 Unigenitus
2857 810 3036 877 igitur,
3068 825 3205 864 unus
3226 819 3284 863 et
3328 808 3481 863 solus
3521 809 3683 865 estde
3706 809 3829 870 Patris

2304 900 2535 954 essentia
2568 899 2736 955 Filius
2766 884 2923 955 natus
2949 917 2960 952 :
2991 901 3086 955 sed
3135 908 3191 954 et
3219 915 3321 954 nos
3352 915 3451 969 per
3474 897 3831 970 adoptionemet

2304 986 2424 1042 Filii
2446 988 2543 1044 Dei
2565 990 2789 1045 dicimur
2809 998 2863 1045 et
2893 991 2960 1046 de
2986 991 3095 1045 Deo
3124 990 3445 1054 nati,beato
3468 988 3766 1059 Evangelia-ta
3783 994 3831 1046 di-

2303 1089 2489 1138 cente:
2517 1081 2775 1155 Quotquot
2800 1092 2971 1137 autem
3000 1091 3305 1150 receperunt
3324 1098 3467 1148 eum,
3494 1083 3625 1135 dedit
3643 1086 3708 1138 eis
3730 1094 3825 1152 pole-

2302 1182 2486 1227 statem
2508 1175 2646 1243 [ilius
2669 1174 2767 1229 Dei
2796 1175 2934 1246 ﬁeri,
2959 1174 3039 1228 hTs
3077 1176 3169 1245 qui
3204 1173 3428 1227 credunt
3456 1174 3511 1225 in
3540 1174 3721 1226 nomine
3739 1175 3831 1245 ejus.

2301 1268 2388 1338 qui
2439 1286 2542 1324 non
2586 1285 2650 1323 ex
2680 1267 3040 1341 sanguinibus,
3096 1284 3254 1338 neque
3295 1282 3363 1321 ea:
3414 1266 3658 1320 voluntate
3690 1274 3829 1332 carnis.

2301 1374 2463 1430 neque
2485 1376 2550 1415 ea:
2572 1366 2831 1415 voluntate
2860 1360 2978 1426 viri,
3009 1358 3098 1414 sed
3128 1376 3193 1412 ea:
3224 1356 3337 1412 Deo
3366 1359 3476 1410 nati
3508 1367 3620 1409 sunt
3649 1357 3830 1426 (leam,

2302 1455 2388 1518 l2,
2408 1454 2518 1523 l5).
2537 1454 2668 1509 Cum
2686 1467 2816 1522 ergo
2846 1467 2946 1507 nos
2969 1460 3025 1506 et
3048 1451 3140 1505 Dei
3166 1449 3328 1513 tilios,
3357 1459 3417 1503 ct
3437 1450 3506 1502 de
3532 1448 3634 1504 Deo
3659 1450 3829 1518 genitos,

2300 1552 2355 1599 et
2381 1544 2447 1599 de
2469 1543 2581 1599 Deo
2606 1551 2784 1608 natos,
2813 1541 3007 1597 divinis
3035 1541 3356 1596 ostentatur
3377 1539 3640 1608 eloquiis,
3670 1556 3831 1609 preces

2298 1634 2467 1690 sionis
2499 1645 2678 1688 tamen
2707 1634 2775 1699 de
2806 1632 2916 1687 Deo
2948 1631 3266 1686 vocabulum
3310 1644 3475 1686 nemo
3515 1637 3676 1699 potest
3716 1647 3824 1685 crea-

2299 1735 2433 1780 tura:
2462 1722 2935 1793 cuiquam‘docere
2955 1736 3297 1777 concessum.
3326 1721 3495 1792 διε
3515 1719 3646 1787 Quid
3672 1721 3745 1784 ita,
3762 1722 3830 1777 nisi

2300 1816 2426 1886 quia
2451 1814 2783 1885 unigenitum
2814 1812 3007 1868 Filium
3034 1820 3219 1883 posset
3240 1810 3509 1867 naturalis
3534 1811 3830 1867 nativitas-w

608 1900 721 1975 26).
757 1900 917 1958 Pater
954 1901 1135 1967 mittit,
1161 1900 1254 1957 sed
1286 1902 1337 1955 in
1356 1902 1580 1957 nomine
1594 1901 1717 1957 Filii
1743 1903 1941 1967 mittit;
1968 1902 2201 1973 Spiritus
2235 1909 2279 1968 Β
2305 1923 2422 1962 rum
2454 1907 2622 1961 Deum
2669 1906 2999 1971 ostendere;
3025 1919 3257 1974 eumque
3298 1919 3409 1958 non
3439 1902 3738 1972 adoptivum,
3760 1920 3831 1957 nec

610 1992 807 2049 missus
832 2007 860 2045 a
886 1990 1044 2047 Patre
1069 1991 1248 2054 docet,
1281 1991 1374 2046 sed
1402 1991 1572 2047 Filius
1595 1991 1741 2048 dicit.
1768 1990 1884 2048 Hoc
1913 1994 2085 2071 etiam
2107 1993 2198 2047 illo

609 2074 1008 2139 demonstratur
1034 2084 1152 2138 loco
1177 2083 1261 2137 ubi
1287 2083 1545 2138 Dominus
1570 2083 1731 2139 dicit:
1761 2083 1886 2138 Cum
1915 2094 2084 2138 autem
2117 2101 2199 2138 ve-

612 2178 742 2230 nerit
768 2175 1068 2229 Parueletns
1100 2188 1243 2247 qtm
1268 2192 1362 2246 ego
1389 2176 1591 2230 mittam
1620 2177 1671 2229 in
1704 2192 1789 2231 vos
1820 2193 1851 2229 a
1880 2175 2055 2241 Patre,
2078 2177 2200 2245 Spi-

613 2270 763 2323 ritum
793 2270 1039 2331 veritatis,
1073 2270 1157 2340 qui
1208 2286 1239 2321 a
1272 2266 1430 2321 I’utre
1465 2266 1696 2337 procedit
1754 2269 1931 2339 (Joan.
1969 2285 2055 2333 xv,
2085 2268 2197 2338 26).

612 2358 745 2415 Ecce
787 2359 876 2414 hic
927 2358 1261 2414 Paracletum
1284 2374 1444 2428 quem
1494 2360 1659 2414 mittit
1704 2358 1863 2415 Pater
1890 2360 1943 2414 in
1986 2360 2202 2415 nomine

613 2451 749 2515 Filii,
782 2453 955 2521 ipsum
981 2449 1145 2502 mittit
1166 2448 1331 2503 Filius
1360 2465 1389 2503 a
1425 2447 1581 2504 Patre
1610 2468 1621 2502 :
1649 2450 1813 2504 tuittit
1834 2458 2012 2505 autem
2035 2467 2064 2504 a
2095 2449 2199 2506 Pa—

613 2549 694 2594 tre
736 2538 994 2609 Spiritum
1021 2537 1263 2592 veritatis
1288 2555 1301 2589 :
1335 2538 1499 2591 mittit
1528 2526 1680 2605 ergo.
1699 2553 1728 2591 a
1756 2536 1914 2592 Patre
1944 2537 2201 2609 Spiritqu

614 2628 790 2694 Suum,
820 2631 945 2699 quia
977 2630 1090 2700 ipse
1133 2637 1216 2685 est
1237 2627 1470 2683 Veritas.
1495 2626 1655 2682 Mittit
1680 2643 1802 2682 eum
1845 2626 2007 2682 Pater
2031 2628 2082 2682 in
2107 2644 2204 2683 no-

616 2723 761 2777 mine
789 2720 927 2786 Filii,
946 2720 1072 2791 quia
1096 2736 1231 2774 unus
1247 2717 1477 2789 Spiritus
1502 2727 1585 2773 est
1605 2716 1779 2775 Patris
1793 2728 1849 2773 et
1866 2717 2014 2773 Filii:
2042 2719 2206 2773 mittit

613 2829 732 2879 eum
766 2811 928 2867 Filius
946 2827 974 2865 a
999 2810 1177 2876 Patre,
1200 2809 1326 2880 quia
1353 2809 1432 2864 sic
1456 2810 1700 2880 procedit
1721 2824 1751 2863 a
1767 2808 1901 2864 Filio
1916 2813 2055 2865 sicut
2088 2826 2205 2880 pro-

614 2898 756 2983 cedit
784 2921 813 2960 a
845 2904 1037 2969 Patre:
1074 2906 1216 2963 idem
1244 2924 1458 2978 quoque
1486 2907 1717 2979 Spiritus
1740 2905 1931 2973 Patris,
1965 2908 2056 2979 qui
2085 2907 2199 2978 Spi~

614 3000 748 3061 ritus
786 3008 870 3055 est
899 3000 1170 3056 Veritatis.
1205 3000 1280 3056 De
1306 2999 1442 3054 Filio
1473 3000 1566 3070 (al.
1599 3000 1674 3055 De
1703 2998 1846 3070 Filii)
1893 3012 2023 3068 ergo
2053 3014 2206 3053 acce-

590 3122 592 3125 -
615 3092 713 3162 pit,
735 3101 787 3148 et
816 3093 994 3147 omnia
1015 3108 1135 3164 qua:
1156 3092 1320 3149 habet
1341 3091 1500 3147 Pater
1521 3091 1639 3146 Filii
1666 3098 1812 3159 sunt,
1836 3105 1955 3161 quae
1976 3087 2208 3158 Spiritus

615 3173 1070 3254 sanctusaccepit
1094 3202 1108 3250 ;
1138 3185 1264 3254 quia
1287 3200 1397 3239 non
1429 3182 1496 3237 de
1516 3182 1634 3237 solo
1654 3180 1838 3247 Patre,
1868 3197 1967 3236 nec
1994 3180 2061 3236 de
2090 3180 2207 3237 solo

2302 1996 2527 2052 ὤκει-τω
2555 2004 2780 2062 natum,
2810 1995 2902 2051 sed
2926 1995 3450 2051 consubstantialem
3478 1992 3616 2048 Patri
3642 1995 3737 2049 sine
3759 1994 3827 2048 du-

2304 2080 2571 2144 bitatione
2601 2089 2940 2143 monstrare?
2971 2084 3278 2149 Procedere
3307 2094 3490 2141 autem
3519 2085 3584 2139 de
3625 2083 3718 2138 Deo
3748 2084 3830 2140 ideo

2306 2179 2452 2234 nulla
2482 2186 2732 2234 creatura
2772 2177 2988 2243 dicitur,
3018 2184 3077 2231 ut
3102 2176 3193 2232 ille
3233 2176 3329 2247 qui
3380 2175 3621 2246 proceJit
3640 2173 3698 2228 de
3722 2172 3831 2227 Patre

2305 2281 2361 2328 et
2376 2271 2518 2329 Filio
2544 2272 2623 2328 sic
2652 2286 2773 2327 esse
2793 2270 3047 2326 credatur
3075 2270 3238 2336 Deus,
3264 2269 3408 2325 sicut
3437 2277 3521 2323 est
3548 2266 3750 2322 Pateret
3769 2265 3827 2319 Fi-

2305 2361 2427 2417 lius.
2451 2360 2633 2417 Solius
2654 2369 2737 2417 est
2764 2360 2907 2416 enim
2935 2359 3167 2431 Spiritus
3194 2360 3374 2415 sancti
3403 2358 3472 2413 de
3500 2356 3648 2412 Patre
3672 2365 3715 2410 et
3737 2354 3829 2409 Filio

2307 2455 2610 2526 proprietas
2650 2454 2749 2510 ista
2770 2453 3156 2524 processionis,
3199 2452 3359 2522 cujus
3402 2460 3487 2507 est
3522 2467 3634 2507 cum
3660 2448 3782 2503 Patre
3797 2457 3832 2503 et

2306 2545 2444 2601 Filio
2491 2553 2685 2618 natura
2731 2546 3055 2601 communis.
3113 2544 3189 2600 De
3230 2543 3407 2599 Patre
3445 2544 3635 2613 quippe
3668 2557 3718 2596 ac
3741 2539 3833 2592 Filio

2308 2637 2575 2709 procedit,
2619 2636 2713 2694 sed
2744 2652 2850 2692 non
2900 2635 3141 2692 recedit:
3177 2652 3276 2692 nec
3312 2645 3405 2692 est
3455 2636 3507 2689 in
3534 2635 3694 2703 aliquo
3710 2632 3831 2685 ntinor

2308 2736 2401 2784 aut
2421 2728 2687 2795 subditus,
2720 2729 2812 2798 qui
2858 2728 2926 2783 de
2953 2729 3215 2782 immenso
3245 2725 3414 2781 Patre
3452 2742 3515 2781 ac
3542 2724 3605 2779 de
3638 2725 3832 2777 immenso

2307 2819 2445 2876 Filio
2496 2821 2932 2891 inseparabiliter
2959 2828 3014 2876 et
3057 2835 3193 2875 unus
3215 2820 3475 2890 procedit
3515 2826 3567 2872 et
3616 2811 3830 2871 totus.8ic

2309 2912 2471 2983 igitur
2499 2915 2547 2969 ei
2580 2929 2685 2969 non
2716 2922 2894 2984 potest
2923 2914 3174 2984 imperari
3203 2914 3354 2985 quod
3411 2912 3654 2982 loquitur,
3676 2910 3780 2963 sicut
3799 2907 3832 2963 ei

2310 3019 2417 3059 non
2440 3012 2621 3075 potest
2643 3005 2894 3077 imperari
2916 3006 3061 3077 quod
3081 3006 3406 3061 mirabiliter
3426 3012 3677 3076 Operatur.
3694 3000 3830 3055 Omnis

2309 3096 2452 3152 enim
2481 3106 2728 3168 operatur
2756 3115 2887 3152 unus
2912 3108 3065 3167 atque
3086 3097 3223 3153 idem
3254 3095 3509 3168 Spiritus,
3532 3093 3731 3148 dividens
3750 3091 3828 3142 sitt-

2310 3189 2444 3261 gulis
2471 3202 2626 3261 prout
2652 3191 2757 3247 uult
2783 3188 2836 3261 (Ι
2861 3189 2982 3244 Cor.
3014 3206 3107 3252 xu,
3140 3188 3251 3260 Il).
3279 3189 3399 3243 Non
3429 3188 3601 3255 itaque
3628 3179 3828 3250 facitSpi.

609 3270 774 3340 Filio,
798 3270 892 3327 sed
917 3272 1075 3327 simul
1105 3273 1171 3328 de
1214 3281 1443 3341 utroque
1466 3270 1728 3342 procedit.
1759 3269 1875 3326 Hoc
1904 3277 2081 3325 autem
2114 3287 2206 3325 vo-
2233 3287 2278 3348 ρ
2310 3279 2447 3336 ritus
2472 3290 2692 3337 sanctus
2719 3280 2922 3351 aliquid
2964 3280 3186 3335 alterius
3228 3278 3514 3351 potestatis
3539 3267 3831 3345 imperio,setl

588 3400 589 3403 η
615 3364 865 3421 cabulutn
906 3365 1268 3436 processiunis
1305 3364 1372 3419 de
1398 3362 1576 3428 Patre,
1607 3363 1735 3418 nulli
1760 3371 2023 3420 creatura:
2052 3363 2200 3419 inve-

590 3457 764 3523 ,nitur
789 3456 1084 3522 indultum;
1118 3465 1177 3510 ut
1205 3456 1506 3527 proprietas
1527 3454 1626 3509 ista
1648 3454 2012 3525 processionis
2037 3455 2206 3511 solius

618 3561 736 3599 esse
757 3545 1157 3602 demonstretur
1176 3546 1422 3603 essentia:
1473 3545 1754 3622 naturalis.
1781 3545 2032 3614 Legimus
2060 3548 2203 3601 enim

590 3634 809 3691 7.Filium
852 3637 917 3692 de
979 3637 1135 3693 I‘atre
1181 3637 1440 3707 genitum,
1492 3646 1546 3690 et
1599 3619 1848 3705 quamvis
1876 3636 1928 3691 in
1969 3640 2037 3693 eo
2062 3619 2228 3706 quod

2311 3374 2492 3429 omnia
2515 3389 2626 3429 sua:
2647 3382 2902 3444 operatur
2914 3373 3138 3429 arbitrio
3152 3373 3471 3428 voluntatis.
3487 3367 3597 3425 Una
3617 3372 3687 3422 est
3701 3371 3827 3459 autem

2312 3473 2513 3521 sancta:
2540 3465 2818 3520 Trinitatis
2871 3464 3147 3529 voluntas,
3201 3478 3418 3533 unaque
3466 3466 3700 3530 potestas,
3723 3464 3829 3519 cuius

2317 3572 2423 3610 una
2454 3564 2534 3611 est
2563 3556 2882 3611 naturaliter
2906 3556 3175 3611 divinitas.

2469 3763 3816 3795 ___________________________._—

1232 3869 1326 3917 ιχ
1366 3867 1783 3917 ιιωιιοένιιι.
1826 3868 1924 3915 ΒΕ
1961 3867 2203 3916 ωεειο

2304 3876 2307 3912 ‘.
2346 3868 2521 3916 Flbll
2561 3818 2651 3915 ὲτ
2690 3867 3014 3917 IPIBI‘IUI
3055 3865 3340 3915 μεσπι.

1038 3994 1511 4052 FRAGMENTUM
1543 3992 1773 4049 XXVIII.

601 4087 787 4141 'l’nam
818 4087 967 4139 habet
997 4080 1226 4141 Trinitas
1246 4095 1296 4139 et
1320 4086 1627 4141 locutionem
1651 4094 1700 4140 et
1726 4084 2057 4138 voluntatem.
2086 4083 2209 4139 Non

688 4159 908 4211 mittitur
948 4155 1173 4227 Spiritus
1204 4166 1433 4227 sanctus:
1454 4159 1588 4211 sicut
1624 4155 1796 4225 angeli
1822 4171 1840 4208 :
1875 4172 2006 4209 unus
2034 4164 2130 4217 est,
2161 4166 2211 4209 et

682 4225 997 4281 immensus.
1034 4225 1202 4281 Datur
1244 4226 1499 4296 baptisma
1536 4228 1693 4281 etiam
1731 4227 1786 4279 in
1824 4226 1937 4296 ejus
1981 4229 2206 4281 nomine.

687 4295 825 4368 Non
858 4296 1049 4368 recedit
1076 4297 1139 4368 ab
1170 4296 1235 4351 iis
1272 4295 1356 4368 qui
1398 4313 1515 4368 eum
1555 4297 1821 4365 postulant
1850 4295 1920 4349 ad
1958 4312 2012 4349 se
2050 4297 2206 4368 mitti.

687 4364 826 4431 Quid
848 4367 972 4433 petit
1004 4365 1237 4420 Ecclesia
1264 4364 1378 4419 cum
1410 4364 1665 4436 Spiritum
1694 4374 1925 4420 sanctum
1953 4367 2098 4437 petit.

690 4456 796 4511 Nec
825 4455 944 4510 ideo
974 4454 1207 4525 Spiritus
1237 4454 1482 4525 proditor
1520 4464 1604 4510 est
1632 4454 1827 4510 secreti
1857 4453 2053 4523 divini,
2085 4455 2210 4526 quia

619 4566 737 4619 qua:
766 4548 910 4613 dicit,
947 4548 1163 4618 propria
1197 4547 1473 4601 voluntate
1509 4547 1657 4603 dicit.
1715 4544 1826 4600 Una
1852 4547 1995 4601 enim
2024 4556 2210 4602 sancta

2317 4003 2448 4050 tura:
2497 4011 2844 4066 congruere:
2879 4004 2938 4051 ut
2984 4010 3050 4050 ex
3105 3995 3188 4051 his
3234 3996 3483 4067 omnibus
3530 4000 3660 4046 recta
3686 3984 3757 4039 tibi
3783 3981 3828 4035 de

2314 4076 2572 4141 missione
2596 4084 2830 4157 Spiritus
2871 4086 3041 4141 sancti
3091 4094 3279 4157 posset
3326 4081 3659 4152 intelligentia
3691 4072 3828 4129 satira-

2313 4178 2446 4246 gari.
2478 4178 2665 4252 Itaque
2695 4195 2801 4234 non
2835 4187 2887 4233 te
2916 4178 3080 4234 credo
3111 4177 3448 4249 aliquatenus
3475 4175 3710 4235 dubitare,
3727 4162 3827 4237 quod

2313 4272 2456 4328 sicut
2484 4290 2624 4329 unus
2652 4273 2844 4340 Pater,
2878 4280 2933 4328 et
2969 4288 3105 4327 unus
3129 4271 3327 4337 Filius,
3372 4272 3450 4327 sic
3480 4278 3533 4324 et
3568 4280 3687 4321 unus
3714 4254 3828 4330 6ῐό

2314 4364 2546 4436 Spiritus
2575 4374 2797 4421 sanctus
2825 4364 3018 4419 divinis
3042 4363 3242 4435 ubique
3286 4364 3598 4439 praedicetur
3630 4349 3825 4420 eloquﬁs:

2314 4459 2529 4514 dicente
2579 4459 2738 4513 beato
2783 4457 3042 4527 Apostolo
3078 4475 3089 4509 :
3136 4454 3426 4510 Divisiones
3466 4469 3576 4507 vero
3610 4445 3827 4520 gratim"

2314 4556 2467 4613 sunt,
2501 4547 2637 4600 idem
2670 4556 2836 4601 autem
2878 4546 3108 4611 Spiritus
3135 4563 3151 4598 :
3179 4528 3227 4598 et
3256 4546 3527 4599 divisiones
3563 4528 3827 4593 ministratio-

583 4647 586 4651 ’
615 4640 848 4694 Trinitas
877 4654 1036 4693 unam
1069 4654 1285 4709 semper
1311 4639 1477 4695 habet
1502 4638 1850 4702 locutionem,
1880 4639 2022 4696 sicut
2049 4655 2206 4693 unam
2240 4622 2289 4679 Ῑ)
2314 4655 2435 4692 num
2486 4650 2602 4693 sunt
2622 4680 2635 4702 ,
2671 4638 2808 4692 idem
2849 4649 3017 4692 autem
3060 4635 3313 4691 Dominus
3346 4654 3362 4689 :
3393 4644 3440 4690 et
3467 4630 3707 4687 divisiones
3739 4633 3823 4689 opt—

577 4740 585 4757 ’
613 4731 775 4786 habet
805 4746 897 4800 per
925 4730 1104 4785 omnia
1134 4729 1465 4785 voluntatem
1504 4747 1517 4783 :
1550 4739 1604 4784 et
1634 4730 1685 4784 in
1716 4746 1783 4785 eo
1811 4729 1957 4800 quod
1984 4746 2013 4784 a
2044 4730 2204 4784 Patre

577 4863 581 4867 .
610 4838 673 4875 ac
702 4820 837 4875 Filio
867 4819 1008 4889 quod
1038 4821 1277 4890 loquitur
1302 4821 1450 4876 audit
1478 4819 1708 4890 Spiritus
1737 4828 1958 4877 sanctus
1983 4862 1997 4886 ,
2040 4822 2206 4877 solius

610 4920 693 4965 est
736 4911 958 4978 originis
983 4916 1001 4975 ,‘
1028 4927 1136 4965 non
1166 4912 1450 4981 cujuslibet
1504 4912 1879 4982 inaequalitatis
1930 4911 2202 4968 indicium.

611 5003 732 5070 Quo
761 5003 944 5073 utique
982 5018 1090 5057 non
1133 5003 1436 5059 ostenditur
1463 5004 1548 5059 cui
1577 5005 1915 5075 obtemperet
1941 5005 2204 5072 subditus,

608 5095 702 5148 sed
731 5094 871 5148 unde
898 5093 1157 5164 procedat
1185 5095 1451 5151 excelsus.
1483 5093 1793 5152 Missionem
1822 5112 1951 5152 vero
1974 5095 2207 5167 Spiritus

609 5186 786 5242 sancti
818 5185 1123 5242 nullatenus
1156 5187 1385 5242 similem
1413 5188 1755 5244 missionibus
1781 5189 2075 5245 aestimares
2112 5205 2208 5243 an-

608 5279 816 5347 gelicis,
846 5279 891 5334 si
921 5279 1109 5333 humili
1140 5279 1305 5334 corde
1334 5279 1432 5333 ista
1463 5295 1754 5349 quaereres,
1784 5288 1839 5336 et
1878 5296 1983 5335 non
2014 5296 2204 5351 super-

584 5370 708 5425 *‘btts
736 5371 788 5424 in
818 5371 1197 5426 contumeliam
1245 5372 1415 5427 sancti
1464 5370 1697 5441 Spiritus
1746 5372 2040 5441 prosilires.
2094 5371 2204 5428 [Ioc

609 5461 752 5514 enim
778 5460 999 5530 cupiens
1023 5477 1265 5532 quturere
1289 5501 1304 5525 ,
1356 5461 1585 5517 debuisti
1633 5461 1887 5531 quidnam
1927 5463 2201 5532 Scriptura

610 5555 790 5609 divina
820 5553 887 5609 de
916 5563 1102 5625 sancto
1131 5552 1332 5623 Spiritu
1356 5554 1574 5619 dixerit,
1600 5554 1866 5625 vestigare
1895 5572 1907 5607 :
1941 5563 1995 5609 et
2028 5555 2201 5625 primo

586 5656 789 5700 rutrum
836 5644 1037 5699 multos
1089 5654 1351 5699 assereret
1377 5686 1390 5708 ,
1440 5660 1507 5699 an
1556 5660 1720 5698 unum
1755 5661 1767 5696 :
1801 5642 1995 5699 deinde
2024 5652 2203 5698 utrum
2240 5640 2241 5645 “

588 5737 838 5794 τιοεειιεῐη
869 5736 1088 5803 dixerit,
1120 5736 1535 5793 an'immensum
1573 5754 1583 5788 :
1619 5743 1922 5805 postremo,
1956 5735 2203 5791 conside-

592 5848 736 5886 wrans
766 5844 935 5899 opera
965 5831 1108 5899 ejus,
1140 5842 1474 5898 cognoscere
1512 5827 1743 5883 debuisti
1788 5836 1963 5882 utrum
1994 5827 2093 5882 soli
2114 5826 2204 5881 di-

598 5921 1196 5991 vinitati-competant,
1230 5935 1296 5975 an
1339 5904 1499 5975 etiam
1533 5917 1739 5988 possint
1770 5918 2015 6006 cuiquam
2047 5932 2202 5973 crea-

2308 4731 2567 4786 rationum
2598 4741 2736 4795 sunt,
2760 4731 2893 4785 idem
2922 4748 3037 4785 vero
3068 4729 3225 4795 Deus,
3257 4729 3342 4799 qui
3372 4734 3603 4800 operatur
3627 4714 3765 4773 omnia
3785 4712 3822 4763 itt

2308 4820 2541 4876 omnibus
2569 4821 2622 4893 (Ι
2649 4821 2769 4877 Cor.
2806 4838 2895 4887 xu,
2929 4821 2982 4887 4,
3016 4820 3068 4887 5,
3101 4820 3175 4891 6).
3222 4818 3285 4873 Et
3315 4819 3473 4890 paulo
3500 4820 3611 4887 post
3637 4812 3694 4881 (υ.
3723 4801 3819 4870 “li

2316 4913 2365 4967 Η
2371 4930 2445 4968 ωε
2472 4925 2641 4969 autem
2670 4915 2843 4969 omnia
2886 4923 3127 4985 operatur
3157 4929 3286 4968 unus
3314 4922 3462 4984 atque
3489 4908 3611 4964 idem
3638 4896 3819 4990 ερίτξξιξν

2312 5005 2543 5060 dividens
2565 5006 2785 5078 singulis
2812 5014 2963 5075 prout
2991 5006 3113 5059 vult.
3158 5004 3234 5060 Ne
3261 5019 3393 5059 vero
3414 5003 3497 5057 hic
3523 4992 3703 5063 singula
3724 4985 3821 5078 diti'

2311 5094 2529 5152 dentem
2573 5076 2832 5166 Spiritum
2873 5105 3120 5152 sanctum
3166 5095 3412 5166 accipere
3449 5089 3601 5152 nolis,
3629 5090 3675 5138 et
3704 5076 3817 5166 aliuttt

2310 5187 2405 5243 tibi
2454 5159 2711 5258 Spiritum
2759 5188 3086 5259 suspiceris,
3138 5159 3432 5257 audi-quid
3473 5184 3523 5237 in
3560 5159 3819 5263 Ερίειο¹³ῗ⁶

2310 5276 2564 5334 Iiebrtnos
2589 5278 2799 5334 dicatur
2824 5296 2837 5332 :
2861 5276 3194 5333 Contestante
3217 5275 3326 5331 Deo
3352 5274 3510 5346 signis
3534 5277 3579 5325 el
3608 5262 3814 5346 Formm

2307 5378 2355 5423 et
2384 5371 2540 5424 variis
2570 5369 2860 5433 virtutibus,
2894 5378 2943 5422 et
2974 5367 3205 5441 Spiritus
3233 5345 3412 5422 sancti
3436 5345 3813 5420 distributionibttt.

2306 5463 2583 5516 secundum
2621 5479 2768 5517 suum
2810 5462 3119 5516 voluntatem
3169 5459 3361 5533 (Hebr.
3390 5476 3445 5526 tt,
3470 5455 3542 5527 4).
3591 5446 3689 5505 ΑΙῘο
3719 5448 3813 5507 quo‘

2306 5567 2411 5621 line
2441 5551 2563 5609 loco
2601 5552 2741 5608 idem
2775 5552 2973 5608 beatus
3008 5549 3303 5622 Apostolus
3330 5551 3405 5607 ait
3436 5568 3448 5603 :
3486 5544 3635 5602 Unum
3661 5542 3808 5625 carpat.

2305 5653 2354 5696 εί
2377 5659 2511 5697 απυδ
2537 5641 2789 5715 Spiritus.
2817 5644 2951 5698 sicut
2972 5644 3138 5699 vocati
3158 5644 3282 5698 estis
3304 5644 3355 5697 in
3386 5659 3484 5696 una
3501 5651 3583 5708 spe
3598 5623 3809 5715 vocaliora:

2307 5744 2488 5788 υεεινω
2518 5732 2733 5805 (Ephes.
2769 5750 2838 5801 tv,
2872 5718 2950 5805 ι).
2999 5732 3101 5789 Ubi
3131 5734 3221 5789 uni
3251 5733 3494 5811 Spiritui,
3523 5735 3661 5782 unum
3684 5716 3807 5768 contr

2310 5839 2416 5880 nuo
2444 5814 2655 5879 Patrem
2674 5867 2686 5891 _,
2722 5841 2885 5879 unum
2917 5824 3191 5895 copulavit
3217 5833 3271 5879 et
3301 5823 3511 5888 Filium,
3540 5811 3803 5883 εάῑειηεεηετ

2315 5915 2460 5973 Unus
2512 5914 2802 5991 Dominus,
2832 5914 3111 5974 'Cltr’is’tum
3161 5916 3364 5989 scilicet
3408 5906 3693 5988 signiﬁcans,
3729 5900 3802 5943 tm“
