4046 6504
195 527 312 580 78ἳ

1274 523 1546 579 CONTI‘H
1589 522 1936 594 FABIANUM
1981 522 2439 582 FRAGSIENTA:

199 631 340 708 fides
363 679 376 703 ,
420 653 576 690 unum
605 637 860 706 baptisma
888 678 901 702 ,
944 653 1072 689 unus
1121 635 1254 690 Deus
1279 647 1326 690 et
1362 636 1518 691 Pater
1547 638 1794 701 omnium,
1825 636 2078 698 A'P'atris
2104 682 2116 705 ,
2150 648 2202 693 et
2233 638 2349 692 Filii
2379 679 2391 699 .
2435 639 2503 691 ita
2549 640 2886 709 baptizantur
2923 641 3168 695 homines
3194 643 3244 694 in
3279 644 3491 697 nomine

201 729 294 800 qni
331 745 477 798 super
501 744 714 795 omnes,
757 736 805 780 et
844 745 936 796 per
969 729 1174 792 omnia,
1204 738 1254 782 et
1294 731 1345 781 in
1377 730 1614 784 omnibus
1652 729 1800 784 nobis

203 817 432 887 (Enim.
471 833 542 880 tv,
586 815 634 883 5,
652 815 728 883 6).
749 817 866 873 Alio
901 833 1114 887 quoque
1137 819 1256 874 loco
1282 819 1609 876 aitzﬁtenim
1629 823 1799 875 inuno

206 906 415 978 Spiritu
444 925 620 970 omnes
668 925 760 963 nos
799 909 854 962 in
902 897 1061 962 unum
1096 927 1280 979 corpus
1319 911 1566 978 baptizati
1602 928 1798 979 sumus,

203 1001 318 1054 sire
334 999 529 1065 Judari,
555 1000 658 1053 sire
677 1000 910 1070 gentiles,-
936 1001 1039 1054 siue
1055 1001 1208 1068 servi,
1234 1001 1337 1054 sire
1359 1001 1526 1067 liberi,
1550 1011 1596 1054 et
1626 1018 1800 1056 omnes

205 1105 317 1145 uno
362 1089 561 1160 Spiritu
614 1091 781 1159 potati
825 1091 1250 1157 sumus—(I’Cor.
1289 1109 1378 1153 xu,
1416 1091 1521 1162 l5).
1575 1092 1703 1145 Nam
1747 1102 1802 1146 et

205 1179 464 1235 Salvator
492 1189 675 1235 noster
703 1196 865 1234 unum
909 1196 1030 1236 esse
1059 1180 1315 1251 Spiritum
1346 1192 1586 1237 sanctum
1619 1191 1801 1236 osten-

207 1270 315 1337 dit,
347 1269 530 1325 dicens
559 1289 571 1324 :
607 1269 705 1336 Ite,
737 1271 912 1326 docete
935 1289 1110 1326 omnes
1140 1283 1332 1344 gentes,
1365 1273 1684 1343 baptizontes
1714 1291 1800 1328 eos

207 1365 268 1415 in
299 1363 505 1416 nomine
551 1361 729 1416 Patris
773 1373 824 1417 et
869 1362 996 1417 Filii
1031 1372 1082 1418 et
1113 1364 1339 1434 Spiritus
1378 1365 1543 1418 sancti
1584 1363 1797 1432 (Matth.

211 1471 404 1520 xxvnt,
438 1455 547 1519 l9).
594 1454 1012 1511 lmmensitatem
1055 1471 1186 1511 vero
1228 1456 1384 1524 hujus
1413 1455 1644 1524 Spiritus
1674 1469 1801 1524 pro-

211 1547 378 1615 pheta
410 1560 725 1614 agnoscens,
750 1556 806 1601 et
835 1563 957 1601 eum
985 1563 1084 1616 per
1111 1547 1804 1601 omnia'totum'essesem-

211 1655 316 1710 per
339 1639 679 1710 intelligens,
714 1640 824 1694 Deo
853 1638 995 1693 Patri
1025 1639 1152 1694 dicit
1199 1657 1211 1692 :
1254 1637 1366 1702 Quo
1406 1639 1487 1692 ibo
1529 1657 1559 1691 α
1604 1638 1802 1708 Spiritu

215 1740 325 1794 tuo,
349 1739 398 1783 et
426 1746 458 1782 a
487 1731 620 1801 [acie
643 1739 730 1782 ttta
756 1747 852 1798 quo
876 1729 1110 1800 fugiam?
1137 1728 1198 1783 Si
1221 1729 1500 1782 ostendero
1523 1730 1574 1780 in
1603 1730 1802 1791 coelum,

215 1830 269 1870 tu
292 1819 400 1872 illic
419 1835 472 1872 es
496 1837 512 1882 ;
553 1828 600 1873 et
627 1819 677 1873 si
701 1819 1009 1873 descendere
1037 1820 1089 1872 in
1121 1820 1401 1890 infernum,
1448 1820 1572 1872 ades
1623 1819 1796 1887 (l’sol.

214 1915 475 1975 cxxitvtn,
507 1909 582 1980 7).
638 1909 738 1964 Ubi
767 1911 951 1980 utique
1001 1911 1164 1964 Deum
1207 1909 1526 1978 signiﬁcath
1559 1926 1678 1964 cum
1706 1925 1804 1964 suo

1900 728 2129 799 Spiritus
2157 732 2349 786 sancti.
2383 729 2447 784 Et
2471 731 2924 800 ne-quisl‘orsitan
2949 733 3258 796 arbitretur,
3294 751 3489 790 nomen

1899 818 2132 890 Spiritus
2157 822 2335 877 sancti
2360 823 2556 891 ubique
2576 824 2790 892 quidem
2816 821 2868 878 in
2899 825 3166 895 baptismo
3199 827 3488 890 nominari,

1902 928 2021 968 non'
2039 923 2218 968 tamen
2253 913 2368 983 ejus
2398 915 2594 984 ubique
2641 932 2856 986 semper
2900 917 3088 972 adesse
3128 919 3488 986 pratsentiam,

1903 1000 2144 1058 ﬁdelibus
2174 1003 2463 1073 Apostolus
2491 1006 2620 1060 dicit
2653 1025 2665 1058 2
2701 1004 2878 1061 Nolite
2904 1010 3210 1061 contristare
3239 1009 3492 1078 Spiritum

1902 1106 2137 1148 sanctum
2169 1093 2286 1157 Dei,
2313 1097 2364 1148 in
2389 1112 2485 1166 quo
2523 1097 2712 1167 signati
2745 1099 2864 1151 estz's
2886 1100 2938 1151 in
2974 1099 3108 1151 diem
3129 1100 3492 1166 redemptionis

1904 1183 2120 1254 (Ephes.
2153 1201 2222 1246 tv,
2255 1183 2380 1252 50);
2430 1193 2485 1238 et
2514 1186 2620 1240 alio
2650 1185 2771 1240 loco
2810 1205 2822 1239 τ
2861 1187 3168 1253 Qui'uutem
3220 1187 3494 1255 conﬁrmat

1902 1274 2277 1328 nosvobiscum
2306 1275 2359 1327 in
2393 1273 2672 1338 Christum,
2705 1285 2752 1328 et
2781 1277 2865 1343 qui
2903 1277 3051 1329 una‘it
3095 1293 3187 1330 nos
3236 1275 3371 1329 Dens
3398 1318 3411 1338 ,
3445 1287 3492 1327 et

1903 1365 2236 1435 qui-signavit
2264 1380 2358 1416 nos
2381 1404 2395 1425 ,
2428 1374 2474 1416 et
2505 1364 2645 1417 dedit
2682 1367 2868 1435 pignus
2898 1365 3125 1435 Spiritus
3168 1367 3221 1419 in
3255 1366 3492 1419 cordibus

1906 1454 2099 1507 nostris
2129 1452 2216 1516 (Il
2253 1452 2373 1507 Cor.
2407 1470 2453 1517 ι,
2483 1454 2593 1521 21).
2641 1453 2708 1507 Et
2737 1455 2929 1508 iterum
2965 1472 2976 1506 :
3016 1453 3115 1518 Qui
3145 1463 3316 1508 autem
3345 1456 3492 1524 emt-it

1905 1560 1999 1598 nos
2025 1545 2079 1597 in
2109 1544 2204 1598 ho'o
2231 1546 2398 1614 ipsum
2427 1543 2567 1597 Deus
2593 1583 2606 1607 ,
2649 1545 2736 1616 qui
2761 1544 2901 1597 dedit
2931 1562 3024 1598 nos
3054 1545 3239 1615 pignus
3266 1545 3494 1614 Spiritus

1907 1634 1997 1702 (ll
2022 1634 2146 1690 Cor.
2175 1653 2224 1702 v,
2257 1635 2333 1705 5).
2388 1637 2506 1690 Alio
2545 1651 2761 1706 quoque
2806 1621 2924 1691 loco
2955 1639 3026 1691 ait
3063 1656 3074 1688 :
3104 1636 3166 1691 In
3193 1655 3291 1708 quo
3310 1647 3356 1690 et
3384 1655 3494 1691 cre-

1881 1729 2082 1783 «dentes
2108 1730 2300 1800 signati
2327 1730 2448 1782 estis
2479 1728 2678 1799 Spiritu
2705 1731 3063 1798 promissionis
3092 1741 3286 1794 sancto,
3313 1732 3493 1800 quiest

1907 1819 2089 1890 pignus
2112 1819 2430 1874 hcereditatis
2460 1829 2652 1873 nostra!
2690 1817 2907 1890 (Ephes.
2937 1835 2974 1887 I,
3017 1819 3096 1881 l3,
3131 1819 3238 1886 H).
3289 1820 3494 1885 Quibus

1908 1909 2086 1963 verbis
2124 1925 2228 1963 non
2261 1909 2432 1965 solum
2461 1909 2775 1964 naturaliter
2814 1911 3131 1964 immensum
3153 1953 3165 1975 ,
3208 1911 3302 1965 sed
3329 1910 3492 1964 etiam

223 1995 430 2066 Spiritu
465 1998 662 2066 ubique
699 2014 916 2068 semper
942 2013 1064 2053 esse
1084 2041 1098 2063 ,
1130 2013 1158 2052 a
1184 2015 1291 2069 quo
1339 2015 1396 2053 se
1441 1999 1623 2068 fugere
1670 1998 1803 2052 dixit
1835 2013 2100 2078 Brverum
2117 1999 2283 2053 Deum
2305 1999 2808 2070 ostenditSpiritum
2836 2009 3099 2064 sanctum,
3121 2015 3278 2070 quem
3304 2000 3494 2069 pignus

215 2090 441 2143 omnino
472 2105 578 2144 non
607 2105 785 2159 posse;
830 2089 935 2144 Hic'
954 2099 1010 2144 tu
1041 2090 1261 2145 l‘orsitan
1289 2091 1514 2145 alterum
1545 2089 1801 2160 Spiritum

218 2179 314 2234 Dei
343 2221 356 2245 ,
389 2188 445 2236 et
471 2180 698 2256 alterunt
747 2180 1002 2250 Spiritum
1048 2189 1288 2235 sanctum
1328 2196 1446 2236 esse
1474 2180 1755 2236 contendis
1786 2197 1798 2232 :

216 2270 308 2325 ubi
340 2271 532 2324 divinis
565 2285 784 2324 necesse
811 2279 898 2325 est
925 2271 1182 2326 continuo
1236 2270 1504 2340 supercris
1551 2270 1800 2338 eloquiis.

216 2359 396 2433 Ipsum
433 2362 575 2416 enim
608 2378 725 2416 esse
752 2362 1009 2432 Spiritum
1040 2372 1283 2427 sanctum
1304 2404 1317 2427 ,
1349 2363 1440 2432 qui
1468 2371 1547 2417 est
1575 2362 1805 2433 Spiritus

219 2453 378 2518 Deus,
411 2453 599 2507 beatus
636 2453 900 2522 propheta
929 2461 1174 2518 testatur,
1199 2454 1381 2509 dicens
1407 2471 1418 2505 :
1447 2451 1531 2506 Ne
1557 2455 1805 2524 projicias

217 2561 299 2598 nte
326 2561 358 2597 a
389 2546 523 2616 facie
544 2555 650 2610 tua,
684 2554 733 2598 et
759 2544 1012 2615 Spiritum
1036 2556 1271 2599 sanctum
1294 2555 1433 2598 tuum
1456 2562 1518 2599 ne
1544 2548 1752 2616 auferas
1773 2563 1805 2599 a

219 2652 302 2690 me
334 2635 503 2706 (Psol.
553 2653 605 2701 ι,
659 2635 768 2704 15).
800 2635 867 2689 Ει
892 2637 1145 2705 quoniam
1176 2653 1312 2691 unus
1335 2636 1564 2705 Spiritus
1591 2647 1806 2691 sanctus

217 2726 374 2781 datus
401 2735 483 2781 est
507 2726 765 2795 apostolis
793 2737 840 2780 et
874 2726 1151 2796 prophetis
1180 2725 1342 2797 [quod
1372 2727 1558 2779 beatus
1581 2734 1807 2778 testatur

220 2817 508 2886 Apostolus
537 2815 722 2870 dicens
755 2835 766 2868 :
801 2815 1060 2870 Habentes
1091 2828 1259 2871 autem
1291 2817 1524 2871 eumdem
1552 2819 1804 2886 Spiritum

219 2908 364 2979 ﬁdei,
387 2909 516 2961 sicut
546 2909 790 2976 scriptunt
819 2917 898 2962 est
921 2925 937 2961 :
963 2905 1192 2974 Credidi,
1224 2917 1434 2978 propter
1454 2909 1591 2978 quod
1610 2909 1804 2963 locutus

217 3017 362 3063 sum;
391 3008 440 3052 et
460 3015 554 3052 nos
577 2998 849 3061 credimus,
876 3007 1085 3068 propter
1104 2998 1238 3069 quod
1259 3006 1308 3050 et
1331 2998 1586 3068 loquimur
1607 2997 1662 3067 (I
1681 2997 1801 3052 Cor.

217 3107 291 3159 tv,
324 3088 482 3162 15)];
524 3089 769 3144 eumdem
809 3089 1065 3160 Spiritum
1112 3088 1205 3144 Dei
1247 3105 1366 3144 esse
1395 3090 1649 3160 Spiritum
1679 3106 1805 3146 san-

217 3191 360 3237 ctum
411 3182 772 3236 indubitanter
817 3181 1144 3246 ostendens,
1197 3182 1270 3235 ait
1313 3200 1324 3234 :
1360 3179 1460 3246 Qui
1500 3191 1669 3235 autem
1701 3183 1806 3236 haec

219 3275 415 3344 spernit
442 3317 458 3343 ,
496 3290 596 3328 non
627 3273 882 3327 hominem
910 3275 1140 3344 spernit,
1185 3273 1275 3328 sed
1303 3272 1467 3327 Deum
1491 3315 1505 3339 ,
1539 3274 1626 3344 qui
1652 3276 1806 3328 etiam

217 3362 357 3414 dedit
379 3361 632 3432 Spiritum
654 3377 799 3414 suunt
829 3371 1059 3415 sanctum
1085 3363 1136 3414 in
1170 3361 1314 3416 nobis
1346 3359 1400 3431 (1
1428 3361 1601 3415 Thess.
1630 3378 1701 3427 Iv,
1724 3359 1800 3432 8).
1832 3390 1880 3454 ο

213 3452 313 3506 Die
350 3467 564 3522 quoque
610 3451 993 3519 Pentecostes,
1043 3467 1162 3507 cum
1214 3452 1443 3523 Spiritus
1486 3463 1706 3508 sanctus
1752 3455 1804 3508 in

218 3543 495 3612 apostolos
524 3542 863 3606 advenisset,
895 3543 1008 3612 ipse
1039 3544 1221 3614 utique
1267 3543 1576 3599 Paracletus
1599 3583 1613 3605 ,
1645 3561 1804 3612 quem

218 3635 298 3687 eis
328 3633 586 3686 Dominus
617 3634 862 3702 promisit
891 3642 945 3687 et
975 3635 1116 3687 misit
1143 3677 1158 3701 ,
1197 3635 1366 3702 ipsum
1405 3651 1524 3690 esse
1548 3635 1804 3706 Spiritttm

220 3725 344 3790 Dei,
377 3725 693 3794 prophetico
721 3725 906 3779 beatus
941 3724 1132 3779 Petrus
1161 3726 1394 3780 ostendit
1436 3725 1680 3796 eloquio,
1721 3725 1808 3779 di-

217 3831 374 3881 cens,
414 3815 517 3870 hoc
545 3830 665 3870 esse
704 3815 840 3886 quod
880 3833 968 3884 per
996 3814 1114 3868 Jocl
1140 3815 1439 3886 prophetam
1463 3815 1652 3868 dictum
1681 3826 1758 3869 est
1787 3829 1807 3869 .°

219 3905 286 3958 Et
313 3907 410 3960 erit
436 3906 489 3958 in
523 3906 815 3959 novissimis
843 3905 1050 3972 diebus,
1088 3907 1210 3958 dicit
1242 3905 1513 3968 Dominus,
1545 3905 1808 3973 eﬁ'undant

219 3996 282 4049 de
311 3995 511 4065 Spiritu
537 4011 648 4048 meo
676 4011 830 4065 super
854 4012 1053 4049 omnem
1089 4012 1295 4048 carnem
1326 3995 1462 4065 (Act.
1491 4013 1524 4049 ιι
1575 3996 1658 4058 16,
1701 3996 1804 4064 t7).

219 4084 282 4139 Et
310 4086 469 4155 paulo
499 4093 621 4155 post
650 4086 716 4155 (υ.
756 4085 843 4156 18)
881 4104 893 4138 :
928 4085 993 4138 Et
1027 4087 1227 4158 quidem
1259 4104 1412 4157 super
1444 4105 1613 4142 sert'os
1648 4106 1805 4153 meos,

219 4185 266 4230 et
287 4193 439 4246 super
459 4176 681 4230 ancillas
707 4193 868 4245 meas,
899 4178 952 4231 in
973 4177 1149 4231 diebus
1176 4178 1279 4244 illis
1307 4179 1571 4247 eﬂ‘undom
1600 4180 1664 4232 de
1685 4179 1808 4248 Spi-

220 4267 320 4320 ritu
343 4283 478 4333 meo,
501 4274 548 4319 et
570 4267 965 4336 prophetabunt.
997 4267 1164 4336 Hujus
1195 4269 1372 4336 itaque
1396 4270 1554 4324 unius
1575 4269 1808 4339 Spiritus

219 4355 652 4424 immensitatem,
677 4372 836 4426 quam
865 4359 978 4413 sola
1008 4368 1186 4428 potest
1209 4376 1334 4414 vera
1369 4362 1681 4417 naturaliter
1709 4363 1805 4416 Ita-

217 4445 366 4512 bere,
391 4448 498 4502 imo
519 4463 680 4517 quam
703 4450 815 4503 sola
845 4451 1160 4506 naturaliter
1190 4451 1354 4506 habet
1382 4467 1504 4507 vera
1535 4453 1807 4518 divinitas,

218 4551 326 4590 non
356 4536 528 4590 solum
567 4537 756 4591 beatus
793 4537 958 4592 David
988 4541 1250 4603 ostendit,
1282 4555 1469 4596 verum
1498 4543 1658 4597 etiam
1693 4541 1808 4598 Joel

215 4627 480 4698 propheta
527 4629 892 4684 indubitanter
933 4633 1206 4699 asseruit,
1255 4635 1306 4688 in
1353 4650 1420 4690 eo
1457 4637 1600 4705 quod
1637 4639 1711 4691 ait.
1741 4655 1807 4692 ex

217 4735 447 4790 persona
479 4720 575 4776 Dei
603 4721 827 4776 dicentis
857 4741 868 4775 :
900 4722 1185 4790 Eﬂ'undant
1213 4726 1276 4778 de
1301 4726 1499 4795 ερὶιίια
1529 4746 1639 4783 meo
1658 4747 1809 4800 super

213 4825 426 4864 omnem
449 4826 656 4864 carnem
686 4810 844 4881 (Joel,
881 4829 936 4879 n-,
967 4813 1080 4878 ξε).
1115 4812 1250 4868 Hinc
1277 4824 1357 4869 est
1386 4818 1530 4884 quod
1563 4820 1724 4872 etiam
1757 4821 1807 4873 in

220 4902 355 4956 libro
386 4901 675 4972 Sapientia:
887 4905 1082 4959 dicitur
1115 4924 1125 4957 :
1163 4904 1416 4969 Quoniam
1450 4908 1675 4978 Spiritus
1707 4909 1813 4964 Do-

218 4994 344 5047 mini
391 4995 606 5062 replerit
648 4994 828 5049 orbem
864 5006 1135 5061 terrorum,
1179 5007 1225 5050 et
1275 4999 1369 5050 hoc
1414 5001 1548 5068 quod
1587 5005 1813 5056 continet

218 5085 391 5137 omnia
412 5085 681 5137 scientiam
709 5085 857 5138 habet
878 5089 1015 5140 cocis
1038 5087 1190 5158 (Sap.
1219 5105 1252 5152 t,
1278 5089 1307 5140 7
1317 5101 1352 5156 ).
1389 5090 1658 5160 Nusquam
1683 5106 1811 5160 ergo

219 5173 396 5237 deest,
427 5173 519 5228 sed
550 5173 751 5244 ubique
782 5185 926 5231 totus
955 5179 1246 5233 immensus
1273 5189 1390 5246 est,
1421 5182 1509 5249 qui
1537 5191 1590 5235 et
1620 5185 1805 5238 orbem

222 5275 490 5319 terrarum
529 5265 737 5333 replere
762 5307 776 5331 ,
821 5274 888 5318 ets
916 5269 1194 5321 continere
1250 5270 1426 5323 omnia
1473 5271 1802 5339 perhibetur.

219 5359 343 5413 Ideo
364 5359 560 5428 quippe
582 5359 838 5412 asseritur
857 5361 1134 5415 continere
1147 5363 1346 5427 omnia,
1362 5377 1449 5424 ne,
1474 5362 1598 5417 dum
1621 5364 1808 5419 orbem

224 5462 486 5508 terrarum
521 5452 728 5522 replere
757 5451 983 5519 dicitur,
1026 5455 1213 5510 deesse
1243 5457 1551 5511 ett-testibus
1579 5458 1809 5512 :cstime-

228 5547 327 5592 tur.
360 5537 530 5605 Quem
574 5549 755 5596 tamen
785 5544 946 5612 paulo
975 5547 1220 5615 superius
1267 5555 1508 5602 sanctum
1553 5548 1808 5617 Spiritum

225 5629 494 5698 Scriptura
543 5633 719 5687 divina
772 5645 1078 5706 nuncupat,
1120 5639 1306 5695 dicens
1349 5659 1358 5691 :
1404 5641 1627 5695 Sanctus
1676 5642 1810 5694 enim

231 5720 450 5785 Spiritus
478 5724 765 5794 disciplima
792 5727 1001 5798 cmtgiet
1027 5731 1235 5800 ﬁctum,
1268 5740 1317 5784 et
1345 5733 1544 5799 auferet
1574 5749 1628 5784 se
1657 5747 1687 5782 α
1726 5748 1812 5783 co-

231 5813 556 5881 gitationibus
585 5832 698 5886 quae
735 5828 851 5871 sunt
879 5820 988 5873 sine
1017 5821 1278 5884 intellectu
1329 5820 1489 5888 (Ibid.
1514 5860 1526 5884 ,
1559 5822 1632 5889 5).
1684 5822 1813 5876 Nam

232 5915 280 5957 ct
309 5907 358 5958 in
383 5908 482 5959 hoc
513 5911 678 5964 sancti
711 5911 937 5979 Spiritus
966 5929 1278 5983 agnoscitur
1309 5915 1562 5968 naturalis
1592 5914 1815 5968 immen-

232 5997 388 6063 sitas,
425 5999 474 6051 in
505 6015 610 6069 quo
639 6018 735 6070 per
763 6005 940 6057 orbem
981 6000 1251 6084 termrttttt
1281 6047 1292 6073 ,
1326 6005 1460 6060 sicut
1501 6005 1552 6058 in
1598 6005 1814 6060 nomine

1900 2089 2238 2145 haereditatis
2266 2099 2460 2145 nostrze
2491 2090 2737 2146 asseruit.
2794 2090 2926 2144 Cum
2959 2091 3142 2159 utique
3173 2104 3294 2158 pars
3325 2090 3493 2143 lucre-

1905 2179 2088 2234 ditatis
2112 2187 2308 2234 nostra:
2335 2195 2440 2234 non
2468 2180 2537 2233 sit
2566 2180 2666 2234 nisi
2691 2177 3127 2244 DominusDeus,
3152 2177 3217 2231 de
3237 2193 3344 2246 quo
3363 2176 3494 2232 dicit

1906 2268 2154 2323 universa
2188 2267 2423 2324 Ecclesia
2459 2287 2471 2322 :
2510 2269 2758 2322 Dominus
2795 2285 2916 2338 pars
2946 2267 3262 2321 hwreditatis
3292 2281 3418 2319 mete
3444 2272 3494 2318 et

1903 2359 2081 2414 colicis
2133 2361 2229 2413 mei
2277 2360 2448 2428 (Psal.
2486 2377 2580 2424 xv,
2614 2359 2693 2428 5),
2737 2367 2960 2428 apparet
3005 2359 3184 2428 itaque
3229 2357 3488 2426 Spiritum

1905 2457 2146 2505 sanctum
2186 2465 2305 2504 esse
2350 2450 2665 2505 naturaliter
2705 2450 3051 2514 immensum;
3086 2465 3184 2503 nec
3223 2448 3396 2502 solum
3441 2447 3493 2501 in

1907 2540 2027 2595 loco
2059 2541 2298 2594 localiter
2339 2555 2442 2594 non
2473 2542 2791 2606 consistere,
2827 2540 2918 2594 sed
2952 2555 3051 2594 nec
3075 2539 3140 2592 de
3172 2539 3292 2593 loco
3318 2537 3386 2592 ad
3413 2538 3495 2592 lo-

1907 2648 2029 2688 cum
2070 2647 2230 2702 posse
2267 2633 2514 2686 transire.
2562 2631 2692 2686 Nam
2740 2645 2928 2686 omnes
2962 2631 3177 2708 quidem
3209 2629 3498 2684 rationales

1906 2724 2126 2792 spiritus
2150 2739 2288 2792 quos
2318 2723 2457 2777 Deus
2479 2723 2700 2788 creavit,
2732 2722 2856 2776 licet
2885 2722 2936 2775 in
2967 2721 3100 2776 locis
3127 2720 3368 2775 localiter
3389 2735 3495 2773 non

1905 2815 2032 2879 sint,
2065 2824 2246 2870 tamen
2270 2815 2336 2870 de
2366 2815 2499 2870 locis
2525 2814 2591 2869 ad
2623 2817 3047 2868 loca-transeunt
3081 2830 3092 2864 :
3125 2811 3268 2880 quod
3313 2811 3496 2878 utique

1909 2921 2016 2961 non
2041 2905 2313 2970 fecissent,
2337 2906 2440 2960 nisi
2471 2905 2647 2960 locum
2677 2905 2728 2958 in
2752 2918 2860 2973 quo
2890 2901 3100 2957 fuerant
3120 2901 3498 2971 relinquendo,
3531 2951 3539 2962 ,

1907 2994 1973 3049 ad
2005 2996 2179 3051 locum
2205 2997 2257 3049 in
2289 3011 2396 3064 quo
2428 3010 2536 3050 non
2567 2994 2776 3049 fuerant
2809 2991 3170 3048 advenissent.
3200 2990 3330 3059 Quis
3354 2991 3497 3045 enim

1909 3088 2134 3154 nesciat,
2177 3087 2480 3142 Gabrielem
2512 3085 2754 3153 angelum
2796 3094 2923 3139 tunc
2951 3083 3001 3138 in
3037 3082 3291 3152 templum
3318 3081 3498 3135 venis-

1908 3195 1986 3242 se,
2017 3179 2235 3248 quando
2261 3179 2529 3233 Zachariae
2547 3179 2828 3248 apparuit,
2861 3185 2916 3232 et
2943 3176 3010 3231 de
3054 3176 3256 3245 templo
3297 3175 3498 3229 disces-

1907 3271 2060 3334 sisse,
2087 3278 2368 3339 postquam
2391 3267 2622 3323 oﬂlcium
2652 3284 2761 3323 sua:
2786 3267 3210 3321 aununtiationis
3235 3265 3496 3335 implevit,

1908 3369 2104 3416 etcum
2135 3361 2186 3414 in
2219 3361 2420 3430 templo
2452 3358 2550 3413 fuit
2579 3359 2704 3414 alibi
2733 3375 2839 3412 non
2872 3360 3064 3414 fuisse?
3096 3357 3232 3424 Quia
3253 3357 3397 3412 nulla
3417 3367 3500 3414 est
3537 3407 3541 3410 .

1908 3461 2173 3515 creatura,
2198 3466 2315 3520 qua:
2346 3459 2512 3504 totam
2539 3450 2696 3504 simul
2725 3458 3028 3505 creaturam
3073 3465 3166 3503 sua
3213 3449 3500 3518 pnesentia

1866 3579 1868 3583 -
1909 3547 2078 3617 possit
2101 3546 2345 3615 implere,
2376 3543 2520 3613 quod
2549 3544 2715 3598 solius
2763 3553 2845 3598 est
2875 3543 3148 3597 Trinitatis
3185 3561 3197 3594 :
3231 3541 3383 3612 cujus
3425 3541 3502 3596 sic

1908 3646 1991 3692 est
2018 3639 2134 3692 sine
2164 3637 2396 3691 termino
2425 3635 2686 3689 naturalis
2714 3635 3046 3690 immensitas
3067 3675 3080 3697 ,
3112 3635 3251 3688 sicut
3278 3643 3362 3689 est
3386 3634 3503 3688 sine

1910 3727 2062 3781 initio
2113 3734 2312 3780 teterna
2362 3725 2630 3780 divinitas.
2711 3723 2860 3778 Unde
2912 3725 3010 3794 ipsi
3057 3739 3272 3793 quoque
3310 3739 3502 3778 omnes

1907 3820 2079 3876 sancti
2110 3819 2309 3886 angeli,
2333 3818 2399 3871 de
2429 3817 2622 3886 quibus
2661 3815 2850 3870 beatus
2891 3815 3082 3869 Petrus
3109 3815 3258 3879 dicit,
3289 3815 3414 3884 quia
3445 3815 3500 3870 in
3529 3851 3536 3861 .

1907 3911 2165 3982 Spiritum
2195 3917 2440 3965 sanctum
2471 3907 2854 3977 concupiscunt
2889 3905 3198 3976 prospicere
3222 3945 3238 3969 ,
3270 3903 3500 3959 nullate-

1911 4018 2009 4057 nus
2039 4003 2094 4056 in
2113 3999 2599 4070 eum-prOSpicere
2641 3998 3116 4067 concupiscerent,
3147 3996 3192 4051 si
3229 3996 3281 4050 in
3311 3995 3502 4064 seipsis

1909 4090 2159 4148 eumdem
2190 4089 2446 4160 Spiritum
2495 4095 2740 4142 sanctum
2790 4101 2897 4141 non
2937 4086 3216 4141 haberent.
3264 4085 3503 4140 Caritate

1914 4186 2116 4256 quippe
2146 4185 2198 4238 in
2246 4199 2368 4238 eum
2397 4181 2704 4252 prospicere
2733 4180 3120 4250 concupiscunt
3145 4221 3159 4247 ,
3191 4179 3314 4248 quia
3342 4192 3502 4233 nemo

1909 4276 2053 4346 quod
2082 4290 2189 4329 non
2218 4273 2389 4340 diligit
2436 4270 2772 4340 concupiscit
2804 4287 2816 4322 :
2846 4271 3125 4324 caritatem
3163 4277 3363 4335 autem,
3394 4283 3500 4338 qua

1908 4369 2163 4439 Spiritum
2219 4373 2462 4421 sanctum
2527 4363 2796 4431 diligunt,
2864 4363 3077 4416 nonnisi
3135 4377 3230 4431 per
3294 4360 3496 4415 donum

1911 4458 2140 4529 Spiritus
2174 4457 2342 4512 sancti
2381 4461 2724 4523 acceperunt.
2770 4452 2976 4506 Caritas
3007 4453 3150 4507 enim
3184 4451 3282 4505 Dei
3296 4451 3504 4520 “diffusa

1909 4560 1984 4605 est
2004 4552 2055 4604 in
2086 4549 2320 4604 cordibus
2345 4550 2555 4613 nostris,
2579 4564 2670 4618 per
2699 4545 2960 4617 Spiritum
2973 4555 3202 4600 semotum
3232 4546 3318 4616 qui
3345 4545 3499 4598 datus

1896 4651 1984 4695 est
2015 4640 2159 4694 nobis
2191 4639 2365 4709 (Rom.
2390 4655 2442 4704 v,
2472 4637 2544 4706 5).
2578 4637 2676 4691 Per
2701 4637 2871 4706 ipsum
2903 4645 3080 4690 autem
3107 4635 3365 4704 Spiritum
3391 4633 3496 4688 dit"-

1916 4732 2027 4785 t'usa
2056 4741 2138 4785 est
2167 4731 2364 4784 caritas
2386 4730 2437 4781 in
2471 4727 2722 4782 cordibus
2752 4728 3059 4787 hominum,
3089 4741 3184 4795 per
3211 4739 3370 4793 quem
3401 4724 3504 4778 dif-

1915 4823 2028 4876 fusa
2057 4833 2140 4876 est
2167 4820 2216 4874 in
2247 4820 2515 4873 mentibus
2544 4819 2874 4886 angelorum.
2906 4817 3202 4872 lmmensus
3232 4826 3313 4872 est
3343 4817 3503 4886 igitur

1914 4915 2146 4984 Spiritus
2189 4921 2428 4976 sanctus,
2460 4912 2548 4979 qui
2582 4927 2716 4964 unus
2755 4920 2915 4978 atque
2945 4899 3083 4964 idem
3115 4909 3283 4979 replet
3314 4909 3501 4962 orbem

1916 5017 2196 5068 terrarum,
2223 5005 2394 5073 replet
2416 5004 2576 5056 etiam
2609 5004 2903 5057 cmlestium
2926 5003 3143 5072 sp'ritus
3165 5003 3497 5070 angelorum.

1914 5097 2032 5166 ipse
2059 5103 2142 5148 est
2177 5095 2339 5157 enim,
2371 5093 2507 5146 sicut
2535 5093 2814 5162 Scriptura
2845 5093 2994 5155 dicit,
3058 5092 3284 5162 Spiritus
3313 5091 3504 5143 intelli-

1916 5188 2121 5258 gentice,
2153 5195 2378 5247 sanctus,
2408 5186 2608 5245 unicus,
2637 5185 2800 5254 616
2826 5186 3111 5254 multiplex,
3141 5183 3362 5247 subtilis,
3395 5199 3505 5238 mo-

1917 5278 2052 5340 bilis,
2087 5276 2306 5329 disertus
2326 5317 2339 5340 ,
2383 5278 2494 5329 sine
2526 5278 2932 5345 inquinamento,
2962 5276 3288 5345 manifestus,
3320 5292 3501 5336 sanus,

1917 5385 2098 5421 amans
2129 5367 2316 5420 bonunt
2345 5408 2358 5431 ,
2405 5376 2583 5420 acutus
2609 5405 2622 5428 ,
2656 5367 2740 5436 qui
2772 5365 2899 5418 nihil
2929 5375 3144 5428 velatur,
3176 5377 3223 5418 et
3264 5368 3348 5438 qui
3379 5367 3504 5420 bene

1918 5461 2097 5530 faciat,
2133 5462 2404 5523 humanus,
2437 5457 2659 5520 stabilis,
2692 5466 2881 5522 certus,
2915 5472 3138 5516 securus,
3169 5473 3369 5511 omnem
3405 5459 3504 5511 Ita-

1920 5550 2041 5604 bcns
2083 5551 2314 5603 rirtutem
2340 5590 2353 5612 ,
2401 5548 2573 5601 omnia
2615 5548 2930 5617 prospiciens
2959 5590 2971 5612 ,
3015 5557 3062 5600 et
3091 5549 3176 5616 qui
3205 5550 3377 5617 capiat
3415 5565 3506 5611 per

1919 5656 2094 5694 omnes
2120 5640 2332 5708 spiritus
2359 5636 2739 5708 intelligibiles,
2785 5637 3000 5691 mundos
3030 5677 3042 5700 ,
3091 5639 3297 5692 subtiles
3348 5639 3502 5708 (Sep.

1921 5751 2006 5796 vn,
2035 5732 2121 5796 22,
2154 5731 2267 5799 27)).
2319 5730 2493 5799 Opera
2535 5745 2748 5799 quoque
2791 5729 3022 5800 Spiritus
3050 5731 3219 5784 sancti
3248 5732 3368 5798 quis
3399 5748 3504 5784 non

1897 5824 2092 5878 ivideat
2115 5839 2334 5879 sununu:
2357 5831 2559 5876 tantum
2585 5836 2881 5888 congruere
2907 5823 3134 5876 Deitati?
3173 5822 3336 5875 Verbo
3364 5825 3504 5878 cni.n

1923 5915 2132 5967 Domini
2171 5914 2282 5966 coeli
2313 5913 2506 5981 ﬁrmati
2547 5924 2662 5966 sunt
2687 5955 2702 5978 ,
2747 5924 2794 5967 et
2835 5914 3031 5983 Spirittt
3065 5915 3310 5983 orisocjus
3337 5917 3506 5967 θνητὴ

1917 6005 2076 6060 uirtus
2117 6019 2291 6058 eorum
2340 6001 2511 6072 (Psal.
2548 6019 2711 6068 χχχιι,
2757 6006 2830 6074 6).
2880 6003 2935 6056 In
2991 6017 3099 6072 quo
3143 6018 3200 6057 se
3247 6004 3506 6057 Dominus

3386 529 3514 584 786'
3585 589 3588 592 ,
