4050 6452
255 481 360 539 789

1312 474 1580 532 CONTRA
1623 468 1965 526 FABIANUM
2008 463 2445 523 FRAGMENTA.

3411 437 3516 513 πο

177 614 183 626 ‘
255 598 417 659 modo
439 612 568 668 ergo
596 597 696 653 sibi
728 594 864 650 mitti
897 561 1190 667 postulant,
1220 607 1381 663 quem
1409 591 1511 647 sibi
1540 590 1722 646 datum
1752 586 1909 647 di---A
1935 600 2057 640 eum
2088 581 2303 639 Christo
2328 581 2380 635 in
2411 580 2537 640 Deo,
2570 590 2896 645 carnemque
2922 581 3163 668 nostrain
3184 571 3516 668 619mm:-

259 692 470 756 viuitus,
502 697 557 744 et
595 688 649 743 in
694 702 753 743 se
780 700 1002 743 manere
1026 684 1230 755 jugiter
1268 699 1376 739 non
1419 681 1713 751 ignorant?
1748 679 1830 734 A’n

1935 675 2211 746 ciﬂgamus
2260 688 2384 729 eum
2431 670 2575 725 vitiis
2606 678 2662 725 et
2708 665 3155 738 concupiscentiis
3181 665 3313 720 suis.
3342 662 3433 719 Sic
3461 661 3521 716 lit

254 755 477 839 forsitan
497 780 806 851 priusquam
826 778 996 834 sancti
1011 776 1256 833 homines
1276 790 1491 848 precem
1512 771 1832 841 fundant,in
1934 776 1996 824 ut
2039 781 2229 823 omnes
2264 764 2469 827 fideles,
2501 764 2592 833 qui
2618 762 2784 816 Deum
2822 767 2879 816 et
2926 760 3247 851 proximum,
3271 755 3517 851 diligunt,

253 875 334 931 eis
371 848 594 928 sanctus
620 848 853 940 spiritus
890 868 1201 939 requiescit,
1249 876 1304 925 et
1348 883 1471 925 cum
1519 875 1839 940 precaturos
1934 859 2148 916 etiamsi
2178 874 2284 913 non
2326 857 2514 912 bibant
2552 855 2775 911 calicem
2803 867 3081 924 corporeae
3109 849 3398 940 passionis,
3438 848 3520 905 bi-

254 963 502 1024 senserit,
533 979 659 1019 mox
689 958 893 1017 recedit
906 963 943 1016 ἳι
958 960 1110 1028 Quod
1138 961 1183 1016 si
1209 961 1283 1016 ita
1313 968 1457 1016 esset
1476 998 1492 1024 ,
1520 958 1713 1014 melius
1733 958 1833 1012 fuit

256 1068 318 1114 ut
362 1057 535 1114 sancti
562 1055 809 1111 homines
836 1069 1110 1125 nunquam
1140 1061 1401 1121 orarent,
1427 1059 1481 1107 et
1520 1050 1574 1107 in
1623 1065 1683 1105 se
1714 1065 1840 1105 san-

255 1157 405 1205 ctum
426 1146 686 1217 Spiritum
711 1144 912 1216 jugiter
939 1143 1223 1207 haberent,
1256 1157 1416 1212 quam
1454 1149 1704 1197 oraturos
1749 1138 1840 1192 ali-

254 1238 476 1309 quando
507 1238 595 1293 ille
625 1237 900 1301 desereret
924 1237 1113 1293 :.unde
1151 1241 1547 1304 consequenter
1574 1233 1705 1288 illud
1716 1238 1839 1288 ‘non

255 1333 599 1391 commodum
627 1331 956 1387 inveniretur
982 1346 1124 1398 esse,
1172 1328 1265 1385 sed
1310 1323 1720 1397 noxium..un
1767 1325 1857 1378 ait‘

254 1422 763 1494 evangelislarquia
792 1430 991 1491 oportet
1018 1436 1215 1491 semper
1232 1435 1384 1474 crure
1411 1415 1560 1489 (Luc.
1595 1431 1743 1481 xvtu,
1770 1416 1839 1485 l).

254 1518 417 1574 Omni
446 1527 693 1588 tempore
717 1516 974 1587 praecipit.
1003 1513 1136 1581 Quis
1165 1522 1344 1568 autem
1378 1511 1496 1567 sani
1534 1510 1727 1580 capitis
1771 1509 1846 1564 di-

253 1617 369 1677 cat,
409 1609 549 1681 quod
581 1610 633 1664 in
661 1609 838 1680 seipse
866 1607 1125 1679 Spiritum
1155 1621 1263 1661 non
1292 1605 1487 1660 habeat
1508 1604 1617 1673 qui
1642 1603 1693 1659 in
1721 1599 1846 1671 Spi-

254 1701 367 1755 ritu
390 1701 545 1756 orat?
573 1699 654 1754 An
676 1698 899 1754 forsitan
928 1706 1173 1768 tempore
1202 1710 1311 1766 quo
1337 1694 1659 1750 sacrilicitun
1684 1690 1847 1747 οσον-

255 1789 669 1857 tur,.existimas
689 1789 743 1844 in
764 1788 868 1844 illis
888 1788 1103 1858 quidem
1124 1787 1457 1857 quiprecem
1480 1782 1708 1839 fundunt
1728 1797 1847 1839 esse

253 1881 518 1952 Spiritum
541 1888 806 1943 sanctum,
839 1878 935 1935 sed
966 1880 1019 1935 in
1048 1879 1165 1950 ipso
1196 1863 1331 1934 lo'co'
1350 1893 1457 1933 non
1484 1892 1605 1932 esse
1642 1874 1733 1932 ubi
1762 1890 1869 1943 sa-r

1937 951 2069 1006 bant
2097 959 2287 1005 tamen
2308 950 2532 1004 calicem
2576 947 2860 1003 dominicae
2899 945 3186 1002 caritatis:
3244 936 3354 1014 quo
3406 944 3525 1001 ine-

1939 1041 2118 1108 briati,
2142 1040 2382 1095 membra
2411 1054 2505 1094 sua
2527 1053 2645 1110 qua)
2690 1045 2817 1094 sunt
2868 1050 3030 1106 super
3067 1044 3264 1091 terram
3303 1031 3529 1089 mortiﬁ-

1940 1139 2182 1197 cent,.et.
2199 1130 2369 1186 induti
2396 1129 2679 1185 Dominum
2707 1127 2891 1184 Iesum
2909 1125 3205 1189 Christum,
3231 1124 3409 1181 carnis
3436 1140 3532 1179 cu-

1941 1239 2058 1279 ram
2085 1239 2194 1278 non
2226 1222 2437 1277 faciant
2454 1221 2507 1276 in
2539 1219 2853 1286 desideriis;
2879 1232 3055 1287 neque
3100 1214 3533 1285 contemplentur

1943 1330 2063 1385 qua:
2098 1314 2366 1379 videntur,
2396 1311 2490 1368 sed
2514 1327 2634 1381 qua:
2657 1298 2765 1366 non
2814 1308 3077 1365 videntur.
3113 1306 3203 1363 Sic
3225 1306 3367 1362 enim
3392 1305 3534 1361 calix

1946 1403 2168 1459 Domini
2188 1401 2563 1469 bibitur,.dum
2594 1408 2780 1456 sancta
2809 1399 3008 1454 caritas
3058 1396 3387 1462 custoditur;
3418 1396 3536 1451 sine

1944 1498 2145 1569 qua,.si
2180 1479 2379 1567 corpus
2417 1509 2572 1550 suum
2607 1493 2888 1564 quisquam
2923 1489 3204 1546 tradiderit
3232 1497 3289 1544 ut
3326 1488 3534 1552 ardeat,

1948 1589 2083 1646 nihil
2112 1590 2162 1645 ei
2192 1588 2429 1660 prodest.
2463 1588 2615 1642 Dono
2638 1594 2815 1640 autem
2832 1584 3071 1640 caritatis
3098 1583 3204 1639 hoc
3232 1582 3386 1638 nobis
3404 1598 3538 1637 con-

1946 1682 2138 1743 fertur.
2182 1689 2242 1737 ut
2288 1681 2394 1736 hoc
2422 1680 2476 1735 in
2505 1678 2734 1734 veritate
2763 1660 2950 1737 simus.
2983 1675 3128 1745 quod
3170 1675 3224 1729 in
3273 1674 3537 1730 sacrificio

1949 1774 2176 1847 mystice
2204 1773 2558 1829 celebramus.
2575 1769 2717 1824 Illud
2738 1770 2922 1837 utique
2943 1767 3087 1836 quod
3109 1765 3398 1837 Apostolus
3424 1766 3498 1819 ait
3520 1807 3537 1829 ,

1952 1863 2211 1931 Quoniam
2236 1880 2370 1917 unus
2397 1862 2569 1931 punis,
2599 1877 2758 1914 unum
2785 1875 2977 1929 corpus
2994 1857 3142 1912 multi
3166 1873 3338 1910 sumus
3361 1873 3378 1921 ;
3417 1854 3540 1910 ideo

252 1948 521 2026 criticium
549 1970 803 2041 ponitur?
830 1968 945 2026 Sed
967 1948 1086 2046 quis
1107 1970 1179 2025 ita
1209 1969 1366 2040 sapit,
1397 1968 1497 2024 nisi
1516 1968 1607 2039 qui
1630 1967 1849 2038 desipit?

1959 1957 2189 2022 addidit,
2222 1954 2415 2010 Omnes
2441 1956 2525 2025 qui
2556 1953 2618 2007 de
2645 1969 2747 2007 uno
2775 1968 2909 2024 pane
2930 1950 3300 2022 participamus
3332 1948 3385 2019 (I
3415 1948 3537 2003 Cor.

258 2063 373 2118 Aut
398 2063 516 2131 quis
544 2062 815 2117 existimet
847 2062 1134 2117 adventum
1161 2061 1334 2117 sancti
1370 2058 1599 2132 Spiritus
1652 2060 1844 2121 locale,

255 2155 484 2225 nisiqui
528 2155 730 2211 carnali
759 2155 1090 2224 cogitatione
1129 2169 1429 2224 possessus,
1476 2161 1533 2208 et
1562 2153 1631 2208 ob
1669 2151 1775 2209 hoc
1819 2167 1849 2207 a

254 2246 490 2318 spiritali
514 2245 841 2316 cogitatione
863 2246 1122 2312 seclusus,
1154 2245 1231 2301 sic
1252 2244 1367 2299 vult
1388 2244 1627 2313 cogitare
1647 2243 1850 2308 divina,

254 2338 402 2394 sicut
425 2338 632 2405 cogitat
656 2337 923 2404 humana;
954 2344 1011 2392 et
1036 2336 1116 2393 sic
1134 2336 1337 2407 cogitat
1358 2334 1616 2406 Spiritum
1644 2333 1851 2403 Dei'qui

256 2427 438 2499 replet
458 2428 644 2483 orbem
678 2435 961 2493 terrarum,
992 2426 1133 2484 sicut
1164 2435 1344 2497 potest
1376 2427 1616 2496 cogitare
1661 2425 1852 2480 huma-

230 2535 394 2575 mum
420 2519 502 2574 vel
532 2519 834 2588 angelicum
856 2519 1142 2589 spiritum?
1170 2517 1305 2573 Cum
1335 2517 1427 2572 ille
1463 2515 1699 2587 Spiritus
1723 2531 1851 2571 san—

255 2617 385 2665 ctus
412 2608 490 2664 sic
511 2616 676 2662 totam
696 2607 900 2678 repleat
919 2616 1239 2674 creaturam,
1263 2616 1323 2663 ut
1346 2607 1463 2676 ipse
1484 2622 1620 2661 unus
1641 2621 1856 2676 semper

257 2697 467 2767 ubique
494 2697 565 2752 sit
598 2703 761 2752 totus.
810 2695 1063 2767 Agnosce
1110 2697 1273 2767 igitur
1296 2697 1424 2768 quid
1466 2698 1521 2752 in
1568 2695 1856 2752 olferendis

255 2785 543 2843 sacrificiis
571 2787 766 2857 agitur,
796 2797 857 2843 ut
882 2787 1079 2844 exinde
1117 2787 1388 2859 intelligas
1428 2802 1600 2857 quase
1648 2786 1721 2841 ibi
1760 2786 1855 2841 ad-

258 2888 461 2936 ventus
489 2864 663 2935 sancti
697 2878 928 2950 Spiritus
957 2880 1295 2952 postuletur-
1336 2877 1541 2950 Nempe
1582 2877 1711 2934 illud
1752 2878 1854 2933 im-

253 2971 444 3043 pietur
473 2972 526 3026 in
565 2971 846 3028 sacriﬁciis
880 2970 1188 3037 oll'erendis,
1220 2972 1379 3043 quod.
1406 2971 1580 3042 ipsum
1600 2963 1857 3025 Salvato-

255 3080 381 3120 rem
426 3071 667 3119 nostrum
707 3063 1025 3134 przecepisse
1051 3062 1243 3119 beatus
1267 3069 1496 3118 testatur
1540 3060 1854 3133 Apostolus,

251 3155 489 3211 dicens:
521 3152 778 3219 Quoniam
814 3148 1252 3210 DominusJesus-
1268 3155 1322 3208 in
1349 3170 1450 3227 qua
1492 3163 1642 3208 nocte
1676 3154 1854 3208 trade-

251 3244 440 3314 batur,
471 3246 666 3313 accepit
704 3261 910 3314 panem,
935 3257 986 3300 et
1020 3246 1220 3317 gratias
1250 3262 1410 3316 agens
1432 3245 1585 3317 fregit
1612 3253 1660 3299 et
1681 3245 1815 3299 dixit
1836 3261 1854 3298 :

1953 2065 2007 2116 ι,
2042 2048 2154 2118 17).
2185 2045 2302 2104 Hoc
2331 2056 2511 2101 autem
2544 2053 2600 2101 ut
2631 2053 2875 2114 tempore
2903 2042 3150 2098 saerilicii
3186 2041 3540 2110 postulemus,

1952 2140 2364 2196 saluberrimum
2396 2139 2655 2194 habemus
2680 2137 2848 2192 nostri
2877 2135 3174 2191 Salvatoris
3204 2133 3540 2203 exemplum,

1953 2232 2044 2302 qui
2074 2232 2179 2287 hoc
2207 2246 2308 2286 nos
2335 2230 2386 2286 in
2414 2228 2929 2286 commemoratione
2951 2225 3142 2281 mortis
3170 2224 3288 2295 ejus
3317 2238 3549 2295 poscere

1955 2321 2158 2388 voluit,
2180 2319 2658 2392 qpod‘nobisipse,
2687 2333 2849 2373 verus
2878 2314 3146 2381 Pontifex,
3176 2315 3336 2370 morti
3364 2313 3547 2385 proxi-

1954 2429 2074 2469 mus
2100 2412 2408 2483 postulavit,
2436 2411 2577 2466 inter
2601 2409 2706 2464 alia
2733 2408 2953 2464 dicens:
2981 2405 3142 2461 Pater
3170 2414 3365 2472 sancte,
3400 2421 3565 2462 serra

1953 2506 2363 2562 eosin'nomine
2392 2515 2476 2558 tuo
2495 2520 2625 2575 quas
2653 2501 2842 2555 dedisti
2863 2499 3009 2563 mihi,
3034 2506 3088 2551 ut
3117 2499 3222 2551 sint
3242 2513 3399 2551 unum
3419 2496 3548 2550 sicut

1954 2606 2006 2653 at
2032 2615 2128 2652 nos
2156 2597 2335 2669 (Joan.
2367 2611 2495 2663 xvu,
2532 2594 2650 2662 ll);
2694 2603 2749 2649 et
2785 2590 2947 2664 paulo
2977 2600 3136 2663 post:
3171 2587 3297 2645 Non
3338 2606 3432 2661 pro
3472 2590 3549 2643 his

1954 2699 2123 2743 autem
2153 2705 2278 2759 rogo
2301 2694 2521 2751 tantum,
2545 2685 2636 2738 sed
2659 2694 2709 2738 et
2730 2702 2822 2754 pro
2846 2685 2918 2738 eis
2940 2682 3026 2756 qui
3055 2682 3299 2737 credituri
3321 2690 3440 2735 sunt
3461 2698 3551 2752 per

1955 2778 2161 2834 verbum
2205 2777 2462 2832 eorumin
2508 2792 2623 2839 me;
2666 2785 2721 2828 ut
2756 2790 2935 2829 omnes
2962 2786 3119 2828 unum
3159 2774 3280 2837 sint,
3323 2760 3453 2826 sicut
3498 2779 3552 2825 tu

1964 2871 2124 2926 Pater
2152 2872 2207 2925 in
2229 2886 2326 2934 me,
2359 2879 2409 2924 et
2435 2885 2529 2941 ego
2555 2869 2608 2922 in
2631 2878 2699 2932 te,
2722 2876 2778 2921 ut
2799 2877 2850 2922 et
2878 2866 2979 2938 ipsi
3006 2867 3059 2920 in
3081 2865 3233 2920 nobis
3249 2881 3406 2920 unum
3426 2864 3585 2927 sint...

1957 2970 2007 3016 et
2036 2961 2255 3016 mundus
2285 2959 2463 3015 credat
2490 2960 2608 3032 quia
2653 2966 2705 3012 tu
2747 2975 2827 3012 me
2872 2958 3078 3012 misisti.
3109 2954 3178 3010 Et
3206 2946 3321 3028 ego‘
3339 2957 3588 3010 clarita-«

1960 3063 2079 3120 tem,
2118 3069 2272 3126 quam
2302 3052 2429 3107 mihi
2451 3051 2656 3115 dedisti,
2682 3050 2803 3104 dedi
2825 3050 2919 3114 eis,
2950 3056 3006 3103 ut
3036 3049 3140 3104 sint
3170 3065 3325 3104 unum
3351 3048 3481 3103 sicut
3506 3058 3554 3102 et
3579 3066 3589 3097 ;

1960 3161 2054 3200 nos
2076 3159 2234 3198 unum
2255 3159 2469 3198 summa
2485 3140 2600 3214 Ego
2628 3143 2681 3195 in
2704 3142 2797 3204 eis,
2828 3150 2878 3196 et
2908 3150 2959 3195 tu
2986 3141 3042 3195 in
3068 3157 3168 3206 me,
3215 3148 3271 3194 ut
3288 3139 3403 3194 sint
3426 3156 3553 3194 con-

1959 3235 2202 3290 summati
2231 3236 2295 3288 in.
2314 3249 2471 3287 unum
2502 3231 2790 3298 (Ibid.,-20
2818 3241 2869 3287 et
2887 3233 3043 3305 αφ).
3089 3230 3204 3287 Hoc
3242 3246 3373 3302 ergo
3401 3232 3556 3288 nobis
3589 3270 3597 3276 -

258 3337 384 3390 Hoc
403 3344 479 3390 est
500 3353 685 3403 corpus
705 3353 872 3390 meum
893 3336 1031 3408 quod
1056 3354 1152 3408 pro
1192 3335 1334 3391 vobis
1360 3336 1616 3402 tradetur;
1655 3338 1751 3392 hoc
1778 3339 1859 3409 {a-
1886 3339 1930 3404 ε
1963 3330 2257 3403 poscimus,
2281 3344 2402 3384 cum
2433 3342 2632 3398 corpus
2671 3335 2728 3383 et
2770 3327 3088 3397 sanguinem
3129 3324 3330 3382 Christi
3372 3324 3568 3381 olferi-

251 3430 366 3483 cite
392 3429 445 3481 in
486 3444 652 3482 meam
678 3427 1239 3483 commemorationem.
1267 3427 1523 3482 Similiter
1558 3438 1607 3481 et
1645 3428 1861 3482 calicem
1963 3436 2103 3487 mus,
2127 3419 2459 3488 quod-nobis
2483 3417 3002 3490 poposcit,-quando
3034 3433 3095 3475 se
3143 3433 3252 3490 pro
3274 3418 3431 3474 nobis
3482 3417 3556 3472 of-
3580 3454 3598 3461 -

251 3529 533 3593 postquam
564 3520 797 3584 canavit,
821 3519 1027 3573 dicens:
1059 3517 1163 3574 Hic
1188 3518 1328 3574 calix
1348 3536 1530 3574 novum
1556 3518 1859 3574 Testamen-
1960 3516 2103 3573 ferre
2115 3516 2364 3585 dignatus
2384 3524 2469 3572 est
2486 3514 2749 3572 Christus.
2775 3515 2909 3571 Nam
2938 3530 3162 3572 recense
3184 3514 3554 3588 Evangeliutu,
3587 3567 3595 3572 _

252 3624 374 3668 tum
396 3621 470 3667 est
498 3612 549 3667 in
572 3630 693 3666 meo
712 3613 983 3684 sanguine;
1024 3612 1119 3666 hoc
1143 3612 1319 3683 facite,
1344 3614 1751 3684 quotiescunque
1778 3612 1874 3667 bi--
1961 3614 2018 3661 et
2046 3607 2288 3661 invenies
2316 3606 2490 3676 ipsum
2528 3605 2943 3680 Redemptorem
2982 3616 3227 3663 nostrum
3276 3608 3376 3664 ista
3427 3624 3553 3664 ora-

252 3706 416 3768 betis,
446 3706 499 3759 in
522 3722 686 3759 meam
710 3704 1264 3759 commemorationem.
1291 3701 1701 3775 Quotiescunque
1724 3704 1873 3758 enim.

254 3796 651 3853 manducahitis
678 3814 865 3869 panem
893 3797 1050 3864 hunc,
1081 3806 1130 3851 et
1159 3797 1374 3850 calicem
1415 3795 1614 3860 bibatis,
1643 3805 1860 3851 mortem

256 3890 485 3945 Domini
500 3887 873 3944 annuntiultitis
894 3889 1056 3945 donec
1073 3890 1241 3945 veniat
1256 3888 1311 3960 (I
1325 3887 1443 3944 Cor.
1471 3905 1526 3956 ιι,
1542 3887 1611 3942 ‘25
1634 3897 1686 3942 et
1704 3888 1857 3960 seq.).

254 3981 395 4038 Ideo
425 3981 586 4049 igitur
637 3978 955 4037 sacrificium
992 3981 1232 4046 oll‘ertur,
1258 3988 1318 4037 ut
1346 3996 1493 4036 mors
1520 3979 1735 4035 Domini
1762 3995 1863 4034 an-

258 4072 571 4138 nuntietur,
601 4081 657 4128 et
678 4071 796 4142 ejus
827 4071 919 4126 [lat
945 4070 1426 4136 commemoratio,
1439 4071 1532 4140 qui
1576 4085 1677 4141 pro
1705 4069 1863 4127 nobis

253 4163 453 4236 posuit
480 4162 712 4217 animam
761 4178 935 4220 suam.
965 4162 1083 4233 ipse
1110 4171 1290 4218 autem
1340 4162 1453 4217 ait:
1480 4159 1737 4234 Majorcm
1767 4161 1864 4215 hac

257 4252 599 4307 dilectio‘nem
629 4269 777 4308 nemo
820 4251 990 4321 habet,
1023 4270 1176 4323 quam
1220 4261 1284 4307 ut
1305 4253 1534 4307 animam
1560 4253 1676 4324 quis
1703 4260 1865 4322 ponat

256 4359 367 4416 pro
387 4341 569 4398 amicis
590 4342 907 4412 suis.(Joan.
939 4360 1028 4408 xv,
1074 4343 1186 4414 l5).
1224 4341 1489 4411 Quoniam
1532 4357 1662 4412 ergo
1707 4341 1864 4397 Chri-

256 4444 390 4492 stus
412 4449 512 4505 pro
550 4434 705 4490 nobis
747 4436 971 4490 caritate
1018 4444 1264 4491 mortuus
1310 4442 1573 4503 est,ocum
1622 4444 1867 4505 tempore

259 4525 524 4583 sacriﬁcii
553 4510 1126 4581 commemorationem
1153 4527 1344 4582 mortis
1365 4527 1483 4596 ejus
1512 4524 1737 4582 facimus
1767 4524 1861 4596 (al.

257 4619 585 4689 faciamus),
609 4621 890 4674 caritatem
921 4618 1076 4674 nobis
1100 4619 1260 4674 tribui
1284 4634 1382 4689 per
1416 4620 1705 4676 adventum
1742 4633 1866 4673 san-

1964 3698 2111 3753 tione
2141 3698 2411 3768 completa
2441 3698 2740 3766 ingressum
2784 3698 2837 3752 in
2891 3698 3203 3767 hortunt,,el
3256 3699 3436 3755 statim
3462 3698 3594 3755 ιυοη

1965 3788 2204 3844 decorum
2235 3790 2485 3844 manibus
2513 3789 2985 3860 comprehensum.
3012 3790 3265 3846 Attamen
3289 3799 3411 3862 post
3442 3808 3554 3847 eo:-

1964 3898 2089 3937 nam
2117 3882 2297 3953 inqua
2336 3883 2611 3954 discipulis
2647 3894 3045 3941 sacramentum
3086 3886 3168 3941 sui
3210 3886 3455 3958 corporis
3496 3897 3587 3943 et:-

1965 3977 2243 4047 sanguinis
2272 3977 2439 4044 dedit,
2474 3977 2632 4035 istam
2670 3993 2772 4049 pro
2816 3979 2927 4034 suis
2966 3978 3211 4041 ﬁdelibus
3250 3980 3589 4037 orationem».

1966 4070 2217 4126 Salvator
2261 4069 2486 4126 cﬂ‘udit:
2536 4071 2851 4141 ostendens,
2875 4072 2981 4128 hoc
3010 4087 3109 4145 nos
3144 4072 3378 4129 maxime
3402 4081 3563 4131 tem-

1968 4182 2101 4238 pore
2146 4165 2399 4222 sacrificii
2430 4181 2588 4222 orare
2629 4166 2850 4232 debere,
2885 4168 3029 4237 quod
3057 4167 3172 4237 ipse
3219 4164 3585 4222 sacriﬁcandi.

1967 4260 2206 4331 regulam
2229 4261 2583 4327 constituens,
2632 4261 2884 4331 dignatus
2921 4269 3006 4317 est
3034 4276 3272 4317 summus
3310 4259 3558 4316 Pontifex

1968 4351 2261 4423 postulare.
2307 4349 2423 4408 Hoc
2469 4360 2651 4407 autem
2706 4350 2850 4421 quod
2900 4351 3153 4421 petimus,
3202 4350 3365 4406 idest
3407 4357 3464 4405 ut
3507 4350 3558 4403 in

1967 4443 2130 4500 Patre
2159 4453 2216 4499 et
2246 4442 2382 4500 Filio
2412 4460 2575 4500 unum
2604 4443 2791 4507 simus,
2816 4459 2917 4513 per
2944 4444 3206 4498 unitatem
3237 4443 3422 4514 gratiae
3448 4442 3561 4512 spi—

1968 4536 2139 4592 ritalis
2150 4537 2443 4606 accipimus
2463 4579 2479 4605 ,
2501 4551 2661 4605 quam
2680 4551 2711 4590 a
2728 4536 2886 4591 nobis
2896 4537 3126 4593 sollicite
3142 4536 3345 4591 servari
3368 4535 3560 4591 beatus

1970 4626 2259 4698 Apostolus
2287 4624 2553 4697 praecipit,
2576 4624 2795 4681 dicens:
2847 4626 3222 4697 Suppertantes
3260 4626 3474 4679 invicem
3502 4626 3558 4678 in

257 4713 346 4770 cti
373 4712 605 4782 Spiritus
630 4710 965 4780 postulamus
1002 4728 1015 4763 :
1067 4710 1172 4765 hoc
1196 4710 1515 4780 suppliciter
1552 4719 1861 4777 exorantes,
1894 4720 1944 4779 D
1969 4721 2226 4784 caritate,
2248 4716 2472 4772 solliciti
2503 4733 2710 4771 servare
2757 4719 3008 4772 unitatem
3037 4719 3249 4789 spiritus
3278 4717 3331 4773 in
3361 4719 3562 4773 vinculo

259 4813 337 4860 ut
360 4820 457 4874 per
487 4803 656 4873 ipsam
687 4801 967 4857 caritatem
996 4815 1101 4870 qua
1141 4815 1239 4870 pro
1270 4799 1426 4855 nobis
1454 4800 1701 4856 Christus
1746 4816 1869 4855 cru-

259 4897 417 4966 cifigi
447 4894 698 4965 dignatus
718 4902 819 4959 est,
854 4908 954 4948 nos
981 4906 1198 4962 quoque
1226 4891 1400 4960 gratia
1436 4891 1607 4947 sancti
1635 4891 1869 4961 Spiritus

262 4995 528 5058 accepta,
560 4985 819 5041 mundum
849 4984 1163 5040 crucifixum
1195 4983 1414 5048 habere,
1445 4990 1501 5039 et
1524 4981 1728 5038 mundo
1745 4998 1868 5038 cru-

264 5078 421 5146 citigi
448 5077 743 5147 possimus:
770 5075 1149 5145 imitantesqpe
1176 5074 1388 5130 Domini
1419 5074 1589 5130 nostri
1615 5083 1866 5140 mortem,

265 5170 419 5227 sicut
446 5168 693 5224 Clinistus
714 5167 858 5239 quod
888 5175 1119 5221 mortuus
1159 5174 1251 5220 est.
1263 5174 1495 5237 peccato,
1535 5174 1766 5220 mortuus
1789 5175 1868 5220 est

267 5263 466 5327 sanet;
488 5261 623 5334 quod
641 5261 1117 5328 autentvitvitrvivit
1143 5258 1453 5331 Dea(Rom.
1470 5275 1543 5323 vt,
1567 5258 1679 5326 10),
1705 5259 1867 5314 etiam

267 5368 382 5409 nos
411 5354 466 5407 in
506 5353 749 5407 novitate
777 5351 901 5405 vitae
927 5350 1265 5407 ambulemus
1308 5349 1378 5421 (υ.
1410 5350 1497 5421 4);
1545 5357 1601 5405 et
1647 5364 1869 5404 munere

269 5444 523 5501 caritatis
551 5451 796 5514 accepto,
821 5443 1113 5497 moriamur
1141 5450 1470 5513 peecato,.et
1486 5443 1726 5497 vivamus
1755 5443 1874 5498 Deo

269 5536 357 5606 (υ.
384 5534 492 5605 ll).
516 5534 721 5589 Caritas
740 5532 992 5587 enimDei
1014 5533 1209 5603 diffusa
1232 5543 1307 5589 est
1334 5534 1390 5588 in
1418 5532 1657 5589 cordibus
1675 5538 1895 5590 nostris.

268 5642 375 5697 per
396 5626 651 5699 Spiritum
674 5635 928 5689 sanctum,
955 5628 1040 5697 qui
1063 5625 1216 5680 datus
1244 5634 1320 5680 est
1338 5625 1484 5680 nobis
1510 5625 1685 5697 (Rom.
1704 5643 1754 5692 v,
1782 5626 1859 5699 5).

268 5716 417 5773 Nam
446 5726 504 5774 et
549 5718 663 5789 ipse
703 5717 1045 5789 participatio
1073 5718 1317 5787 corporis
1356 5725 1412 5773 et
1456 5719 1731 5787 sanguinis
1759 5719 1889 5775 Do-—

269 5811 436 5879 mini,
459 5826 582 5868 cum
608 5810 726 5881 ejus
753 5824 946 5880 panem
974 5808 1377 5874 manducamus,
1407 5817 1463 5864 et
1505 5808 1726 5865 calicem
1780 5809 1862 5866 δίει

270 5901 491 5968 bimus,
548 5902 653 5958 hoc
708 5901 891 5970 utique
935 5900 1090 5967 nobis
1138 5899 1404 5964 insinuat,
1444 5907 1547 5953 .ut‘
1573 5899 1897 5955 moriamur-.-

271 5992 509 6059 sstundo,
540 6001 601 6050 et
643 5992 807 6049 vitam
858 5998 1095 6048 nostram
1146 5989 1513 6047 absconditam
1571 5989 1864 6048 habeamus

1972 4808 2139 4877 pacis.
2170 4804 2409 4861 Petimus
2429 4819 2558 4874 ergo
2582 4814 2642 4861 ut
2671 4805 2906 4878 Spiritus
2952 4817 3172 4863 sanctus
3197 4808 3397 4874 veniat,
3452 4825 3576 4863 non.

1974 4896 2266 4952 secundum
2295 4896 2651 4951 substantiam
2694 4898 2968 4953 immensa:
2994 4898 3307 4962 divinitatis,
3354 4900 3447 4955 sed
3476 4917 3569 4955 εις-ς

1973 4984 2205 5039 cundum
2236 4984 2433 5038 donum
2466 4984 2752 5042 individua:
2794 4987 3054 5043 caritatis.
3093 4989 3224 5043 Nam
3267 4990 3310 5046 si
3342 4989 3407 5045 de
3437 4990 3580 5044 loco.

1973 5075 2041 5129 ad
2068 5075 2242 5130 locum
2273 5074 2555 5131 existimas
2581 5077 2763 5132 venire
2791 5077 3047 5148 Spiritum
3077 5091 3341 5143 sanctum,
3365 5095 3562 5135 conse-

1973 5182 2142 5235 quens
2167 5173 2251 5222 est
2292 5174 2349 5220 ut
2376 5166 2539 5221 etiam
2571 5165 2746 5223 Patris
2774 5179 2830 5223 et
2871 5168 2991 5223 Filii
3020 5169 3087 5224 de
3117 5169 3236 5224 loco
3266 5170 3334 5223 ad
3380 5170 3558 5225 locum

1970 5257 2187 5315 fatearis
2215 5258 2524 5315 adventum.
2558 5259 2649 5315 Ait
2675 5261 2819 5316 enim
2846 5260 2939 5315 Dei
2970 5260 3174 5315 Filius:
3206 5261 3265 5316 Si
3293 5264 3405 5333 quis
3437 5261 3562 5316 diti-

1970 5350 2045 5421 git
2070 5366 2172 5417 me,
2190 5366 2482 5406 sermonem
2502 5367 2673 5405 neeum
2700 5349 2945 5417 servabit,
2977 5359 3025 5404 et
3058 5349 3224 5405 Pater
3251 5367 3392 5405 meus
3432 5351 3560 5406 dili-

1968 5454 2053 5515 get
2077 5460 2214 5507 eunt,
2244 5453 2294 5499 et
2316 5445 2386 5499 ad
2411 5461 2525 5499 cum
2555 5444 2830 5510 veniemus,
2858 5456 2909 5499 et
2935 5446 3258 5501 mansionem
3287 5446 3424 5518 apud
3443 5463 3565 5501 cum

1972 5536 2227 5606 faciemus
2251 5534 2431 5607 (Joan.
2454 5551 2571 5601 .xsv,
2603 5533 2719 5604 25).
2756 5534 2988 5591 Veniunt
3016 5537 3197 5605 itaque
3218 5534 3379 5592 Pater
3399 5536 3562 5591 θινὶ-
3590 5576 3591 5579 η

1971 5624 2075 5679 lius
2111 5626 2181 5681 ad
2207 5625 2524 5681 dilectorem
2571 5640 2749 5691 suum,
2781 5626 2871 5697 qui
2903 5634 3082 5682 tamen
3126 5642 3233 5681 non
3266 5625 3563 5694 diligunt-tr

1973 5719 2076 5774 nisi
2103 5718 2175 5774 ab
2200 5733 2266 5774 eo
2291 5718 2345 5773 iu
2366 5732 2478 5786 quo
2499 5717 2746 5775 habitare
2769 5719 3075 5787 dignantur.
3108 5717 3249 5773 Deus
3286 5718 3429 5774 enim
3461 5732 3556 5772 cso-

1972 5808 2100 5863 rt'tas
2118 5818 2197 5885 est
2225 5805 2279 5879 (Ι
2304 5806 2463 5862 Joan.
2502 5825 2571 5874 tv,
2602 5807 2658 5881 8)
2686 5827 2698 5863 :
2728 5809 2872 5868 Deus
2911 5820 3089 5867 autent
3118 5810 3357 5870 caritate
3381 5809 3556 5878 diligi»

1974 5909 2094 5954 tur:
2139 5909 2267 5955 tunc
2314 5914 2445 5969 ergo
2487 5900 2904 5974 Deusdiligitur
2939 5920 3064 5960 cum
3112 5902 3357 5959 habetur.
3403 5902 3554 5959 Sicut

1973 5992 2115 6048 enim
2136 5992 2346 6061 oculus,
2371 5993 2474 6050 nisi
2507 5986 2679 6053 lucem
2712 5998 3003 6068 acceperit,
3035 5997 3209 6069 ipsam
3255 5996 3427 6052 lucem
3456 6009 3550 6066 pe-
