4046 6506
642 426 733 483 791
1677 442 1733 500 S.
1776 440 2136 499 FULGENTII
2166 440 2481 499 EPISCOPI
2525 441 2890 500 RUSPENSIS
3752 450 3823 511 792

640 541 781 594 nitus
812 534 919 597 non
950 544 1183 614 videbit;
1217 549 1291 604 ita
1339 550 1480 606 Deus
1518 560 1643 607 tunc
1669 553 1855 624 incipit
1893 555 1960 609 ab
2002 556 2219 613 homine
2247 557 2300 617 Λ
2324 556 2554 627 Spiritus
2579 558 2750 613 sancti
2780 550 3173 626 cognoscantur
3197 557 3313 626 ejus
3333 574 3544 616 nomine
3570 578 3822 636 nuncupata.

637 631 808 704 diligi,
835 652 955 691 cum
985 638 1152 697 homo
1190 646 1417 713 cmperit
1457 660 1486 699 a
1532 645 1759 702 Domino
1793 650 2015 704 visitari.
2074 651 2219 717 Quo-

636 726 800 781 modo
826 744 957 799 ergo
988 732 1055 787 ad
1078 734 1395 792 dilectorem
1423 755 1578 794 suum
1606 742 1831 798 veniunt
1858 741 2019 800 Pater
2048 753 2104 800 et
2124 744 2216 800 Fi-

634 814 759 877 lius.
793 834 951 888 aquo
998 822 1144 893 diligi
1180 842 1286 881 non
1324 827 1487 900 620
1516 841 1757 901 possent,
1804 836 1846 890 si
1895 836 1946 890 iu
1996 851 2064 891 eo
2108 853 2217 891 non

626 917 846 979 essent;
871 910 970 967 nisi
992 913 1120 991 quia,
1144 914 1304 984 digne
1323 920 1507 974 venire
1536 919 1810 991 dicuntur,
1840 940 1960 978 cum
1988 927 2214 993 gratiam

635 1012 797 1065 quam
824 999 1045 1067 donant,
1092 1004 1425 1063 incremento
1465 1010 1736 1080 profectus
1782 1013 2019 1069 melioris
2066 1032 2217 1070 accu-

632 1087 875 1142 mulant?
906 1089 1135 1153 Veniunt
1172 1108 1301 1163 ergo
1331 1096 1397 1151 ad
1426 1098 1740 1155 dilectorem
1781 1117 1956 1165 suum,
1989 1120 2097 1158 non
2126 1121 2216 1161 ac-

630 1179 875 1235 cedendo
904 1182 971 1236 ad
1001 1183 1274 1241 hominem
1298 1187 1350 1242 in
1380 1204 1488 1259 quo
1504 1190 1615 1259 jam
1644 1202 1819 1260 erant,
1848 1195 1942 1249 sed
1970 1197 2213 1265 augendo

629 1270 684 1328 in
707 1269 923 1329 homine
951 1273 1091 1330 dona
1120 1291 1215 1331 sua
1240 1293 1359 1349 qua:
1379 1280 1664 1336 dederant.
1695 1283 1784 1339 Sic
1811 1293 1866 1339 et
1885 1284 2113 1356 Spiritus
2132 1287 2213 1342 di-

624 1361 764 1415 citur
789 1364 986 1443 venire,
1011 1365 1135 1420 dum
1159 1383 1190 1421 a
1219 1367 1465 1425 ﬁdelibus
1486 1372 1749 1443 poscitur,
1776 1375 1990 1445 quando
2013 1377 2211 1432 donum

623 1455 868 1509 caritatis
910 1466 965 1537 et
1012 1461 1405 1532 unanimitatis,
1449 1465 1533 1520 vel
1568 1466 1833 1532 conferre,
1876 1470 1969 1524 ‘vel
2015 1486 2212 1539 augere

618 1533 889 1614 dignatur.
925 1534 978 1602 lu
1010 1566 1118 1620 quo
1148 1568 1370 1609 munere
1399 1556 1687 1626 przecipue,
1719 1566 1791 1620 et,
1825 1568 1882 1613 ut
1912 1561 1981 1613 ita
2012 1533 2205 1625 dicam,

619 1639 835 1709 proprie
857 1644 1201 1711 cognoscitur
1218 1644 1448 1716 Spiritus
1470 1657 1705 1704 sanctus.
1737 1647 1917 1705 Potest
1942 1651 2082 1704 enim
2105 1652 2210 1706 alia

620 1731 872 1797 quiulibet
902 1749 998 1803 per
1019 1736 1469 1807 omnipotentiam
1498 1739 1722 1805 donare,
1750 1750 1804 1796 et
1829 1742 1943 1812 ipse
1970 1759 2067 1815 per
2088 1759 2209 1814 gra-

614 1812 750 1873 tiam
780 1836 883 1875 non
906 1823 1095 1880 adesse
1115 1841 1202 1881 :se
1224 1835 1403 1883 autem
1430 1829 1603 1898 ipsum
1627 1812 2069 1903 demonstratper
2091 1812 2210 1903 gra»

2322 646 2575 716 Legimus
2600 649 2741 703 enim
2772 648 3024 717 quoniam
3052 663 3173 703 cum
3203 658 3344 703 esset
3366 660 3578 705 sanctus
3604 650 3751 712 Helias
3773 661 3823 713 le-

2318 739 2524 813 vandus
2554 740 2605 793 in
2635 739 2853 801 cmlum,
2878 739 3013 794 dixit
3034 737 3261 795 Helismo
3280 749 3339 794 ut
3360 742 3502 811 quod
3529 744 3669 799 vellet
3691 761 3824 816 postu-

2316 810 2475 893 laret,
2501 832 2807 900 priusquam
2859 831 3139 885 tolleretur
3190 831 3256 885 ab
3302 810 3391 886 eo.
3441 831 3675 892 Helisaeus
3697 848 3823 896 autem

2318 922 2393 975 ait
2441 938 2453 973 :
2503 920 2728 975 Obsecro
2769 930 2825 973 ut
2862 921 2956 990 ﬁat
3002 921 3192 990 duplex
3233 922 3447 992 spiritus
3476 932 3582 978 tuus
3605 926 3822 1001 intueUV

2320 1008 2449 1081 Reg.
2472 1026 2527 1074 ιι,
2560 1010 2636 1079 9).
2672 1008 2770 1065 Ubi
2802 1011 2986 1079 utique
3014 1011 3260 1080 spiritale
3288 1011 3491 1066 donum
3518 1014 3727 1073 videmus
3747 1023 3822 1090 spi.

2316 1101 2452 1155 ritus
2499 1101 2715 1156 nomine
2761 1110 3145 1172 nuncupatum.
3170 1102 3304 1156 Nam
3343 1103 3433 1158 illa
3473 1104 3680 1176 Spiritus
3700 1114 3821 1167 sancti

2314 1190 2541 1260 simplex
2590 1198 2796 1253 natura.
2830 1192 2883 1246 in
2929 1192 3103 1261 seipsa
3136 1193 3293 1264 (sicut
3317 1203 3401 1247 est
3428 1194 3576 1263 plena
3597 1212 3769 1268 semper
3786 1212 3822 1256 et

2314 1280 2761 1335 incommutabilis
2790 1284 3034 1351 manens)
3068 1297 3165 1337 nec
3191 1283 3467 1349 minuitur,
3502 1301 3594 1341 nec
3637 1301 3816 1359 augetur.

2318 1369 2496 1426 Dictus
2516 1380 2599 1426 est
2622 1370 2837 1440 quidem
2869 1371 2921 1425 in
2951 1371 3088 1427 libro
3125 1374 3419 1442 Sapientiae
3454 1392 3467 1426 :
3501 1374 3700 1445 Spiritus
3732 1397 3817 1434 saa-

2314 1472 2447 1528 ctus,
2483 1465 2683 1528 unicus,
2728 1465 2998 1535 multiplex
3036 1465 3191 1537 (Sap.
3226 1483 3316 1533 vn,
3349 1465 3460 1536 22).
3494 1467 3595 1523 Sed
3616 1470 3819 1541 hocquod

2312 1552 2590 1623 multiplex
2616 1553 2829 1620 dicitur,
2873 1571 2979 1610 non
3022 1555 3075 1610 in
3113 1556 3312 1625 seipso,
3346 1557 3440 1612 sed
3485 1559 3532 1611 in
3561 1560 3659 1614 suis
3682 1578 3816 1617 mune-

2308 1626 2457 1696 ribus
2486 1638 2773 1699 invenitur.
2801 1643 2891 1700 Sic
2916 1653 3096 1699 autem
3134 1644 3330 1701 dicitur
3353 1646 3405 1700 in
3434 1650 3679 1705 veteribus
3713 1651 3817 1710 libris

2311 1730 2587 1801 multiplex
2643 1730 2874 1802 Spiritus
2920 1732 3034 1799 Dei,
3058 1733 3192 1787 sicut
3224 1733 3275 1785 in
3305 1735 3608 1805 apostolicis
3634 1736 3818 1806 Epistolis

2310 1820 2641 1892 multiformis
2665 1825 2923 1887 sapientia
2943 1823 3043 1878 Dei
3073 1823 3289 1897 (Ep/tes.
3315 1843 3391 1890 ιιι,
3423 1826 3507 1895 l0)
3531 1846 3545 1879 ε
3565 1843 3667 1897 qua:
3693 1840 3815 1887 tamen

620 1911 750 1965 tiam
781 1924 1121 1982 ρπ-ωεεηιειη,
1154 1919 1368 1987 quando
1413 1921 1601 1976 ιιιίιωίι
1625 1923 1928 1979 cal-(mem,
1961 1923 2112 1981 unde
2159 1927 2201 1981 εί
2238 1929 2282 1988 Β
2311 1928 2418 1967 non
2446 1913 2500 1967 in
2523 1913 2722 1984 seipsa,
2746 1913 2840 1968 sed
2864 1914 2913 1967 in
2936 1915 3047 1972 suis
3069 1925 3151 1970 est
3180 1917 3513 1985 largitatibus
3534 1920 3816 1979 multiformis.

616 1994 816 2068 linguis
862 2002 1139 2061 hominum
1181 2010 1465 2079 quisquam
1495 2011 1748 2083 loquatur
1782 2023 1832 2069 et
1873 2016 2205 2085 angelorum,

614 2086 905 2148 caritatem
936 2106 1114 2152 autem
1142 2115 1249 2154 non
1292 2101 1512 2166 habeat,
1554 2102 1641 2159 fiet
1681 2105 1825 2159 velut
1856 2115 2207 2161 :uramentum

612 2177 844 2259 :sonans,
878 2190 972 2241 :i‘ut
999 2190 1300 2260 cymbalum
1343 2193 1606 2260 tinnicns;
1633 2205 1688 2251 et
1715 2198 1759 2251 si
1802 2198 2048 2254 habuerit
2084 2216 2210 2270 pro-

623 2276 884 2345 phetiam,
915 2286 968 2333 et
989 2282 1197 2336 noverit
1226 2285 1476 2355 mysteria
1493 2288 1692 2351 omnia,
1718 2296 1774 2344 ct
1797 2304 2011 2345 onmem
2036 2292 2210 2346 scien-

620 2367 787 2435 tiam;
838 2378 893 2424 et
936 2371 981 2425 si
1031 2370 1282 2428 habuerit
1314 2391 1528 2432 omnem
1561 2377 1737 2445 ﬁdem,
1786 2380 1859 2434 ita
1902 2390 1959 2436 ut
2000 2391 2210 2439 montes

623 2457 941 2525 transferat.
968 2465 1250 2520 caritatem
1291 2476 1470 2523 autem
1519 2486 1624 2525 non
1647 2471 1865 2531 habeat.
1896 2474 2048 2551 ‘nihil
2086 2487 2205 2541 est;

620 2558 676 2605 et
701 2551 746 2605 si
779 2551 1110 2610 distribuerit
1139 2555 1192 2610 in
1213 2556 1363 2630 cibos
1393 2574 1688 2630 pauperum
1715 2578 1903 2619 omnes
1930 2562 2208 2621 facultates

619 2640 764 2708 suas,
790 2650 845 2696 et
866 2633 1145 2700 tradiderit
1173 2624 1372 2717 cbrpus
1394 2624 1562 2705 suum
1593 2660 1651 2705 ut
1690 2657 1896 2720 ardeat,
1927 2655 2205 2711 caritatem

621 2740 804 2787 autem
832 2748 939 2789 non
969 2735 1186 2804 habeat,
1217 2739 1349 2794 nihil
1378 2741 1426 2796 ei
1463 2742 1683 2812 prodest
1714 2743 1765 2814 (Ι
1789 2743 1910 2801 Cor.
1956 2730 1997 2801 ᾖ
2013 2763 2068 2813 ιι,
2108 2750 2123 2802 l
2158 2758 2207 2803 et

618 2823 774 2895 seq.).
807 2823 937 2892 Quis
963 2835 1142 2881 autem
1182 2829 1268 2883 illa
1309 2832 1487 2886 omnia
1522 2843 1681 2902 neget
1708 2834 1846 2890 dona
1876 2852 1995 2892 esse
2034 2838 2207 2909 Spiri-

616 2924 702 2970 tus
727 2917 920 2983 saneti,
944 2934 1063 2974 cum
1085 2934 1152 2974 ea
1173 2936 1270 2991 per
1292 2922 1550 2994 Spiritum
1576 2926 1692 2979 dari
1722 2934 1949 2982 testetur
1975 2929 2206 3001 Aposto-

615 3005 736 3061 lus?
763 3006 869 3063 Sed
893 3000 1024 3065 nihil
1046 3011 1239 3066 horum
1273 3015 1491 3084 prodest
1519 3017 1606 3071 ubi
1633 3018 1827 3074 caritas
1848 3036 1955 3076 non
1980 3030 2083 3076 est.
2113 3021 2204 3078 illa

612 3097 757 3152 enim
784 3099 964 3154 omnia
987 3100 1079 3155 dat
1108 3100 1343 3173 Spiritus
1372 3113 1612 3171 sanctus,
1639 3108 1800 3162 etiam
1846 3110 1948 3165 illis
1988 3111 2039 3165 in
2081 3113 2199 3181 qui-

612 3188 713 3245 bus
742 3191 857 3261 ipse
888 3209 992 3247 non
1025 3193 1261 3261 habitat;
1292 3197 1359 3250 ab
1382 3197 1485 3251 illis
1502 3209 1680 3253 autem
1706 3200 1896 3268 quibus
1925 3204 2201 3257 caritatem

612 3282 800 3337 tribuit
820 3300 926 3339 non
952 3285 1174 3340 recedit.
1206 3287 1402 3343 Sancta
1435 3304 1564 3358 ergo
1591 3289 1847 3358 Ecclesia,
1879 3294 2002 3349 dum
2035 3297 2085 3351 in
2116 3312 2199 3351 sa-
2228 3309 2273 3371 ρ

612 3370 818 3428 oriﬁcio
848 3376 1093 3444 corporis
1120 3384 1173 3430 et
1198 3378 1472 3446 sanguinis
1498 3379 1720 3448 Christi,
1753 3385 1891 3438 mitti
1934 3386 2032 3440 sibi
2070 3402 2195 3456 prc—

604 3451 766 3517 catur
792 3463 1051 3534 Spiritum
1074 3476 1343 3533 sanctum,
1374 3469 1573 3525 donum
1623 3474 1858 3543 postulat
1902 3451 2088 3545 utique
2115 3494 2201 3532 ca-

610 3553 810 3623 ritatis,
827 3569 935 3624 quo
956 3572 1174 3612 servare
1197 3560 1365 3629 possit
1397 3561 1652 3617 unitatem
1669 3564 1888 3634 spiritus
1910 3565 1961 3619 in
1984 3567 2197 3623 vinculo

611 3643 760 3713 pacis
791 3643 1005 3717 (Ep/tes.
1033 3664 1105 3715 IV,
1135 3647 1221 3719 5):
1252 3660 1301 3705 et
1332 3652 1454 3722 quia
1479 3653 1735 3723 scriptum
1766 3663 1877 3710 est:
1918 3655 2103 3711 Valida
2121 3669 2198 3713 est

613 3735 746 3789 sicut
770 3752 908 3790 mors
934 3738 1140 3796 dilectio
1173 3739 1347 3810 (Cant.
1383 3760 1494 3808 \‘lll,
1528 3744 1603 3817 6),
1637 3746 1702 3800 ad
1730 3748 2196 3806 mortilicationem

608 3831 975 3887 membrorum
1001 3848 1121 3903 qua:
1163 3845 1288 3889 stmt
1330 3852 1493 3908 super
1524 3846 1747 3907 terram,
1786 3840 1929 3894 illam
1958 3842 2197 3911 postulat

607 3920 911 3988 caritatem,
954 3942 1051 3999 per
1082 3930 1242 3998 quam
1275 3946 1373 4000 pro
1413 3946 1471 3986 se
1514 3933 1682 4002 gratis
1722 3926 1992 3989 mortuum
2040 3952 2193 3992 suum

607 4020 850 4074 meminit
880 4019 1315 4093 Redemptorem.
1342 4021 1650 4081 Sanctiﬁcat
1672 4026 1853 4096 itaque
1874 4026 2194 4084 sacrificium

602 4107 861 4167 Ecclesiae
888 4113 1168 4169 catholica:
1212 4114 1440 4186 Spiritus
1469 4125 1721 4172 sanctus:
1759 4127 1811 4172 et
1842 4117 1962 4173 ideo
2001 4120 2053 4174 in
2094 4120 2196 4176 lile

606 4209 664 4254 et
689 4202 915 4257 caritate
942 4204 1169 4275 populus
1191 4214 1471 4276 permanet
1494 4208 1848 4275 Christianus,
1875 4210 2000 4265 dum
2032 4228 2195 4267 unus-

608 4291 837 4361 quisque
884 4290 1142 4363 lidelium,
1172 4311 1268 4366 per
1308 4296 1508 4351 donum
1548 4300 1721 4354 sancti
1773 4299 2023 4371 Spiritus,
2076 4301 2195 4357 ideo

608 4380 766 4451 digne
788 4398 983 4454 corpus
1003 4394 1059 4441 et
1078 4389 1393 4457 sanguinem
1422 4389 1633 4444 Domini
1655 4393 1940 4448 manducat
1963 4402 2014 4447 et
2042 4393 2193 4461 bibit,

602 4471 733 4546 quia
764 4485 818 4532 et
839 4489 1040 4534 rectam
1071 4488 1218 4537 tenet
1245 4482 1313 4537 de
1343 4482 1452 4536 Deo
1500 4499 1596 4538 suo
1636 4482 1814 4549 ﬁdem,
1847 4495 1900 4539 et
1947 4486 2083 4539 bene
2126 4485 2199 4540 vi-

609 4566 783 4624 vendo
811 4583 915 4624 non
943 4569 1142 4625 deserit
1174 4568 1525 4627 ecclesiastici
1557 4588 1742 4644 corpm
1758 4574 1802 4628 is
1823 4576 2100 4629 unitatem.

955 4662 1112 4733 621
1140 4651 1617 4718 FRAGMENTUM
1657 4663 1840 4719 XXIX.

609 4749 675 4804 In
692 4752 1240 4827 fontis_bettedictione
1267 4757 1662 4827 curirostuletur
1693 4755 1919 4827 Spiritus
1947 4768 2176 4812 sanctus.

731 4821 818 4874 uid
854 4820 1032 4896 Helia:
1075 4825 1291 4896 spiri’us
1333 4824 1703 4896 duplex;quid
1736 4820 1959 4894 'spiritus
2010 4828 2182 4880 multi-

678 4893 985 4964 plexhquid
1013 4895 1065 4947 in
1088 4895 1397 4963 Apocalypsi
1436 4893 1627 4963 septeni
1655 4893 1868 4964 spiritus
1889 4906 2008 4950 ante
2036 4897 2181 4951 thro-

678 4979 801 5016 num
838 4961 953 5034 Qui.
991 4964 1219 5034 Spiritus
1248 4961 1456 5018 sanctus
1484 4961 1560 5019 est
1588 4961 1792 5020 arbitrii
1816 4968 1918 5022 sui.
1952 4965 2089 5032 Quid
2116 4969 2181 5021 sit

681 5030 1094 5105 inittiFilium'a
1122 5032 1303 5105 Patre,
1342 5035 1465 5105 quid
1490 5037 1622 5088 mitti
1668 5053 1700 5089 a
1750 5037 1907 5091 Patre
1943 5030 1991 5091 et
2040 5036 2182 5092 Filio

584 5098 607 5115 ”
651 5102 931 5172 Spiritum
959 5114 1208 5157 sauctmu.
1249 5098 1412 5157 Filius
1438 5116 1489 5157 ut
1514 5107 1681 5171 homo,
1715 5108 1901 5161 missus
1924 5116 2050 5161 esta
2088 5108 2184 5159 l'a-

681 5183 758 5227 tre
785 5180 835 5227 et
862 5192 893 5226 (ι
924 5173 1126 5244 Spiritu
1155 5185 1352 5227 sancto.
2069 5209 2073 5213 ’

679 5263 747 5318 Et
772 5264 826 5318 in
855 5264 1019 5320 fontis
1048 5266 1229 5334 itaque
1262 5266 1633 5321 benedictione
1660 5282 1766 5321 non
1804 5269 1884 5323 sic
1920 5268 2060 5322 mitti
2091 5283 2185 5337 pe-

604 5356 771 5409 timus
789 5354 1041 5424 Spiritum
1070 5364 1315 5411 sanctutn
1370 5366 1623 5426 tanquam
1653 5358 1880 5413 localem
1936 5359 2052 5428 eius
2091 5375 2190 5428 po-

607 5461 825 5501 scamus
848 5448 1166 5515 adventnm;
1190 5450 1283 5505 sed
1311 5450 1363 5503 in
1391 5450 1500 5505 Deo
1533 5450 1690 5505 Patre
1717 5450 1950 5506 scientes
1963 5451 2193 5522 Spiritus

602 5538 780 5593 sancti
810 5539 1123 5595 naturaliter
1168 5555 1287 5596 esse
1330 5542 1610 5610 originem,
1639 5542 1705 5596 ab
1734 5542 1864 5611 ipso
1892 5540 2006 5596 Deo
2033 5541 2192 5597 Patre

609 5629 862 5698 spiritalis
883 5628 1017 5694 doni,
1031 5631 1298 5699 poscimus
1325 5632 1648 5700 largitatem.
1677 5631 1892 5686 nomine
1917 5628 2034 5699 ejus
2059 5647 2195 5686 nun-

610 5730 868 5790 cupantes
885 5721 1024 5777 dona
1053 5721 1206 5790 ejus;
1236 5723 1379 5792 quod
1407 5740 1508 5777 non
1539 5725 1653 5779 sine
1679 5730 1879 5779 sancta:
1905 5722 2193 5793 Scriptum

612 5813 931 5867 auctoritate
965 5812 1210 5869 facimus.
1239 5813 1376 5868 Sunt
1408 5816 1548 5867 eiiim
1594 5816 1784 5869 horum
1808 5814 2192 5870 vocabulorum

615 5903 842 5974 plurima
872 5905 935 5957 in.
953 5905 1224 5959 canonicis
1255 5906 1400 5959 libris
1431 5907 1706 5975 exempla,
1734 5906 1787 5959 in
1835 5905 2027 5975 quibus
2055 5904 2192 5961 dona

2222 4684 2275 4742 D

2310 1997 2463 2065 Quod
2512 2000 2938 2057 manifestissime
2986 2003 3173 2059 beatus
3224 2004 3419 2061 Petrus
3446 2010 3715 2075 ostendens,
3739 2016 3815 2067 ait:

2315 2087 2673 2161 Unusquisque
2716 2094 2917 2159 qualem
2969 2096 3165 2163 accepit
3206 2082 3455 2167 gratiam,
3484 2101 3607 2153 inter
3644 2119 3713 2155 ros
3740 2122 3817 2157 eam

2312 2181 2678 2245 ministrantes,
2710 2183 2842 2234 sicut
2869 2184 2987 2236 boni
3009 2184 3394 2254 dispensatores
3422 2189 3717 2260 multiformis
3731 2209 3815 2262 gra-

2313 2274 2397 2327 tia!
2422 2271 2515 2327 Dei
2548 2273 2597 2343 (1
2632 2274 2770 2327 Petr.
2806 2292 2876 2339 iv,
2909 2274 3018 2347 10).
3055 2274 3167 2331 Una
3221 2286 3306 2332 est
3353 2279 3533 2349 itaque
3559 2282 3815 2351 simplexque

2309 2372 2499 2417 natura
2559 2361 2729 2417 Patris
2770 2372 2824 2418 et
2862 2363 2980 2419 Filii
3023 2374 3077 2420 et
3123 2365 3356 2437 Spiritus
3382 2371 3814 2434 sancti;secunilum

2309 2467 2470 2522 quam
2503 2463 2769 2519 naturam,
2801 2455 3029 2526 simplex
3059 2466 3142 2512 est
3162 2467 3216 2513 et
3234 2457 3513 2529 Sapientia
3537 2462 3640 2525 Dei,
3665 2474 3707 2516 et
3729 2464 3810 2533 5ρὶ-

2309 2549 2443 2603 ritus
2474 2547 2585 2602 Dei.
2616 2548 2877 2604 Habentes
2909 2561 3079 2605 autem
3118 2552 3427 2609 donationes
3464 2557 3707 2610 secundum
3729 2576 3813 2629 gra-

2310 2640 2435 2692 tiam
2475 2655 2589 2710 qua:
2624 2640 2749 2694 data
2799 2650 2875 2695 est
2930 2641 3075 2696 nobis
3115 2644 3415 2713 diﬂ’erentes
3452 2647 3616 2716 (Rom.
3656 2666 3729 2715 xu,
3760 2650 3812 2714 8),

2308 2728 2637 2799 Sapientiam
2669 2731 2761 2787 Dei
2792 2742 2843 2787 et
2873 2733 3127 2804 Spiritum
3160 2735 3281 2800 Dei,
3310 2752 3471 2807 quem
3500 2740 3548 2792 in
3576 2756 3657 2794 sua
3682 2751 3815 2795 natura

2309 2820 2604 2890 simplicem
2631 2823 2899 2889 novimus,
2918 2827 2969 2879 in
2986 2827 3096 2881 suis
3115 2827 3501 2884 multiformem
3517 2831 3816 2887 domtionibus

2308 2913 2626 2970 invenimus.
2660 2915 2893 2987 Spiritus
2941 2926 3120 2974 autem
3173 2922 3399 2976 nomine
3441 2923 3571 2977 dona
3612 2923 3812 2992 spiritalia

2306 3001 2497 3057 beatus
2546 3021 2761 3077 quoque
2799 3006 3035 3064 Joannes
3085 3009 3136 3064 in
3177 3011 3500 3084 Apocalypsi
3538 3030 3808 3082 nuucupans,

2307 3092 2379 3147 ait
2404 3111 2415 3145 :
2445 3092 2677 3149 Joannes
2701 3107 2892 3168 septem
2913 3096 3157 3153 Ecclesiis
3179 3118 3290 3172 qua:
3311 3112 3438 3156 sunt
3465 3104 3515 3157 in
3531 3104 3641 3156 Asia
3662 3120 3678 3157 :
3692 3105 3812 3174 gratis

2305 3184 2444 3240 vobis
2472 3195 2521 3240 et
2553 3204 2658 3258 pax
2681 3188 2744 3242 ab
2778 3205 2836 3243 eo
2876 3191 2962 3262 qui
2981 3199 3076 3255 est,
3100 3204 3149 3245 et
3177 3195 3260 3265 qui
3303 3206 3441 3259 erat,
3465 3205 3511 3249 et
3537 3197 3615 3266 qui
3632 3205 3808 3250 venturus

2304 3287 2401 3342 est,
2423 3288 2473 3333 et
2498 3296 2531 3332 ιι
2570 3290 2758 3350 septem
2797 3283 3058 3353 spiritibus
3099 3285 3256 3355 quiin
3286 3299 3554 3352 conspectu
3576 3287 3717 3348 throni
3731 3287 3807 3356 ejus

2302 3380 2423 3427 sunt
2447 3373 2629 3445 (Apoc.
2667 3390 2703 3438 ι,
2738 3373 2815 3445 4).
2845 3374 2944 3431 Hic
2974 3377 3156 3446 utique
3195 3387 3406 3448 septem
3443 3380 3643 3451 Spiritus
3659 3379 3807 3443 dicens,

2302 3477 2464 3515 unum
2500 3460 2755 3532 Spiritum
2802 3464 3127 3535 septiformis
3164 3468 3350 3537 gratim
3380 3469 3664 3537 largitorem
3688 3466 3809 3521 voluit

2300 3553 2558 3622 intelligi;
2597 3570 2755 3624 quem
2812 3555 2975 3611 Isaias
3022 3556 3281 3629 Spiritum
3324 3561 3593 3631 sapientim
3628 3568 3674 3615 et
3704 3558 3809 3613 intel-

2298 3642 2501 3709 lectus,
2555 3645 2812 3723 Spiritum
2864 3649 3073 3704 consdii
3130 3659 3184 3704 et
3237 3649 3806 3719 fortitudinis,Spiritum

2298 3724 2537 3789 Scientize
2581 3744 2634 3790 et
2677 3735 2911 3806 pietatis,
2942 3747 2996 3794 et
3022 3737 3277 3809 Spiritum
3301 3742 3509 3797 timoris
3536 3741 3618 3797 Dei
3644 3739 3748 3810 (Ita.
3768 3755 3805 3801 ll,

2300 3823 2409 3891 ιε),
2460 3825 2623 3903 ipsius
2671 3826 2839 3896 gratia
2890 3827 3219 3885 illuminatus
3271 3832 3509 3901 agnovit.
3564 3830 3807 3897 Ubicunque

2296 3916 2461 3984 igitur
2484 3918 2646 3989 622
2676 3916 2727 3971 in
2759 3917 3084 3990 Apocalypsi
3113 3920 3254 3975 beati
3280 3920 3507 3977 Joannis
3526 3930 3702 3992 septem
3722 3919 3802 3989 spi-

2296 4005 2432 4061 ritus
2461 4007 2828 4072 nominantur,
2860 4016 3068 4080 septem
3099 4010 3240 4065 dona
3267 4013 3428 4067 unius
3449 4013 3661 4083 Spiritus
3679 4008 3803 4067 sancti

2298 4105 2675 4164 agnoscantur.
2708 4096 2864 4164 Quod
2893 4099 2936 4153 si
2970 4097 3109 4153 forte
3138 4100 3223 4155 hic
3263 4101 3317 4156 in
3348 4111 3548 4174 septem
3574 4100 3802 4172 spiritibus,

2297 4204 2405 4244 non
2434 4190 2602 4260 ipsam
2622 4189 2991 4260 septiformem
3011 4195 3332 4263 cpiritalium
3357 4197 3609 4252 donorum
3634 4188 3802 4261 gratiam

2298 4276 2492 4347 credis,
2523 4281 2615 4336 sed
2644 4288 2853 4351 septem
2901 4300 3120 4353 prorsus
3170 4285 3394 4356 spiritus
3441 4286 3691 4341 existimas
3712 4292 3802 4348 pro-

2299 4371 2426 4440 priis
2445 4371 2645 4426 distare
2673 4373 2921 4442 personis
2964 4392 2976 4425 :
3019 4374 3105 4429 dic
3134 4375 3286 4429 nobis
3317 4385 3490 4430 utrum
3535 4390 3620 4429 eos
3656 4367 3803 4439 Spiritu

2298 4469 2505 4526 sancto,
2537 4461 2589 4515 id
2624 4469 2705 4517 est
2737 4462 3017 4518 Paracleto
3039 4463 3105 4517 de
3121 4478 3229 4533 quo
3261 4480 3401 4520 nunc
3430 4465 3643 4532 agimus,
3668 4469 3803 4525 arqua-

2299 4553 2396 4615 les,
2420 4567 2486 4605 an
2509 4553 2762 4619 minores,
2783 4569 2848 4607 an
2862 4553 3120 4623 potiores,
3144 4553 3437 4610 existimes.
3466 4555 3538 4607 An
3553 4551 3671 4606 forte
3685 4558 3803 4642 unuttt

2298 4642 2365 4696 de
2400 4643 2505 4698 illis
2532 4652 2738 4714 septem
2785 4644 2946 4699 istum
2996 4655 3239 4699 sanctum
3291 4643 3542 4714 Spiritum
3584 4631 3801 4711 puteslSi

2297 4734 2439 4789 enim
2462 4733 2593 4788 istos
2612 4747 2747 4800 quos
2768 4743 2923 4802 putas
2942 4743 3149 4803 septem
3164 4734 3400 4804 spiritus,
3431 4732 3643 4803 aequales
3661 4730 3799 4784 sancto

2284 4822 2504 4893 Spiritui
2534 4821 2755 4887 dixeris,
2784 4822 2894 4892 jam
2937 4840 3045 4878 non
3074 4831 3307 4894 septem,
3334 4823 3427 4879 sed
3476 4830 3591 4879 octo
3637 4814 3800 4887 spiritus

2280 4920 2498 4970 sanctos
2535 4914 2691 4968 unius
2713 4914 2987 4983 dignitatis
3018 4916 3135 4970 sine
3164 4916 3328 4970 dubio
3357 4910 3682 4983 nuncupabis.
3706 4902 3797 4970 ραω

2284 5004 2443 5073 igitur
2466 5020 2627 5060 causa
2654 5002 2829 5059 fuitut
2858 5006 2924 5060 ab
2962 5006 3075 5062 illis
3101 5015 3309 5077 septem
3340 5004 3603 5076 spiritibus
3629 4995 3799 5068 gratiam

2284 5093 2542 5150 Ecclesiis
2570 5094 2760 5149 beatus
2795 5092 3031 5149 Joannes
3059 5102 3292 5164 optaret,
3323 5102 3379 5150 et
3416 5094 3482 5148 ab
3519 5092 3591 5145 eis
3622 5083 3796 5155 gratiam

2294 5184 2557 5242 Paracleti
2583 5186 2814 5257 Spiritus
2839 5186 3239 5242 submovisset?
3265 5200 3389 5249 cum
3406 5185 3457 5239 in
3482 5183 3605 5237 libro
3628 5178 3797 5231 Actuum

2293 5279 2662 5349 apostolorum
2710 5278 2970 5347 scriptum
3009 5277 3098 5343 sit,
3131 5277 3275 5347 quod
3306 5292 3424 5332 cum
3465 5275 3636 5328 beatus
3658 5264 3798 5319 Petrus

2294 5367 2564 5431 Cornelio,
2596 5375 2651 5421 et
2671 5366 2883 5422 caneris
2904 5367 2996 5438 qui
3038 5381 3158 5421 cum
3190 5381 3256 5421 eo
3282 5366 3508 5430 fuerant,
3537 5360 3724 5416 verbum
3755 5349 3795 5402 ῆι

2294 5458 2379 5513 dei
2408 5459 2737 5527 loqueretur,
2791 5456 2988 5512 Cecidit
3022 5458 3252 5528 Spiritus
3280 5467 3480 5511 sanctus
3512 5467 3649 5523 super
3670 5454 3796 5543 φησι

2293 5548 2381 5617 qui
2396 5546 2672 5601 audiebant
2694 5548 2923 5619 verbum,
2945 5554 2994 5599 et
3009 5546 3381 5615 obstupuerunt
3398 5560 3459 5598 ea:
3485 5536 3797 5596 circumcisione

2294 5639 2473 5709 ﬁdeles
2494 5641 2835 5711 quivenerant
2857 5656 2970 5692 cum
2996 5636 3168 5702 Petro,
3193 5639 3311 5709 quia
3338 5639 3455 5693 etin
3483 5635 3689 5689 nationes
3709 5638 3795 5694 9η·

2298 5731 2369 5782 tia
2394 5729 2619 5800 Spiritus
2668 5732 2835 5784 sancti
2883 5730 3051 5798 eﬁ'usa
3092 5737 3167 5782 est
3212 5729 3348 5799 (Act.
3382 5745 3432 5789 ι,
3462 5725 3544 5790 Η,
3567 5716 3793 5790 45).Νιιιι·

2295 5819 2548 5887 quidnam
2619 5821 2777 5889 hujus
2823 5820 2993 5874 sancti
3050 5819 3285 5889 Spiritus
3336 5818 3544 5886 gratiam
3592 5808 3791 5865 minorem

2297 5909 2486 5962 beatus
2516 5909 2747 5965 Joannes
2774 5918 3012 5975 noverat,
3038 5918 3093 5964 et
3142 5909 3264 5964 ideo
3282 5958 3287 5959 κ
3304 5908 3541 5964 Ecclesiis
3565 5916 3662 5972 quze
3679 5896 3791 5950 erant
