4050 6452
251 417 350 478 793

1309 429 1579 489 CONTRA
1619 433 1962 490 FAi‘ilANUll
1998 433 2434 492 FRAGMENTA.

3396 452 3494 508 79l

251 538 298 590 in
327 536 470 598 Asia,
494 536 561 590 ab
581 536 913 607 aliisseptein
942 541 1213 609 spiritibus
1233 544 1456 611 gratiam
1475 548 1812 602 postulabat?
1844 553 1889 608 Α
1920 548 2044 602 Ιίιιιη
2075 548 2318 613 dedisse;
2349 552 2489 618 quod
2524 569 2617 620 per
2663 553 2856 621 Isaiam
2879 559 3075 614 dictum
3107 575 3320 619 sanctus
3343 583 3495 620 evan-

247 625 379 680 Cmu
412 627 593 694 utique
621 628 664 680 si
694 637 819 683 octo
841 630 1060 698 Spiritus
1088 643 1286 698 essent,
1317 636 1476 689 simul
1513 638 1700 691 debuit
1748 640 1814 693 ab

247 716 496 771 omnibus
541 718 811 786 spiritibus
851 721 956 778 illis
995 721 1244 778 Ecclesiis
1293 728 1562 795 postulare
1613 728 1813 783 donmn

246 809 429 876 gratia:
475 810 765 878 spiritalis,
823 820 879 864 ut
925 829 1110 866 eorum
1165 830 1301 882 quos
1345 818 1578 884 :equales
1621 821 1814 873 asseris

247 900 391 954 nulla
421 910 562 954 esset
590 903 858 970 separatio
900 903 1177 971 largitatis.
1208 905 1264 958 Si
1295 922 1425 962 vero
1456 908 1577 964 illos
1607 919 1813 978 septem

244 989 460 1058 spiritus
483 989 717 1043 minores
737 990 869 1044 dicis
900 1006 1017 1046 esse
1055 991 1354 1060 Paracleto,
1387 997 1563 1050 denuo
1585 999 1811 1068 requiri-

246 1087 330 1131 tur
359 1093 455 1132 cur
481 1080 744 1133 minorum
790 1081 1070 1149 spirituum
1117 1083 1338 1148 gratiam
1361 1085 1549 1138 beatus
1577 1085 1812 1141 Joannes

243 1167 490 1222 fidelibus
517 1170 631 1223 dari
671 1171 858 1236 voluit,
892 1181 946 1225 et
968 1172 1195 1240 potioris
1224 1175 1451 1241 gratiam
1479 1191 1585 1229 non
1613 1179 1808 1244 quzesi-

241 1261 352 1314 vit?
372 1261 501 1316 Cum
518 1261 760 1331 profecto
773 1263 859 1318 ille
873 1265 1042 1332 possit
1064 1280 1181 1320 esse
1203 1265 1428 1333 largitor
1441 1266 1677 1322 melioris
1697 1282 1812 1336 gra-

239 1354 350 1419 tize,
365 1355 455 1421 qui
478 1355 863 1423 superiorisest
885 1364 940 1410 et
963 1364 1183 1410 naturze.
1202 1356 1257 1410 Si
1291 1372 1418 1410 vero
1449 1356 1580 1412 istos
1603 1367 1807 1427 septem

236 1445 462 1513 spiritus
492 1446 731 1514 potiores
746 1456 934 1501 sancto
945 1445 1145 1514 Spiritu
1160 1447 1498 1516 pronunties,
1513 1463 1632 1517 qua:
1647 1462 1807 1501 causa

233 1545 320 1590 est
344 1545 398 1589 ut
428 1537 530 1590 illis
557 1538 737 1593 omissi
753 1556 785 1599 ς,
811 1539 960 1594 solus
988 1537 1222 1607 Spiritus
1251 1548 1470 1594 sanctus
1493 1553 1616 1594 cum
1642 1537 1804 1594 Patre

233 1634 292 1678 et
312 1625 444 1679 Filio
473 1627 526 1680 in
556 1627 874 1696 baptismate
911 1629 1234 1693 nominetur,
1276 1629 1366 1696 qui
1398 1630 1558 1683 etiam
1589 1631 1808 1698 spiritus

231 1715 541 1785 adoptionis
583 1717 812 1772 liliorum
851 1719 920 1773 ab
953 1719 1214 1787 Apostolo
1252 1728 1594 1788 nuncupatur
1625 1719 1802 1790 (Rom.

229 1822 346 1869 vm,
377 1806 492 1876 l5)?
515 1805 649 1862 Cum
681 1809 796 1864 sine
825 1808 986 1864 dubio
1009 1809 1084 1863 illi
1106 1823 1242 1878 quos
1281 1810 1414 1866 dicis
1453 1826 1571 1866 esse
1599 1819 1804 1880 septem

1918 638 2102 704 gelista
2135 639 2186 690 iu
2229 654 2453 706 persona
2483 641 2680 696 Chriin
2706 648 3046 702 commendat
3074 651 3156 704 lus
3185 655 3359 707 verbis
3387 673 3398 706 ε
3427 654 3495 708 Ut

1900 725 2282 794 'adimpleretur
2309 727 2446 797 quod
2473 729 2664 783 dictum
2711 742 2783 785 est
2815 751 2905 803 per
2946 735 3140 791 Isaiam
3172 742 3490 809 praphetam,

1915 814 2212 896 dicentem':
2244 815 2377 870 Ecce
2405 835 2529 885 puer
2569 837 2708 874 meus
2750 840 2894 892 quem
2931 827 3080 893 elegi,
3112 829 3326 882 dilectus
3354 849 3492 886 mens

1914 906 1965 958 in
1981 923 2078 976 quo
2100 906 2224 960 bene
2244 908 2432 977 placuit
2455 911 2642 965 anima:
2664 930 2788 966 mea:
2805 931 2822 965 :
2845 933 3032 984 ponam
3058 919 3306 985 Spiritum
3326 939 3490 976 meum

1914 1011 2068 1065 super
2095 1013 2207 1049 eum
2240 997 2456 1066 (Matth.
2489 1017 2575 1064 xu,
2612 1002 2702 1068 l7;
2734 1003 2844 1057 lsa.
2871 1023 2975 1059 χιιι
2999 1045 3011 1069 ,
3039 1006 3056 1058 l
3082 1013 3118 1076 ).
3145 1007 3296 1074 Quod
3321 1012 3484 1064 etiam

1914 1085 1966 1138 in
1997 1086 2112 1153 ejus
2137 1088 2457 1156 baptismate
2487 1091 2756 1146 insinuare
2786 1097 3011 1162 curavit,
3043 1097 3226 1151 dicens
3257 1117 3268 1150 :
3300 1098 3482 1168 Bapti-

1915 1185 2060 1229 zatus
2113 1188 2318 1242 autem,
2379 1183 2647 1251 confestim
2693 1187 2924 1238 ascendit
2971 1188 3033 1240 de
3083 1205 3214 1258 aqua
3247 1207 3262 1242 :
3293 1202 3340 1242 et
3375 1209 3490 1244 ecce

1914 1272 2076 1337 aperti
2098 1280 2213 1322 sunt
2234 1273 2278 1324 ei
2301 1273 2430 1336 caeli,
2461 1283 2508 1324 et
2540 1275 2662 1328 vidit
2695 1277 2946 1346 Spiritum
2981 1278 3073 1331 Dei
3096 1280 3486 1335 descendentem

1912 1359 2042 1410 sicut
2086 1359 2371 1413 columbam
2398 1371 2445 1414 et
2484 1366 2763 1417 venientem
2809 1385 2960 1436 super
2988 1385 3043 1421 se
3089 1369 3277 1436 (Marc.
3307 1388 3341 1435 ι,
3374 1372 3479 1441 10).

1913 1447 2164 1509 Videsne,
2227 1450 2398 1518 ipsum
2447 1467 2566 1506 esse
2611 1453 2866 1522 Spiritum
2916 1457 3030 1518 Dei,
3062 1473 3220 1525 quem
3254 1475 3346 1513 vos
3370 1461 3486 1514 sine

1910 1541 2210 1593 reverentia
2264 1542 2664 1612 blasphematis,
2697 1555 2752 1600 et
2806 1548 3076 1602 minorare
3124 1552 3486 1606 contenditis?

1911 1630 1990 1683 An
2023 1630 2160 1685 forte
2211 1633 2344 1687 dicis
2400 1635 2562 1689 etiam
2613 1638 2770 1691 istum
2816 1640 3029 1706 quidem
3085 1641 3340 1710 Spiritum
3389 1644 3482 1698 Dei

1909 1735 2048 1783 esse,
2080 1721 2171 1774 sed
2211 1731 2387 1778 tamen
2443 1741 2560 1780 esse
2605 1727 2833 1782 alterum
2863 1729 3118 1798 Spiritum
3168 1731 3282 1799 Dei,
3310 1735 3397 1801 qui
3431 1735 3481 1787 in

1909 1819 2250 1864 sacramento
2280 1813 2620 1881 baptismatis
2645 1833 2762 1870 cum
2797 1817 2956 1872 Patre
2984 1831 3040 1872 et
3081 1821 3212 1873 Filio
3241 1823 3482 1876 nomina-

225 1896 467 1964 spiritus,
499 1897 789 1952 secundum
817 1899 1139 1952 sententiam
1171 1906 1317 1954 tuam
1367 1908 1424 1954 et
1466 1908 1654 1954 natura
1686 1915 1802 1954 me-
1841 1913 1880 1972 Β
1910 1901 2030 1953 tur?
2051 1899 2156 1954 Sed
2180 1902 2340 1970 (sicut
2378 1907 2625 1973 superius
2655 1907 2786 1977 dixi)
2831 1925 2896 1961 ex
2927 1926 2993 1963 eo
3021 1911 3162 1977 quod
3197 1913 3294 1965 iste
3322 1929 3482 1981 super

225 1986 396 2042 liores
417 1996 470 2042 et
491 2003 712 2043 numero
742 1989 943 2058 plures,
968 1988 1249 2044 debuerint
1268 2005 1387 2044 cum
1402 1989 1561 2044 Patre
1589 1999 1643 2044 et
1660 1989 1796 2045 Filio

223 2080 286 2132 in
315 2087 652 2136 sacramento
699 2081 1033 2151 baptismatis
1063 2081 1365 2144 nominari;
1398 2081 1488 2149 qui
1512 2089 1567 2135 et
1597 2080 1802 2134 numeri

221 2171 502 2239 pluritate,
527 2179 584 2226 et
610 2171 870 2239 dignitate
894 2181 1118 2235 naturae,
1150 2179 1371 2240 possent
1397 2171 1803 2226 renascentibus

218 2261 453 2328 gratiam
500 2263 766 2331 potiorem
819 2261 1284 2331 copiosioremque
1335 2260 1538 2329 largiri.
1613 2260 1805 2314 Debuit

218 2365 376 2420 ergo,
403 2351 446 2406 si
477 2352 552 2406 ita
596 2361 740 2407 esset
766 2360 824 2407 ut
849 2351 1001 2416 dicis,
1031 2360 1274 2406 sanctum
1320 2351 1585 2421 baptisma
1614 2366 1720 2405 non
1751 2351 1803 2404 in

219 2443 445 2496 nomine
474 2441 648 2497 Patris
678 2451 733 2497 et
771 2441 891 2496 Filii
918 2453 974 2496 et
1000 2441 1232 2512 Spiritus
1278 2441 1466 2505 sancti,
1498 2440 1590 2496 sed
1623 2440 1679 2494 in
1707 2456 1805 2494 no-

217 2533 369 2586 mine
397 2531 652 2586 Patris-et
678 2532 795 2585 Filii
819 2541 873 2586 et
903 2541 1111 2601 septem
1139 2532 1422 2600 spirituum
1451 2531 1585 2585 dari.
1605 2529 1805 2584 Similis

218 2621 409 2687 regula
455 2622 655 2674 servari
701 2621 887 2675 debuit
917 2629 972 2675 et
1001 2621 1054 2674 in
1107 2621 1446 2688 baptismate.
1479 2620 1523 2672 si
1564 2635 1701 2673 unus
1737 2635 1802 2673 ex

217 2712 330 2764 illis
357 2720 562 2780 septem
592 2711 866 2780 spiritibus
917 2719 1060 2765 esset
1108 2709 1342 2778 Spiritus
1383 2717 1622 2763 sanctus.
1648 2707 1804 2773 Quod

214 2803 264 2856 si
291 2802 398 2856 hoc
419 2802 717 2858 faciendum
747 2802 935 2868 sentis,
963 2809 1055 2855 aut
1083 2801 1235 2861 dicis.
1267 2800 1484 2854 attende
1523 2797 1798 2853 Christum

214 2893 378 2963 cujus
427 2895 626 2962 regula:
677 2893 1016 2949 contradicis.
1045 2893 1125 2946 An
1172 2891 1418 2956 forsitan,
1450 2899 1507 2945 ut
1550 2890 1803 2960 Spiritum

211 2993 468 3040 sanctum
512 2985 776 3039 minorem
818 2983 1073 3038 ostendas
1102 2983 1260 3038 Patre
1295 2999 1359 3038 ac
1399 2983 1557 3050 Filio,
1583 2998 1703 3036 eum
1737 2983 1806 3038 de

211 3084 561 3132 sac"amento
586 3075 922 3144 baptismatis
946 3075 1154 3140 eximis,
1186 3082 1241 3128 et
1269 3075 1429 3128 alium
1461 3073 1532 3127 ibi
1563 3073 1656 3128 Dei
1683 3072 1806 3142 Spi-

211 3167 383 3221 ritum
409 3166 749 3221 introducis?
779 3165 969 3220 Solent
1019 3165 1160 3218 enim
1211 3165 1372 3232 aliqui
1403 3172 1660 3229 vestrum,
1683 3179 1804 3217 eum

211 3257 485 3326 cmperint
513 3256 580 3310 de
625 3255 794 3309 sancti
842 3255 1074 3324 Spiritus
1099 3253 1380 3309 divinitate
1416 3253 1680 3316 convinci,
1708 3269 1803 3321 pro

209 3363 284 3402 eo
334 3343 479 3413 quod
537 3352 741 3398 certum
789 3351 872 3398 est
910 3343 1154 3398 homines
1203 3344 1256 3398 in
1295 3343 1511 3397 nomine
1546 3341 1718 3396 Patris
1749 3349 1805 3395 et

210 3437 340 3491 Filii
369 3446 424 3490 et
444 3436 672 3505 Spiritus
700 3437 872 3490 sancti
903 3435 1215 3505 (secundum
1261 3435 1470 3490 Domini
1509 3435 1804 3488 Salvatoris

207 3527 484 3596 regulam)
532 3525 812 3594 baptizari,
843 3525 908 3578 ad
953 3541 1070 3579 eam
1129 3540 1188 3579 se
1243 3533 1559 3580 convertere
1621 3523 1802 3592 pravi-

208 3625 410 3681 tatem,
461 3625 520 3670 ut
562 3617 746 3671 dicant
797 3632 900 3669 non
944 3616 1103 3668 istum
1132 3614 1396 3684 Spiritum
1444 3612 1797 3678 Paraeletum,

205 3707 312 3763 sed
365 3708 593 3762 alterum
646 3721 782 3762 esse~
817 3705 1074 3775 Spiritum
1123 3705 1236 3770 Dei,
1280 3705 1331 3759 in
1382 3703 1536 3772 cujus
1588 3705 1802 3759 nomine

205 3797 489 3867 accipiunt
566 3797 846 3853 credentes
919 3796 1255 3865 baptismatis
1332 3803 1728 3850 sacramentum
1780 3811 1794 3857 ;

203 3907 380 3960 quem
447 3890 723 3945 Paracleto
797 3889 1019 3959 Spiritui
1075 3889 1191 3944 sine
1261 3888 1425 3942 dubio
1491 3889 1796 3958 prreferunt.

205 3982 380 4051 Quod
409 3983 452 4036 si
475 3982 579 4036 hoc
609 3983 680 4036 ita
707 3991 808 4044 est,
853 3981 1014 4036 dicite
1059 3980 1214 4036 nobis
1261 3988 1440 4037 utrum
1468 3991 1624 4035 Istum
1675 3978 1797 4048 Spi-

205 4075 405 4137 ritum,
449 4072 615 4126 solius
661 4070 853 4134 Patris,
899 4085 966 4123 an
1015 4069 1180 4124 solius
1226 4069 1366 4133 Filii,
1409 4083 1476 4122 an
1521 4069 1799 4136 utriusque

202 4166 380 4236 623
403 4179 519 4218 esse
543 4163 809 4219 credatis?
841 4161 989 4228 Quod
1016 4162 1060 4214 si
1089 4161 1255 4216 solius
1278 4160 1448 4214 Patris
1479 4161 1641 4214 istum
1667 4159 1791 4227 Spi-

205 4258 383 4311 ritum
413 4253 608 4316 dicitis,
639 4253 756 4306 sine
783 4251 945 4306 dubio
974 4266 1098 4306 eum
1127 4251 1392 4320 potiorem
1436 4247 1570 4302 Filio
1601 4247 1798 4318 pra:di-

203 4347 373 4403 catis.
399 4345 697 4410 Qumrimus
723 4357 869 4411 ergo,
903 4351 1079 4396 utrum
1102 4342 1292 4396 saltem
1316 4341 1471 4394 istum
1496 4341 1653 4394 unius
1676 4354 1797 4402 cum

205 4439 336 4494 Deo
359 4436 518 4491 Patre
548 4435 737 4490 dicatis
757 4450 877 4490 esse
902 4435 1135 4487 naturae?
1159 4432 1309 4500 Quod
1331 4434 1374 4487 si
1404 4448 1561 4486 unam
1590 4432 1683 4486 Dei
1705 4431 1800 4486 Pa-

203 4531 319 4584 tris
343 4537 400 4582 et
420 4529 572 4582 istius
594 4527 825 4596 Spiritus
847 4532 1091 4579 naturam
1119 4524 1318 4589 dicitis,
1352 4539 1572 4580 necesse
1595 4532 1680 4578 est
1703 4538 1797 4577 au—

206 4629 330 4672 tem
378 4616 472 4671 Dei
503 4615 638 4669 Filio
683 4613 996 4680 przeferatis.
1028 4611 1181 4678 Quod
1209 4613 1255 4667 si
1299 4613 1402 4667 hoc
1429 4614 1502 4668 ita
1529 4621 1637 4680 est,
1667 4622 1797 4679 ergo

202 4705 510 4762 secundum
540 4720 756 4759 sensum
786 4711 1040 4766 vestrum,
1067 4701 1200 4756 ordo
1229 4703 1507 4757 nominum
1535 4704 1675 4758 male
1703 4719 1801 4773 po-

201 4800 353 4853 situs
374 4805 456 4852 est
477 4813 504 4850 a
527 4797 740 4852 Christo
765 4797 814 4848 in
838 4794 1172 4868 baptismatis
1191 4802 1548 4850 sacramento.
1571 4794 1628 4848 Si
1657 4795 1798 4848 enim

203 4904 340 4944 eum
363 4887 474 4942 Deo
506 4887 662 4941 Patre
684 4896 740 4942 et
767 4886 966 4956 Spiritu
995 4883 1113 4952 ejus
1145 4900 1249 4938 non
1277 4885 1433 4940 unius
1461 4894 1542 4939 est
1573 4894 1796 4950 naturae,

204 4992 326 5032 non
352 4977 514 5032 debet
542 4976 683 5030 inter
710 4989 904 5030 nomen
927 4974 1101 5029 Patris
1128 4983 1184 5029 et
1236 4973 1468 5043 Spiritus
1495 4977 1665 5030 sancti
1707 4975 1797 5030 Fi-

202 5067 270 5121 lii
302 5081 497 5120 nomen
530 5066 810 5130 interseri;
843 5081 964 5120 cum
995 5079 1188 5118 nomen
1242 5062 1416 5118 Patris
1461 5072 1516 5120 et
1563 5065 1797 5134 Spiritus

201 5157 410 5218 sancti,
447 5156 706 5210 naturalis
742 5155 935 5210 doceat
959 5155 1134 5210 unitas
1162 5154 1360 5209 debere
1388 5155 1659 5224 conjungi.
1689 5155 1795 5210 Ve-

202 5256 518 5302 rumtamen
549 5247 635 5300 hic
666 5247 971 5300 meminisse
997 5261 1095 5300 vos
1124 5246 1394 5311 convenit,
1425 5260 1588 5315 super
1614 5244 1794 5301 Jesum

199 5337 570 5405 baptizatum,
596 5337 852 5404 Spiritum
895 5333 1229 5390 Paracletum
1261 5337 1348 5406 (de
1375 5350 1484 5403 quo
1514 5350 1653 5390 nunc
1679 5337 1792 5404 agi-

200 5431 358 5494 mus)
404 5428 766 5482 descendisse.
799 5425 1152 5481 Considerate
1203 5427 1360 5495 igitur
1381 5469 1395 5494 ,
1426 5442 1493 5481 ne
1523 5427 1667 5480 illum
1698 5443 1796 5496 po-

198 5520 408 5574 tiorem
441 5517 620 5572 dicere
648 5516 889 5570 debeatis
913 5516 1002 5582 qui
1032 5532 1192 5584 super
1217 5514 1488 5570 Christum
1519 5515 1796 5569 descendit

198 5608 266 5662 in
299 5605 555 5672 Jordane,
586 5619 747 5673 quam
779 5605 924 5657 illum
972 5603 1198 5657 alterum
1227 5620 1386 5672 quem
1439 5620 1580 5658 nunc
1607 5605 1794 5658 existi-

179 5697 373 5758 .matis
403 5695 516 5750 dari
549 5694 790 5749 lidelibus
821 5694 871 5747 in
902 5702 1091 5748 sancto
1113 5693 1454 5762 baptismate.
1481 5693 1587 5748 Sed
1611 5694 1662 5746 in
1685 5707 1794 5745 orno

194 5785 370 5841 uibus
390 5802 488 5840 vos
511 5785 760 5839 divinitas
783 5799 987 5837 summa
1017 5785 1288 5838 convincit
1318 5793 1370 5838 et
1415 5784 1659 5838 destruit.
1687 5783 1790 5837 Te-

198 5887 390 5935 statur
411 5879 550 5931 enim
585 5877 720 5930 Deus
749 5874 906 5928 Pater
957 5875 1208 5945 Spiritum
1239 5892 1388 5930 suum
1421 5891 1476 5929 se
1515 5890 1674 5945 super
1705 5873 1788 5928 Fi-

1907 1989 2175 2044 Christum
2228 1993 2526 2059 descendit,
2576 2013 2682 2050 non
2734 2014 2762 2050 a
2806 1999 2957 2052 vobis
2986 1999 3143 2052 debet
3190 2001 3364 2055 minor
3393 2003 3483 2055 illo

1907 2079 2126 2148 Spiritu,
2172 2081 2266 2135 sed
2296 2084 2476 2151 potior
2519 2087 2789 2140 aestimari.
2841 2088 3042 2142 Deinde
3084 2104 3266 2156 quaero
3308 2098 3481 2144 utrum

1908 2173 1995 2227 ille
2023 2173 2254 2242 Spiritus
2276 2190 2434 2244 quem
2465 2176 2559 2230 Dei
2591 2192 2706 2232 esse
2736 2178 2994 2247 Spiritum
3026 2181 3221 2245 dicitis,
3254 2181 3484 2238 unus‘sit

1907 2262 2204 2316 communis
2231 2261 2404 2317 Patris
2435 2271 2491 2317 et
2521 2263 2659 2328 Filii,
2692 2281 2758 2319 an
2789 2267 2954 2322 solius
2983 2266 3158 2322 Patris
3196 2285 3314 2323 esse
3338 2270 3483 2325 dicaé

1908 2350 2032 2402 tur?
2056 2348 2110 2403 Si
2134 2351 2282 2408 enim
2306 2366 2442 2405 unus
2464 2358 2545 2406 est
2577 2352 2679 2406 iste
2706 2352 2938 2422 Spiritus
2966 2353 3139 2409 Patris
3170 2365 3224 2410 et
3249 2358 3365 2410 Filii
3387 2399 3403 2423 ,
3426 2366 3483 2412 et

1905 2441 2048 2496 idem
2079 2441 2312 2510 Spiritus
2340 2444 2496 2497 unius
2525 2452 2608 2497 est
2657 2453 2860 2499 natura:
2887 2461 3006 2499 cum
3039 2445 3216 2511 Patre,
3243 2448 3484 2517 profecto

1909 2533 2063 2586 unius
2110 2542 2194 2586 est
2221 2534 2383 2587 etiam
2414 2543 2616 2588 natura:
2645 2552 2766 2590 cum
2819 2537 2974 2591 Filio.
3011 2536 3176 2592 Unius
3203 2555 3332 2608 ergo
3361 2551 3484 2596 sunt

1906 2630 2130 2687 naturaz,
2161 2623 2424 2690 uniusque
2475 2623 2769 2679 divinitatis
2813 2624 2972 2681 Pater
3019 2636 3073 2681 et
3118 2629 3315 2692 Filius;
3359 2632 3485 2700 quia

1908 2724 2044 2764 unus
2071 2711 2345 2778 utriusque
2374 2711 2606 2781 Spiritus
2649 2730 2811 2767 unam
2856 2715 3018 2770 habet
3066 2734 3187 2771 cum
3216 2717 3372 2774 Patre
3397 2720 3484 2774 Fi-

1906 2800 2086 2869 lioque
2109 2812 2374 2854 naturam.
2397 2800 2453 2856 Si
2481 2817 2610 2856 vero
2640 2803 2796 2856 istum
2821 2820 2984 2858 unum
3009 2806 3264 2874 Spiritum
3318 2808 3505 2884 solius.

1907 2905 2025 2945 esse
2068 2890 2246 2946 dicitis
2303 2891 2492 2957 Patris,
2525 2908 2633 2946 non
2677 2895 2838 2948 etiam
2868 2894 3313 2957 Filii,-attendite
3357 2898 3485 2954 illud

1907 2981 2052 3050 quod
2079 2982 2368 3052 Apostolus
2397 2982 2472 3035 ait
2500 2999 2511 3033 :
2546 2982 2608 3036 Si
2634 2983 2745 3052 quis
2777 2992 2943 3036 autem
2995 2984 3249 3054 Spiritum
3296 2985 3484 3040 Christi

1907 3087 2010 3124 non
2035 3069 2206 3135 habet,
2229 3071 2311 3124 hic
2338 3088 2440 3126 non
2469 3081 2544 3125 est
2575 3072 2687 3142 ejus
2718 3071 2876 3142 (Rom
2921 3090 3008 3132 vui
3028 3113 3042 3136 ,
3076 3074 3160 3141 9);
3185 3083 3241 3129 et
3268 3084 3360 3128 aut
3389 3091 3484 3130 ne-

1907 3170 2030 3229 gate
2053 3178 2149 3216 vos
2175 3159 2372 3215 Christi
2405 3177 2542 3227 esse,
2571 3164 2615 3216 si
2648 3162 2878 3232 Spiritus
2907 3180 3021 3230 (‘JIIS
3052 3181 3156 3220 non
3189 3176 3270 3222 est
3299 3167 3350 3220 in
3382 3183 3479 3222 vo-

1911 3252 2020 3314 bis;
2064 3260 2158 3305 aut
2195 3251 2375 3313 dicite,
2424 3268 2532 3306 non
2563 3251 2774 3307 Patrem
2808 3263 2862 3308 et
2911 3256 3099 3309 tilium
3144 3267 3198 3311 et
3225 3257 3482 3326 Spiritum

1909 3350 2174 3408 sanctum,
2201 3342 2294 3396 sed
2327 3343 2533 3396 Patrem
2563 3351 2617 3395 et
2647 3342 2858 3408 Filium,
2884 3354 2940 3399 et
2969 3345 3102 3400 duos
3127 3347 3178 3400 in
3203 3349 3355 3402 vobis
3383 3349 3485 3418 spi-

1909 3433 2042 3487 ritus
2067 3431 2332 3486 habitare.
2358 3431 2463 3486 Sed
2486 3448 2605 3487 eum
2638 3450 2796 3488 nemo
2824 3437 2992 3506 possit
3020 3437 3230 3494 duobus
3256 3439 3486 3495 dominis

1905 3528 2109 3579 servire
2137 3524 2349 3594 (Matth.
2382 3541 2433 3578 γι
2451 3565 2466 3589 ,
2495 3525 2610 3595 24),
2640 3526 2913 3594 quomodo
2940 3545 3036 3583 vos
3067 3530 3210 3599 juste
3239 3533 3486 3602 poteritis

1903 3624 2134 3682 quatuor
2162 3614 2498 3669 dominorum
2548 3630 2735 3670 servos
2783 3621 3058 3672 asserere?
3083 3621 3160 3672 An
3197 3637 3358 3674 unum
3388 3621 3485 3676 do-

1904 3707 2104 3760 minum
2131 3705 2345 3759 Patrem
2375 3721 2496 3759 cum
2526 3706 2726 3775 Spiritu
2749 3723 2870 3774 suo,
2888 3718 2939 3761 et
2963 3709 3188 3762 alterum
3210 3711 3483 3765 dominum

1904 3795 2094 3850 Filium
2124 3810 2244 3849 cum
2274 3795 2478 3864 Spiritu
2509 3811 2609 3850 suo
2657 3812 2777 3850 esse
2822 3797 3035 3851 dicitis?
3063 3797 3168 3852 Sed
3217 3801 3378 3853 etiam
3407 3802 3485 3856 sic

1903 3887 2131 3940 duorum
2184 3883 2527 3938 dominorum
2555 3885 2718 3939 vultis
2761 3901 2879 3940 esse
2908 3888 3068 3949 servi,
3099 3889 3334 3954 quandiu
3382 3888 3483 3942 Pa-

1905 3983 2040 4030 trem
2063 3983 2117 4029 et
2145 3973 2334 4028 Filium
2365 3989 2469 4027 non
2495 3975 2653 4029 vultis
2684 3992 2846 4030 unum
2893 3975 3176 4031 Dominum
3214 3980 3482 4034 contiteri.

1901 4066 2008 4120 Sed
2038 4081 2139 4120 nec
2185 4063 2358 4118 Patris
2397 4075 2452 4120 et
2507 4066 2626 4120 Filii
2671 4068 2811 4121 servi
2860 4083 2977 4122 esse
3021 4071 3283 4138 poteritis,
3313 4071 3484 4126 donec

1905 4171 2062 4209 unam
2085 4155 2507 4210 dominationem
2535 4156 2706 4212 Patris
2732 4157 2959 4226 Filiique
2998 4176 3104 4214 non
3134 4162 3352 4218 creditis
3385 4179 3484 4218 :ac

1902 4259 1998 4312 per
2030 4243 2152 4306 hoc,
2184 4245 2419 4312 quandiu
2453 4243 2663 4299 Patrem
2695 4250 2761 4300 et‘
2799 4245 2988 4301 Filium
3042 4248 3177 4304 duos
3231 4250 3481 4306 dominos

1906 4335 2104 4398 dicitis,
2136 4346 2192 4389 et
2219 4343 2396 4390 tamen
2420 4336 2629 4392 duobus
2673 4339 2875 4392 servire
2905 4339 3134 4396 dominis
3170 4359 3274 4397 non
3332 4354 3484 4414 pote-

1901 4425 2016 4486 slis,
2066 4441 2173 4478 non
2203 4427 2460 4480 servitute
2497 4428 2776 4493 'carebitis,
2808 4429 2900 4484 sed
2927 4431 3119 4486 salute.
3149 4433 3484 4505 Quapropter

1900 4514 2065 4586 624
2083 4516 2416 4584 majestatem
2437 4515 2614 4571 'saneti
2638 4518 2887 4586 Spiritus,
2921 4519 3172 4586 Fabiane,
3195 4524 3482 4590 cognosce.

1903 4614 1958 4660 et
1981 4621 2102 4659 eum
2131 4607 2500 4675 blasphemare
2525 4607 2636 4675 jam
2667 4608 2854 4663 desine
2880 4627 2891 4660 :
2925 4611 3016 4678 qui
3058 4612 3240 4680 utique
3269 4613 3388 4666 ideo
3415 4615 3483 4669 ad

1907 4697 2329 4752 benedicendum
2350 4697 2550 4751 fontem
2574 4700 2876 4766 postulatur
2898 4709 2954 4754 ut
2983 4701 3180 4767 veniat,
3207 4710 3264 4754 ut
3283 4702 3480 4756 donum

1905 4787 2207 4856 adoptionis
2246 4787 2474 4840 liliormn
2523 4786 2719 4841 donata
2771 4799 3116 4857 peccatorum
3170 4791 3483 4847 remissione

1905 4877 2190 4934 concedat.
2223 4877 2381 4931 Venit
2409 4876 2550 4930 enim
2573 4877 2626 4930 in
2657 4877 2906 4946 largitate
2934 4895 3150 4934 suorum
3176 4887 3477 4945 munerum,

1904 4984 2024 5026 cum
2057 4970 2170 5038 ipse
2195 4985 2300 5022 non
2331 4968 2539 5022 desinat
2565 4972 2750 5023 orbem
2783 4971 2990 5041 replere
3013 4981 3292 5027 terrarum.
3324 4973 3482 5027 Pater

1906 5067 2086 5113 autem
2113 5073 2234 5111 eum
2276 5057 2456 5122 mittit,
2485 5059 2608 5128 quia
2633 5074 2661 5111 a
2685 5059 2844 5125 Patre
2874 5062 3117 5130 procedit
3150 5081 3162 5114 ε
3196 5063 3358 5116 mittit
3384 5079 3480 5116 au-

1903 5159 2008 5205 tem
2049 5149 2257 5217 origine
2312 5148 2625 5217 majestatis,
2660 5168 2764 5206 non
2826 5153 3048 5221 imperio
3083 5153 3353 5220 jussionis.
3389 5155 3478 5209 Sic

1901 5248 2077 5293 autem
2121 5238 2351 5308 Spiritus
2374 5249 2610 5303 sanctus,
2642 5243 2731 5310 qui
2774 5243 2967 5310 ubique
3011 5252 3152 5298 totus
3180 5253 3280 5307 est,
3310 5246 3475 5310 venit,

1898 5330 2034 5385 sicut
2065 5329 2244 5383 venire
2273 5345 2394 5384 cum
2446 5331 2554 5384 Deo
2586 5330 2741 5385 Patre
2775 5331 2938 5386 Filius
2968 5335 3265 5387 consuevit.
3295 5334 3475 5391 Missio

1899 5435 2027 5489 ergo
2057 5420 2284 5488 Spiritus
2311 5421 2479 5476 sancti
2513 5421 2730 5475 collatio
2794 5430 2876 5474 est
2914 5422 3191 5476 invisibilis
3216 5427 3474 5492 muneris,

1901 5527 2006 5564 non
2035 5511 2299 5581 apparitio
2332 5511 2624 5580 personalis
2654 5529 2664 5562 :
2699 5513 2822 5578 quia
2856 5528 2953 5570 nec
2976 5513 3087 5580 ipsa
3119 5515 3302 5570 missio
3328 5517 3474 5572 loca-

1900 5603 1966 5657 lis
1996 5602 2328 5671 intelligitur,
2363 5603 2446 5656 ubi
2474 5603 2562 5670 qui
2589 5603 2813 5656 mittitur
2841 5604 3129 5660 immensus
3159 5609 3472 5662 naturaliter

1899 5692 2182 5746 invenitur.
2213 5692 2376 5760 Cujus
2398 5691 2704 5745 missionem
2737 5703 2791 5745 ut
2822 5693 2872 5746 in
2904 5694 3012 5748 suis
3041 5698 3347 5753 uulneribus
3365 5700 3473 5752 evi-

1896 5782 2084 5837 denter
2110 5797 2366 5849 agnoscas
2391 5825 2402 5843 ,
2434 5782 2556 5835 illud
2587 5784 2806 5838 attende
2836 5787 2980 5856 quod
3008 5789 3196 5843 beatus
3235 5787 3472 5845 Joannes

1896 5873 1947 5926 in
2001 5873 2314 5943 Apocalypsi
2347 5871 2494 5936 dixit,
2530 5883 2748 5945 septem
2783 5878 2999 5946 spiritus
3033 5879 3120 5933 Dei
3154 5881 3342 5934 missos
3375 5898 3467 5951 per
