4050 6454
647 400 752 458 795

1694 403 1745 460 S.
1787 401 2154 460 FULGENTII
2186 401 2494 460 EPISCOPI‘
2526 406 2897 465 RUSPENSI‘S
3745 432 3818 486 πο

645 521 832 576 orbem
865 527 1124 574 terrarum
1157 520 1339 593 (Apoc.
1369 538 1418 586 v,
1448 519 1510 588 ὃ)
1534 538 1545 572 :
1574 534 1694 574 cum
1726 519 1838 588 ipse
1862 519 1914 572 in
1941 516 2231 587 Evangelio
2261 528 2304 584 Α
2338 529 2517 576 tamen
2544 523 2813 578 visibilem
2841 540 2949 578 non
2978 526 3192 581 amittit.
3226 528 3363 586 Dicis
3386 549 3447 587 ex
3477 535 3567 592 hoc
3591 542 3820 610 subjectum

643 613 859 678 dixerit,
892 612 1227 668 Salvatorem
1276 623 1517 668 nostrum
1547 628 1654 668 non
1707 621 1916 682 septem
1958 613 2176 682 spiritus
2198 628 2229 666 a

644 718 704 758 se
759 713 924 773 atque
955 720 984 758 a
1018 703 1174 759 Patre
1219 704 1530 775 promisisse
1574 702 1888 771 mittendos,
1915 703 2012 759 sed
2066 719 2230 759 unum

649 785 1010 859 Paraclettt’m,
1041 793 1294 865 Spiritum
1340 796 1569 849 veritatis
1615 796 1698 864 qui
1737 813 1768 846 α
1799 793 1958 848 Patre
2000 795 2232 864 procedit

649 883 831 955 (Joan.
872 902 961 950 xv,
1003 884 1114 954 26).
1143 884 1388 954 Nunquid
1415 898 1542 952 ergo
1575 884 1846 953 Evangelii
1895 887 1980 940 sui
2034 887 2226 941 beatus

644 978 880 1034 Joannes
909 980 1082 1049 potuit
1109 980 1372 1045 oblivisci,
1406 989 1464 1034 ut
1494 980 1602 1036 illic
1648 995 1809 1034 unum
1841 979 2098 1049 Spiritum
2145 979 2230 1034 di-

647 1078 798 1126 ceret
818 1085 934 1126 esse
963 1071 1304 1139 promissum,
1338 1080 1393 1125 et
1420 1070 1508 1124 hic
1547 1079 1756 1139 septem
1779 1069 1995 1138 spiritus
2025 1069 2230 1123 diceret
2271 1107 2275 1112 -

645 1177 764 1217 esse
811 1163 1040 1216 missos?
1068 1170 1161 1216 aut
1199 1163 1314 1231 ipse
1343 1162 1598 1218 Dominus
1639 1179 1746 1216 non
1788 1177 1975 1218 omnes
2020 1170 2225 1231 septem

646 1252 866 1320 spiritus
920 1252 1104 1306 debuit
1158 1254 1420 1321 apostolis
1465 1253 1622 1318 dare,
1653 1267 1790 1321 quos
1818 1254 2089 1322 principes
2117 1267 2228 1306 suae.

646 1344 1008 1397 constituebat
1035 1342 1321 1398 Ecclesirc?
1361 1344 1440 1398 An
1475 1354 1530 1399 et
1557 1345 1704 1415 ipsos
1732 1345 1992 1415 apostolis
2021 1354 2224 1416 septem

645 1434 865 1502 spiritus
890 1435 1086 1488 asseris
1115 1434 1344 1490 missos?
1372 1435 1516 1504 quod
1538 1444 1590 1490 te
1624 1435 1805 1491 dicere
1825 1443 2010 1490 sancta
2051 1435 2224 1489 nulla-

644 1531 801 1576 tenus
828 1523 1093 1592 permittit
1135 1523 1447 1578 auctoritas.
1480 1523 1615 1578 Nam
1644 1532 1700 1579 et
1747 1523 1833 1578 die
1882 1523 2228 1579 Pentecostes

644 1611 820 1680 ipsum
853 1621 1100 1666 sanctum
1142 1611 1402 1681 Spiritum
1432 1613 1665 1683 apostoli
1713 1623 2041 1682 acceperunt
2068 1627 2224 1682 quem

646 1702 725 1754 eis
780 1703 1104 1771 promiserat
1131 1703 1423 1770 Dominus;
1453 1712 1509 1759 et
1536 1705 1744 1760 cunctis
1794 1703 2038 1758 ﬁdelibus
2069 1711 2228 1772 atque

644 1793 1022 1848 obedientibus
1053 1794 1164 1849 Deo
1196 1811 1359 1849 unum
1391 1798 1754 1864 eumdemque
1794 1794 2057 1864 Spiritum
2094 1809 2221 1849 san-

2333 621 2388 667 et
2416 614 2678 706 minorem
2708 615 2917 706 ostendi
2945 616 3200 686 Spiritum
3217 631 3469 689 sanctum,
3499 630 3607 698 quia
3631 648 3718 689 non
3742 638 3821 706 ipse

2334 704 2637 772 postulatur
2663 713 2722 758 ut
2748 704 3041 760 descendat
3068 717 3162 763 aut
3205 714 3399 781 veniat,
3443 718 3483 770 si
3528 719 3574 772 in
3608 736 3688 776 sua

2332 802 2489 859 state,
2522 795 2604 848 vel
2636 795 2787 849 liberi
2831 796 3036 850 arbitrii
3067 807 3167 853 est.
3217 798 3282 853 Et
3309 809 3562 872 quomodo
3588 810 3821 871 libertatem

2332 887 2535 941 arbitrii
2559 887 2780 956 Spiritui
2811 897 2999 943 sancto
3031 890 3260 960 denegat
3287 893 3554 965 Fabianus,
3597 917 3728 971 quam
3751 911 3828 978 ipSi.

2332 980 2598 1048 prmcipue
2630 978 2824 1035 Paulus
2867 983 3101 1052 assignat
3145 988 3626 1057 apostolus,.dicens
3651 1016 3661 1050 :
3687 997 3820 1054 Domi-

2330 1087 2425 1124 nus
2454 1081 2622 1124 autem
2655 1069 2882 1140 Spiritus
2929 1084 3022 1126 est.
3071 1073 3170 1128 Ubi
3220 1087 3384 1132 autem
3424 1081 3628 1149 Spiritus
3651 1085 3818 1154 Domist,

2329 1158 2398 1213 ibi
2426 1160 2638 1214 libertas
2679 1159 2766 1230 (II
2794 1159 2913 1215 Cor.
2948 1179 3023 1227 ut,
3056 1163 3184 1232 i7)?
3231 1164 3436 1234 Ergone
3459 1170 3655 1239 Spiritui
3685 1189 3829 1232 sancto-

2328 1266 2357 1304 a
2391 1259 2467 1316 te,
2491 1251 2746 1314 Fabiane,
2780 1252 3000 1307 libertas
3029 1265 3258 1325 negatur.
3287 1259 3502 1324 arbitrii,
3531 1264 3610 1330 qui
3637 1266 3757 1321 nobis
3776 1269 3822 1321 ad

2327 1341 2431 1395 hoc
2457 1341 2633 1404 datur,
2666 1351 2724 1395 ut
2747 1357 2846 1411 per
2872 1357 2994 1396 eum
3020 1344 3239 1400 libertas
3261 1349 3428 1402 nostri
3449 1350 3632 1406 arbitrii
3651 1359 3836 1422 gratuito-

2327 1445 2552 1486 muuere
2563 1432 2864 1500 reparetur?
2876 1431 3006 1498 Quis
3021 1433 3162 1486 enim
3181 1449 3411 1503 unquam
3423 1438 3531 1492 sine
3549 1443 3690 1506 gratia
3700 1443 3820 1512 Spiri-

2329 1531 2414 1577 tus
2438 1523 2609 1578 sancti
2637 1524 2811 1593 potuit
2850 1522 3123 1579 mortifera
3150 1529 3408 1583 servitute
3430 1546 3607 1586 carere
3637 1538 3820 1602 peccati?

2328 1613 2476 1679 Quis,
2504 1627 2654 1681 rogo,
2683 1614 2799 1668 sine
2826 1615 2998 1668 sancti
3015 1615 3248 1684 Spiritus
3273 1634 3508 1686 munere,
3535 1622 3594 1675 ad
3622 1622 3822 1680 interioris

2326 1703 2560 1758 recidiva
2593 1704 2854 1759 libertatis
2892 1705 3110 1760 exordia
3162 1710 3346 1776 potuit.
3381 1711 3683 1779 aliquatenus
3721 1719 3822 1785 aspi-

2331 1796 2488 1849 rare?
2529 1793 2669 1850 Prob
2704 1794 2883 1850 nefas!
2940 1806 3208 1865 quantum.
3243 1815 3303 1862 se
3330 1804 3660 1871 superbiendo
3685 1809 3822 1875 preci.

641 1892 785 1940 ctum
814 1885 996 1940 datum
1019 1901 1137 1941 esse
1162 1889 1339 1941 testati
1369 1897 1511 1945 sunt.
1539 1889 1780 1943 (licentes
1815 1886 1916 1940 :Et
1933 1904 2026 1941 nos
2052 1905 2225 1941 sumus
2257 1889 2304 1948 B
2330 1885 2468 1954 pitat
2494 1886 2725 1940 humana
2750 1887 3055 1942 temeritas!
3103 1898 3157 1943 et
3184 1890 3312 1944 dum
3343 1892 3394 1946 in
3433 1895 3510 1948 sui
3533 1893 3760 1951 Creatoris
3779 1914 3837 1954 ac:

640 1987 793 2032 testes
820 1979 1001 2033 horum
1028 1978 1312 2045 verborum,
1330 1990 1378 2032 et
1405 1981 1634 2050 Spiritus
1663 1988 1894 2043 sanctus,
1921 1995 2067 2050 quem
2087 1979 2228 2032 dedit

643 2067 783 2122 Deus
812 2068 1048 2123 omnibus
1072 2068 1418 2124 obedientibus
1441 2071 1538 2123 sibi
1566 2071 1704 2139 (Act.
1728 2085 1781 2133 ν,
1809 2069 1922 2124 52).
1952 2068 2070 2138 Ipse
2093 2085 2229 2125 unus
2255 2077 2278 2096 ‘

641 2159 873 2230 Spiritus
902 2162 1152 2216 oniuibus
1174 2171 1256 2215 est
1287 2163 1530 2217 tidelibus
1559 2163 1740 2226 datus,
1772 2162 1840 2218 de
1868 2179 1976 2232 quo
2005 2163 2231 2232 Aposto-

642 2253 727 2307 lus
752 2257 844 2312 ait,
875 2253 941 2306 Et
989 2270 1164 2307 omnes
1212 2270 1311 2308 uno
1369 2252 1566 2324 Spiritu
1619 2255 1782 2323 potati
1829 2270 2004 2307 sumus
2030 2253 2084 2325 (Ι
2105 2253 2221 2308 Cor.

643 2360 736 2407 xu,
771 2344 880 2413 l5).
915 2344 1070 2410 Quod
1100 2358 1228 2412 ergo
1259 2345 1333 2398 ait
1365 2345 1553 2398 beatus
1575 2343 2071 2413 Joannes,.septem
2116 2344 2225 2414 spi-

645 2434 778 2487 ritus
819 2433 913 2487 Dei
944 2433 1133 2487 missos
1161 2448 1257 2502 per
1286 2433 1471 2487 orbem
1503 2441 1784 2498 terrarum,
1813 2431 2099 2486 ostendere
2123 2448 2222 2488 vo-

642 2525 744 2579 luit
767 2525 997 2595 qualiter
1027 2541 1162 2578 unus
1183 2523 1415 2594 Spiritus
1444 2524 1558 2586 Dei,
1586 2540 1690 2578 non
1724 2526 1774 2578 in
1804 2539 1864 2579 se
1891 2524 2000 2595 (qui
2028 2525 2225 2594 ubique

641 2630 856 2684 semper
883 2616 1177 2669 immensus
1206 2615 1331 2686 est),
1362 2615 1455 2669 sed
1481 2614 1533 2668 in
1555 2630 1773 2669 suorum
1807 2630 2088 2670 munerum
2118 2615 2226 2668 lar-

639 2707 805 2773 gitate
828 2706 1090 2758 mittatur.
1111 2705 1253 2760 Dixit
1276 2720 1405 2774 ergo
1433 2714 1636 2774 septem
1665 2704 1885 2774 spiritus
1909 2704 2002 2758 Dei
2030 2705 2222 2760 missos

639 2814 738 2868 per
791 2798 975 2853 orbem
1016 2806 1300 2863 terrarum,
1334 2806 1393 2852 ut
1439 2797 1774 2860 ostenderet,
1826 2794 2081 2849 Ecclesia:
2128 2793 2224 2864 per

637 2890 821 2945 orbem
853 2897 1114 2942 terrarum
1145 2889 1340 2957 ubique
1363 2886 1564 2942 dill‘usa:
1593 2886 1968 2956 septiformem
1997 2887 2222 2953 gratiam

637 2981 809 3035 sancti
829 2979 1058 3048 Spiritus
1081 2980 1326 3046 largitate
1347 2978 1616 3033 collatam.
1644 2977 1873 3056 sanctus
1896 2977 2075 3046 itaque
2103 2975 2221 3045 Spi-

638 3074 796 3137 ritus,
828 3073 917 3140 qui
963 3071 1214 3126 Ecclesiae
1261 3071 1541 3125 caritatem
1574 3078 1628 3124 et
1656 3069 1820 3124 donat
1843 3076 1897 3124 et
1923 3077 2134 3132 servat,
2166 3077 2223 3123 et

637 3163 976 3226 sacrificium,
1011 3169 1066 3216 et
1112 3163 1377 3231 baptisma
1417 3161 1609 3215 divinae
1641 3161 1854 3215 virtutis
1905 3162 2219 3230 operatione

2331 1963 2660 2031 Liberatoris
2687 1977 3065 2032 contumeliam
3100 1981 3347 2048 prosilire
3388 1985 3660 2046 contendit,
3687 1987 3823 2040 divina

2328 2066 2586 2121 bonitatis
2614 2067 2871 2122 beneficia
2903 2085 3011 2123 non
3042 2072 3407 2127 attendit..Ait
3428 2075 3560 2129 enim
3580 2074 3660 2130 Dei
3680 2077 3820 2133 Filius:

2331 2159 2392 2214 Si
2421 2177 2506 2214 vos
2536 2159 2705 2214 Filius
2745 2160 3056 2227 liberaverit,
3088 2179 3200 2217 certe
3227 2165 3376 2218 liberi
3411 2167 3565 2220 eritis.
3583 2166 3840 2234 (Joan.mt,.

2327 2250 2442 2321 36).
2474 2251 2529 2305 In
2552 2267 2619 2308 eo
2640 2262 2819 2308 autem
2849 2254 2994 2321 quod
3023 2254 3332 2323 libenamur,
3363 2257 3456 2311 Dei
3491 2258 3574 2312 filii
3611 2258 3822 2324 ellicimur,

2326 2343 2449 2413 quia
2481 2343 2690 2398 liberati
2716 2361 2748 2396 a
2769 2353 2997 2414 peccato,
3041 2346 3178 2398 servi
3221 2357 3392 2399 autem
3435 2346 3839 2417 facti.Deot_Ron._

2329 2449 2401 2494 vr,
2434 2432 2546 2501 22),
2591 2434 2642 2487 in
2669 2448 2778 2502 quo
2804 2433 3097 2502 accipimus
3124 2434 3327 2489 donum
3363 2436 3543 2490 divina:
3577 2436 3824 2506 adoptionis,

2329 2524 2381 2578 in
2428 2539 2494 2579 eo
2542 2525 2723 2594 utique
2770 2524 3073 2594 accipimus
3115 2526 3344 2592 gratiam
3397 2526 3652 2580 libertatis.
3688 2526 3826 2580 Beatus

2327 2622 2506 2668 autem
2534 2613 2824 2681 Apostolus
2854 2615 2965 2668 ait:
3000 2612 3126 2668 Non
3165 2617 3306 2668 enim
3353 2617 3609 2682 accepistis
3654 2617 3827 2685 spiritum

2325 2705 2582 2757 servitutis
2623 2704 2808 2757 iterum
2854 2705 2908 2756 in
2955 2707 3175 2758 timore:
3205 2708 3302 2759 sed
3349 2708 3604 2778 accepistis
3641 2706 3828 2776 Spiritum

2327 2794 2622 2864 adoptionis
2669 2794 2917 2863 ﬁliorum,
2964 2797 3019 2848 in
3061 2812 3160 2867 quo
3199 2796 3503 2861 clamamus,
3538 2797 3678 2862 Abba,
3717 2795 3828 2848 Pater

2328 2883 2505 2955 (Rom.
2537 2901 2647 2949 vui,
2675 2883 2786 2954 15).
2821 2883 3099 2951 Quomodo
3129 2900 3260 2955 ergo
3289 2889 3388 2957 ipsi
3416 2888 3620 2959 Spiritui
3645 2887 3830 2956 adoptio-

2327 2976 2409 3030 nis
2437 2977 2600 3030 homo
2630 2975 2935 3030 libertatem
2965 2976 3126 3032 audet
3153 2979 3416 3044 adimere,
3465 2995 3610 3049 quam
3633 2980 3728 3032 sine
3749 2978 3830 3046 ipso

2324 3065 2547 3136 Spiritu,
2571 3082 2672 3122 nec
2693 3067 2933 3136 recipere
2961 3077 3140 3138 potest
3164 3070 3452 3139 perditam,
3499 3087 3590 3126 nec
3625 3071 3740 3124 valet
3761 3069 3829 3122 ob-

2327 3157 2498 3212 tinere
2521 3157 2810 3212 collatam?
2849 3157 2914 3212 Et
2943 3159 3087 3227 quod
3115 3160 3273 3230 pejus
3302 3171 3402 3224 est,
3435 3163 3609 3225 audes,
3640 3161 3829 3220 Fabiane,

637 3253 960 3307 sanctiticat.
993 3251 1250 3316 Proinde,
1281 3267 1388 3306 non
1419 3260 1502 3306 est
1531 3252 1795 3320 baptisma
1828 3260 2068 3306 nostrum
2101 3252 2218 3320 (si-
2250 3251 2294 3312 C
2325 3245 2504 3301 dicere
2538 3247 2662 3316 quia
2696 3247 2920 3302 liberum
2969 3249 3251 3304 arbitrium
3293 3252 3496 3305 homini
3539 3250 3722 3320 quidem
3756 3264 3830 3302 non

637 3349 730 3396 cut
760 3349 816 3394 tu
840 3340 1012 3407 dicis)
1038 3340 1233 3394 nullius
1261 3341 1534 3404 momenti,
1563 3341 1866 3410 nulliusque
1887 3341 2217 3396 substantitn.

638 3430 910 3498 Baptisma
941 3430 1161 3499 quippe,
1189 3430 1332 3498 quod
1387 3431 1437 3483 in
1471 3429 1685 3483 nomine
1743 3428 1914 3482 Patris
1942 3438 1998 3483 et
2024 3429 2142 3484 Filii
2169 3438 2224 3484 et

637 3521 1068 3590 Spiritussancti
1119 3520 1296 3581 datur,
1329 3521 1543 3588 quando
1591 3521 1730 3574 intra
1782 3518 2075 3574 Ecclesiam
2133 3536 2223 3576 ca-

638 3611 893 3665 tholicam
917 3611 1091 3674 datur,
1117 3619 1173 3664 et
1202 3610 1424 3664 formam
1463 3612 1515 3664 in
1544 3626 1604 3665 se
1632 3611 1847 3680 pietatis
1875 3611 2137 3674 continet,
2169 3619 2224 3666 et

639 3702 912 3756 virtutem.
973 3701 1167 3756 Forma
1226 3702 1406 3770 itaque
1449 3702 1666 3771 pietatis
1717 3701 1912 3755 visibili
1963 3701 2222 3756 tinctione

638 3791 915 3847 confertur
949 3810 960 3844 :
995 3793 1163 3845 virtus
1193 3799 1372 3845 autem
1413 3791 1651 3860 pictatis,
1675 3790 1818 3846 dono
1841 3805 1984 3844 vera:
2013 3790 2134 3843 tidei
2165 3797 2222 3844 et

635 3883 877 3936 caritatis
903 3881 1215 3936 infunditur.
1243 3878 1492 3935 Haeretici
1522 3895 1649 3934 vero
1679 3887 1734 3933 et
1762 3879 2086 3933 schismatici
2105 3919 2121 3944 ,
2153 3878 2221 3934 de

635 3970 874 4027 Ecclesia
919 3972 1256 4037 recedentes,
1288 3970 1640 4040 perdiderunt
1677 3968 1894 4039 pietatis
1939 3969 2216 4031 virtutem,

634 4064 760 4132 quia
787 4078 893 4116 non
934 4069 1225 4117 tenuerunt
1265 4064 1446 4115 v‘eram
1496 4057 1674 4124 tidem,
1706 4074 1805 4114 nec
1851 4057 2223 4114 custodierunt

635 4155 1054 4210 ecclesiasticam
1111 4155 1440 4209 caritatem:
1486 4152 1711 4207 formam
1777 4168 1906 4207 vero
1961 4152 2216 4222 pietatis,

635 4245 781 4312 quod
805 4255 887 4298 est
929 4244 1202 4300 tinctionis
1228 4243 1439 4296 visibile
1483 4252 1894 4304 sacramentum,
1928 4259 2034 4297 non
2082 4243 2219 4296 ami-

635 4343 819 4389 serunt
850 4334 1064 4402 quando
1101 4333 1169 4387 de
1216 4331 1452 4387 Ecclesia
1501 4334 1765 4387 exierunt.
1816 4333 2092 4387 Remansit
2119 4347 2218 4387 au-

639 4435 747 4477 tem
779 4423 831 4476 in
859 4423 937 4476 eis
969 4422 1035 4475 ad
1062 4422 1424 4476 damnationis
1465 4423 1850 4487 testimonium,
1885 4438 1989 4476 non
2037 4423 2104 4476 ad
2133 4438 2222 4477 sa-

638 4514 762 4570 lutis
782 4505 1053 4568 auiilium.
1087 4511 1203 4569 Hoc
1231 4527 1359 4582 ergo
1388 4523 1538 4568 extra
1587 4513 1883 4570 Ecclesiam
1931 4514 2214 4580 dederunt,

2325 3337 2495 3399 deest,
2528 3345 2582 3390 et
2611 3347 2828 3392 sanctus
2857 3338 3087 3407 Spiritus
3111 3339 3266 3394 liberi
3299 3341 3500 3394 arbitrii
3528 3357 3625 3395 non
3649 3348 3735 3394 est.
3757 3336 3832 3390 No-

2322 3427 2405 3481 bis
2433 3427 2563 3481 dicit
2594 3427 2884 3496 Apostolus
2924 3445 2946 3500 :_
2982 3428 3082 3484 Vos
3128 3431 3268 3483 enim
3313 3433 3366 3484 iu
3417 3431 3679 3485 libertatem
3716 3426 3833 3482 vocati

2325 3520 2467 3582 estis,
2519 3522 2757 3590 fratres:
2801 3530 2998 3574 tantum
3045 3538 3110 3574 ne
3159 3522 3450 3576 libertatem
3494 3524 3545 3576 in
3586 3522 3834 3576 occasionem

2324 3610 2498 3662 carnis
2522 3610 2682 3673 detis;
2726 3611 2818 3663 sed
2855 3628 2946 3680 per
2983 3613 3256 3666 caritatem
3295 3613 3522 3684 Spiritus
3557 3614 3714 3666 serrite
3741 3608 3834 3662 invio

2323 3716 2433 3753 cem
2465 3699 2608 3769 (Gal.
2641 3717 2692 3764 v,
2730 3701 2838 3768 l5).
2871 3700 3010 3756 Ecce
3031 3703 3228 3756 caritas
3255 3697 3609 3772 Spiritus‘nos
3646 3704 3692 3755 in
3716 3700 3834 3753 liber-

2325 3798 2489 3844 tatem
2515 3790 2640 3845 fecit
2660 3792 2842 3845 vocari
2873 3808 2885 3842 :
2918 3791 3191 3860 quomodo
3215 3793 3333 3861 ipse
3359 3793 3581 3863 Spiritus
3601 3789 3728 3846 liberi
3751 3801 3833 3841 esse

2325 3889 2550 3949 negatur
2591 3880 2837 3935 arbitrii?
2883 3880 2987 3936 Sed
3033 3883 3294 3950 quaniam
3346 3885 3436 3939 ille
3464 3883 3675 3954 Spiritus
3711 3876 3836 3945 srguil

2323 3971 2582 4027 mundum
2625 3971 2695 4026 de
2720 3980 2964 4041 peccato,
3005 3980 3058 4026 et
3109 3972 3176 4026 de
3219 3973 3450 4040 justitia,
3499 3982 3552 4028 et
3593 3972 3652 4026 de
3684 3965 3834 4038 judicia

2325 4061 2505 4132 (Joan.
2537 4078 2646 4127 XVI,
2676 4061 2767 4130 8);
2795 4077 2915 4116 cum
2943 4077 3040 4131 pro
3063 4062 3166 4117 hoc
3193 4073 3418 4131 peccato
3447 4063 3646 4118 veneris
3663 4059 3718 4114 ad
3736 4054 3836 4125 judi-

2323 4155 2486 4216 cium,
2531 4161 2659 4206 tunc
2686 4152 2911 4207 liberum
2941 4153 3113 4207 sancti
3157 4151 3395 4222 Spiritus
3429 4151 3699 4223 experieris
3731 4143 3835 4200 arbi-

2324 4244 2506 4297 trium.
2537 4241 2680 4298 Dicis
2717 4243 2921 4297 interea
2965 4243 3017 4296 in
3045 4258 3112 4298 eo
3141 4258 3261 4298 esse
3288 4245 3549 4299 minorem
3587 4251 3726 4311 atque
3746 4234 3835 4291 sub-

2319 4333 2520 4401 jectum
2537 4333 2792 4403 Spiritum
2817 4342 3080 4399 sanctum,
3105 4335 3228 4402 quia
3254 4351 3363 4390 non
3387 4337 3582 4404 petitur
3606 4341 3656 4387 ut
3677 4331 3838 4386 desccn

2324 4424 2435 4490 dat,
2461 4431 2519 4478 ut
2547 4425 2743 4488 veniat,
2777 4431 2835 4477 ut
2875 4424 2990 4493 ipse
3015 4439 3074 4478 se
3107 4424 3286 4478 mittat
3315 4441 3381 4480 ac
3409 4425 3631 4494 dirigat:
3659 4436 3746 4476 non
3769 4431 3836 4470 suo

2324 4525 2432 4570 tem
2463 4529 2628 4583 negas
2650 4515 2839 4569 Filium
2867 4516 3088 4570 missum
3112 4532 3143 4570 a
3167 4516 3349 4582 Patre,
3375 4524 3591 4587 propter
3612 4511 3733 4584 quod
3750 4521 3836 4564 eum

635 4607 779 4678 quod
856 4615 1132 4675 acceptum
1209 4607 1510 4662 nullatenus
1579 4607 1962 4677 perdiderunt,
2020 4607 2072 4661 id
2139 4616 2222 4662 est
2254 4615 2301 4674 ι)
2327 4607 2586 4660 minorem
2615 4605 2828 4660 conaris
2858 4621 3120 4662 asserere.
3144 4606 3202 4661 Si
3228 4621 3360 4676 ergo
3381 4608 3669 4662 divinorum
3691 4611 3840 4669 εοειιον

634 4697 971 4767 baptismatis
1022 4698 1232 4752 visibile
1287 4707 1700 4753 sacramentum.
1743 4697 1895 4764 Quod
1951 4698 2216 4768 baptisma

634 4790 792 4860 625
824 4805 928 4844 non
978 4788 1098 4844 ideo
1119 4789 1420 4858 :dicendum
1467 4798 1550 4844 est
1595 4788 1733 4858 apud
1781 4786 2064 4842 haereticos
2107 4804 2216 4843 non

635 4880 834 4934 habere
857 4875 1068 4950 pietatis
1092 4879 1338 4947 formam,
1359 4882 1484 4949 quia
1506 4882 1754 4936 virtutem
1777 4880 1995 4949 pietatis
2017 4880 2085 4934 ibi
2111 4895 2216 4934 non

631 4971 799 5025 habet
826 4989 838 5023 :
870 4971 964 5025 sed
987 4971 1169 5026 formae
1196 4971 1413 5042 pietatis
1437 4970 1705 5025 reddenda
1736 4977 1820 5023 est
1842 4969 2030 5035 virtus,
2057 4985 2215 5038 quam

634 5060 747 5115 sola
765 5063 940 5116 unitas
963 5062 1226 5116 catholica
1251 5061 1508 5131 possidet,
1533 5062 1582 5114 in
1607 5076 1711 5128 qua
1728 5068 1808 5114 est
1835 5067 2065 5114 etrectae
2096 5058 2219 5114 fidei

634 5156 860 5221 veritas,
880 5163 933 5209 et
948 5155 1192 5209 caritatis
1209 5154 1502 5221 indisrupta
1515 5153 1764 5207 societas.
1789 5150 1902 5206 Hoc
1924 5167 2085 5205 unum
2101 5167 2216 5206 cor-

632 5261 734 5314 pus
764 5245 1014 5300 Ecclesiae
1036 5262 1172 5300 unus
1191 5246 1422 5314 Spiritus
1441 5244 1694 5297 vivificat.
1727 5241 1953 5312 Propter
1979 5241 2122 5310 quod
2145 5242 2221 5294 ait

635 5337 827 5389 beatus
850 5334 1073 5389 Paulus:
1103 5335 1270 5390 Unum
1297 5352 1503 5406 corpus,
1529 5343 1577 5387 et
1601 5350 1732 5387 unus
1752 5333 1978 5404 Spiritus
2003 5331 2217 5403 (Ephes.

635 5443 705 5489 sv,
736 5425 812 5493 4).
863 5425 920 5479 lu
952 5427 1054 5481 hoc
1091 5442 1201 5481 uno
1237 5441 1464 5495 corpore
1512 5424 1950 5493 permanentibus
1998 5422 2220 5491 singulis

634 5517 935 5587 quibusque
959 5518 1233 5581 membris,
1256 5527 1309 5570 et
1331 5517 1496 5570 forma
1519 5515 1696 5570 inesse
1719 5514 1988 5568 invenitur
2007 5520 2062 5567 et
2085 5513 2215 5566 vita.

636 5613 714 5667 Ab
746 5613 845 5668 hoc
875 5620 1052 5667 autem
1093 5626 1320 5681 corpore
1357 5625 1514 5665 omne
1553 5611 1849 5663 membrum
1881 5605 2026 5675 quod
2059 5604 2220 5657 fuerit

633 5704 744 5758 sive
773 5702 1101 5768 infidelitate,
1131 5703 1243 5756 sive
1271 5701 1615 5756 animositate
1657 5699 1958 5768 praecisum,
1991 5697 2218 5750 formam

635 5795 849 5857 retinet,
883 5795 992 5848 vita
1039 5788 1206 5848 caret.
1243 5792 1536 5846 Membrum
1580 5790 1722 5844 enim
1754 5786 1896 5858 quod
1932 5802 1961 5839 a
1993 5802 2220 5856 corpore

633 5893 934 5953 separatur,
969 5883 1284 5938 invisibile-ui
1308 5881 1523 5950 quidem
1555 5881 1716 5934 vitam
1749 5877 1942 5949 perdit,
1996 5876 2218 5932 formam

2331 4698 2474 4752 veris
2528 4697 2876 4751 attestatione
2923 4697 3276 4764 voluminum,
3328 4697 3519 4752 Filium
3562 4712 3590 4749 a
3629 4691 3840 4764 prophetis

2323 4789 2654 4859 postulatum
2685 4796 2745 4842 ut
2788 4786 3144 4859 descenderet
3169 4803 3234 4843 ac
3271 4782 3500 4850 veniret,
3546 4785 3716 4840 saltem
3748 4779 3838 4833 hinc

2323 4896 2446 4936 eum
2487 4879 2740 4934 fateberis
2782 4895 2887 4933 non
2933 4895 3054 4934 esse
3101 4880 3438 4948 subjectum;
3488 4880 3717 4946 dicesque
3752 4883 3837 4926 eum

2325 4988 2444 5027 esse
2495 4971 2784 5025 voluntatis
2831 4971 3030 5037 libera},
3075 4985 3138 5026 ac
3183 4972 3419 5040 propriae
3469 4967 3738 5041 potestatis.
3771 4957 3839 5016 Cui

2325 5062 2468 5116 enim
2517 5061 2619 5115 nisi
2649 5060 2785 5115 Filio
2813 5075 2974 5129 quem
3004 5061 3390 5116 descensurum
3431 5067 3659 5123 noverat,
3702 5057 3842 5109 beam

2324 5154 2586 5222 propheta
2617 5153 2868 5208 dicebat:
2903 5152 3147 5220 Domine,
3194 5154 3390 5207 inclina
3439 5154 3604 5213 caelos,
3643 5159 3686 5204 et

2325 5243 2576 5296 descende
2609 5242 2780 5314 (Psal.
2813 5259 2996 5313 estin,
3030 5241 3121 5313 5)?
3167 5253 3260 5296 aut
3301 5243 3476 5311 cujus,
3527 5242 3619 5296 nisi
3645 5238 3724 5292 Dei
3751 5231 3840 5287 Uni-

2321 5335 2486 5402 geniti
2517 5337 2776 5404 poscebat
2798 5334 3109 5399 adventum,
3135 5333 3324 5388 dicens
3350 5352 3362 5386 :
3391 5333 3492 5397 Qui
3519 5332 3674 5403 pascis
3699 5322 3839 5379 Israel,

2321 5424 2555 5489 intende;
2584 5427 2668 5496 qui
2687 5424 2900 5479 deducis
2930 5425 3062 5478 velut
3086 5440 3203 5478 oues
3221 5423 3437 5494 Joseplt.
3463 5421 3559 5486 Qui
3585 5419 3712 5475 sedes
3731 5422 3840 5479 ευριπ

2324 5515 2615 5581 Clierubim,
2657 5533 2853 5587 appara
2875 5533 3048 5569 coram
3074 5513 3278 5586 Efrem,
3323 5526 3374 5568 et
3403 5512 3680 5584 Benjamin,
3703 5512 3744 5557 et
3763 5498 3845 5552 lla-

2321 5625 2493 5662 nasse.
2524 5607 2714 5662 Excita
2752 5610 3034 5678 potentiam
3066 5616 3225 5671 tuam,
3268 5615 3318 5660 et
3358 5607 3471 5660 veni
3507 5613 3559 5658 ut
3586 5599 3744 5656 liberes
3772 5601 3838 5642 tm

2325 5699 2494 5769 (Psal.
2524 5716 2706 5765 uxrx,
2724 5699 2774 5763 ί,
2794 5699 2848 5763 2,
2865 5699 2919 5769 ὅ)
2939 5699 3224 5767 ?Agnosce
3241 5698 3423 5765 igitur,
3439 5697 3490 5750 in
3510 5710 3573 5749 eo
3584 5687 3711 5762 quod
3726 5683 3840 5737 Ρθῑετ

2326 5789 2718 5859 postulabatur,
2767 5789 2980 5844 dicente
3009 5790 3305 5859 propheta:
3339 5786 3532 5840 Emitte
3558 5783 3702 5837 lucent
3736 5782 3843 5824 11⁸³³

2325 5889 2372 5933 et
2395 5881 2654 5934 reritatem
2687 5891 2825 5934 (nam
2855 5879 3026 5950 (Psal.
3061 5897 3190 5947 ml,
3221 5879 3307 5948 5);
3361 5885 3416 5934 et
3442 5894 3455 5930 :
3487 5871 3688 5934 Mando,
3717 5862 3840 5918 υιιιδι
