4050 6476
249 433 349 496 797

1293 415 1583 490 CONTRA
1622 426 1970 485 FABIANUM
2016 426 2455 485 FRAGMENTA.

3403 428 3502 482 798

247 556 415 614 virtuti
438 560 568 618 tuae;
600 544 848 622 conﬁrma
874 550 1007 622 quod
1046 557 1284 620 operatus
1315 566 1368 602 es
1397 550 1449 602 in
1479 545 1624 601 nobis
1643 544 1816 612 (Pent.
1851 547 1894 604 Α
1927 553 2090 608 ratur,
2143 542 2371 596 dividens
2417 540 2631 612 singulis
2690 547 2842 610 prout
2887 540 2990 594 vult
3030 538 3082 611 (Ι
3111 537 3230 595 Cor.
3264 553 3356 600 xtl.
3389 538 3500 607 ll).

244 663 404 709 vau,
433 643 524 714 29)
543 686 557 711 ,
589 658 620 697 a
651 641 806 696 Patre
832 641 1018 694 Filium
1047 640 1263 694 missum
1293 655 1308 704 ;
1341 639 1393 691 in
1422 653 1488 692 eo
1517 652 1646 692 vero
1675 633 1820 706 quod

245 748 303 795 ut
325 736 530 794 veniret
558 750 588 790 a
628 733 904 805 prophetis
933 732 1047 801 ipse
1076 729 1243 784 Filius
1287 729 1594 798 rogabatur,
1624 723 1818 780 Filium

243 828 460 901 propria
488 826 762 881 voluntate
789 822 1020 878 venisse.
1053 820 1333 891 Nunquam
1364 818 1504 871 enim
1536 832 1566 870 a
1596 815 1822 885 prophe‘

242 922 310 974 tis
337 917 700 990 postularetur
730 913 912 975 Filius,
963 911 1008 966 si
1052 911 1104 964 in
1146 908 1360 980 propria
1407 914 1671 977 potestate
1712 919 1819 958 non

241 1011 358 1081 ejus
387 1009 573 1063 fuisset
599 1005 879 1060 adventus.
914 1001 1224 1070 llogabatur
1253 1012 1381 1066 ergo
1410 995 1586 1059 Pater,
1621 1003 1679 1049 ut
1708 994 1822 1063 ipse

242 1099 482 1154 mitteret
507 1095 719 1158 Filium,
761 1093 884 1162 quia
933 1091 1117 1161 genuit
1145 1085 1366 1152 Filium;
1419 1101 1593 1155 neque
1643 1092 1820 1138 tamen

241 1190 407 1246 Filius
436 1195 718 1257 rogaretur
745 1193 803 1238 ut
831 1181 1181 1238 descenderet
1219 1195 1283 1234 ac
1311 1179 1537 1241 veniret,
1586 1176 1631 1230 si
1662 1189 1822 1229 unam

243 1281 600 1349 eamdemque
629 1293 750 1332 cum
777 1275 937 1329 Patre
990 1279 1313 1343 potestatem
1354 1267 1669 1324 naturaliter
1715 1281 1822 1320 non

239 1373 488 1428 haberet.
540 1369 724 1424 Sancti
769 1382 898 1436 ergo
944 1365 1220 1435 propheta:
1257 1362 1498 1418 sciebant
1543 1374 1603 1414 se
1631 1357 1823 1412 Filium

212 1479 457 1534 ‘rogare,
505 1476 626 1516 cum
657 1459 918 1528 rogabant
948 1456 1192 1519 Patrem;
1243 1452 1486 1508 similiter
1527 1458 1582 1506 et
1610 1450 1824 1503 Patrem

238 1553 542 1626 postulare,
590 1565 711 1606 cum
756 1548 947 1602 Filium
996 1544 1385 1616 postulabant:
1433 1541 1552 1596 ideo
1598 1540 1712 1594 sive
1757 1538 1825 1592 ad

239 1644 439 1709 Patris,
491 1644 607 1697 sive
657 1640 720 1694 ad
759 1639 876 1694 Filii
921 1651 1206 1707 personam
1255 1648 1470 1704 precem
1515 1630 1821 1700 dirigerent,

239 1744 414 1791 totam
457 1732 772 1787 Trinitatem
820 1729 872 1782 in
920 1727 1078 1781 unius
1119 1739 1366 1794 persona:
1412 1721 1827 1792 compellatione

238 1826 559 1899 poscebant,
590 1823 716 1894 quia
745 1835 902 1876 unam
934 1818 1214 1872 Trinitatis
1261 1813 1613 1871 substantiam
1658 1825 1825 1866 nove-

237 1928 382 1975 rant.
430 1917 594 1972 Filius
622 1923 705 1971 est
747 1914 957 1983 igitura
986 1911 1144 1964 Patre
1187 1909 1400 1972 missus,
1449 1921 1556 1960 non
1606 1903 1767 1958 Pater
1794 1917 1822 1956 a
1859 1919 1906 1978 Β

237 2009 422 2066 Filio:
454 2008 578 2078 quia
626 2005 791 2060 Filius
838 2014 922 2059 est
966 2017 996 2056 a
1025 2001 1186 2055 Patre
1231 2008 1407 2063 natus,
1456 2012 1564 2052 non
1605 1995 1764 2049 Pater
1791 2009 1822 2048 a

240 2099 402 2154 Filio.
435 2097 696 2152 Similiter
723 2094 882 2149 etiam
911 2091 1144 2161 Spiritus
1172 2097 1391 2144 sanctus
1417 2102 1446 2142 a
1477 2085 1638 2140 Patre
1667 2092 1721 2140 et
1741 2083 1827 2138 Fi-

238 2192 314 2249 lio
363 2192 554 2261 legitur
583 2189 792 2254 missus,
845 2187 968 2256 quia
1010 2200 1038 2238 a
1069 2183 1229 2237 Patre
1274 2180 1518 2249 Filioque
1561 2176 1820 2248 procedit.

237 2283 347 2338 Sed
375 2281 498 2353 quia
533 2296 638 2335 non
669 2294 776 2334 uno
802 2277 964 2333 modo
994 2276 1047 2329 in
1075 2272 1368 2344 Scripturis
1407 2269 1606 2326 sanctis
1634 2268 1829 2324 dicitur

237 2377 449 2438 missio,
481 2381 768 2444 pr0pterea
815 2371 867 2423 in
898 2373 1237 2424 sacramento
1265 2361 1674 2426 lncarnationis,
1719 2375 1826 2414 non

237 2469 416 2525 solum
448 2481 477 2519 a
509 2464 685 2530 Patre,
735 2477 919 2517 verum
964 2460 1127 2515 etiam
1178 2473 1206 2511 a
1257 2456 1461 2526 Spiritu
1489 2463 1679 2509 sancto
1707 2453 1830 2505 mis-

239 2573 336 2612 sus
365 2565 447 2610 est
474 2554 637 2607 Filius
664 2571 675 2604 :
704 2552 828 2621 quia
851 2548 1118 2604 mediator
1148 2547 1242 2601 Dei
1272 2555 1327 2600 et
1356 2545 1634 2599 hominum
1663 2543 1828 2597 homo

241 2647 490 2702 Christus
516 2643 689 2707 Jesus,
740 2643 903 2696 totius
929 2647 1012 2694 est
1040 2638 1316 2692 Trinitatis
1342 2636 1656 2706 operatione
1673 2633 1826 2702 .plas-

242 2745 442 2791 matus.
495 2734 614 2788 Alio
662 2741 840 2786 autem
888 2729 1048 2784 modo
1095 2728 1324 2782 mittitur
1359 2724 1575 2779 aPatre
1611 2730 1667 2778 et
1693 2722 1828 2777 Filio

243 2826 478 2898 Spiritus
505 2831 739 2886 sanctus,
772 2821 863 2892 qui
895 2816 1121 2890 (xEneas
1153 2818 1187 2871 ι.
1219 2825 1398 2871 contra
1421 2813 1649 2876 Graecos,
1680 2812 1827 2883 quia)

241 2917 564 2975 naturaliter
594 2931 622 2970 a
663 2913 822 2969 Patre
862 2913 1106 2980 Filioque
1136 2909 1400 2980 procedit.
1432 2907 1659 2961 Mittitur
1686 2905 1829 2960 enim

242 3026 273 3065 a
305 3008 464 3062 Patre
490 3019 546 3062 et
575 3006 709 3061 Filio
738 3004 973 3074 Spiritus
1003 3010 1240 3067 sanctus,
1270 3016 1393 3057 cum
1420 2999 1486 3055 ab
1517 3001 1630 3070 ipsa
1656 2996 1830 3051 Trini-

241 3109 380 3164 tate,
410 3115 515 3153 uno
542 3098 670 3161 Deo,
700 3095 884 3165 gratia:
911 3093 1168 3164 spiritalis
1195 3091 1428 3146 donatur
1453 3089 1694 3146 eilectus.
1721 3089 1831 3142 Ali-

241 3201 331 3247 ter
358 3206 487 3245 vero
527 3205 556 3243 a
591 3187 748 3242 Patre
778 3195 832 3242 et
863 3185 1066 3256 Spiritu
1094 3191 1281 3238 sancto
1309 3183 1504 3238 missus
1533 3192 1614 3236 est
1643 3181 1825 3246 Filius,

1924 633 2046 689 Noli
2087 647 2215 702 ergo
2259 647 2456 702 negare
2478 631 2742 702 superbus
2789 632 2958 686 sancti
2987 630 3217 701 Spiritus
3264 638 3504 700 potesta-

1929 732 2068 792 tem,
2131 739 2198 779 ne
2246 722 2634 778 condemnatus
2664 723 2864 777 sentias
2901 723 3227 791 aequitatem.
3277 721 3507 790 Spiritus

1926 814 2068 868 enim
2090 820 2308 889 sanctus
2329 811 2908 866 naturaliterDominus
2927 820 3028 876 est,
3047 811 3168 882 quia
3193 809 3506 864 naturaliter

1926 903 2156 973 Spiritus
2179 903 2390 957 Domini
2432 911 2549 968 est;
2591 917 2699 956 non
2730 903 2895 957 solius
2923 901 3133 956 Domini
3167 899 3359 962 Patris,
3408 913 3508 952 nec

1925 993 2093 1046 solius
2119 989 2328 1047 Domini
2364 991 2515 1055 Filii;
2548 990 2640 1046 sed
2669 991 2826 1045 unius
2846 989 3077 1056 Domini,
3109 989 3312 1044 scilicet
3335 985 3510 1041 Patris

1928 1093 1982 1138 et
2012 1083 2129 1136 Filii
2159 1103 2170 1133 :
2202 1092 2258 1137 et
2284 1083 2408 1152 quia
2433 1083 2750 1136 naturaliter
2794 1098 2930 1136 unus
2965 1089 3048 1135 est
3089 1079 3262 1135 Patris
3307 1087 3361 1132 et
3389 1077 3511 1132 Filii

1927 1171 2174 1243 Spiritus,
2201 1188 2321 1227 cum
2355 1171 2512 1226 Patre
2538 1180 2594 1225 et
2622 1171 2758 1226 Filio
2787 1173 3102 1226 naturaliter
3131 1187 3268 1226 unus
3295 1177 3378 1225 est
3403 1169 3510 1224 Do-

1927 1263 2123 1316 minus.
2155 1254 2253 1328 Qui
2294 1270 2581 1332 propterea
2626 1278 2731 1315 non
2778 1263 2943 1323 venit,
2998 1263 3097 1316 nisi
3143 1277 3262 1317 cum
3292 1278 3320 1314 a
3350 1259 3509 1314 Patre

1928 1352 2172 1423 Filioque
2200 1355 2447 1418 mittitur,
2493 1354 2616 1422 quia
2660 1354 2779 1408 inde
2809 1363 2890 1408 est
2919 1353 3033 1422 ejus
3063 1352 3362 1407 voluntaria
3412 1369 3507 1406 ve-

1930 1444 2107 1498 niendi
2135 1453 2391 1513 potestas,
2424 1444 2563 1498 unde
2603 1454 2684 1498 est
2713 1443 2830 1512 ejus
2861 1443 3175 1497 naturaliter
3202 1452 3400 1496 acterna
3429 1441 3508 1495 di-

1929 1537 2141 1590 vinitas.

2382 1646 2855 1702 FRAGMENTUM
2898 1646 3057 1702 XXX.

1931 1737 2054 1794 Non
2082 1741 2246 1794 omnis
2275 1741 2454 1795 missio
2484 1741 2743 1810 apparitio
2783 1749 2877 1793 est.
2915 1739 2979 1793 In
3009 1740 3241 1794 columba
3288 1749 3504 1802 tantum,

2000 1821 2049 1863 et
2076 1812 2129 1863 iu
2161 1810 2352 1882 linguis
2381 1812 2544 1880 igneis
2576 1811 2819 1881 apparuit
2849 1810 3076 1882 Spiritus
3115 1820 3346 1877 sanctus,
3373 1826 3510 1877 sirpe

2000 1883 2133 1933 alias
2155 1879 2340 1950 missus
2372 1883 2480 1933 sine
2504 1879 3124 1950 apparitione10iabolus
3153 1897 3253 1933 non
3284 1892 3360 1933 est
3386 1882 3510 1950 mis-

2001 1967 2085 2003 sus
2114 1950 2184 2002 ad
2207 1949 2328 2014 Job,
2361 1951 2452 2020 sed
2477 1948 2776 2020 permissus.
2818 1948 3093 2003 Mittuntur
3131 1951 3302 2020 angeli
3332 1960 3385 2002 ut
3414 1949 3511 2002 ad-

1999 2021 2362 2073 ntinistratorii
2391 2019 2666 2090 Spiritus._
2691 2019 2811 2073 Non
2836 2030 2952 2074 orat
2990 2037 3082 2090 pro
3111 2019 3255 2072 nobis
3281 2019 3508 2090 Spiritus

1999 2099 2210 2143 sanctus
2233 2107 2291 2143 eo
2312 2090 2464 2144 modo
2491 2107 2590 2159 quo
2620 2088 2812 2142 Filius.
2992 2088 2996 2090 Ἴ
3327 2088 3331 2090 ⁷
3469 2113 3473 2116 ς

1999 2201 2137 2257 Ecce
2168 2203 2359 2256 iterum
2403 2202 2525 2256 dico
2554 2202 2699 2271 quod
2741 2203 2986 2272 superius
3015 2202 3123 2256 dixi
3153 2220 3166 2254 :
3196 2201 3312 2257 Non
3335 2203 3510 2257 omnis

1928 2292 2114 2346 missio
2136 2292 2400 2361 apparitio
2424 2301 2527 2359 est,
2544 2301 2600 2346 et
2621 2291 2853 2346 maxime
2868 2291 3051 2347 missio
3063 2290 3293 2362 Spiritus
3313 2293 3504 2347 sancti.

1929 2383 2096 2452 Cujus
2125 2384 2436 2438 missionem
2467 2400 2574 2438 non
2604 2384 2704 2439 nisi
2729 2383 2962 2440 secundo
2983 2385 3262 2440 visibiliter
3288 2393 3510 2455 oporte-

1928 2474 2018 2527 bat
2044 2473 2282 2539 ostendi;
2310 2489 2417 2528 non
2440 2488 2536 2543 per
2559 2473 2832 2543 propriam
2853 2482 3124 2541 naturam,
3155 2473 3247 2529 sed
3277 2490 3372 2545 per
3393 2476 3510 2529 sub—

1929 2563 2094 2618 ditam
2124 2573 2445 2629 creaturam,
2499 2579 2617 2632 qua:
2645 2573 2891 2620 creatura
2921 2573 2977 2620 et
3007 2565 3204 2636 aliquid
3241 2565 3510 2634 signiﬁca-

1928 2661 2032 2715 ret,
2057 2661 2110 2706 et
2138 2661 2355 2720 peracta
2383 2652 2775 2720 signiﬁcatione
2805 2655 3074 2708 transiret.
3130 2654 3219 2710 Sic
3248 2664 3426 2710 autem
3459 2656 3512 2712 in

1931 2743 2020 2800 illa
2043 2743 2314 2809 columba,
2339 2751 2392 2797 et
2420 2743 2612 2812 linguis
2643 2745 2812 2811 igneis
2829 2745 3114 2812 significari
3140 2749 3376 2816 oportuit
3397 2747 3512 2816 Spi-

1931 2836 2092 2889 ritum
2121 2843 2363 2889 sanctum
2389 2836 2570 2905 (quem
2593 2841 2773 2889 tamen
2817 2852 2923 2889 non
2965 2836 3232 2890 credimus
3271 2837 3515 2892 localiter

1932 2927 2196 2995 missum),
2244 2929 2379 2982 sicut
2411 2928 2695 2998 oportebat
2725 2936 2782 2982 ut
2809 2928 2975 2982 Deum
3009 2928 3218 2982 Patrem
3249 2929 3514 2997 signiﬁca-

1931 3026 2013 3072 ret
2043 3018 2130 3071 illa
2161 3034 2265 3072 vox
2295 3033 2414 3086 qua:
2468 3034 2630 3088 super
2665 3017 2844 3072 Jesum
2873 3018 3198 3087 baptizatum
3232 3018 3364 3073 facta
3390 3029 3472 3074 est
3497 3037 3511 3072 :

1935 3110 1987 3163 in
2017 3125 2120 3177 qua
2154 3117 2331 3162 tamen
2359 3109 2436 3162 sic
2461 3123 2745 3177 personam
2786 3106 3136 3176 signiﬁcatam
3169 3109 3344 3164 Patris
3369 3111 3513 3164 acci-

1933 3199 2145 3268 pimus,
2206 3209 2262 3251 ut
2317 3197 2431 3266 ejus
2479 3198 2745 3252 divinitati
2789 3199 3144 3268 temporalem
3187 3199 3513 3254 locutionem

239 3286 458 3356 quando
484 3281 832 3350 semetipsum
860 3277 1197 3342 exinaniens,
1242 3275 1468 3331 formam
1498 3275 1638 3330 servi
1667 3289 1822 3329 acce-

1931 3288 2201 3342 ascribere
2229 3288 2535 3343 nullatenus
2579 3288 2888 3344 audeamus.
2932 3289 3165 3360 Spiritus
3215 3299 3392 3346 autem
3423 3293 3514 3362 qui

237 3377 343 3448 pit.
378 3375 559 3445 Neque
589 3374 733 3430 enim
762 3373 864 3427 hoc
895 3370 1052 3425 estin
1082 3384 1366 3440 personam
1394 3383 1545 3424 suam
1583 3367 1828 3437 accipere

237 3486 485 3535 carnem,
516 3467 737 3537 lierique
763 3465 1000 3520 Verbum
1030 3463 1324 3526 hominem,
1358 3460 1502 3532 quod
1530 3468 1613 3515 est
1645 3458 1827 3514 invisi-

236 3559 336 3615 bili
362 3558 602 3628 potcntia
623 3541 870 3610 conferre
891 3551 1204 3621 cujusquam
1229 3550 1466 3605 muneris
1495 3549 1818 3618 largitatem.

235 3649 360 3706 Non
402 3649 546 3703 enim
584 3661 712 3701 vere
739 3643 971 3715 Spiritus
1016 3649 1234 3696 sanctus
1278 3655 1406 3696 vere
1455 3639 1701 3695 columba
1748 3639 1826 3692 fa-

233 3749 359 3797 ctus
411 3719 495 3793 est
542 3744 636 3791 aut
681 3749 810 3791 vere
855 3731 993 3802 ignis
1051 3729 1223 3786 factus
1271 3738 1394 3794 est,
1440 3727 1656 3798 quando
1703 3743 1824 3782 eum

232 3833 425 3888 talium
473 3845 652 3885 rerum
696 3826 905 3882 visione
945 3820 1233 3893 signiﬁcari
1285 3821 1500 3892 (Florus
1543 3819 1704 3890 legit,
1752 3819 1826 3873 si-

231 3921 415 3992 gnari)
457 3919 717 3990 oportuit.
772 3915 1000 3970 Verbum
1054 3921 1233 3968 autem
1286 3927 1414 3967 caro
1461 3910 1660 3966 factum
1717 3917 1822 3979 est,

231 4012 456 4085 quando
488 4009 804 4079 Unigenitus
835 4007 975 4062 Deus
1012 4020 1226 4060 carnem
1279 4004 1509 4073 accepit.
1560 4002 1714 4069 Quod
1739 4008 1823 4055 ta-

231 4119 361 4160 men
396 4119 502 4158 non
533 4103 706 4157 aliena
737 4105 1024 4170 potestate,
1059 4096 1154 4156 sed
1193 4094 1410 4166 propria
1440 4094 1598 4160 fecit;
1650 4107 1826 4163 neque

233 4213 334 4252 sua
365 4203 592 4260 tantum,
640 4194 762 4264 quia
795 4191 922 4246 illud
949 4176 1164 4261 pietatis
1198 4193 1616 4249 sacramentum,
1659 4185 1825 4266 totius

234 4287 519 4343 Trinitatis
549 4294 632 4341 est
661 4299 760 4339 una
790 4283 1065 4338 voluntate
1093 4295 1154 4335 ac
1194 4285 1463 4349 potestate
1503 4275 1820 4347 perfectum.

237 4379 410 4434 Miror
439 4387 618 4432 autem
661 4372 930 4445 quomodo
971 4389 1001 4428 a
1050 4371 1253 4442 Spiritu
1297 4377 1484 4424 sancto
1524 4368 1664 4424 mitti
1714 4383 1821 4423 non

231 4469 426 4525 credas
457 4467 722 4535 angelum,
773 4481 804 4519 a
834 4481 940 4536 quo
988 4465 1208 4520 missum
1256 4464 1391 4534 legis
1433 4463 1606 4534 ipsum
1638 4463 1822 4518 Domi-

213 4575 364 4614 ‘num
402 4557 737 4624 angelorum.
788 4556 1001 4610 Patrem
1049 4571 1178 4611 vero
1228 4556 1557 4621 invocamus,
1599 4562 1822 4624 propter

1876 3446 1888 3458 ι
1929 3379 1997 3433 de
2019 3379 2158 3434 caelo
2188 3379 2489 3444 mittuntur,
2537 3389 2665 3435 tunc
2692 3390 2950 3451 apparent
2990 3383 3206 3450 quando
3236 3383 3314 3437 eis
3343 3399 3373 3437 a
3405 3384 3516 3438 Deo

1930 3469 2253 3538 praecipitur,
2276 3477 2331 3523 et
2353 3477 2481 3524 tunc
2503 3486 2610 3524 non
2633 3482 2895 3539 apparent
2921 3471 3136 3541 quando
3161 3472 3238 3526 eis
3263 3472 3515 3527 divinitus

1930 3575 2036 3612 non
2060 3557 2304 3627 jubetur;
2334 3560 2460 3614 illuc
2488 3569 2666 3614 tamen
2698 3561 3000 3627 mittuntur,
3049 3563 3138 3616 ubi
3171 3578 3278 3616 non
3301 3561 3515 3618 fuerunt

1928 3656 2216 3715 antequam
2266 3649 2630 3703 mitterentur.
2683 3649 2836 3715 Quod
2867 3650 2935 3704 de
2961 3657 3146 3705 sancto
3175 3651 3377 3721 Spiritu
3408 3669 3515 3707 non

1928 3744 2107 3804 potest
2133 3744 2278 3790 recte
2307 3737 2391 3790 vel
2417 3739 2562 3792 credi
2595 3738 2679 3791 vel
2718 3739 2845 3805 dici,
2875 3755 3034 3808 quem
3077 3750 3292 3795 c0nstat
3317 3743 3514 3811 ubique

1926 3841 2142 3896 semper
2162 3841 2281 3882 esse
2306 3835 2498 3891 totum,
2528 3828 2651 3898 quia
2693 3829 2922 3900 Spiritus
2952 3829 3164 3884 Domini
3192 3832 3402 3900 replevit
3427 3848 3512 3886 or-

1927 3917 2038 3971 bem
2085 3927 2343 3972 terrarum
2376 3917 2532 3989 (Sap.
2563 3936 2598 3985 ι,
2632 3919 2708 3988 7).
2755 3920 2969 3975 Falsum
3009 3931 3092 3977 est
3140 3931 3319 3976 autem
3368 3925 3512 3992 quod

1925 4009 2129 4076 dixisti,
2159 4009 2416 4064 Diabolus
2457 4026 2579 4065 cum
2607 4011 2672 4064 ad
2701 4011 2803 4066 Job
2833 4013 3027 4068 missus
3056 4023 3160 4078 est,
3205 4029 3373 4082 quare
3403 4032 3510 4071 non

1925 4101 2214 4170 apparuit?
2243 4099 2428 4169 Neque
2472 4102 2615 4156 enim
2645 4111 2830 4157 sancta
2861 4102 3134 4173 Scriptura
3161 4104 3298 4159 dixit
3317 4106 3382 4160 ad
3409 4105 3513 4162 Job

1925 4191 2197 4247 diabolum
2227 4193 2467 4257 missum,
2494 4193 2739 4262 quamvis
2759 4192 2955 4248 dixerit
2986 4194 3146 4248 fuisse
3166 4197 3505 4266 permissum.

1923 4283 2160 4338 Inaniter
2190 4284 2353 4351 igitur
2390 4285 2483 4338 tibi
2525 4284 2686 4338 verba
2716 4285 2922 4338 inutilia
2948 4285 3014 4340 de
3044 4287 3300 4343 missione
3343 4295 3511 4359 atque

1923 4375 2261 4446 apparitione
2289 4375 2600 4444 angelorum
2622 4375 3028 4445 multiplicando
3060 4391 3262 4443 versas,
3293 4388 3348 4434 et
3381 4394 3508 4434 ver-

1921 4463 2092 4520 sando
2115 4464 2472 4534 multiplicas;
2524 4465 2675 4533 quasi
2704 4480 2805 4520 nos
2839 4465 2959 4519 ideo
2999 4481 3257 4534 negemus
3286 4469 3510 4538 angelos

1923 4557 2135 4622 missos,
2181 4557 2305 4626 quia
2346 4571 2406 4612 se
2447 4556 2766 4626 plerumque
2818 4556 3315 4613 manifestaverunt.
3370 4559 3506 4615 Cum

231 4648 494 4716 originem
524 4655 579 4702 et
623 4647 917 4700 naturalem
949 4645 1242 4700 divinitatis
1276 4653 1438 4713 atque
1487 4645 1816 4699 individuam
1850 4641 1896 4701 D
1923 4648 2106 4716 utique
2134 4647 2186 4701 in
2214 4662 2281 4702 eo
2301 4647 2446 4716 quod
2476 4647 2780 4712 mittuntur,
2808 4647 2922 4702 sive
2951 4648 3120 4702 oculis
3143 4649 3392 4704 humanis
3409 4666 3507 4719 ap-

232 4741 515 4796 unitatem.
573 4739 724 4806 Quod
777 4739 960 4808 utique
1015 4737 1158 4792 dono
1214 4738 1405 4792 divinae
1453 4738 1815 4807 inspirationis

230 4839 417 4885 sancta
459 4829 696 4886 custodit
723 4828 984 4883 Ecclesia.
1034 4827 1148 4882 Non
1198 4827 1339 4883 enim
1370 4835 1582 4896 poterat
1623 4827 1816 4896 plurali

229 4934 459 4975 numero
494 4918 812 4974 Trinitatem
854 4933 1096 4988 poscere,
1140 4932 1205 4971 ne
1253 4917 1318 4971 ab
1369 4917 1669 4973 intidelihus
1707 4933 1815 4974 non

231 5010 368 5079 Deo,
417 5011 512 5066 sed
560 5011 662 5066 diis
709 5018 989 5080 putaretur
1036 5008 1224 5077 religio
1264 5007 1564 5063 Christiana
1587 5010 1809 5065 servire.

231 5098 446 5158 Patrem
473 5116 601 5171 ergo
629 5109 812 5156 sancta
835 5099 1069 5155 Ecclesia
1093 5100 1146 5154 in
1168 5099 1415 5170 precibus
1435 5101 1625 5170 poscit,
1649 5114 1810 5170 quem

231 5207 352 5248 esse
381 5193 642 5262 originem
665 5191 784 5246 Filii
815 5200 870 5246 et
898 5191 1128 5261 Spiritus
1152 5191 1346 5258 sancti,
1390 5199 1539 5246 recta
1577 5191 1808 5246 creduli-

235 5290 344 5337 tate
382 5283 655 5351 cognovit.
702 5281 826 5336 ldeo
874 5290 1053 5337 autem
1101 5283 1317 5336 nomine
1345 5279 1460 5334 Filii
1498 5289 1552 5334 et
1581 5279 1811 5351 Spiritus

231 5366 422 5440 sancti,
455 5374 728 5429 orationes
767 5387 1063 5443 precesque
1093 5381 1453 5439 consummat,
1482 5381 1540 5426 ut
1567 5381 1809 5428 sanctam

232 5463 548 5519 Trinitatem
578 5465 735 5519 unius
763 5478 880 5518 esse
911 5473 1112 5518 naturce
1134 5479 1196 5518 ac
1217 5462 1513 5532 majestatis
1539 5463 1804 5518 ostendat.

231 5553 306 5609 De
335 5564 600 5626 potestate
628 5563 806 5609 autem
832 5554 1062 5624 Spiritus
1087 5555 1260 5610 sancti
1301 5570 1463 5625 quam
1483 5554 1557 5608 illi
1581 5555 1633 5609 in
1658 5570 1811 5610 crea-

232 5654 351 5701 tura
381 5645 650 5716 denegare
681 5662 786 5700 non
815 5647 1030 5713 metuis,
1060 5661 1182 5700 cum
1220 5654 1274 5700 tu
1305 5645 1421 5714 ejus
1446 5644 1680 5714 etl‘ugere
1708 5661 1808 5716 po-

231 5745 478 5792 testatem
507 5739 665 5809 627
691 5736 1059 5806 justitiamque
1084 5752 1190 5791 non
1233 5738 1425 5806 possis,
1455 5737 1566 5806 jam
1597 5737 1692 5791 tibi
1719 5753 1809 5793 su-

230 5829 409 5896 perius
439 5827 711 5898 respondi.
743 5825 1079 5882 Manifestum
1129 5835 1211 5882 est
1239 5829 1379 5881 enim
1424 5844 1545 5882 eum
1595 5829 1807 5898 plenam

232 5919 430 5974 nabere
468 5933 646 5974 rerum
683 5916 919 5972 omnium
947 5926 1292 5988 potestatem,
1331 5919 1452 5988 quia
1485 5920 1658 5973 omnia
1688 5935 1808 5989 ope-

1923 4745 2166 4809 pareant,
2197 4737 2309 4794 sive
2333 4752 2363 4791 a
2393 4745 2688 4806 conspectu
2718 4737 2994 4792 hominum
3018 4740 3342 4809 semetipsos
3383 4741 3508 4797 abs-

1920 4828 2185 4894 condant;
2241 4827 2320 4881 sic
2349 4834 2531 4880 tamen
2559 4827 2846 4882 mittuntur
2865 4827 3313 4897 quemadmodum
3340 4832 3506 4902 628

1919 4919 2212 4975 auctoritas
2237 4918 2532 4988 apostolica
2553 4927 2882 4988 protestatur
2901 4937 2912 4972 :
2933 4919 3376 4977 Administratorii
3395 4927 3503 4994 spi-

1918 5009 2047 5060 ritus
2074 5008 2126 5061 in
2154 5005 2497 5060 ministerium
2517 5006 2681 5072 missi,
2706 5015 2916 5077 prapter
2942 5025 3029 5062 eos
3049 5011 3134 5080 qui
3154 5010 3502 5067 lia’reditatem

1918 5101 2127 5170 capiunt
2156 5100 2339 5153 salutis
2369 5096 2556 5169 (Hebr.
2585 5115 2621 5164 ι,
2664 5097 2775 5166 14).
2810 5099 2915 5155 Sed
2945 5115 3216 5170 nunquam
3249 5103 3369 5156 talis
3397 5119 3496 5171 po-

1915 5178 2019 5254 test
2048 5202 2167 5242 esse
2194 5187 2376 5243 missio
2401 5187 2633 5258 Spiritus
2661 5189 2854 5244 sancti.
2883 5189 2976 5244 Ille
3001 5191 3146 5246 enim
3178 5191 3374 5246 nullam
3398 5208 3498 5262 po-

1914 5286 2020 5332 test
2041 5278 2240 5333 habere
2255 5295 2373 5334 cum
2399 5280 2603 5349 angelis
2623 5280 3024 5336 similitudinem
3045 5283 3316 5339 missionis
3335 5326 3348 5348 ,
3369 5285 3494 5353 quia

1913 5369 2219 5437 ubicunque
2247 5378 2373 5424 sunt
2394 5371 2566 5425 sancti
2598 5370 2793 5439 angeli,
2844 5371 2963 5441 ipso
3005 5382 3129 5428 sunt
3171 5390 3360 5432 omnes
3387 5393 3496 5432 uno

1914 5459 2116 5530 Spiritu
2145 5460 2311 5530 pleni,
2357 5463 2450 5530 qui
2493 5469 2638 5516 totus
2679 5469 2762 5515 est
2799 5461 2850 5515 in
2898 5462 3142 5531 singulis,
3175 5473 3232 5520 et
3273 5483 3411 5524 unus
3443 5469 3496 5525 in

1912 5552 2140 5608 cunctis.
2171 5553 2408 5622 Angelus
2437 5569 2566 5609 vero
2605 5560 2661 5608 et
2687 5553 2938 5610 minister
2979 5572 3239 5627 nusquam
3279 5574 3498 5618 sanctus

1913 5643 2143 5713 Spiritus
2186 5643 2532 5698 nominatur:
2565 5659 2686 5698 cum
2736 5644 2790 5699 in
2832 5660 2998 5715 opere
3026 5664 3129 5703 una
3167 5650 3383 5720 quidem
3422 5654 3494 5708 sit

1913 5735 2248 5790 annuntiatio
2271 5734 2565 5800 Trinitatis,
2606 5744 2660 5790 et
2701 5736 2758 5791 iu
2793 5738 3286 5797 subministratione
3320 5741 3490 5812 Spiri-

1912 5835 2019 5894 tus,
2050 5843 2155 5882 nou
2186 5827 2256 5881 sit
2286 5827 2639 5882 ministerium
2679 5828 2972 5894 servitutis,
2999 5829 3093 5889 sed
3116 5831 3308 5887 divina:
3335 5837 3494 5904 maje-

1913 5920 2068 5976 statis
2117 5919 2392 5975 auxilium.
2454 5918 2606 5986 Quod
2653 5921 2842 5978 beatus
2887 5921 3076 5978 Petrus
3129 5923 3494 5983 indubitanter
