4050 6460
585 446 691 504 799

1632 441 1685 496 S.
1726 437 2085 496 FULGENTII
2126 433 2427 493 EPISCOPI
2467 432 2839 492 RUSPENSIS
3686 446 3761 503 800

587 564 840 628 ostendit,
872 562 1055 617 dicens
1081 581 1092 615 :
1130 563 1250 617 Sive
1277 578 1361 632 qut
1406 560 1651 631 loquitur,
1698 568 1940 629 tanquam
1971 572 2166 609 sermo-
2201 560 2245 617 Α
2275 552 2551 607 nobiscum
2582 562 2770 607 natura
2802 551 3101 605 communis
3167 549 3391 606 Proinde
3416 552 3518 622 ipse
3546 567 3614 611 est
3636 567 3704 631 qui
3726 577 3765 620 ει

587 674 679 711 nes
710 655 806 709 Dei
830 673 845 709 :
870 656 973 710 sive
998 655 1083 721 qui
1120 655 1398 717 ministrat,
1442 660 1686 721 tanquam
1713 667 1779 703 ex
1806 651 1989 702 t't'rtutc
2016 665 2169 719 quam

588 746 918 800 administrat
949 744 1083 798 Deus
1103 738 1156 813 (1
1186 742 1327 797 Petr.
1362 757 1430 807 tv,
1457 740 1569 810 il).
1596 739 1694 793 Ubi
1736 738 2043 793 ostenditur
2064 754 2170 791 non

590 837 909 906 cujusquam
940 845 1216 896 creaturae,
1258 835 1351 889 sed
1400 833 1566 887 solius
1606 849 1726 886 esse
1751 832 1867 892 Dei,
1915 831 2171 885 auxilium

596 928 971 983 administrare
1015 928 1247 981 virtutis.
1300 926 1380 980 Illi
1438 940 1652 996 quoque
1696 922 2014 992 objectioni,
2067 937 2171 990 qua

590 1025 838 1071 sanctum
867 1016 1123 1085 Spiritum
1174 1015 1467 1085 postulare,
1516 1029 1750 1083 gemere,
1801 1022 1962 1081 atque
2004 1012 2172 1066 inter-

591 1107 797 1177 pellare
826 1106 1027 1173 dixisti,
1076 1115 1333 1175 quantum
1379 1121 1463 1160 me
1491 1105 1748 1160 Dominus
1792 1102 2012 1172 adjuvit,
2053 1101 2174 1157 dedi

592 1213 943 1267 responsum;
1004 1195 1293 1251 ostendens
1343 1194 1792 1265 quemadmodum
1849 1194 1939 1247 ille
1997 1206 2175 1247 sermo

594 1286 838 1356 Apostoli
881 1284 1175 1340 secundum
1216 1286 1453 1353 regulam
1502 1283 1697 1339 debeat
1742 1283 1982 1338 veritatis
2018 1283 2174 1337 intel-

596 1374 709 1443 Iigi.
744 1373 872 1427 Nam
904 1389 1089 1428 revera
1133 1373 1399 1436 Christus,
1451 1375 1542 1444 qui
1588 1381 1670 1428 est
1715 1374 1766 1427 in
1807 1373 2028 1427 dextera
2060 1372 2172 1435 Dei,

595 1463 900 1533 interpellat
922 1464 1137 1532 quidem
1170 1480 1265 1534 pro
1289 1466 1442 1519 nobis
1476 1464 1652 1534 (Rom.
1688 1480 1797 1527 \Itl,
1821 1463 1936 1532 5i),
1978 1462 2069 1517 sed
2092 1478 2177 1517 se-

590 1558 824 1615 cundum
854 1558 996 1629 quod
1028 1558 1276 1627 dignatus
1303 1536 1403 1613 θεῖ
1398 1553 1679 1619 Sacerdos
1707 1573 1844 1620 esse,
1888 1566 1943 1611 et
1984 1556 2179 1611 obtulit

592 1640 940 1717 semetipsum
972 1665 1069 1718 pro
1102 1649 1275 1713 nobis,
1326 1649 1654 1703 oblatiOnem
1709 1658 1764 1702 et
1793 1650 2022 1704 hostiam
2069 1648 2180 1705 Deo

590 1740 645 1794 in
675 1740 898 1793 odorem
929 1741 1207 1794 suavitatis
1233 1739 1446 1811 (Epltes.
1472 1739 1615 1809 νβ).
1643 1740 1768 1795 Inde
1791 1741 1949 1810 igitur
1977 1741 2172 1802 oratio,

591 1830 734 1885 unde
756 1830 991 1895 oblatio;
1026 1829 1147 1885 inde
1175 1831 1480 1886 obsecratio
1514 1831 1876 1896 sacerdota‘is,
1929 1830 2069 1885 unde
2100 1830 2174 1884 illi

2274 651 2392 697 orat
2418 658 2515 711 pro
2547 642 2724 708 nobis,
2770 650 2824 695 et
2854 649 3041 695 oratur
3074 656 3102 695 a
3137 642 3307 696 nobis.
3336 640 3456 697 Orat
3479 660 3674 717 namque
3696 668 3764 722 Iro

2279 734 2435 787 nobis
2463 732 2754 785 secundum
2784 730 2927 801 quod
2957 739 3038 785 est
3065 730 3328 786 Sacerdos
3356 741 3540 799 noster,
3566 746 3612 791 et
3649 754 3767 812 caput

2271 822 2519 893 corporis
2559 821 2832 884 Ecclesiae,
2877 837 3014 877 unus
3046 822 3307 877 mediator
3336 824 3421 879 Dei
3451 835 3505 879 et
3533 827 3766 899 hominum,

2272 913 2435 967 homo
2475 912 2718 967 Christus
2746 911 2932 971 Jesus;
2986 921 3172 966 oratur
3199 922 3374 968 autem
3412 930 3437 967 a
3470 918 3604 971 nobis
3627 936 3768 977 secun-

2274 1002 2399 1056 dum
2444 1001 2588 1071 quod
2637 1018 2757 1056 cum
2803 1000 2963 1057 Patre
3016 1003 3334 1057 naturaliter
3379 1021 3507 1060 unus
3546 1018 3616 1062 est
3652 1010 3766 1065 Deus.

2274 1094 2501 1164 Spiritus
2543 1102 2722 1147 autem
2760 1103 2999 1161 sanctus,
3041 1109 3215 1162 neque
3242 1095 3378 1165 apud
3411 1095 3621 1164 Patrem,
3645 1118 3773 1172 neque

2276 1186 2414 1257 apud
2445 1184 2656 1249 Filium,
2683 1200 2780 1254 pro
2810 1184 2965 1239 nobis
2993 1184 3159 1239 ullum
3201 1188 3557 1255 postulationis
3596 1191 3771 1248 ofﬁcium

2276 1277 2440 1346 gerit;
2474 1278 2565 1332 sed
2597 1294 2717 1333 cum
2748 1276 2910 1333 Patre
2941 1286 2994 1332 et
3022 1278 3181 1342 Filio,
3216 1296 3375 1334 unum
3406 1284 3774 1350 postulationibus

2277 1370 2476 1423 nostris
2505 1369 2742 1423 auditum
2776 1369 3125 1438 benignitatis
3155 1370 3432 1440 impendit,
3461 1389 3602 1427 unam
3627 1377 3775 1429 miseri-

2278 1460 2515 1515 cordiam
2547 1461 2751 1523 tribuit,
2803 1476 2967 1514 unum
3011 1460 3221 1515 confert
3250 1462 3518 1526 auxilium,
3559 1480 3689 1518 unam
3712 1448 3787 1520 re?

2280 1553 2592 1609 missionem
2620 1553 2891 1608 condonat
2915 1562 3288 1623 peccatorum.
3338 1552 3499 1607 Simul
3524 1556 3646 1610 enim
3667 1572 3689 1609 a
3708 1574 3780 1611 no-

2279 1646 2379 1711 bis,
2412 1645 2538 1701 dum
2586 1646 2797 1700 Patrem
2830 1646 3122 1715 poscimus,
3170 1653 3286 1705 tota
3316 1645 3538 1700 Trinitas
3564 1647 3778 1716 poscitur.

2279 1739 2405 1808 quia
2433 1737 2692 1808 quidquid
2722 1737 2939 1792 Salubre
2983 1736 3137 1792 nobis
3162 1746 3265 1801 est,
3318 1745 3427 1791 tota
3456 1737 3662 1793 Trinitas
3682 1738 3784 1792 iuse-

2280 1829 2503 1899 parabili
2545 1829 2743 1884 virtute
2766 1842 2827 1882 ac
2859 1827 3101 1882 bonitate
3130 1826 3373 1894 largitur.

1456 2080 1551 2126 IX
1578 2078 1802 2126 ιιιιιο
1837 2077 1933 2123 ιχ.
1976 2077 2071 2122 DE
2109 2074 2607 2124 INVOCA’I'IONE
2643 2074 3072 2124 ἿΒΙΝΙΤΔΤΙΒ.

958 2188 1120 2258 629
1142 2183 1613 2239 FRAGMENTUM
1634 2182 1814 2237 XXXI.

594 2296 719 2353 Non
753 2295 907 2350 Pater
938 2304 1134 2349 tantum
1157 2297 1439 2358 invocatur,
1466 2295 1558 2348 sed
1583 2296 1739 2348 etiam
1772 2293 1956 2348 Filius.
1989 2293 2049 2346 In
2073 2310 2179 2346 una

662 2384 881 2432 persona
908 2368 1176 2421 invocatur
1205 2374 1311 2419 tota
1341 2365 1590 2419 Trinitas.
1625 2365 1776 2429 Quod
1803 2381 1908 2417 una
1958 2379 2178 2434 persona

662 2440 912 2509 poscitur,
938 2446 1043 2490 tota
1079 2435 1303 2489 Trinitas
1328 2435 1468 2505 [αι-ξ’.

676 2547 817 2602 Dicis
837 2546 981 2615 quod
1004 2547 1117 2601 sive
1147 2547 1324 2601 oratio
1352 2545 1649 2609 Dominica,
1681 2546 1797 2600 sive
1842 2560 2030 2601 omnes
2053 2561 2179 2599 ora-

595 2639 774 2693 tiones
817 2652 1130 2693 communes
1158 2645 1214 2692 et
1243 2652 1448 2707 preces,
1495 2652 1602 2691 non
1654 2636 1756 2691 nisi
1798 2636 1864 2690 ad
1893 2636 2060 2691 solius
2088 2635 2182 2690 Dei

596 2728 771 2785 Patris
798 2743 1084 2798 personam
1107 2728 1211 2783 rite
1242 2727 1556 2783 fundantur.
1596 2727 1705 2783 Nos
1732 2736 1911 2782 autem
1934 2727 2181 2793 dicimus,

602 2822 903 2878 orationem
933 2820 1151 2891 quidem
1180 2820 1511 2876 Dominicam
1540 2820 1610 2875 ad
1639 2820 1805 2876 solius
1828 2818 2001 2874 Patris
2041 2834 2186 2874 sem-

597 2927 697 2984 per
724 2910 870 2966 fundi
899 2910 1097 2967 debere
1121 2926 1437 2981 personam;
1466 2912 1666 2982 quippe
1706 2911 1760 2965 in
1790 2926 1895 2980 qua
1925 2911 2003 2966 sic
2027 2925 2185 2966 orare

598 3002 919 3070 incipimus,
976 3010 1035 3057 ut
1067 3016 1241 3071 Ipsum
1279 3000 1492 3057 Patrem
1532 3003 1779 3072 primitus
1822 3003 2181 3058 nominemus.

602 3090 774 3158 Unde,
806 3108 871 3148 ex
907 3094 1008 3150 ista
1042 3094 1225 3161 regula
1248 3108 1406 3163 quam
1435 3093 1684 3149 Salvator
1719 3093 1967 3158 instituit,
1994 3094 2184 3149 Eccle-

604 3182 706 3249 sia,
725 3198 845 3253 qua:
868 3198 1065 3254 corpus
1085 3180 1202 3252 ejus
1222 3191 1324 3250 est,
1349 3184 1626 3237 orationes
1648 3198 1773 3239 suas
1802 3181 1870 3236 ad
1899 3197 2187 3252 personam

601 3274 698 3329 Dei
720 3272 893 3328 Patris
917 3274 1139 3328 fundere
1177 3276 1475 3330 consuevit.
1511 3274 1892 3330 Verumtamen
1934 3283 1992 3329 ut
2015 3289 2186 3343 agno-

601 3379 834 3429 scamus,
853 3364 905 3417 in
927 3364 1082 3420 unius
1106 3366 1447 3420 invocatione
1476 3381 1726 3435 personae
1757 3374 1925 3422 lotam
1949 3365 2187 3421 Trinitav

604 3461 715 3509 tem
767 3452 1028 3521 obsequio
1072 3452 1240 3508 hdelis
1287 3455 1642 3511 invocationis
1662 3458 1862 3525 pariter
1909 3457 2184 3521 honorari,

2217 2188 2261 2246 Β
2288 2188 2561 2236 vocatum.
2590 2181 2695 2237 Sed
2718 2183 3078 2252 quodcunque
3106 2182 3392 2250 delegeris,
3427 2197 3628 2239 necesse
3644 2149 3793 2238 estve-

2284 2275 2463 2330 ritatis
2516 2274 2714 2330 virtute
2762 2275 3014 2330 vinearis.
3070 2275 3126 2329 Si
3179 2276 3326 2331 enim
3358 2275 3538 2330 Filium
3569 2276 3615 2329 in
3636 2277 3795 2330 nomine

2284 2363 2455 2418 Patris
2474 2365 2669 2418 asseris
2695 2364 3019 2429 invocatum,
3047 2375 3273 2436 propter
3302 2367 3429 2421 illud
3454 2366 3590 2437 quod
3614 2368 3677 2420 ait
3694 2367 3813 2437 :Ego-

2281 2455 2393 2510 veni
2413 2456 2467 2508 in
2489 2455 2695 2508 nomine
2719 2453 2896 2509 Patris
2920 2455 3019 2509 mei
3043 2454 3224 2526 (Joan.
3259 2473 3315 2522 ν,
3347 2455 3467 2523 45);
3496 2471 3612 2512 ecce
3635 2456 3796 2510 interim

2283 2544 2473 2598 Filium
2504 2559 2533 2597 a
2580 2544 2784 2599 sanctis
2810 2545 3130 2615 patriarchis
3172 2547 3480 2603 invocatum
3525 2562 3713 2602 necesse
3745 2556 3800 2600 εει

2283 2636 2519 2690 fatearis.
2553 2635 2691 2703 Quid
2721 2644 2805 2691 est
2831 2644 3010 2692 autem
3042 2637 3325 2707 invocare,
3351 2639 3450 2694 nisi
3476 2639 3651 2693 orare?
3673 2638 3802 2708 Ipsum

2284 2741 2413 2796 ergo
2440 2726 2708 2781 Abraham
2732 2728 2926 2794 oravit,
2958 2742 3123 2797 quem
3153 2728 3450 2785 invocavit.
3481 2727 3703 2784 Placetne
3720 2728 3821 2790 tibi,

2285 2832 2355 2872 an
2384 2817 2649 2887 displicet,
2672 2817 2863 2873 Filium
2885 2833 2915 2873 a
2957 2828 3148 2875 sancto
3178 2819 3453 2875 Abraham
3477 2821 3626 2892 630
3649 2820 3793 2873 invoca

2285 2910 2437 2963 tum?
2466 2907 2521 2963 Si
2544 2909 2743 2978 placet,
2773 2916 2867 2963 aut
2896 2908 2983 2964 dic
3012 2910 3084 2965 ibi
3128 2925 3236 2965 non
3285 2911 3584 2968 invocatum
3627 2912 3808 2974 Patrem,

2287 3008 2379 3055 aut
2427 3000 2480 3054 in
2531 3000 2687 3054 unius
2728 3000 3073 3056 invocatione
3122 3017 3374 3072 persona:
3411 3000 3809 3058 honoriﬁcentiam

2287 3104 2519 3159 agnosce
2548 3105 2909 3147 communem.
2942 3091 3048 3147 Sed
3073 3091 3345 3162 profecto,
3375 3093 3553 3149 dicens
3580 3092 3741 3147 Filium
3756 3091 3813 3145 in-

2286 3193 2533 3239 vocatum
2564 3184 2618 3239 in
2661 3185 2880 3239 nomine
2916 3183 3110 3250 Patris,
3141 3200 3209 3240 ex
3240 3185 3347 3242 hac
3395 3186 3709 3241 invocatione
3740 3181 3814 3235 Pa-

2288 3282 2424 3330 trem
2454 3291 2707 3348 scparare
2732 3292 2839 3331 non
2868 3278 3100 3346 poteris.
3127 3276 3236 3332 Cur
3268 3291 3400 3347 ergo
3441 3279 3672 3334 invocato
3716 3274 3817 3330 Filio

2227 3420 2246 3439 ,
2289 3365 2595 3421 invocatum
2624 3366 2803 3422 credis
2831 3378 2885 3422 et
2906 3366 3144 3431 Patrem,
3178 3376 3233 3424 et
3258 3369 3509 3425 invocato
3531 3367 3674 3423 Patre
3694 3367 3819 3421 etiam

2290 3454 2480 3509 Filium
2514 3472 2619 3510 non
2650 3456 2827 3512 credis
2857 3457 3205 3512 invocatum?
3225 3455 3366 3514 Cum
3402 3459 3579 3528 utique
3601 3456 3719 3513 sicut
3746 3453 3825 3508 illic

604 3544 906 3599 Invenimus
934 3560 964 3599 a
997 3538 1316 3614 patriarchis
1341 3554 1397 3602 et
1425 3549 1752 3617 martyribus
1792 3549 1993 3603 sanctis
2021 3549 2184 3604 etiam
2214 3558 2257 3620 ο
2291 3546 2560 3602 invocatio
2588 3563 2618 3602 a
2651 3548 2803 3625 prole
2828 3549 3058 3605 recurrit
3087 3548 3155 3604 ad
3183 3551 3474 3619 originem,
3497 3551 3572 3605 sic
3598 3549 3736 3607 etiam
3758 3544 3822 3599 hit.

604 3635 801 3693 Filium
821 3637 1157 3703 invocatum;
1188 3639 1384 3708 quibus
1406 3640 1591 3710 utique
1622 3648 1676 3695 tu
1709 3656 1809 3697 nec
1830 3641 2188 3709 ignorantiam

605 3727 871 3793 veritatis,
898 3743 996 3783 nec
1026 3729 1241 3798 aliquod
1266 3731 1469 3786 crimen
1482 3730 1779 3800 Irreligiosi
1808 3731 2082 3799 assignare
2103 3746 2190 3786 au-

606 3818 759 3875 debis
784 3819 1000 3876 erroris.
1029 3819 1085 3874 In
1109 3820 1199 3875 illo
1226 3822 1386 3890 igitur
1413 3836 1574 3891 quem
1604 3822 1745 3878 Deus
1766 3822 1945 3893 posuit
1977 3821 2191 3877 Patrem

607 3912 897 3968 multarum
923 3914 1160 3982 gentium
1192 3913 1368 3985 (Rom.
1394 3930 1465 3979 IV,
1494 3915 1605 3983 17),
1637 3915 1714 3970 rei
1760 3914 1920 3984 hujus
1946 3917 2191 3985 primum

608 4005 794 4075 accipe
818 4004 1200 4061 documentum
1227 4024 1240 4058 :
1269 4006 1337 4061 de
1365 4021 1494 4075 quo,
1525 4022 1647 4061 cum
1676 4006 1854 4062 adhuc
1894 4008 2111 4072 Abram,
2137 4018 2193 4062 et

610 4097 837 4152 necdum
859 4098 1128 4164 Abraham
1153 4098 1336 4153 divino
1352 4110 1575 4153 munere
1595 4105 1903 4159 vocaretur,
1918 4097 1972 4151 in
1996 4095 2191 4153 Genesi

610 4188 867 4259 scriptum
896 4189 974 4243 sic
996 4190 1303 4245 continetur
1328 4208 1341 4243 :
1393 4189 1464 4243 Et
1490 4190 1625 4243 uisus
1667 4198 1744 4243 est
1773 4187 2027 4243 Dominus
2059 4188 2196 4244 Deus

612 4276 799 4340 Abrw,
822 4286 871 4331 et
900 4278 1031 4333 dixit
1071 4282 1117 4333 ei
1140 4296 1157 4334 :
1182 4279 1383 4335 Semini
1410 4291 1494 4335 tuo
1523 4281 1658 4335 dabo
1688 4290 1881 4335 terram
1909 4282 2084 4335 istam.
2128 4281 2198 4334 Et

615 4368 889 4436 aediﬁcavit
910 4368 977 4422 ibi
993 4368 1184 4423 Abram
1204 4370 1369 4424 altare
1404 4371 1746 4444 Domino,'qui
1773 4375 1907 4428 visus
1928 4383 2005 4427 est
2032 4376 2099 4427 ei.
2129 4373 2198 4426 Et

616 4460 825 4512 recessit
838 4459 958 4512 inde
969 4460 1020 4512 in
1034 4469 1253 4513 montem
1265 4472 1443 4516 contra
1459 4465 1703 4517 orientem
1714 4463 1906 4531 Betltel,
1921 4465 2201 4519 secundum

618 4566 763 4604 mare
776 4551 933 4622 Agge,
948 4560 1129 4605 contra
1143 4554 1392 4607 orientem
1416 4562 1500 4607 :et
1519 4555 1793 4625 ardiﬁcauit
1806 4554 1877 4609 ibi
1905 4556 2070 4609 altare
2095 4555 2202 4608 Do-

621 4643 760 4697 mino
790 4641 917 4709 Deo,
941 4651 990 4696 et
1013 4644 1265 4697 irwocaoit
1288 4645 1343 4698 in
1374 4647 1580 4699 nomine
1609 4645 1927 4701 DominiDei
1953 4647 2038 4717 qui
2066 4648 2203 4701 visus

620 4730 859 4799 ηαϐεντ.
878 4748 971 4801 xu,
990 4734 1041 4798 7,
1061 4734 1136 4805 8).
1157 4733 1305 4803 Elige
1334 4752 1475 4791 nunc
1496 4752 1660 4791 unum
1682 4752 1713 4791 e
1732 4738 1962 4805 duobus,
2015 4747 2071 4791 ut
2102 4747 2194 4792 aut

623 4825 788 4883 Deum
819 4825 1032 4881 Patrem
1062 4828 1207 4883 dicas
1250 4839 1442 4885 sancto
1473 4828 1701 4884 Abrabm
1741 4830 1935 4894 visum,
1984 4838 2077 4884 aut
2125 4829 2207 4885 Fi-

2293 3641 2360 3696 avb
2382 3641 2590 3710 origine
2618 3650 2863 3697 recurrat
2891 3641 2957 3696 ad
2985 3642 3216 3712 prolem.
3247 3642 3396 3699 Deus
3443 3640 3727 3712 igitur,.qui
3768 3638 3809 3691 in

2244 3805 2257 3817 .
2292 3740 2516 3788 vocatur
2544 3731 2598 3787 in
2629 3733 2845 3789 nomine
2873 3733 3083 3789 Domini
3107 3733 3222 3799 Dei,
3253 3735 3310 3791 in
3342 3751 3443 3791 suo
3465 3735 3640 3804 utique
3661 3730 3828 3786 nomine

2294 3827 2574 3883 invocatur
2606 3845 2618 3879 :
2651 3842 2752 3883 nec
2787 3826 2935 3883 aliud
2965 3836 3048 3883 est
3090 3828 3356 3885 invocare
3392 3830 3681 3892 Dominum,
3708 3836 3829 3894 quam

2295 3934 2489 3972 nomen
2518 3917 2726 3972 Domini
2758 3918 3027 3974 invocare.
3084 3908 3339 3990 Alioquin
3373 3921 3493 3991 quis
3538 3927 3615 3974 est
3640 3916 3715 3972 cui
3738 3912 3831 3967 dicit

2294 4009 2458 4065 Isaias
2487 4028 2499 4062 :
2529 4009 2767 4074 Domine,
2815 4018 3006 4080 printer
3033 4019 3080 4064 te
3109 4011 3271 4064 alium
3298 4028 3404 4066 non
3429 4010 3667 4074 norimus,
3694 4018 3833 4059 nomen

2298 4111 2435 4155 tuum
2466 4101 2813 4156 invocavimus
2844 4099 2981 4172 (Isa.
3010 4114 3152 4166 xxvr,
3186 4101 3315 4172 ιδῃ
3346 4100 3456 4156 Aut
3514 4100 3594 4155 cui
3630 4092 3836 4152 Jeremias

2296 4192 2426 4248 dicit
2450 4210 2461 4245 :
2483 4192 2553 4247 Et
2575 4206 2625 4247 tu
2651 4194 2705 4247 in
2735 4193 2883 4247 nobis
2912 4209 2985 4259 es,
3011 4191 3249 4259 Domine,
3286 4202 3337 4247 et
3370 4204 3555 4247 nomen
3579 4199 3707 4243 tuum
3727 4187 3836 4238 isco-

2298 4294 2468 4338 catum
2490 4294 2565 4338 est
2593 4301 2747 4356 super
2774 4301 2867 4339 nos
2891 4283 2946 4355 (J
2950 4301 3026 4338 er.
3054 4300 3161 4349 xiv,
3179 4284 3274 4355 9)?
3304 4283 3474 4338 David
3486 4295 3687 4352 quoque
3699 4289 3836 4334 orans,

2301 4373 2461 4439 Deus,
2491 4374 2684 4443 inquit,
2709 4376 2761 4428 in
2786 4375 2995 4429 nomine
3020 4383 3105 4428 tuo
3128 4377 3326 4428 salvum
3339 4390 3422 4427 me
3442 4375 3547 4445 fac,
3573 4378 3617 4425 et
3635 4370 3683 4423 in
3703 4366 3840 4419 rit!!!“

2302 4475 2391 4519 tua
2411 4468 2592 4537 judico
2614 4483 2692 4521 me
2723 4465 2899 4538 (Psal.
2925 4482 3037 4530 LIII,
3072 4465 3147 4535 5).
3193 4464 3503 4531 Postremo,
3526 4463 3570 4517 si
3595 4470 3734 4531 putas
3749 4451 3842 4522 quia

2304 4573 2408 4611 non
2439 4554 2601 4612 liabet
2630 4556 2812 4626 regula
2843 4556 2965 4611 ﬁdei
2998 4564 3054 4611 ut
3095 4555 3264 4609 Filius
3321 4557 3623 4615 invocetur,
3673 4548 3841 4601 beatum

2302 4646 2633 4718 Stephanum
2685 4661 2905 4701 necesse
2953 4653 3037 4701 est
3084 4644 3477 4715 reprehendas,
3532 4640 3599 4695 de
3626 4653 3722 4708 quo
3742 4629 3844 4686 scri-

2304 4745 2454 4807 ptum
2483 4744 2565 4791 est
2593 4734 2736 4805 quod
2767 4749 2891 4789 eum
2921 4732 3089 4789 Judzci
3114 4731 3433 4801 lapidabant
3487 4732 3777 4785 inuocantem
3810 4722 3846 4769 ιε

2307 4829 2557 4884 dicentem
2585 4845 2601 4883 :
2626 4818 2847 4882 Domine
2872 4826 3021 4892 Iesu,
3062 4827 3266 4897 suscipe
3288 4826 3533 4895 spiritum
3562 4834 3715 4875 meum
3743 4813 3847 4885 (Αιίο

622 4916 748 4969 lium
800 4931 1011 4973 asseras
1060 4919 1386 4975 invocatum.
1445 4920 1579 4976 Vide
1608 4922 1749 4977 enim
1778 4920 1907 4990 quid
1927 4919 2204 4992 Scriptura
2236 4942 2287 5003 ι)
2311 4935 2401 4986 vn,
2430 4919 2541 4989 59).
2572 4919 2715 4974 Petri
2744 4933 2959 4989 quoque
2986 4917 3216 4987 apostoli
3246 4916 3366 4971 sine
3388 4914 3553 4969 dubio
3601 4907 3848 5003 doctrinam

621 5010 967 5065 commendat
996 5028 1009 5063 :
1042 5010 1113 5066 Et
1147 5014 1397 5067 invocavit
1426 5016 1478 5069 in
1505 5016 1713 5070 nomine
1738 5013 1949 5070 Domini
1998 5012 2096 5069 Dei
2123 5016 2209 5085 qui
2236 4996 2276 5003 ⁷
2310 5010 2587 5079 abjiciens,
2624 5009 2852 5065 dicentis
2879 5027 2890 5061 :
2926 5016 2952 5045 ³
2993 5007 3177 5061 Gratia
3206 5023 3322 5060 cum
3369 5004 3602 5061 omnibus
3630 4999 3706 5071 qui
3744 4996 3854 5085 imo-

619 5103 757 5159 visus
782 5114 899 5159 est:
930 5107 1021 5161 ubi
1051 5110 1359 5175 agnoscitur
1392 5111 1514 5178 quia
1569 5111 1711 5167 Deus
1764 5110 1856 5179 qui
1913 5109 2059 5165 visus
2105 5118 2207 5177 est,

617 5195 737 5263 ipse
762 5206 845 5253 est
892 5200 1206 5253 invocatus;
1228 5199 1309 5253 An
1339 5215 1438 5270 pro
1464 5216 1531 5255 eo
1560 5200 1705 5270 quod
1733 5201 1935 5255 dictum
1968 5215 2074 5254 non
2104 5210 2207 5265 est,

618 5281 891 5341 lnvocavit
913 5287 1194 5342 Dominum
1227 5289 1392 5344 Deum
1417 5290 1508 5359 qui
1531 5290 1676 5344 visus
1717 5298 1818 5353 est,
1867 5288 1980 5354 sed,
2016 5288 2079 5343 In
2110 5307 2207 5344 no-

620 5377 760 5432 mine
780 5377 989 5433 Domini
1019 5378 1119 5434 Dei
1140 5382 1223 5452 qui
1250 5382 1390 5436 visus
1416 5390 1511 5446 est,
1535 5397 1601 5436 ex
1634 5381 1735 5436 hoc
1764 5381 1992 5435 alterum
2013 5380 2209 5447 visum,

623 5468 854 5524 alterum
876 5470 1098 5526 forsitan
1128 5473 1407 5528 existimas
1429 5473 1770 5528 invocatum?
1794 5472 1885 5525 Dic
1905 5485 2034 5540 ergo
2048 5485 2209 5539 quem

622 5573 843 5621 sanctus
872 5567 1174 5637 patriarcha
1222 5567 1576 5635 invocaverit,
1608 5576 1702 5622 aut
1731 5567 1784 5620 in
1813 5564 1965 5634 cujus
1994 5564 2211 5619 nomine

623 5672 744 5713 eum
764 5659 1040 5714 existimes
1068 5658 1366 5714 invocasse.
1394 5658 1586 5713 Procul
1608 5658 1772 5712 dubio
1798 5664 1891 5711 aut
1919 5652 2132 5709 Patrem
2157 5655 2207 5708 in

2309 5112 2428 5155 cant
2457 5102 2631 5158 Iesum
2663 5099 2923 5156 Christum
2946 5100 3000 5154 in
3031 5099 3393 5170 perpetuitate.
3434 5094 3552 5148 Pax
3581 5090 3707 5146 nobis
3725 5080 3853 5139 omni-

2312 5194 2400 5247 bus
2430 5197 2513 5266 qui
2542 5197 2665 5248 estis
2713 5196 2765 5247 in
2815 5192 3017 5247 Christo
3059 5190 3110 5262 (1
3158 5189 3301 5245 Petr.
3354 5205 3411 5254 v,
3446 5186 3557 5258 14).
3588 5181 3690 5240 Cur
3712 5180 3855 5266 itaun

2317 5265 2507 5343 beatus
2554 5287 2859 5358 Stephanus
2908 5286 2971 5339 ad
3029 5284 3223 5339 Filium
3277 5284 3582 5338 orationem
3637 5265 3855 5334 iundit,si

2317 5395 2590 5451 nunquam
2621 5389 2702 5435 est
2725 5378 2890 5434 Filius
2920 5378 3264 5433 exorandus?
3285 5384 3381 5429 aut
3427 5388 3587 5445 quem
3634 5368 3774 5424 alium
3797 5361 3856 5415 in'

2320 5481 2478 5527 vocat
2510 5471 2673 5526 David
2705 5472 2806 5526 nisi
2837 5470 3053 5532 Filium,
3080 5468 3268 5524 dicens
3296 5466 3431 5521 illud
3455 5463 3598 5535 quod
3626 5471 3768 5529 supra
3786 5467 3859 5523 po-

2318 5567 2521 5619 suimus
2552 5582 2562 5615 ε
2599 5563 2698 5628 Qui
2720 5564 2892 5634 pascis
2923 5560 3115 5624 Israel,
3148 5558 3390 5622 intende;
3424 5558 3510 5627 qui
3538 5550 3734 5608 deducis
3758 5541 3859 5598 velut

2318 5673 2432 5710 ot'es
2459 5656 2651 5728 Ioseph
2684 5655 2854 5726 (I’sal.
2882 5668 3065 5722 tum,
3088 5654 3137 5722 Ι)
3165 5654 3188 5706 ?
3218 5650 3381 5720 Cujus
3408 5658 3465 5704 et
3489 5646 3757 5702 adventum

626 5750 843 5806 nomine
871 5750 1009 5813 Filii,
1036 5757 1128 5803 aut
1158 5749 1346 5805 Filium
1378 5752 1431 5805 in
1463 5751 1681 5805 nomine
1711 5748 1886 5803 Patris
1911 5748 2108 5802 asscris
2138 5748 2211 5802 in—
2298 5748 2503 5815 .stulat,
2532 5749 2719 5803 dicens
2751 5747 2818 5819 (υ.
2848 5746 2903 5818 3)
2932 5765 2942 5797 :
2980 5744 3166 5799 Erritu
3215 5742 3498 5814 potentiam
3525 5733 3681 5796 tuam,
3708 5738 3748 5782 et
3772 5739 3860 5781 rm

700 5928 723 5951 '
750 5929 859 5983 Sed
889 5938 1070 5997 priora
1101 5931 1260 5985 verba
1290 5946 1399 5989 non
1431 5930 1695 5987 habentur
1725 5930 1777 5983 in
1802 5926 2055 5995 Vulgatis.

3937 1780 3941 1959 Κ

3937 1780 3941 1959 Κ
