4050 6454
239 425 332 480 801

1286 414 1562 477 CONTRA
1601 416 1888 472 FABIANI}
1900 416 1944 469 Ill
1986 413 2420 469 FRAGMENTA.

3377 405 3480 461 801

237 547 289 588 ut
327 533 508 588 liberes
555 548 666 586 nos.
722 538 964 601 Agnosce
1015 539 1192 599 Igltur,
1225 533 1472 585 invocato
1505 521 1680 590 Patre,
1713 527 1796 579 l-‘i-
1830 536 1874 587 Α
1901 524 2045 576 enim
2077 521 2359 575 memorati
2398 520 2660 575 sermonis
2699 530 2820 574 loco
2848 521 2921 573 ait
2960 537 2973 572 :
3015 519 3074 574 Si
3105 520 3394 572 manseri.is
3423 520 3478 571 in

239 627 364 681 lium
381 639 597 694 quoque
625 625 824 694 pariter
846 624 1104 688 invocari,
1152 632 1205 676 et
1235 623 1484 675 invocato
1532 620 1688 679 Filio,
1723 620 1801 672 in-

240 718 415 772 vocari
438 716 786 770 nihilominus
802 715 1041 780 Patrem,
1081 723 1137 767 et
1162 715 1228 767 ab
1251 712 1436 767 eadem
1465 711 1804 764 invocatione

237 810 491 880 Spiritum
521 818 760 863 sanctum
791 809 1093 862 nullatenus
1122 807 1378 876 separari.
1433 805 1604 858 Unum
1659 805 1801 858 enim

236 911 431 954 sancta:
477 899 723 952 Trinitati
778 899 1092 968 obsequium
1146 897 1404 952 orationis
1443 895 1720 960 debemus,
1752 883 1804 947 in

233 992 388 1058 cujus
411 991 624 1044 nomine
653 991 928 1060 baptizati,
959 989 1182 1057 gratiam
1223 985 1603 1055 redemptionis
1649 999 1802 1038 acce-

237 1081 432 1147 pimus.
457 1077 600 1132 Patri
621 1093 750 1147 ergo
773 1079 1000 1133 dicimus
1025 1086 1260 1141 orantes,
1286 1074 1388 1129 Per
1415 1073 1692 1128 Dominum
1714 1089 1807 1126 no-

234 1182 397 1224 strum
424 1169 602 1224 Jesum
621 1169 879 1223 Christum
909 1169 1106 1223 Filium
1133 1178 1291 1231 tuum,
1324 1173 1607 1237 poscentes
1627 1171 1686 1217 ut
1707 1178 1810 1232 per

235 1264 410 1332 ipsum
435 1261 594 1315 faciat
614 1261 754 1328 quod
787 1274 1024 1320 oramus,
1049 1273 1145 1326 per
1171 1271 1330 1324 quem
1382 1270 1478 1308 nos
1516 1253 1690 1308 facere
1730 1252 1811 1306 di-

232 1361 428 1419 gnatus
457 1359 538 1405 est
569 1359 626 1403 ut
654 1365 913 1404 essemus.
945 1348 1133 1402 Omnia
1155 1347 1296 1401 enim
1322 1346 1478 1398 Pater
1495 1359 1594 1412 per
1618 1343 1810 1397 Filium

235 1441 362 1494 fecit
389 1447 444 1494 et
475 1439 618 1500 facit,
650 1439 775 1507 quia
805 1455 936 1490 unus
985 1435 1237 1490 Dominus
1263 1435 1414 1488 Jesus
1443 1431 1676 1487 Christus
1721 1450 1813 1501 per

234 1545 381 1600 quem
429 1529 601 1582 omnia
632 1525 685 1597 (1
715 1525 832 1580 Cor.
883 1542 990 1591 vm,
1042 1524 1134 1595 6);
1165 1524 1234 1579 de
1262 1539 1370 1592 quo
1396 1525 1523 1578 item
1551 1523 1811 1592 scriptum

233 1629 337 1683 est,
370 1621 491 1688 quia
521 1620 692 1672 omnia
717 1635 805 1687 per
823 1618 997 1686 ipsum
1022 1617 1159 1688 facta
1188 1623 1324 1678 sunt,
1366 1622 1414 1668 et
1453 1615 1564 1667 sine
1589 1615 1701 1684 ipso
1732 1615 1814 1683 fu-

233 1719 372 1762 ctum
399 1717 474 1762 est
504 1707 635 1761 nihil
657 1705 833 1777 (Joan.
859 1722 896 1772 ι,
928 1706 1014 1773 5);
1045 1713 1101 1759 et
1120 1703 1244 1772 quia
1281 1704 1456 1756 omnia
1502 1719 1594 1772 per
1647 1704 1814 1771 ipsum

235 1809 285 1852 et
306 1801 361 1851 in
385 1799 494 1866 ipso
519 1805 691 1849 creata
720 1804 858 1856 sunt,
888 1802 936 1847 et
958 1795 1067 1863 ipse
1093 1801 1168 1846 est
1201 1799 1321 1844 ante
1347 1807 1542 1854 omnes,
1569 1800 1619 1844 et
1638 1791 1813 1844 omnia

233 1892 286 1941 in
311 1889 423 1957 ipso
451 1895 685 1941 constant
710 1869 927 1955 (Coloss.
957 1882 1098 1948 1,16,
1123 1882 1232 1952 l7).
1256 1882 1360 1937 Sed
1381 1883 1504 1951 quia
1522 1881 1651 1936 illud
1669 1881 1812 1951 quod

233 1979 451 2042 dicitur,
488 1977 590 2031 Per
612 1976 891 2032 Dominum
911 1985 1141 2032 nostrum
1158 1974 1188 2028 .1
1195 1993 1336 2030 esum
1355 1973 1634 2041 Christum,
1664 1975 1728 2029 ad
1730 1975 1816 2044 ju-

234 2071 500 2125 rationem
521 2070 811 2133 existimas,
837 2068 998 2122 etiam
1025 2068 1077 2122 in
1107 2068 1210 2122 hoc
1229 2066 1486 2135 aequalem
1508 2066 1697 2121 Filium
1712 2064 1814 2119 Pa-

235 2163 303 2215 tri
361 2175 644 2229 cognosce.
693 2159 1000 2230 Apostolica
1055 2159 1254 2228 quippe
1307 2158 1439 2212 dicit
1489 2159 1814 2213 auctoritas:

237 2252 460 2306 Abrahw
503 2268 719 2322 namque
763 2252 1062 2320 promittens
1111 2249 1267 2313 Deus,
1298 2249 1537 2319 quoniam
1566 2249 1819 2302 neminem

235 2344 418 2397 .‘rabuit
459 2361 548 2414 per
575 2359 720 2413 quem
741 2328 943 2412 iuraret
970 2341 1241 2411 majorem,
1260 2340 1458 2409 jurav-it
1497 2356 1587 2409 per
1633 2349 1818 2392 semet-

238 2437 408 2504 ipsum
436 2432 620 2501 (Hebr.
645 2449 717 2496 vr,
740 2431 846 2502 l5).
875 2432 1013 2486 Deus
1035 2444 1162 2498 ergo
1182 2430 1272 2497 qui
1301 2434 1406 2482 n'on
1424 2429 1569 2496 jurat
1595 2428 1693 2482 nisi
1725 2443 1819 2497 per

238 2523 606 2591 semetipsum,
641 2536 747 2589 non
778 2520 1056 2589 adjuratur
1086 2520 1186 2574 nisi
1209 2533 1304 2588 per
1332 2519 1479 2572 illum
1500 2519 1590 2586 qui
1615 2535 1735 2573 cum
1754 2533 1820 2573 eo

243 2613 405 2666 unius
433 2626 550 2664 esse
581 2619 782 2664 natura:
798 2608 1158 2677 cognoscitur.
1184 2607 1438 2674 Quamvis
1459 2608 1822 2662 oratiouisilla

243 2699 522 2754 conclusio
565 2699 732 2766 magis
779 2713 874 2769 per
898 2713 1058 2766 quem
1088 2697 1248 2751 Pater
1277 2706 1528 2766 operetur
1555 2698 1819 2764 ostendat,

243 2808 354 2846 non
401 2805 700 2845 sermonem
759 2789 1105 2858 adjurationis
1148 2788 1442 2842 contineat.
1494 2787 1824 2856 Quocunque

243 2893 426 2934 tamen
456 2880 612 2935 modo
642 2880 868 2945 dicatur,
899 2879 1122 2944 sutlicit,
1155 2879 1406 2947 quoniam
1434 2879 1499 2931 ad
1549 2879 1652 2932 hoc
1690 2877 1822 2933 dici-

243 2981 354 3031 tur,
387 2977 446 3025 ut
475 2970 648 3024 omnis
667 2971 860 3034 oratio,
890 2985 1184 3038 omnesque
1215 2983 1420 3038 preces,
1470 2968 1592 3022 Filii
1619 2977 1674 3024 et
1701 2969 1824 3039 Spi-

243 3061 383 3116 ritus
410 3060 581 3115 sancti
623 3061 836 3115 nomine
883 3058 1289 3114 concludantur.
1319 3057 1454 3124 Ergo
1493 3075 1558 3114 ex
1611 3074 1720 3128 quo
1771 3068 1827 3114 et

243 3151 463 3206 beatum
486 3158 770 3222 martyrem
793 3150 1124 3219 Stephanum
1147 3150 1494 3215 ostendimus,
1520 3150 1570 3204 in
1602 3151 1717 3221 ipso
1747 3166 1826 3204 ar-

245 3241 416 3296 ticulo
437 3241 719 3311 passionis,
753 3241 1050 3296 orationem
1077 3256 1231 3295 suam
1262 3256 1368 3296 non
1397 3241 1462 3296 ad
1490 3240 1680 3307 Patris,
1729 3241 1822 3298 sed

239 3333 405 3404 631
438 3332 502 3386 ad
530 3331 649 3386 Filii
677 3331 934 3386 direxisse
963 3347 1274 3402 personam;
1299 3347 1587 3402 rursusque
1611 3332 1677 3388 ad
1699 3348 1822 3403 per-

240 3438 437 3479 sonam
486 3420 656 3476 Patris
701 3423 998 3476 orationem
1045 3424 1158 3477 sive
1201 3439 1414 3493 precem
1484 3431 1595 3478 tota
1643 3424 1823 3492 dirigit

241 3511 484 3569 Ecclesia
512 3525 747 3581 semper;
779 3511 942 3566 debes
971 3528 1282 3581 agnoscere,
1314 3531 1528 3568 onmem
1559 3516 1822 3572 rationem

241 3602 373 3657 lldei
397 3614 592 3658 nostra:
617 3604 858 3674 quamvis
881 3604 947 3658 ad
978 3621 1134 3658 unam
1164 3621 1227 3660 ex
1253 3606 1509 3660 Trinitate
1540 3623 1822 3678 personam

243 3693 502 3750 videatur
525 3695 697 3763 dirigi,
730 3697 894 3750 totius
921 3696 971 3748 in
1003 3712 1064 3749 ea
1092 3705 1268 3750 tamen
1298 3697 1573 3752 Trinitatis
1603 3699 1824 3752 honori—

239 3785 521 3841 ﬁcentiam
552 3786 831 3840 contineri.
857 3785 950 3840 llle
979 3787 1118 3841 enim
1144 3787 1234 3856 qui
1259 3789 1365 3842 ait:
1399 3786 1496 3851 Qui
1521 3805 1599 3842 me
1619 3791 1746 3853 odit,
1776 3799 1826 3842 et

242 3875 465 3930 Patrem
497 3894 659 3930 meum
691 3878 798 3930 odit
829 3877 1006 3947 (Joan.
1053 3894 1140 3944 xv,
1183 3877 1297 3947 Ὦ),
1329 3889 1383 3932 et
1407 3879 1473 3932 de
1501 3894 1608 3948 quo
1637 3881 1824 3935 beatus

241 3966 484 4021 Joannes
510 3967 675 4022 dicit:
706 3965 804 4031 Qui
842 3969 1006 4040 diligit
1031 3972 1328 4040 genitorem,
1372 3971 1539 4041 diligit
1581 3988 1692 4024 eum
1739 3974 1824 4043 qui

243 4065 405 4110 natus
426 4067 499 4110 est
529 4073 592 4112 ex
621 4074 677 4112 eo
710 4057 760 4129 (1
788 4057 944 4112 ¹Ιοιιη.
969 4077 1018 4126 v,
1055 4059 1136 4127 l);
1162 4061 1298 4114 sicut
1326 4061 1680 4115 communiter
1705 4077 1823 4115 cum

243 4147 413 4201 Patre
447 4149 528 4202 vel
559 4149 682 4202 odio
723 4149 906 4204 haberi
939 4150 1017 4204 vel
1048 4150 1225 4218 diligi,
1259 4153 1329 4206 ita
1355 4166 1474 4205 cum
1506 4151 1664 4206 Pater
1690 4167 1822 4205 exo-

244 4250 436 4311 ratur,
468 4240 624 4294 simul
647 4256 766 4296 cum
794 4257 860 4296 eo
891 4243 1229 4310 cognoscitur
1257 4258 1286 4296 a
1319 4242 1558 4297 tidelibus
1588 4243 1821 4297 exorari.

239 4331 320 4384 Et
346 4332 598 4400 quoniam
628 4348 764 4386 unus
789 4342 871 4387 est
901 4334 1072 4389 Patris
1097 4342 1151 4387 et
1177 4333 1291 4387 Filii
1323 4332 1574 4402 Spiritus,
1603 4348 1826 4388 necesse

244 4428 424 4475 estut
461 4420 584 4474 dum
629 4421 906 4475 invocatur
948 4421 1107 4476 Pater
1151 4431 1241 4477 aut
1282 4422 1464 4488 Filius,
1497 4423 1548 4476 in
1587 4421 1741 4477 Patre
1772 4431 1827 4476 et

243 4509 392 4563 Filio
421 4510 582 4564 etiam
609 4511 698 4564 ille
727 4511 815 4578 qui
848 4527 983 4565 unus
1011 4521 1092 4566 est
1113 4514 1386 4584 utriusque
1415 4513 1645 4584 Spiritus
1674 4516 1824 4569 invo-

247 4607 426 4652 cetur.
461 4596 608 4654 Unus
637 4609 717 4652 est
741 4607 915 4653 autem
940 4598 1091 4653 Jesus
1113 4600 1376 4669 Christus,
1406 4604 1709 4672 unigenitus
1732 4603 1824 4658 Dei

247 4688 431 4743 Patris
460 4687 642 4755 Filius,
672 4690 821 4756 cujus
853 4691 1064 4743 nomine
1083 4692 1447 4746 concludimus
1467 4709 1679 4748 omnem
1706 4709 1828 4748 ora-

249 4779 458 4830 tionem
479 4793 638 4846 quam
662 4779 989 4832 destinamus
1011 4778 1076 4832 ad
1103 4778 1313 4834 Patrem
1342 4799 1352 4832 :
1387 4797 1483 4836 nec
1515 4791 1691 4837 tamen
1713 4784 1828 4838 sine

247 4867 424 4920 sancti
465 4865 694 4936 Spiritus
759 4869 994 4931 nomine,
1043 4877 1098 4922 ut
1141 4870 1483 4924 ostendamus
1521 4879 1685 4926 totam
1730 4888 1830 4926 nos

250 4959 531 5013 humiliter
551 4974 776 5028 poscere
803 4959 1138 5014 Trinitatem.
1172 4959 1284 5013 Non
1317 4962 1457 5014 enim
1488 4963 1630 5016 omni
1655 4963 1832 5017 Trini-

251 5051 352 5103 tati
383 5050 612 5106 dicimus
639 5069 652 5104 :
691 5049 792 5104 Per
822 5051 1092 5105 Dominum
1122 5063 1346 5106 nostrum
1376 5053 1553 5107 Jesum
1574 5054 1828 5110 Christum

253 5138 454 5194 Filium
479 5150 637 5205 tuum,
655 5141 745 5196 sed
767 5142 864 5196 soli
889 5141 1050 5207 Patri,
1071 5143 1220 5211 cujus
1240 5154 1321 5198 est
1347 5145 1646 5212 unigenitus
1666 5147 1830 5202 Filius

254 5228 519 5286 Dominus
545 5230 699 5285 Jesus
727 5232 986 5287 Christus.
1021 5233 1097 5287 Ad
1129 5234 1230 5288 hoc
1261 5244 1471 5296 autem,
1504 5237 1640 5289 sicut
1671 5252 1830 5306 supra

250 5324 368 5391 jam
398 5325 657 5388 diximus,
697 5339 888 5378 nomen
917 5324 1039 5378 Jesu
1071 5325 1266 5379 Christi
1306 5336 1360 5380 et
1395 5326 1628 5397 Spiritus
1662 5329 1832 5383 sancti

256 5428 382 5467 cum
414 5412 625 5468 Patrem
654 5430 870 5468 oramus
896 5415 1253 5484 adjuugimus,
1282 5427 1340 5472 ut
1366 5419 1622 5488 quidquid
1655 5421 1831 5490 posci-

260 5521 403 5574 mus,
451 5521 481 5560 a
529 5513 638 5559 tota
689 5522 784 5561 nos
831 5507 1088 5561 Trinitate
1136 5511 1405 5578 postulare
1451 5520 1827 5568 monstremus.

263 5599 515 5667 Alioquin
542 5593 766 5652 ostende
795 5600 944 5653 nobis
963 5600 1232 5667 quomodo
1256 5603 1421 5670 possit
1445 5603 1570 5656 illud
1601 5604 1829 5672 impleri,

261 5687 408 5756 quod
447 5687 559 5756 ipse
595 5686 840 5740 Salvator
880 5696 1080 5750 noster,
1123 5688 1174 5741 in
1219 5689 1334 5758 ipso
1373 5705 1623 5744 sermone
1652 5694 1834 5746 novis-

263 5762 434 5840 simo,
473 5793 631 5850 quem
665 5778 973 5843 (secundum
1006 5777 1348 5845 Evangelium
1373 5779 1618 5836 Joannis)
1651 5782 1714 5833 ad
1752 5783 1833 5834 di-

262 5871 503 5937 scipulos
557 5871 756 5936 habuit,
813 5872 1128 5940 pra-cepisse
1177 5875 1536 5942 cognoscitur.
1596 5874 1835 5939 Quodam

1906 634 2004 677 me,
2027 626 2076 668 et
2096 615 2248 669 verba
2270 631 2382 667 mea
2404 616 2455 666 in
2480 612 2617 667 vobis
2640 614 2937 677 manserint,
2961 612 3291 684 quodcunque
3309 612 3482 666 volue-

1905 709 2020 758 ritis
2046 705 2244 773 petetis,
2279 714 2326 757 et
2346 705 2435 773 ﬁet
2460 704 2597 758 vobis
2625 703 2803 771 (Joan.
2838 719 2925 764 xv.
2962 702 3036 770 7).
3069 701 3166 756 llic
3194 703 3480 771 petendum

1904 796 2058 858 dixit,
2083 795 2175 849 sed
2197 803 2373 848 utrum
2397 793 2464 848 ab
2487 794 2620 862 ipso,
2647 809 2712 846 an
2741 809 2769 846 a
2796 791 2953 846 Patre
2976 790 3261 860 petendum
3284 793 3354 845 sit
3375 807 3481 846 non

1907 885 2164 942 ostendit.
2197 884 2364 940 Paulo
2395 894 2517 956 post
2545 879 2722 939 tamen
2751 885 2961 938 curavit
2991 882 3275 952 petendam
3305 881 3482 937 Patris

1906 977 2116 1045 aperire
2146 991 2452 1044 personam,
2494 974 2676 1029 dicens
2702 991 2714 1026 :
2742 973 2864 1028 Non
2891 990 2975 1028 vos
3005 989 3085 1026 me
3113 973 3360 1042 elegistis,
3394 971 3485 1025 sed

1905 1083 2000 1136 ego
2021 1065 2149 1136 elegi
2174 1081 2282 1130 vos,
2307 1074 2355 1118 et
2377 1066 2521 1134 posui
2544 1081 2629 1118 vos
2649 1073 2704 1117 ut
2730 1065 2882 1130 eatis,
2909 1073 2956 1116 et
2988 1065 3207 1133 fructum
3229 1062 3482 1129 efferatis,

1909 1166 1958 1209 et
1989 1158 2184 1226 fructus
2207 1166 2369 1209 vester
2396 1165 2602 1208 maneat
2625 1173 2641 1219 ;
2668 1165 2723 1208 ut
2750 1155 3080 1226 quodcunque
3103 1154 3348 1224 petieritis
3379 1152 3486 1206 Pa-

1909 1256 2036 1299 trem
2060 1247 2114 1298 in
2139 1247 2344 1299 nomine
2365 1262 2494 1309 meo,
2521 1246 2606 1298 det
2628 1245 2765 1299 vobis
2797 1245 2985 1314 (Ibid,
3013 1244 3099 1312 16)
3136 1263 3149 1296 :
3192 1244 3334 1312 quod
3365 1261 3485 1298 rur-

1909 1351 2001 1391 sus
2037 1335 2308 1410 inculcatis
2337 1336 2412 1388 ait
2445 1352 2458 1387 :
2489 1336 2649 1388 Amen
2677 1352 2824 1388 amen
2845 1336 2962 1388 dico
2997 1328 3153 1399 vobis,
3184 1336 3227 1387 si
3255 1335 3375 1404 quid
3403 1350 3490 1403 pe-

1911 1429 2094 1481 tieritis
2128 1426 2336 1480 Patrem
2358 1427 2410 1479 in
2440 1428 2643 1480 nomine
2663 1443 2792 1489 meo,
2820 1425 2961 1478 dabit
2988 1424 3127 1478 vobis
3152 1423 3332 1494 (Joan.
3366 1440 3452 1478 xvr
3471 1464 3486 1488 ,

1911 1517 1989 1589 2).
2012 1519 2389 1573 Verumtamen
2417 1519 2538 1573 audi
2558 1519 2831 1588 quomodo
2859 1521 3019 1572 etiam
3045 1518 3275 1586 seipsum
3300 1529 3488 1586 peten-

1911 1611 2037 1664 dum
2056 1610 2324 1664 curaverit
2341 1610 2614 1679 discipulis
2634 1610 2902 1677 intimare,
2921 1609 3130 1663 dicens:
3159 1608 3316 1660 Amen
3341 1624 3490 1661 amet:

1915 1701 2029 1755 dico
2049 1699 2206 1765 vobis,
2229 1702 2312 1772 qui
2335 1701 2496 1754 credit
2523 1702 2578 1754 in
2598 1718 2697 1766 me,
2721 1718 2876 1767 opera
2897 1717 3010 1772 qua:
3028 1717 3120 1770 ego
3151 1701 3286 1769 facio
3315 1708 3360 1754 et
3383 1702 3492 1771 ipse

1917 1798 2091 1866 faciet,
2127 1806 2177 1850 et
2211 1796 2415 1865 majora
2443 1797 2625 1850 horum
2667 1799 2849 1867 faciet;
2885 1798 3004 1868 quia
3043 1814 3138 1868 ego
3175 1798 3244 1850 ad
3281 1797 3490 1850 Patrem

1846 1915 1891 1974 Β
1915 1885 2066 1948 vado,
2097 1893 2146 1939 et
2170 1887 2503 1956 quodcunque
2531 1887 2778 1956 petieritis
2806 1887 2859 1939 in
2895 1888 3099 1940 nomine
3129 1903 3259 1950 meo,
3285 1887 3378 1940 hoc
3407 1883 3493 1957 fa-

1917 1976 2072 2040 ciam,
2113 1984 2169 2029 ut
2197 1977 2512 2046 gloriﬁcetur
2540 1975 2700 2030 Pater
2725 1978 2778 2030 in
2810 1974 2967 2030 Filio.
3008 1975 3069 2031 Si
3098 1977 3220 2047 quid
3247 1978 3493 2045 petieritis

1920 2085 1999 2121 me
2024 2070 2076 2121 in
2103 2070 2309 2122 nomine
2337 2084 2467 2132 meo,
2493 2069 2588 2122 hoc
2613 2070 2800 2139 faciam
2821 2069 2996 2139 (Joan.
3021 2085 3126 2133 xw,
3155 2068 3239 2134 12,
3271 2069 3354 2130 15,
3386 2069 3490 2139 Η).

1920 2159 2056 2214 Ecce
2078 2159 2170 2213 Dei
2192 2158 2354 2212 Filius
2379 2158 2666 2228 petendum
2690 2159 2922 2212 insinuat
2942 2165 2996 2212 et
3015 2158 3267 2227 seipsum.
3290 2157 3344 2211 Si
3369 2159 3494 2228 quid

1919 2259 2097 2304 autem
2126 2249 2284 2303 Pater
2312 2249 2364 2302 in
2395 2249 2608 2302 nomine
2638 2248 2756 2301 Filii
2782 2246 2940 2302 fuerit
2963 2248 3176 2317 petitus,
3189 2248 3306 2302 sine
3332 2248 3496 2303 dubio

1919 2341 2145 2396 daturus
2171 2352 2271 2404 est,
2295 2340 2418 2410 quia
2441 2340 2542 2394 hoc
2571 2339 2813 2408 promisit
2839 2337 3002 2406 Filius
3027 2338 3118 2408 qui
3143 2346 3226 2392 est
3248 2338 3417 2393 lidelis
3443 2340 3495 2393 in

1919 2431 2098 2485 verbis
2127 2430 2236 2484 suis
2273 2449 2286 2482 :
2322 2429 2368 2482 si
2406 2427 2530 2496 quid
2561 2428 2720 2482 etiam
2752 2426 2917 2482 Filius
2948 2427 3000 2480 in
3031 2441 3128 2481 suo
3155 2434 3369 2496 petatur
3397 2442 3496 2482 no-

1921 2520 2093 2580 mine,
2135 2520 2237 2574 hoc
2277 2534 2335 2573 se
2377 2519 2646 2587 promittit
2680 2518 2795 2572 sine
2837 2517 3169 2572 dubitatione
3212 2515 3494 2571 facturum.

1923 2606 2172 2670 Proinde,
2204 2616 2299 2662 aut
2325 2608 2412 2663 dic
2443 2607 2617 2663 Patris
2658 2616 2713 2662 et
2751 2608 2870 2662 Filii
2900 2624 3062 2662 unum
3093 2623 3143 2676 ο,
3165 2623 3226 2662 us
3265 2623 3400 2673 esse,
3443 2617 3498 2663 et

1922 2713 2184 2767 personas
2215 2699 2267 2751 in
2297 2698 2542 2752 oratione
2570 2698 2817 2767 conjungi
2843 2714 2857 2762 ;
2889 2707 2980 2752 aut
3007 2699 3050 2752 si
3079 2713 3296 2768 separas
3323 2714 3498 2769 perso-

1924 2804 2042 2856 nas,
2071 2798 2130 2844 ut
2154 2789 2297 2858 quod
2331 2790 2532 2858 petitur
2557 2788 2735 2854 Pater,
2774 2789 2963 2843 Filium
2995 2789 3106 2858 peti
3137 2805 3244 2843 non
3273 2789 3460 2844 credas
3479 2831 3496 2856 ,

1925 2894 2146 2935 necesse
2167 2889 2254 2934 est
2282 2887 2340 2934 ut
2358 2881 2402 2933 si
2433 2881 2517 2934 cui
2542 2879 2912 2934 vindicandum
2935 2887 3089 2949 putas
3115 2881 3370 2938 orationis
3399 2882 3500 2938 ob-

1921 2971 2187 3038 sequium,
2213 2971 2314 3024 soli
2339 2970 2574 3024 ascribas
2595 2971 2755 3024 etiam
2781 2971 3108 3040 operationis
3131 2971 3398 3027 effectum.
3423 2974 3500 3028 Ac

1924 3075 2020 3129 per
2047 3061 2170 3124 hoc,
2200 3060 2489 3115 secundum
2521 3061 2840 3115 sententiam
2869 3070 3033 3126 tuam,
3065 3061 3117 3116 in
3147 3063 3274 3131 ipsis
3301 3063 3501 3118 sanctis

1925 3153 2182 3220 apostolis
2223 3159 2278 3207 et
2321 3153 2644 3223 martyribus
2685 3167 2873 3219 magna
2921 3155 2972 3207 in
3012 3153 3121 3209 suis
3168 3154 3502 3209 orationibus

1923 3241 2204 3297 diversitas
2238 3242 2506 3296 invenitur
2537 3259 2549 3293 :
2581 3241 2709 3296 dum
2749 3242 2882 3296 alius
2921 3241 3132 3296 Patrem
3169 3251 3322 3309 orat,
3363 3243 3501 3298 alius

1924 3332 2113 3387 Filium
2147 3335 2380 3389 invocat.
2421 3333 2550 3388 Nam
2590 3335 2814 3402 legimus
2843 3349 2870 3388 a
2900 3335 3060 3389 beato
3091 3333 3256 3389 Paulo
3286 3333 3501 3390 Patrem

1925 3440 2023 3494 pro
2054 3423 2294 3480 ﬁdelibus
2329 3426 2651 3490 invocatum,
2681 3425 2819 3480 sicut
2857 3425 2968 3493 ipse
2996 3424 3123 3479 dicit
3166 3444 3178 3477 ε
3228 3423 3399 3495 Hujus
3429 3427 3503 3478 rei

1924 3517 2116 3585 gratia,
2133 3517 2281 3584 flecto
2300 3516 2458 3586 632
2479 3532 2645 3586 genua
2664 3532 2775 3569 mea
2790 3515 2858 3568 ad
2880 3515 3088 3569 Patrem
3113 3512 3318 3569 Domini
3341 3517 3503 3569 nostri

1921 3607 2046 3661 Jesu
2067 3606 2359 3669 Christi.e.1:
2380 3625 2477 3678 quo
2500 3610 2663 3662 omnis
2685 3609 2969 3678 paternitas
2990 3609 3044 3660 in
3065 3608 3204 3660 caalis
3224 3616 3270 3660 et
3289 3609 3342 3660 in
3366 3616 3504 3660 terra

1925 3699 2252 3762 nominatur,
2281 3709 2335 3751 ut
2363 3699 2447 3751 det
2475 3697 2612 3751 vobis
2641 3698 2919 3750 secundum
2945 3699 3148 3751 divitias
3178 3698 3360 3767 gloria:
3397 3713 3504 3749 sure
3539 3747 3556 3767 ,

1925 3790 2106 3841 virtute
2134 3787 2458 3841 corroborari
2480 3805 2570 3858 per
2599 3787 2850 3856 Spiritum
2882 3787 2993 3857 ejus
3017 3788 3069 3841 in
3092 3788 3388 3840 interiorem
3411 3788 3504 3841 ho-

1925 3879 2130 3943 minem,
2155 3878 2390 3931 habitare
2418 3876 2676 3930 Christum
2696 3893 2786 3946 per
2809 3877 2964 3946 fidem
2986 3877 3038 3930 in
3061 3877 3298 3930 cordibus
3327 3879 3505 3931 vestris

1927 3966 2142 4036 (Ephes.
2177 3983 2261 4033 ιιι,
2301 3966 2408 4035 14),
2446 3966 2599 4032 Quod
2629 3967 2810 4034 utique
2840 3965 2998 4021 Pater
3025 3969 3140 4022 sine
3163 3967 3326 4022 dubio
3357 3967 3499 4023 fecit.

1926 4055 2120 4110 B.-atus
2153 4066 2332 4110 autem
2362 4057 2664 4126 Stephanus
2699 4056 2979 4110 Dominum
3007 4056 3217 4120 Jesum,
3258 4067 3317 4112 ut
3348 4060 3505 4128 spiri-

1927 4156 2037 4201 tum
2069 4147 2183 4215 ejus
2211 4149 2536 4217 susciperet,
2574 4148 2838 4202 invocavi;
2873 4149 3015 4218 (Act.
3045 4165 3146 4214 vn,
3191 4149 3312 4223 59).
3351 4152 3504 4218 Quod

1931 4236 2111 4304 utique
2163 4236 2286 4290 item
2330 4237 2586 4291 Dominus
2628 4236 2872 4291 Christus
2920 4239 3196 4294 invocatus
3243 4241 3502 4310 implevit.

1925 4327 2062 4394 Quid
2089 4343 2218 4396 ergo
2242 4345 2384 4385 nunc
2405 4330 2571 4386 dicis?
2596 4330 2810 4386 Fecitne
2837 4331 2998 4386 Filius
3021 4349 3138 4387 cum
3163 4332 3342 4398 Patre,
3360 4337 3504 4406 quod

1929 4419 2122 4474 Paulus
2153 4421 2360 4475 Patrem
2387 4424 2560 4492 petiit,
2578 4431 2631 4477 et
2649 4421 2808 4480 Pater
2827 4440 2948 4479 eum
2967 4425 3121 4490 Filio,
3144 4428 3285 4495 quod
3311 4428 3502 4484 Filium

1927 4511 2228 4580 Stephanus
2258 4513 2666 4568 iiivocavit?.An
2695 4513 2839 4582 quod
2868 4515 3040 4571 solum
3067 4513 3277 4570 Patrem
3311 4516 3505 4572 Paulus

1930 4603 2104 4671 petiit,
2135 4604 2281 4657 solus
2311 4602 2469 4656 Pater
2492 4602 2632 4666 fecit,
2666 4611 2722 4656 ct
2759 4603 2900 4673 quod
2937 4603 3110 4658 solum
3154 4605 3342 4660 Filium
3386 4608 3506 4662 Ste-

1932 4692 2141 4763 phanus
2178 4693 2461 4756 invocavit,
2500 4693 2646 4747 solus
2679 4691 2924 4748 Christus
2962 4695 3234 4763 implevit?
3271 4695 3327 4750 Si
3362 4699 3503 4751 enim

1931 4784 2128 4839 dixeris
2159 4784 2284 4837 illud
2306 4783 2466 4852 quod,
2490 4783 2782 4838 secundum
2808 4787 3126 4840 sententiam
3153 4787 3505 4851 tuam,solurn

1932 4873 2145 4930 Patrem
2170 4876 2365 4928 Paulus
2395 4875 2564 4943 petiit,
2597 4891 2626 4928 a
2654 4875 2771 4930 solo
2797 4875 2954 4933 Patre
2979 4875 3141 4932 fuisse
3171 4878 3364 4932 factum
3389 4919 3404 4942 ,
3438 4881 3509 4932 ni-

1933 4967 2221 5021 hilominus
2259 4965 2510 5021 fateberis
2547 4967 2708 5021 ctiam
2745 4968 2873 5022 illud
2910 4969 3054 5036 quod
3099 4969 3272 5023 solum
3316 4970 3504 5024 Filium

1931 5057 2236 5127 Stephanus
2264 5057 2536 5126 poposcit,
2573 5073 2604 5112 a
2641 5059 2758 5113 solo
2797 5058 2932 5114 Filio
2969 5061 3170 5128 absque
3200 5062 3302 5114 ulla
3336 5060 3510 5116 Patris

1935 5148 2314 5216 coaperatione
2344 5147 2656 5216 perfectura.
2698 5149 2773 5203 Ac
2810 5165 2906 5219 per
2931 5150 3032 5203 hoc
3061 5159 3305 5218 separata
3341 5167 3504 5220 opera

1937 5237 2109 5292 Patris
2146 5248 2202 5292 et
2237 5238 2354 5293 Filii
2393 5239 2528 5294 dicis
2560 5258 2571 5292 :
2615 5240 2703 5295 ubi
2733 5240 2831 5308 ipsi
2869 5240 2962 5294 Dei
2991 5240 3126 5294 Filio
3153 5241 3506 5305 contradicis,

1935 5329 2133 5385 dicenti
2174 5347 2186 5382 :
2227 5328 2550 5402 Quaecunque
2572 5332 2708 5384 enim
2735 5330 2891 5384 Pater
2926 5333 3073 5402 facit,
3115 5332 3225 5385 [nec
3263 5341 3311 5385 et
3341 5331 3510 5387 Filius

1937 5421 2062 5490 facit
2089 5420 2326 5475 similiter
2363 5420 2541 5492 (Joan.
2585 5437 2636 5486 v,
2680 5421 2789 5488 l9).
2829 5421 2885 5475 Si
2919 5437 3043 5476 vero
3075 5423 3296 5486 dixeris,
3323 5425 3376 5479 in
3406 5426 3509 5479 im-

1936 5511 2142 5580 plendis
2163 5513 2610 5582 postulationibus
2640 5511 2896 5580 Stephani
2928 5513 3176 5583 martyris
3199 5521 3253 5568 et
3281 5515 3510 5584 apostoli

1942 5599 2088 5655 Pauli
2122 5618 2280 5655 unum
2310 5615 2445 5670 opus
2470 5616 2585 5654 esse
2614 5600 2786 5656 Patris
2807 5610 2859 5655 et
2890 5601 3028 5666 Filii,
3061 5618 3293 5672 agnosce
3317 5606 3510 5661 utrius-

1939 5707 2043 5760 que
2087 5710 2247 5746 unum
2288 5708 2422 5760 opus
2466 5691 2768 5745 nullatenus
2813 5709 2928 5748 esse
2971 5698 3241 5762 potuisse,
3282 5697 3381 5749 nisi
3419 5713 3510 5767 per

1943 5787 2200 5838 unitatem
2231 5796 2460 5846 ualura';
2496 5792 2632 5838 utet
2667 5784 2821 5839 Pater
2841 5803 2898 5840 se
2937 5803 2966 5840 a
3011 5786 3282 5856 Stephano
3307 5790 3492 5843 invoca

1946 5885 2052 5928 tum
2093 5877 2142 5929 in
2188 5874 2318 5928 Filio
2359 5867 2632 5939 cerneret,
2673 5885 2725 5929 et
2764 5892 2790 5929 a
2829 5875 2993 5930 Paulo
3034 5890 3312 5934 exoratum
3352 5898 3412 5936 se
3459 5882 3510 5934 in
