4046 6514
648 406 755 461 803

1676 406 1730 459 s.
1773 385 2134 460 rumam’n
2174 405 2476 462 EPISCOPI
2518 405 2884 465 suspensus
3744 423 3812 479 tu

648 516 805 570 Patre
834 513 999 569 Filius
1028 515 1350 582 agnovisset.
1385 514 1489 567 Sed
1523 522 1577 568 ut
1606 528 1867 581 agnoscas
1899 526 2000 569 hoc
2028 519 2229 570 habere
2259 522 2304 577 Α
2336 491 2404 572 tis
2431 503 2651 573 omnino
2693 506 2799 574 non
2827 521 3070 587 dicimus,
3123 524 3217 577 sed
3261 525 3421 585 etiam
3467 527 3538 582 sic
3576 533 3814 594 conﬁtemur

642 607 994 677 apostolicam
1032 606 1352 670 doctrinam,
1383 615 1439 659 ut
1464 596 1492 659 a
1525 605 1677 660 nobis
1705 615 1759 659 et
1799 608 1954 660 I'ater
1981 616 2037 660 et
2065 607 2229 662 Filius

643 699 924 752 invocetur
947 737 961 760 ,
993 697 1112 752 vide
1137 697 1406 766 quomodo
1429 696 1785 751 invocandum
1812 696 2078 752 Christum
2101 700 2228 753 bea-

641 796 731 842 tus
753 787 1094 842 commendet
1121 787 1430 856 Apostolus,
1462 787 1552 855 qui
1580 786 1874 840 Corinthiis
1896 787 1968 841 ita
1999 789 2184 843 scribit
2209 808 2221 842 :

641 880 842 934 Paulus
871 891 1081 935 uocatus
1112 881 1384 951 Apostolus
1420 879 1544 934 Iesu
1580 880 1770 935 Christi
1799 899 1890 950 per
1917 883 2225 937 uoluntatem

641 971 760 1036 Dei,
791 981 840 1025 et
869 971 1148 1026 Sosthenes
1177 973 1356 1041 frater,
1392 970 1640 1025 Ecclesia:
1669 970 1765 1024 Dei
1795 989 1910 1043 qua:
1936 983 2014 1026 est
2041 973 2226 1028 Corin-

639 1061 736 1126 thi,
771 1062 1105 1130 sancti/iratis
1146 1063 1200 1115 in
1240 1060 1442 1116 Christo
1469 1061 1614 1127 Iesu,
1645 1064 1836 1116 uocatis
1866 1065 2077 1128 sanctis,
2107 1081 2225 1120 cum

636 1152 778 1204 omni
791 1152 873 1204 ius
901 1153 986 1221 qui
1017 1152 1254 1205 invocant
1281 1169 1463 1206 nomen
1492 1151 1699 1206 Domini
1727 1155 1890 1207 nostri
1919 1152 2042 1208 Iesu
2072 1154 2224 1209 Chri-

636 1243 727 1308 sti,
766 1243 819 1295 in
856 1244 995 1296 omni
1033 1243 1144 1297 loco
1185 1244 1435 1313 ipsorum,
1465 1253 1513 1297 et
1552 1253 1747 1298 nostro.
1789 1243 1971 1299 Gratia
2002 1247 2139 1301 vobis
2175 1258 2225 1301 et

633 1349 744 1403 pax
764 1350 796 1385 a
820 1333 927 1386 Deo
950 1332 1106 1387 I’atre
1133 1345 1309 1388 nostro
1331 1342 1379 1386 et
1408 1335 1626 1388 Domino
1647 1334 1769 1388 Iesu
1792 1333 1996 1390 Christo
2024 1335 2075 1404 (Ι
2101 1335 2220 1392 Cor.

637 1438 676 1485 I,
712 1421 761 1486 l,
793 1421 842 1483 2,
868 1422 945 1490 5).
988 1422 1178 1477 Cernis
1213 1439 1424 1492 nempe,
1467 1424 1570 1477 illis
1603 1425 1693 1493 qui
1733 1426 1982 1480 invocant
2026 1443 2220 1482 nomen

637 1513 847 1568 Domini
879 1514 1048 1568 nostri
1067 1513 1193 1568 Iesu
1222 1514 1678 1582 Christi,gratiam
1705 1524 1758 1568 et
1779 1531 1965 1584 pacem
1989 1518 2056 1571 ab
2080 1518 2224 1587 Apo-

634 1602 776 1657 stolo
805 1603 1060 1657 divinitus
1095 1604 1376 1672 postulari.
1415 1602 1553 1670 Quid
1583 1619 1710 1673 ergo
1738 1615 2000 1676 superest,
2035 1607 2134 1660 nisi
2166 1615 2222 1660 ut

634 1693 814 1747 omnis
835 1693 926 1761 qui
956 1692 1165 1748 Domini
1201 1691 1330 1747 Iesu
1359 1693 1556 1747 Christi
1595 1710 1700 1748 non
1744 1695 1957 1750 invocat
1993 1711 2217 1762 nomen,

634 1796 735 1837 nec
771 1783 1000 1849 gratiam
1041 1783 1108 1837 ab
1149 1797 1216 1838 eo
1254 1784 1425 1852 possit
1459 1784 1678 1848 habere,
1724 1799 1824 1840 nec
1856 1787 2084 1854 pacem?
2117 1785 2217 1852 Qui

2328 607 2510 664 Iesum
2549 609 2817 666 Christum
2867 614 3033 670 solius
3079 615 3174 670 Dei
3211 616 3386 672 Patris
3414 618 3624 688 Filium,
3664 633 3710 678 ut
3730 642 3811 684 eum

2329 701 2634 756 nullatenus
2661 718 2995 773 separemus.
3044 705 3246 775 Magnae
3274 709 3469 779 quippe
3501 711 3742 781 impietatis
3760 731 3813 774 est

2327 793 2492 846 alium
2522 802 2710 863 putare
2739 794 3032 862 Christum,
3056 797 3216 852 alium
3245 797 3423 854 Iesum
3452 800 3704 871 Christum,
3734 823 3814 864 cum

2329 898 2467 937 ultus
2495 885 2563 938 sit
2589 885 2773 954 utique
2802 885 2894 940 Dei
2924 896 2979 942 et
3003 888 3239 944 hominis
3276 889 3416 947 ﬁlius
3441 891 3585 949 Iesus
3599 894 3813 955 Christus:

2328 973 2494 1029 Filius
2542 976 2747 1031 scilicet
2784 978 2951 1034 solius
2979 979 3076 1034 Dei
3116 981 3315 1047 Patris,
3367 1000 3472 1040 non
3502 987 3647 1043 totius
3687 993 3815 1063 utique

2328 1064 2627 1122 Trinitatis.
2670 1067 2800 1123 Nam
2829 1069 2970 1124 idem
2998 1069 3154 1126 Iesus
3181 1070 3426 1131 Christus
3454 1079 3709 1134 secundum
3736 1100 3813 1139 car-

2326 1172 2451 1212 nem
2481 1174 2616 1228 opus
2645 1160 2809 1215 totius
2840 1159 3121 1218 Trinitatis
3162 1166 3488 1234 agnoscitur,
3517 1183 3606 1222 nec
3631 1169 3727 1225 ideo
3761 1182 3814 1228 ta-

2326 1264 2449 1304 men
2469 1252 2632 1306 totius
2645 1250 2924 1306 Trinitatis
2940 1252 3077 1308 lilius
3093 1254 3380 1311 invenitur.
3397 1256 3668 1314 Humanam
3680 1264 3814 1335 quippe

2326 1347 2571 1394 naturam
2599 1341 2718 1395 Filii
2749 1341 2871 1408 Dei,
2906 1343 2956 1396 id
2986 1351 3070 1398 est
3096 1343 3325 1400 formam
3355 1348 3516 1414 servi,
3555 1348 3689 1403 simul
3710 1341 3814 1407 Pater

2323 1439 2379 1485 et
2406 1429 2570 1486 Filius
2599 1441 2654 1486 et
2677 1432 2910 1502 Spiritus
2938 1443 3182 1500 sanctus,
3230 1436 3283 1491 id
3313 1445 3396 1491 est
3422 1438 3532 1508 ipsa
3560 1449 3713 1496 sancta
3735 1441 3814 1497 'l'ri-

2323 1523 2466 1577 nitas
2494 1522 2636 1588 l'ecit,
2664 1523 2757 1578 sed
2787 1538 2906 1580 eam
2936 1525 3082 1581 solus
3108 1525 3263 1582 Iesus
3290 1527 3530 1584 Christus
3556 1533 3741 1601 accepit,
3764 1535 3815 1588 di-

2322 1623 2481 1669 cente
2496 1614 2658 1669 beato
2676 1613 2937 1684 Apostolo
2981 1635 2994 1670 :
3041 1616 3156 1672 Hoc
3177 1620 3312 1672 enim
3335 1622 3515 1674 sentite
3533 1621 3583 1674 in
3603 1622 3715 1676 vobis
3728 1628 3814 1693 quod

2321 1713 2370 1758 et
2402 1707 2455 1758 in
2483 1705 2691 1761 Christo
2718 1705 2845 1761 Iesu
2877 1725 2895 1762 :
2925 1710 3012 1780 qui
3055 1727 3169 1763 cum
3207 1713 3260 1764 in
3290 1713 3458 1782 forma
3488 1711 3577 1766 Dei
3600 1724 3722 1777 esset,
3749 1732 3816 1770 nos

2321 1797 2559 1866 rapinam
2582 1797 2862 1852 arbitratus
2885 1809 2963 1853 est
2987 1816 3096 1854 esse
3117 1815 3170 1854 se
3191 1801 3443 1873 aequalem
3463 1799 3586 1867 Deo,
3600 1803 3678 1855 sed
3691 1814 3816 1858 semet-

631 1879 811 1926 autem
842 1887 948 1926 non
979 1873 1249 1942 acceperit
1277 1890 1308 1927 a
1337 1872 1448 1928 Deo
1472 1874 1717 1941 gratiam,
1751 1891 1962 1944 poenam
1993 1877 2219 1945 recipiet
2251 1893 2290 1950 Β
2321 1887 2486 1957 ipsum
2517 1888 2824 1955 exinanivit,
2856 1892 3078 1960 formam
3118 1872 3256 1945 servi
3279 1893 3532 1962 accipiens
3574 1890 3757 1962 (Philip.
3778 1911 3814 1961 ιι,

630 1962 748 2017 sine
778 1961 940 2017 dubio
970 1964 1385 2032 sempiternam;
1419 1972 1473 2019 et
1501 1965 1588 2033 qui
1625 1979 1668 2045 θ’
1692 1963 1805 2020 Dco
1847 1963 2007 2020 Patre
2032 1975 2088 2019 et
2115 1964 2220 2020 Do-

523 2048 534 2060 ’
633 2053 778 2107 mino
796 2051 921 2108 Iesu
943 2053 1158 2110 Christo
1181 2071 1288 2110 non
1311 2057 1520 2125 accepit
1539 2071 1746 2125 pacem,
1773 2057 2075 2112 nullatenus
2099 2073 2219 2128 per-

633 2145 817 2198 veniet
839 2145 909 2197 ad
931 2145 1178 2199 salutem.
1206 2145 1379 2215 Ipsius
1400 2148 1541 2201 enim
1570 2149 1801 2202 nominis
1827 2149 2218 2204 invocationem

625 2231 948 2303 prophetico
969 2233 1158 2286 beatus
1176 2233 1371 2288 Paulus
1393 2235 1735 2289 commendat
1753 2237 1986 2305 eloquio,
2001 2237 2214 2292 dicens:

629 2322 814 2376 Omnis
835 2324 922 2391 qui
944 2324 1249 2376 invocaverit
1271 2341 1458 2377 nomen
1485 2325 1712 2388 Domini,
1732 2327 1903 2380 saluus
1922 2330 2016 2382 erit
2037 2327 2216 2398 (Rom.

634 2430 690 2478 ι,
736 2412 834 2476 15;
873 2411 1010 2477 Ioel,
1058 2430 1114 2476 ιι,
1145 2413 1256 2480 52).
1307 2414 1525 2468 Certum
1575 2425 1657 2470 est
1705 2417 1884 2486 itaque
1927 2419 2218 2474 secundum

633 2517 774 2556 verte
795 2502 917 2555 ﬁdei
955 2503 1281 2569 regulam,iu
1309 2520 1413 2573 qua
1444 2514 1644 2560 sancta:
1659 2506 1934 2563 Trinitatis
1962 2525 2063 2563 una
2092 2511 2221 2565 sub-

631 2590 830 2644 stantia
856 2591 1120 2661 creditur,
1161 2593 1358 2648 nullam
1391 2597 1784 2664 separationem
1817 2597 1988 2653 Patris
2017 2609 2074 2654 et
2100 2601 2219 2655 Filii

634 2679 769 2744 ﬁeri,
795 2680 909 2735 sive
931 2677 1110 2746 Pater,
1138 2682 1251 2736 sive
1279 2681 1448 2738 Filius
1475 2700 1504 2738 a
1533 2684 1776 2740 ﬁdelibus
1805 2688 2104 2743 invocetur.
2137 2690 2218 2745 Ab

628 2773 734 2828 illis
762 2781 939 2828 autem
971 2789 1072 2830 nec
1100 2773 1314 2830 Patrem
1342 2776 1602 2843 invocari,
1636 2793 1734 2834 nec
1765 2779 1976 2846 Filium,
2009 2782 2101 2849 qui
2132 2782 2216 2836 in--

628 2864 911 2919 vocatione
931 2879 1050 2933 qua:
1072 2865 1296 2920 oﬁ'ertur
1318 2864 1485 2936 Patri,
1509 2885 1615 2924 non
1645 2870 1870 2925 credunt
1891 2888 2012 2926 cum
2035 2871 2216 2941 Patre,

624 2952 822 3012 Filium
844 2955 1166 3010 naturaliter
1191 2957 1450 3012 invocari.
1472 2957 1586 3013 Hoc
1611 2961 1752 3014 enim
1776 2961 1936 3016 habet
1961 2963 2218 3019 naturalis

623 3044 804 3098 unitas
823 3045 1124 3112 Trinitatis,
1151 3056 1208 3101 ut
1234 3049 1666 3117 inseparabiliter
1695 3060 1887 3106 cuncta
1919 3053 2022 3107 illis
2048 3054 2217 3109 tribus

623 3139 870 3208 personis
904 3139 1257 3194 exhibeantur
1292 3149 1492 3195 sancta:
1529 3141 1803 3211 religionis
1841 3144 2124 3214 obsequia,
2164 3146 2214 3200 in

623 3228 822 3298 quibus
865 3245 969 3282 una
1010 3236 1094 3283 est
1130 3229 1504 3299 inseparabilis
1531 3231 2088 3304 incommutabilisque
2117 3251 2212 3290 na-

623 3325 766 3371 tura.
799 3317 856 3371 In
891 3305 1226 3374 orationibus
1262 3320 1460 3390 quippe
1497 3336 1629 3389 quas
1658 3339 1763 3376 una
1806 3339 1930 3378 vera
1975 3323 2213 3380 Ecclesia

625 3406 802 3462 fundit
824 3407 891 3461 ad
919 3407 1108 3476 Deum,
1137 3418 1194 3464 et
1223 3418 1427 3464 natura:
1452 3421 1698 3467 servatur
1727 3414 1925 3480 unitas,
1952 3423 2006 3468 et
2028 3430 2214 3484 perso-

625 3515 821 3555 narum
858 3499 1110 3556 discretio
1143 3502 1483 3556 custoditur:
1517 3512 1572 3557 ut
1605 3519 1726 3558 cum
1756 3505 1820 3558 ad
1846 3503 2059 3561 Patrem
2089 3506 2215 3561 diri-

621 3591 773 3658 gitur
810 3590 1021 3658 oratio,
1060 3592 1151 3660 qui
1191 3600 1276 3646 est
1316 3592 1467 3659 origo
1507 3593 1624 3648 Filii
1664 3604 1720 3649 et
1755 3583 1986 3666 Spiritus
2022 3601 2210 3662 sancti,

584 3744 600 3763 .
621 3696 787 3735 unam
825 3696 945 3736 esse
974 3689 1219 3752 naturam
1248 3683 1526 3740 Trinitatis
1558 3697 1845 3756 appareat;
1887 3704 2215 3744 commemo-

624 3773 838 3828 ratione
865 3772 1027 3844 633
1059 3789 1186 3830 vero
1210 3774 1331 3830 Filii
1349 3786 1405 3830 et
1424 3777 1654 3846 Spiritus
1679 3780 1870 3846 sancti,
1896 3780 2212 3838 Trinitatem

621 3877 805 3917 veram
835 3857 948 3933 ipse
979 3863 1096 3920 linis
1119 3867 1380 3921 orationis
1402 3868 1671 3923 ostendat.
1699 3871 1788 3925 Sic
1810 3871 2028 3928 Sabellii
2052 3883 2214 3947 atque

622 3954 734 4009 Λι-ἱί
764 3955 985 4023 perﬁJia
1016 3957 1280 4021 vincitur,
1312 3955 1437 4011 dum
1467 3957 1521 4012 in
1550 3958 1681 4028 ipsis
1711 3975 1927 4032 quoque
1966 3964 2215 4019 orationi-

619 4043 722 4098 bus
747 4052 800 4098 et
828 4046 1095 4114 precibus,
1132 4055 1238 4099 tam
1269 4047 1427 4101 unius
1467 4057 1669 4104 natura:
1707 4065 1867 4122 quam
1901 4055 2056 4110 trium
2087 4071 2214 4126 per-

621 4151 876 4189 sonorum
899 4137 1093 4192 veritas
1115 4153 1144 4191 a
1171 4139 1454 4195 catholicis
1480 4143 1851 4199 sacerdotibus
1873 4147 2206 4216 praedicatur.

1044 4269 1517 4329 FRAGMENTUM
1561 4275 1772 4332 XXXII.

617 4355 773 4440 Iesus
796 4356 1029 4413 Christus
1050 4377 1152 4440 non
1181 4372 1256 4416 est
1283 4365 1424 4440 [ilius
1454 4365 1744 4440 T_rinit_atis,
1769 4373 2000 4440 quamvis
2023 4389 2208 4426 sectm-

692 4428 814 4502 dum
829 4445 1040 4502 carnem
1062 4432 1128 4484 sit
1154 4428 1456 4502 opus'totius
1476 4428 1747 4492 Trinitatis
1771 4428 1792 4492 ί
1820 4441 1910 4495 sed
1930 4444 2208 4496 secundum

692 4499 936 4571 deitatem
959 4501 1102 4570 ﬁlius
1131 4499 1208 4556 est
1237 4504 1398 4558 solius
1427 4505 1626 4571 Patris,
1659 4511 1936 4565 secundum
1966 4511 2206 4566 humani-

695 4578 850 4622 tatem
879 4570 1210 4646 ﬁlius'solius
1239 4573 1428 4629 Mariae
1467 4570 1729 4648 Virginis.

613 4727 616 4730 .
693 4681 823 4749 Quis
859 4685 1005 4739 enim
1037 4700 1270 4754 unquam
1309 4696 1474 4743 tantm
1499 4691 1723 4759 reperiri
1755 4693 1925 4762 possit
1968 4693 2204 4761 insanim,

618 4774 712 4842 qui
745 4774 968 4830 auderet
987 4775 1167 4831 Iesum
1193 4777 1466 4835 Christum
1496 4783 1663 4837 totius
1703 4783 1980 4840 Trinitatis
2011 4785 2204 4840 Filium

621 4867 949 4935 prmlicare?
978 4865 1219 4923 Ecclesia
1242 4871 1444 4941 quippe
1476 4871 1569 4927 Dei
1595 4874 1719 4938 vivi,
1749 4875 1997 4931 columna
2027 4885 2082 4930 et
2120 4876 2210 4931 ﬁr-

621 4967 952 5014 mamentum
993 4961 1235 5017 veritatis
1281 4962 1336 5033 (ι
1367 4963 1499 5019 Tim.
1531 4980 1608 5030 ιιι,
1645 4964 1766 5033 l5),
1821 4982 1986 5020 unum
2033 4967 2209 5022 sciens

624 5048 834 5105 Patrem
864 5051 1022 5106 unius
1041 5051 1182 5121 Filii,
1206 5063 1259 5109 et
1285 5071 1449 5111 unum
1477 5057 1651 5110 sciens
1680 5057 1935 5128 Spiritum
1961 5068 2208 5116 sanctum

623 5139 801 5198 Patris
829 5151 885 5198 et
909 5143 1064 5213 Filii,
1097 5161 1371 5215 nunquam
1404 5156 1582 5217 potest
1602 5147 1785 5202 Iesum
1815 5151 2090 5206 Christum
2121 5151 2208 5206 Fi—

620 5234 748 5289 lium
769 5235 1048 5293 Trinitatis
1067 5236 1268 5303 dicere,
1283 5241 1408 5308 quia
1434 5255 1609 5309 neque
1631 5239 1767 5294 duos
1799 5238 2005 5306 Patres,
2035 5257 2212 5315 neque

621 5324 758 5380 duos
787 5325 984 5394 Filios,
1017 5343 1194 5398 neque
1221 5329 1356 5384 duos
1381 5327 1614 5399 Spiritus
1641 5338 1860 5384 sanctos
1889 5339 2068 5401 potest
2112 5332 2211 5389 ali-

622 5422 886 5482 quatenus
908 5417 1220 5486 praedicarc.
1237 5417 1392 5474 Iesus
1408 5418 1656 5474 Christus
1679 5420 1882 5490 itaque,
1906 5436 2013 5476 non
2034 5421 2208 5476 solum

621 5501 914 5556 secundum
943 5505 1280 5560 divinitatem
1305 5509 1381 5579 (in
1404 5523 1509 5580 qua
1536 5510 1855 5566 naturaliter
1881 5509 2106 5580 aequalis
2128 5520 2210 5567 est

625 5590 738 5648 Deo
766 5591 956 5665 Patri),
1003 5597 1097 5651 sed
1123 5605 1176 5652 et
1213 5600 1504 5655 secundum
1536 5602 1769 5659 animam
1797 5614 1853 5658 et
1881 5618 2102 5659 carnem
2133 5606 2209 5676 (in

620 5695 728 5749 qua
751 5682 889 5736 idem
903 5683 1045 5738 Deus
1064 5685 1541 5742 consubstantialis
1568 5700 1652 5743 est
1673 5693 1872 5760 matri),
1905 5709 2014 5747 non
2032 5694 2206 5748 solum

622 5770 788 5825 Filius
816 5773 911 5828 Dei
943 5773 1119 5829 Patris
1150 5786 1252 5838 est,
1278 5795 1463 5832 verum
1495 5779 1656 5833 etiam
1689 5783 1994 5850 unigenitus
2019 5785 2201 5841 Filius.

621 5859 873 5927 Proinde,
907 5881 1014 5922 non
1043 5867 1219 5922 solum
1241 5867 1424 5924 Iesum
1455 5870 1726 5928 Christum
1755 5873 1947 5931 Filium
1971 5875 2206 5934 Trinita-

2321 1977 2374 2044 5,
2407 1978 2460 2044 6,
2495 1977 2568 2049 7).
2619 1979 2737 2049 lpse
2778 1981 2940 2049 igitur
2963 1981 3120 2037 Iesus
3158 1979 3433 2046 Christus,
3485 1998 3584 2038 non
3625 1985 3757 2040 solum
3782 1988 3816 2041 in

2320 2070 2490 2125 forma
2521 2073 2684 2136 servi,
2717 2089 2902 2129 verum
2929 2076 3090 2130 etiam
3114 2078 3166 2131 in
3194 2078 3368 2133 forma
3394 2077 3506 2143 Dei,
3538 2095 3656 2134 unus
3678 2091 3739 2134 est
3757 2097 3815 2136 so-

2322 2162 2426 2216 lius
2456 2162 2550 2217 Dei
2583 2161 2758 2220 Patris
2791 2163 2987 2234 Filius,
3019 2168 3142 2237 quia
3171 2167 3402 2223 formam
3430 2169 3564 2224 servi
3605 2171 3814 2241 accipiens,

2321 2265 2428 2305 non
2453 2267 2740 2321 personam
2765 2257 2971 2325 accepit
2997 2257 3250 2321 hominis,
3269 2259 3374 2315 sed
3392 2270 3641 2314 naturam.
3654 2261 3699 2315 In
3716 2271 3815 2316 utero

2319 2342 2520 2412 quippe
2558 2343 2793 2415 Virginis
2832 2355 2893 2401 ut
2920 2345 3156 2402 Verbum
3208 2348 3365 2405 ﬁeret
3389 2366 3542 2417 caro,
3587 2351 3716 2406 simul
3750 2368 3814 2406 una

2319 2431 2457 2488 facta
2485 2443 2567 2488 est
2595 2434 2754 2490 Verbi
2786 2437 3072 2507 carnisque
3102 2440 3392 2510 conceptio
3417 2458 3430 2505 ;
3457 2450 3510 2496 et
3537 2441 3583 2496 in
3606 2457 3689 2497 una
3708 2441 3815 2495 Verbi

2321 2536 2554 2591 persona
2602 2523 2761 2578 simul
2791 2536 3051 2596 concepta
3081 2534 3165 2582 est
3205 2528 3387 2583 divina
3428 2529 3724 2598 humanaque
3756 2545 3815 2583 na-

2321 2624 2439 2670 tura
2468 2634 2480 2669 :
2513 2632 2621 2671 non
2645 2625 2702 2671 ut
2724 2626 2952 2688 utraque
2982 2629 3173 2674 natura
3201 2636 3305 2674 una
3342 2620 3522 2688 ﬁeret,
3548 2621 3630 2678 sed
3653 2636 3706 2676 ex
3721 2629 3815 2676 utra.

2319 2721 2424 2774 que
2448 2715 2662 2774 natura,
2702 2708 2859 2764 unius
2884 2708 3010 2764 Iesu
3037 2709 3236 2765 Christi
3267 2711 3361 2767 illa
3402 2727 3518 2783 qua:
3543 2727 3722 2782 semper
3739 2721 3816 2766 erat

2320 2810 2550 2865 persona
2581 2805 2876 2854 constaret.
2929 2799 3093 2868 l.ujus
3120 2801 3201 2856 rei
3224 2803 3447 2869 veritas,
3474 2803 3602 2858 sicut
3625 2819 3710 2858 non
3731 2818 3814 2874 per-

2321 2886 2488 2940 mittit
2515 2896 2761 2958 quartam
2789 2903 3075 2958 personam
3098 2891 3422 2961 plenitudini
3451 2894 3626 2948 divina:
3650 2893 3814 2948 Trinita-

2320 2977 2388 3032 tis
2415 2979 2580 3050 634
2608 2979 2844 3048 adjuugi,
2896 2983 2976 3037 sic
3005 2983 3224 3038 omnino
3254 2984 3508 3054 prohibet
3531 2983 3687 3040 Iesum
3711 2983 3816 3038 Chri-

2319 3075 2460 3123 stum
2487 3069 2763 3128 Trinitatis
2784 3073 2976 3128 Filium
3000 3077 3316 3146 nuncupari.
3351 3077 3503 3147 Quod
3529 3079 3686 3148 utique
3707 3079 3816 3132 etiam

2320 3164 2490 3218 sancti
2514 3163 2752 3235 Symboli
2777 3175 2930 3223 tenor
2951 3169 3207 3236 ostendit,
3231 3172 3320 3226 ubi
3343 3188 3464 3228 cum
3491 3173 3664 3230 dicitur
3682 3172 3815 3226 :Credo

2247 3266 2290 3326 ρ
2320 3255 2375 3308 in
2419 3255 2596 3310 Iesum
2640 3257 2919 3325 Christum,
2973 3261 3167 3319 Filium
3215 3266 3328 3336 ejus
3374 3267 3574 3324 unicum
3615 3267 3814 3321 Dominum

2320 3355 2582 3416 nostrum,
2625 3349 2711 3420 qui
2753 3361 2905 3406 natus
2933 3362 3007 3407 est
3049 3355 3112 3408 de
3152 3353 3356 3427 Spiritu
3383 3368 3558 3414 sancto
3583 3375 3639 3413 es:
3671 3357 3815 3429 Virgine

2318 3439 2534 3505 Maria;
2567 3442 2742 3512 ipsum
2765 3444 2950 3515 utique
2972 3461 3129 3514 quem
3160 3447 3255 3503 Dei
3276 3449 3471 3506 Filium
3493 3451 3703 3514 dicimus,
3721 3464 3812 3502 eum

2317 3527 2438 3582 dem
2468 3544 2685 3599 quoque
2716 3541 2900 3587 natum
2930 3535 2997 3589 de
3027 3534 3232 3606 Spiritu
3261 3549 3452 3595 sancto
3481 3555 3542 3596 ex
3583 3539 3717 3593 Maria
3740 3537 3815 3590 Vir-

2316 3618 2439 3686 gine
2465 3620 2804 3676 conlitcmur.
2827 3623 3013 3694 Itaque
3029 3643 3148 3681 cum
3171 3628 3422 3695 dicimus,
3447 3630 3610 3685 Iesum
3630 3630 3814 3684 ϐΙιι-ἱιιω

2316 3706 2512 3762 Filium
2542 3710 2673 3780 ejus,
2699 3711 2748 3765 id
2772 3721 2855 3767 est
2876 3713 2971 3769 Dei
2998 3713 3174 3772 Patris
3195 3719 3390 3775 Filium
3410 3719 3580 3777 Iesum
3598 3719 3814 3780 Chr”.

2317 3800 2652 3856 nativitatem
2685 3803 2980 3863 divinitatis
3010 3811 3386 3882 ostendimus,
3433 3828 3535 3885 qua
3577 3814 3677 3868 sine
3712 3811 3814 3866 initio

2314 3902 2398 3948 est
2417 3903 2650 3952 aeternus
2675 3897 2741 3953 de
2772 3897 2931 3955 Patre
2965 3920 2976 3954 :
3009 3903 3254 3982 dicentes
3281 3917 3463 3963 autem
3492 3919 3652 3963 natum
3670 3907 3720 3960 de
3735 3903 3814 3974 Spi-

2313 3988 2416 4040 ritu
2457 4000 2638 4044 sancto
2679 4008 2744 4045 ea:
2784 3991 2998 4065 Virgine
3024 3996 3235 4064 Maria,
3287 4001 3610 4055 nativitatem
3653 3998 3814 4052 fatemur

2315 4091 2419 4146 qua
2452 4076 2592 4131 idem
2625 4076 2938 4148 Unigenitus
2967 4083 3106 4140 Deus
3125 4127 3140 4152 ,
3187 4090 3481 4145 secundum
3510 4103 3698 4145 carnem
3723 4095 3813 4140 tem-

2313 4166 2571 4233 poraliter
2599 4167 2804 4224 initium
2835 4174 3063 4242 sumpsit
3093 4190 3160 4229 ex
3192 4176 3428 4246 Virgine.
3477 4176 3684 4232 Proinde
3707 4174 3813 4229 Iesus
3863 4199 3869 4206 -

2311 4253 2575 4322 Christus,
2608 4258 2748 4313 sicut
2775 4275 2936 4330 supra
2977 4262 3178 4318 dictum
3209 4275 3323 4328 est,
3354 4267 3634 4322 secundum
3659 4275 3813 4318 carnem

2311 4345 2526 4415 quidem
2559 4363 2696 4417 opus
2725 4359 2806 4403 est
2855 4353 3017 4408 totius
3048 4354 3328 4411 Trinitatis
3351 4397 3366 4421 ,
3425 4356 3689 4414 secundum
3725 4365 3813 4405 vero

2313 4442 2594 4504 utramque
2633 4438 2970 4493 nativitatem
3020 4443 3188 4498 solius
3228 4444 3323 4499 Dei
3355 4444 3528 4501 Patris
3554 4452 3630 4500 est
3661 4441 3812 4498 Filius:

2310 4525 2435 4594 quia
2483 4525 2623 4581 idem
2671 4529 2819 4584 solus
2861 4529 3067 4601 Unigen
3096 4542 3180 4590 tus
3217 4535 3357 4593 Deus
3399 4545 3481 4592 est
3526 4530 3815 4604 temporaliter

2237 4630 2288 4688 ι)
2312 4633 2470 4672 verus
2495 4621 2657 4675 homo
2679 4620 2748 4677 de
2777 4622 2996 4692 Virgine
3024 4642 3356 4696 pncreatus,
3385 4630 3476 4700 qui
3503 4629 3565 4684 de
3583 4625 3683 4683 solo
3706 4621 3814 4678 Patro

2312 4709 2429 4764 sine
2459 4711 2611 4767 initio
2635 4727 2793 4767 verus
2815 4713 2957 4771 Deus
2979 4725 3061 4771 est
3083 4726 3258 4774 natus.

2737 4825 3216 4886 FRAGMENTUM
3242 4831 3465 4892 XXXIII.

2311 4932 2467 5015 Iesus
2494 4935 2729 5015 Christus
2751 4956 2854 5015 non
2894 4950 2970 5015 est
2997 4945 3157 5015 solius
3198 4946 3420 5002 hominis
3443 4944 3722 5015 vocabulum,
3754 4951 3810 5015 ιςσ

2383 5008 2535 5082 etiam
2568 5005 2665 5061 Dei
2692 5025 2708 5062 :
2739 5019 2789 5062 et
2831 5011 2884 5062 in
2908 5012 3203 5082 rScripturis
3227 5017 3478 5072 interdum
3501 5014 3737 5070 secundum
3758 5007 3812 5060 di-

2386 5077 2554 5160 vinam
2577 5087 2816 5132 naturam
2837 5081 3024 5144 solam,
3039 5077 3296 5160 interdum
3317 5087 3582 5142 secundum
3602 5085 3812 5160 humanam

2383 5145 2568 5230 s'olam,
2603 5164 2970 5230 nonnunquam
3009 5154 3286 5230 secundum
3315 5150 3808 5230 utramquehacrigilﬂt.

2385 5213 2464 5296 De
2482 5232 2585 5270 uno
2606 5227 2662 5296 et
2675 5213 2853 5296 eodem
2875 5221 3076 5296 Spiritu
3099 5234 3297 5296 sancto,
3321 5238 3370 5280 et
3384 5227 3484 5281 Dei
3496 5213 3548 5278 Τ
3551 5225 3657 5278 ilius
3681 5213 3811 5296 dignu-

2386 5285 2765 5366 tusestuFilius
2787 5285 3014 5366 hominis
3036 5295 3172 5363 ﬁeri.
3205 5306 3256 5348 et
3285 5285 3426 5350 nobis
3457 5298 3680 5353 donatum
3700 5285 3809 5366 ritis

2389 5353 2484 5428 Dei
2510 5357 2646 5428 ﬁlios
2675 5357 2934 5428 adoptari.
2980 5353 3168 5419 Ariani
3207 5383 3307 5422 non
3339 5379 3455 5421 sunt
3481 5368 3678 5420 cultores
3705 5357 3810 5412 uuittt

2388 5424 2516 5494 Dei,
2532 5427 2622 5480 sed
2649 5424 2893 5497 plurium.
3407 5464 3410 5466 -

2387 5521 2462 5573 Ac
2493 5519 2721 5588 primum
2750 5521 2893 5589 quod
2919 5537 2984 5580 ex
3007 5541 3127 5580 mea
3149 5528 3475 5584 mendaciter
3493 5537 3694 5596 persona
3716 5512 3810 5572 dixi'

2311 5608 2398 5672 sti,
2440 5626 2456 5658 t
2478 5606 2638 5662 Iesus
2658 5606 2903 5665 Christus
2933 5615 3250 5670 vocabulum
3278 5627 3361 5673 est
3389 5617 3648 5679 hominis,»
3666 5605 3809 5666 Paulus

2288 5696 2503 5759 doctor
2534 5700 2775 5766 gentium
2806 5700 2856 5756 in
2890 5699 2990 5757 ﬁde
3019 5713 3073 5758 et
3102 5707 3329 5762 veritate
3349 5751 3362 5773 ,
3393 5709 3524 5764 sicut
3550 5698 3807 5761 contrarium

2311 5789 2545 5852 veritati,
2560 5790 2890 5844 contrarium
2913 5796 3180 5851 convincit
3196 5806 3250 5852 et
3277 5798 3414 5861 ﬁdei,
3438 5799 3521 5867 qui
3539 5795 3691 5849 Iesum
3704 5781 3809 5840 Chri-

2309 5889 2451 5935 stum
2494 5889 2547 5936 et
2578 5881 2744 5936 Deum
2785 5881 3120 5946 demonstrat
3165 5899 3216 5946 et
3246 5892 3528 5949 hominem.
3560 5887 3626 5946 Ita
3666 5889 3709 5937 ut
3733 5888 3806 5930 υιιο
