4046 6586
280 389 386 449 805'

1338 371 1610 431 CONTRA
1637 365 1998 424 FABIANUM
2031 366 2480 423 FRAGMENTA.

3440 359 3544 418 806

277 505 576 574 eodemque
606 499 820 555 nomine
845 497 972 554 Jesu
999 495 1228 561 Christi,
1262 495 1314 548 in
1343 508 1449 548 una
1475 490 1737 546 duntaxat
1761 500 1850 542 eav
1885 483 1935 541 A
1960 483 2102 538 enim
2122 484 2214 553 qui
2244 483 2378 538 dixit
2397 480 2670 550 discipulis
2685 480 2796 536 suis
2821 499 2832 533 :
2861 474 2997 535 Ecce
3017 482 3340 535 ascend'mus
3359 480 3552 536 Hiero-

275 597 510 665 demque
535 605 785 664 persona,
827 601 1208 656 nonnunquam
1252 584 1429 640 solam
1457 581 1716 643 divinam,
1742 577 1858 648 ple—

277 684 696 756 rumquesnlam
721 683 1029 742 humanam,
1049 678 1146 733 vel
1174 685 1456 744 utramque
1498 670 1656 728 simul
1697 666 1857 724 intel-

277 777 370 848 ligi
392 777 521 831 velit
542 773 829 844 aliquando
849 770 1226 828 substantiam.
1248 767 1402 822 idem
1424 778 1656 833 namque
1683 759 1854 816 dicit:

280 870 396 925 Hoc
418 868 601 923 sentite
627 867 683 919 in
711 862 850 919 vobis
877 863 1011 934 quod
1041 869 1089 914 et
1131 861 1183 913 in
1209 857 1416 914 Christo
1440 856 1585 908 Jesu.
1615 852 1714 918 Qui
1731 866 1861 903 cum

276 963 331 1014 in
363 962 533 1030 {arma
559 957 655 1010 Dei
684 962 836 1020 esset,
861 952 1230 1021 non-rapinam
1255 947 1538 1001 arbitratus
1570 952 1647 998 est
1676 957 1786 996 esse
1805 957 1861 994 se

277 1052 527 1126 aqualem
542 1047 670 1112 Deo,
689 1046 778 1101 sed
806 1044 1134 1109 semetipsum
1157 1039 1461 1101 exinanivit,
1488 1037 1712 1107 formam
1728 1031 1861 1086 servi

277 1123 535 1213 accipiens
553 1179 568 1203 ,
621 1140 674 1193 in
705 1135 1043 1191 similitudine
1066 1133 1328 1187 hominum
1354 1130 1560 1196 factus,
1605 1135 1654 1180 et
1684 1123 1860 1177 habitu

277 1234 510 1286 inventus
531 1239 584 1283 ut
607 1229 756 1282 homo
779 1225 998 1296 (Philip.
1024 1240 1079 1289 ιι,
1105 1221 1138 1275 5
1164 1231 1213 1276 et
1233 1219 1389 1292 seq.).
1416 1215 1701 1272 Timotheo
1720 1228 1859 1283 quo-

278 1340 382 1394 que
407 1323 666 1385 scribens,
694 1320 770 1374 ait
795 1337 806 1371 :
841 1316 1042 1371 Memor
1070 1323 1179 1369 esto
1204 1313 1464 1367 Christum
1484 1309 1518 1362 J
1521 1324 1663 1362 esum
1683 1322 1858 1360 resur-

278 1420 474 1473 rexisse
497 1433 528 1468 a
557 1413 804 1479 mortuis,
836 1427 899 1464 ea:
940 1410 1133 1464 semine
1161 1404 1329 1460 David
1353 1401 1638 1458 secundum
1685 1398 1861 1454 Evan-

277 1514 466 1585 gelium
491 1525 654 1564 meum
684 1503 771 1574 (II
805 1504 938 1558 Tim.
971 1518 1027 1568 ιι,
1060 1500 1139 1571 8).
1195 1497 1335 1554 Ecce
1380 1497 1434 1551 in
1480 1502 1710 1562 utroque
1739 1491 1859 1546 loco

278 1622 416 1666 unus
441 1605 688 1660 Christus
713 1600 872 1656 Jesus
901 1597 1242 1658 nominatur,
1289 1591 1385 1647 sed
1425 1605 1533 1644 non
1563 1585 1859 1642 secundum

278 1712 437 1753 unam
468 1701 714 1750 naturam
738 1691 790 1744 in
819 1688 1037 1743 Christo
1064 1685 1194 1741 desu
1221 1692 1452 1751 uterque
1473 1681 1633 1736 locus
1661 1676 1862 1746 accipi-

278 1797 382 1844 tur.
409 1786 559 1843 Unus
581 1792 665 1840 est
689 1782 832 1838 enim
859 1779 1106 1836 Christus
1134 1775 1309 1840 Jesus,
1337 1773 1430 1844 qui
1457 1757 1578 1828 cuni
1609 1769 1860 1824 informa

1959 576 2232 646 solymam,
2255 584 2304 628 et
2325 572 2496 628 Filius
2524 573 2745 627 heminis
2777 573 3008 627 tradetur
3027 574 3343 643 principibus
3374 590 3550 626 sacer-

1960 668 2138 723 dotum
2165 677 2215 720 et
2237 666 2458 732 scribis;
2489 674 2536 720 et
2564 663 2884 719 damnabunt
2909 681 3024 718 eum
3055 666 3224 728 morti,
3263 674 3308 717 et
3342 665 3551 717 tradent

1960 776 2076 814 eum
2104 758 2370 830 gentibus,
2398 767 2446 814 et
2474 757 2694 812 illudent
2717 757 2785 821 ei,
2819 765 2868 810 et
2896 765 3176 827 conspuent
3207 771 3320 808 eum
3373 765 3421 808 et
3450 756 3551 823 ﬂu-

1960 849 2221 921 gella‘bunt
2246 865 2380 914 eum,
2411 857 2460 903 et
2491 848 2804 918 interﬁcient
2844 864 2977 911 eum,
3011 857 3059 900 et
3088 847 3242 899 tertia
3269 847 3350 899 die
3377 863 3549 899 resur-

1960 948 2043 1010 get
2075 937 2288 1008 (Matth.
2315 955 2404 1002 xx,
2443 937 2523 1000 18,
2561 937 2682 1006 19);
2718 936 2857 991 idem
2889 937 3024 990 dixit
3067 956 3079 990 :
3115 934 3285 990 Nemo
3317 936 3550 989 ascendit

1950 1027 2016 1082 Iin
2045 1029 2249 1095 coitum,
2291 1029 2390 1082 nisi
2430 1029 2515 1099 qui
2536 1028 2599 1082 de
2622 1029 2746 1082 coelo
2776 1028 3059 1093 descendit,
3100 1027 3272 1084 Filius
3302 1029 3549 1093 hominis,

1949 1121 2046 1192 qui
2075 1128 2150 1174 est
2174 1122 2229 1174 in
2250 1121 2382 1175 cwlo
2407 1119 2587 1191 (han.
2621 1137 2698 1185 Ill,
2735 1120 2843 1192 l5).
2877 1120 3008 1188 Quis
3031 1137 3158 1176 vero
3181 1137 3324 1176 sana:
3353 1121 3551 1176 intelli-

1956 1217 2190 1284 gentim,
2239 1216 2292 1269 in
2335 1225 2566 1285 utroque
2608 1216 2729 1271 loco
2768 1216 2960 1270 Filium
2993 1216 3225 1271 hominis
3253 1215 3550 1270 secundum

1955 1324 2124 1363 unam
2153 1316 2306 1378 putet
2348 1308 2584 1363 locutum
2627 1309 2788 1363 fuisse
2810 1308 3183 1372 substantiam,
3215 1322 3339 1362 cum
3369 1307 3552 1376 utique

1958 1416 2066 1456 nec
2093 1400 2388 1456 secundum
2419 1399 2752 1455 divinitatem
2782 1400 3020 1469 potuerit
3056 1399 3222 1456 Filius
3252 1399 3340 1454 illa
3371 1400 3551 1454 omnia

1959 1491 2094 1562 pati,
2140 1507 2239 1546 nec
2281 1491 2573 1547 secundum
2622 1506 2839 1546 carnem
2889 1500 3018 1546 tunc
3072 1489 3260 1547 fuisset
3309 1491 3364 1546 in
3413 1490 3554 1546 cmlo

1955 1581 2179 1651 quando
2221 1582 2358 1636 talia‘
2380 1582 2701 1651 loquebatur
2722 1583 2776 1636 in
2807 1583 2994 1636 terra?
3026 1581 3175 1637 Unus
3196 1583 3356 1651 igitur
3386 1582 3554 1637 idem-

1956 1686 2070 1742 que
2099 1680 2182 1727 est
2212 1672 2378 1727 Filius
2415 1673 2668 1736 hominis,
2701 1673 2792 1741 qui
2819 1681 2875 1728 et
2901 1672 3193 1728 secundum
3234 1673 3405 1728 solam
3430 1688 3552 1728 car-

1965 1778 2087 1818 nem
2117 1778 2243 1818 vere
2270 1763 2518 1829 traditus,
2543 1770 2598 1818 et
2629 1779 2754 1818 vere
2784 1763 3118 1830 interfectus,
3151 1763 3239 1818 die
3270 1765 3429 1819 tertio
3467 1780 3554 1820 re-

278 1879 374 1935 Dei
414 1885 578 1945 esset,
623 1890 730 1930 non
759 1871 1007 1942 rapinam
1035 1868 1325 1923 arbitratus
1345 1869 1428 1919 est
1457 1876 1577 1917 esse
1601 1875 1661 1915 se
1685 1872 1854 1927 requa-
1893 1851 1941 1912 Β
1966 1859 2219 1922 surrexit,
2237 1858 2596 1914 etsecunxlum
2619 1859 2790 1913 solam
2807 1857 3143 1913 divinitatem
3157 1865 3301 1913 totus
3319 1858 3370 1912 in
3387 1866 3550 1920 terra,

199 1931 222 1950 ‘
278 1971 384 2026 lem
412 1969 542 2032 Deo,
591 1964 686 2021 sed
715 1963 876 2035 635
903 1959 1254 2030 semetipsum
1283 1952 1598 2018 exinanivit,
1628 1949 1859 2006 formam

277 2063 419 2118 servi
441 2059 731 2129 accipiens,
755 2063 812 2111 et
830 2057 923 2124 qui
945 2049 1245 2108 resurrexit
1266 2062 1297 2102 a
1317 2045 1545 2102 mortuis
1568 2058 1633 2098 ex
1657 2041 1863 2097 semine

283 2151 469 2207 David.
501 2149 609 2205 Sed
637 2147 883 2204 Christus
900 2143 1068 2199 deses
1093 2142 1146 2196 in
1187 2139 1357 2195 forma
1385 2136 1481 2192 Dei
1513 2134 1862 2203 semetipsum

279 2244 616 2305 exiuaniens,
667 2247 724 2295 et
765 2238 997 2292 formam
1040 2232 1182 2288 servi
1211 2230 1516 2300 accipiens,
1564 2224 1862 2282 Secundum

275 2340 446 2397 solam
468 2335 782 2404 intelligitur
800 2331 1037 2387 divinam
1067 2335 1313 2382 naturam
1339 2341 1352 2378 :
1377 2321 1672 2379 secundum
1698 2332 1860 2390 quam

271 2429 592 2498 intelligitur
618 2427 810 2490 etiam,
841 2423 930 2478 ubi
961 2421 1037 2475 ait
1079 2438 1091 2472 :
1143 2417 1213 2472 Et
1251 2432 1384 2470 unus
1414 2413 1670 2468 Dominus
1708 2409 1861 2463 Iesus

277 2525 531 2587 Christus,
561 2538 652 2588 per
679 2534 828 2590 quem
845 2515 1054 2577 omnia,
1102 2521 1152 2564 et
1181 2526 1276 2563 nos
1317 2523 1408 2579 per
1436 2507 1606 2576 ipsum
1649 2500 1704 2572 (Ι
1736 2499 1858 2557 Cor.

276 2630 388 2676 vm,
420 2613 497 2681 6).
526 2611 671 2666 Idem
698 2623 826 2662 vero
855 2604 1102 2661 Christus
1131 2600 1307 2666 Jesus,
1337 2607 1626 2662 resurgens
1654 2607 1685 2646 a
1716 2606 1862 2646 mor-

278 2704 384 2760 tuis
411 2718 478 2757 ex
507 2701 712 2757 semine
741 2695 906 2752 David
925 2736 940 2759 ,
993 2690 1288 2760 secundum
1318 2688 1609 2742 humanam
1653 2691 1859 2737 tantum

276 2803 424 2851 recte
451 2800 631 2864 potest
653 2787 908 2858 cognosci
929 2782 1305 2840 substantiam.
1332 2779 1539 2833 Rursus
1568 2773 1862 2845 Apostolus

277 2885 410 2942 dicit
439 2903 451 2938 :
487 2882 710 2938 Obsecro
735 2881 917 2952 igitur,
957 2878 1168 2948 fratres,
1199 2887 1292 2944 per
1316 2869 1598 2924 Dominum
1627 2874 1862 2919 nostrum

276 2981 456 3036 Jesum
484 2978 766 3040 Christum,
796 2983 844 3028 et
887 2989 976 3039 per
1015 2969 1286 3024 caritatem
1307 2963 1538 3035 Spiritus
1559 2959 1738 3029 (Rom.
1772 2972 1860 3021 xv,

274 3070 388 3142 30).
419 3068 487 3123 Et
517 3068 621 3122 alio
647 3067 771 3121 loco
803 3082 815 3116 :
870 3061 1144 3130 Testiﬁcor
1170 3072 1348 3112 coram
1391 3053 1532 3116 Deo,
1577 3061 1626 3142 et
1655 3049 1860 3142 Christo

274 3140 432 3228 Iesu,
479 3161 564 3230 qui
587 3157 920 3230 judicaturus
947 3161 1024 3207 est
1050 3152 1184 3206 vivos
1209 3156 1259 3202 el
1291 3155 1520 3201 mortuos
1562 3141 1619 3215 (1
1653 3140 1786 3195 Tim.
1819 3156 1857 3204 t,

1963 1957 2020 2004 et
2060 1957 2204 2004 totus
2243 1951 2297 2004 in
2338 1950 2478 2005 cmlo
2507 1949 2633 2012 fuit,
2666 1948 2887 2018 quando
2914 1949 3206 2026 secundum
3235 1964 3452 2004 carnem
3499 1949 3554 2004 in

1962 2045 2110 2094 terra
2133 2048 2336 2094 tantum
2362 2041 2588 2110 positus,
2614 2039 2703 2094 illa
2724 2039 2791 2094 de
2812 2055 2870 2095 se
2888 2040 3153 2095 veraciter
3176 2040 3331 2094 dixit.
3356 2039 3553 2096 Verum

1965 2138 2049 2184 est
2077 2131 2259 2199 itaque
2287 2130 2410 2199 quia
2442 2131 2495 2184 in
2517 2129 2734 2184 Christo
2757 2146 2862 2184 una
2892 2131 2978 2185 est"
2997 2145 3226 2200 persona
3255 2131 3472 2186 deitatis
3499 2142 3558 2187 et

1963 2225 2163 2292 carnis,
2177 2223 2272 2280 sed
2287 2225 2565 2294 utriusque
2581 2234 2784 2280 natura:
2796 2226 2960 2298 636
2975 2226 3301 2296 proprietate
3317 2235 3551 2281 servata.

1965 2316 2097 2370 Nam
2127 2315 2373 2373 Christus
2395 2316 2590 2372 dicitur
2618 2317 2910 2389 aliquando
2935 2319 3229 2374 secundum
3259 2321 3429 2375 solam
3469 2320 3555 2376 di-

1966 2409 2267 2472 vinitatem,
2287 2409 2572 2480 aliquando
2587 2409 2783 2466 dicitur
2802 2411 3096 2467 secundum
3119 2412 3288 2466 solam
3312 2429 3557 2480 carnem,

1965 2501 2253 2572 aliquando
2294 2503 2588 2557 secundum
2620 2512 2904 2573 utramque-
2942 2504 3316 2559 substantiam.
3352 2505 3555 2561 Secun-

1965 2592 2090 2646 dum
2124 2593 2294 2647 solam
2334 2594 2532 2664 quippe
2573 2593 2906 2649 divinitatem
2955 2595 3358 2664 intelligendum
3397 2598 3557 2654 Chri-

1964 2691 2106 2737 stum
2137 2684 2455 2738 monstravit
2494 2683 2805 2754 Apostolus,
2850 2685 3034 2741 dicens
3075 2705 3087 2741 :
3135 2686 3312 2742 Nolite
3350 2693 3558 2745 mentiri

1966 2775 2066 2827 inv?
2073 2790 2179 2827 cem
2231 2792 2246 2827 :
2300 2775 2650 2846 exspoliantes
2707 2793 2796 2831 uos
2860 2786 3075 2831 veterem
3133 2778 3389 2834 hominem
3442 2799 3557 2837 cum

1967 2866 2166 2920 actibus
2194 2869 2320 2932 suis,
2353 2877 2401 2920 et
2423 2868 2692 2922 induentes
2717 2885 2923 2934 nouunt,
2961 2885 3075 2924 eum
3104 2873 3187 2937 qui
3211 2883 3483 2927 renovatur
3504 2875 3558 2928 in

1965 2959 2260 3028 agnitione,
2302 2959 2580 3013 secundum
2613 2961 2891 3030 imaginem
2932 2961 3044 3030 ejus
3091 2962 3176 3032 qui
3204 2963 3393 3016 creavit
3419 2979 3555 3017 eum.

1970 3048 2066 3103 Ubi
2097 3060 2298 3103 nonest
2329 3049 2547 3104 Centilis
2573 3059 2620 3103 et
2650 3051 2886 3114 .Iudwus,
2919 3052 3240 3106 circumcisio
3270 3063 3318 3106 et
3349 3071 3556 3124 prtepa-

1967 3143 2112 3204 tium,
2135 3141 2399 3195 Barbarus
2421 3152 2468 3194 et
2492 3141 2707 3212 Scytha,
2739 3158 2912 3197 servus
2941 3153 2989 3196 et
3011 3143 3159 3208 liber,
3193 3145 3284 3197 sed
3310 3147 3481 3198 omnia
3505 3159 3556 3198 et

276 3255 353 3324 4).
404 3253 460 3308 ln
485 3252 678 3323 quibus
709 3249 896 3318 utique
923 3245 1078 3310 locis,
1114 3258 1222 3298 non
1249 3238 1547 3296 secundum
1577 3235 1750 3291 solam
1777 3231 1860 3288 di-
1891 3232 1936 3292 C
1967 3233 2020 3287 in
2047 3233 2284 3288 omnibus
2327 3232 2560 3287 Christus
2593 3232 2786 3301 (Catos.
2821 3249 2904 3296 Ill,
2954 3233 2986 3288 9
3017 3244 3065 3287 et
3094 3235 3250 3306 δαίμ).
3302 3234 3431 3290 Tale
3477 3246 3557 3291 est

276 3347 475 3409 viuam,
501 3357 675 3413 neque
696 3338 992 3396 secundum
1015 3336 1188 3392 solam
1211 3335 1522 3394 humanam,
1549 3327 1644 3383 sed
1670 3341 1862 3382 secun-

273 3437 399 3492 dum
430 3444 714 3502 utramque
753 3439 1021 3496 naturam,
1052 3434 1223 3481 totum
1254 3424 1529 3478 Christum
1552 3419 1736 3475 Jesum
1767 3432 1857 3472 ac-

272 3527 503 3596 cipimus
530 3525 598 3578 ab
622 3521 889 3592 Apostolo
923 3518 1276 3575 nominatum.
1306 3513 1543 3594 Videsne,
1561 3513 1684 3581 quia
1707 3509 1864 3566 Jesus

273 3617 540 3680 Christus,
584 3628 691 3668 non
726 3611 1021 3667 secundum
1052 3610 1157 3663 hoc
1185 3608 1360 3662 solum
1401 3604 1545 3674 quod
1584 3604 1726 3658 Deus
1755 3609 1858 3666 est,

274 3713 452 3779 neQue
478 3705 769 3763 secundum
800 3704 904 3758 hoc
931 3702 1106 3756 solum
1128 3698 1274 3768 quod
1295 3698 1460 3752 homo
1482 3704 1588 3774 est,
1612 3696 1665 3749 in
1693 3693 1864 3749 omni-

270 3800 372 3856 bus
401 3798 692 3868 Scriptura:
712 3795 846 3850 locis
873 3801 958 3848 est
985 3788 1331 3860 accipiendus
1359 3807 1376 3840 ;
1410 3786 1506 3843 sed
1527 3787 1580 3840 in
1611 3798 1861 3853 unoquo-

269 3905 378 3961 que
421 3889 825 3958 Scripturarum
873 3885 994 3939 loco
1032 3880 1328 3937 secundum
1377 3879 1427 3933 id
1466 3871 1858 3947 accipi'debet,

267 3979 560 4039 secundum
583 3978 726 4048 quod
741 3977 948 4031 Veritas
963 3974 1162 4029 docet?
1185 3970 1334 4026 Unus
1350 3981 1434 4027 est
1448 3971 1590 4025 enim
1607 3968 1864 4024 Christus

267 4073 444 4137 Jesus,
478 4071 570 4126 Dei
600 4078 656 4125 et
694 4067 927 4123 hominis
947 4066 1115 4121 Filius
1143 4065 1196 4118 in
1225 4071 1456 4133 utraque
1484 4070 1700 4130 natura,
1722 4077 1862 4117 unus

273 4165 327 4219 in
345 4173 570 4232 utraque
591 4176 768 4216 verus.
797 4158 949 4214 Unde
972 4173 1072 4212 nec
1091 4155 1221 4211 illud
1245 4161 1424 4224 potest
1443 4162 1694 4210 constare
1715 4151 1861 4222 quod

266 4257 404 4312 dicis
423 4298 438 4323 ,
493 4274 512 4307 ‹
534 4254 726 4309 Filium
758 4253 852 4308 Dei
879 4266 1008 4306 vero
1033 4265 1156 4306 cum
1181 4249 1431 4313 dicimus,
1487 4248 1661 4318 ipsum
1690 4245 1860 4301 Deum

267 4350 484 4414 Filium,
526 4347 577 4403 id
618 4356 700 4403 est
743 4347 918 4416 ipsum
948 4343 1221 4399 Christum
1252 4341 1549 4411 spiritalem
1592 4338 1862 4407 signiﬁca-

266 4457 408 4497 mus.
436 4452 457 4493 ι
509 4438 694 4508 Neque
741 4438 884 4492 enim
913 4435 1134 4506 spiritus
1157 4441 1279 4490 erat
1322 4433 1439 4488 sine
1489 4445 1718 4502 corpore
1746 4430 1861 4500 ipse

268 4535 601 4604 Redemptor
645 4540 868 4597 noster,
922 4530 1139 4600 quando
1179 4530 1254 4583 ait
1282 4529 1357 4583 illi
1391 4543 1536 4584 careo
1579 4535 1738 4593 nato,
1771 4525 1860 4582 cui

1963 3334 2146 3381 autem
2174 3324 2320 3394 quod
2350 3325 2438 3379 hic
2467 3325 2544 3378 ait
2570 3343 2581 3376 :
2631 3324 2822 3379 Omnia
2849 3335 2906 3379 et»
2935 3326 2988 3380 in
3018 3326 3252 3380 omnibus
3285 3326 3558 3393 Christus;

1963 3418 2125 3487 quale
2145 3424 2228 3472 est
2255 3417 2432 3472 istud:
2463 3417 2530 3472 Ut
2556 3420 2620 3472 sit
2644 3416 2785 3473 Deus
2806 3420 2981 3473 omnia
3009 3421 3061 3473 in
3084 3419 3337 3475 omnibus.
3363 3422 3560 3476 Seeuuo

1961 3509 2089 3582 dum
2115 3510 2287 3566 solam
2310 3524 2527 3579 quoque
2550 3525 2769 3565 carnem
2793 3509 3064 3566 Christum
3096 3513 3470 3580 cognoscimus
3493 3514 3562 3567 ah

1964 3601 2224 3672 Apostolo
2255 3603 2620 3666 nominatum,
2655 3604 2744 3657 ubi
2775 3604 2848 3657 ait
2878 3623 2890 3656 :
2928 3603 3143 3658 Tradidi
3175 3607 3309 3660 enim
3339 3607 3476 3660 vobis
3507 3609 3560 3660 in

1962 3695 2145 3762 primis
2185 3694 2322 3765 quod
2348 3704 2398 3747 et
2425 3695 2603 3764 accepi
2630 3733 2646 3758 ,
2690 3696 2812 3765 quia
2841 3694 3077 3748 Christus
3108 3708 3336 3750 mortuus
3364 3708 3439 3752 est
3468 3716 3562 3767 pro

1962 3787 2186 3854 peccatis
2217 3785 2411 3838 nostris
2435 3784 2716 3838 secundum
2744 3784 3067 3854 Scripturas,
3102 3795 3150 3838 et
3181 3788 3300 3857 quia
3323 3787 3555 3856 sepultus

1962 3887 2056 3938 est,
2095 3887 2144 3930 et
2169 3879 2288 3946 quia
2317 3878 2597 3930 resurrexit
2637 3878 2788 3930 tertia
2819 3876 2904 3930 die
2934 3879 3211 3931 secundum
3245 3879 3553 3949 Scripturas

1966 3967 2021 4038 (I
2049 3969 2168 4023 Cor.
2197 3985 2284 4033 xv,
2313 3969 2368 4032 5,
2402 3967 2478 4038 4).
2507 3967 2601 4020 llle
2627 3982 2844 4037 quoque
2868 3967 3016 4021 locus
3047 3968 3286 4036 ejusdem
3312 3971 3557 4038 Apostoli

1963 4060 2090 4115 huic
2116 4061 2388 4114 invenitur
2413 4057 2779 4127 intelligentia:
2807 4059 3116 4121 convenire,
3151 4059 3238 4112 ubi
3268 4059 3343 4112 ait
3371 4079 3383 4112 :
3421 4058 3552 4123 Qui-

1963 4168 2159 4223 cunque
2187 4153 2242 4205 in
2266 4149 2472 4205 Christo
2494 4151 2746 4219 buptizati
2774 4166 2967 4214 sumus,
2996 4151 3048 4203 in
3089 4161 3252 4205 morte
3273 4153 3438 4222 ipsius
3464 4152 3559 4206 lm-

1963 4245 2143 4314 ptizati
2166 4259 2360 4296 sumus.
2394 4241 2691 4313 Consepulti
2718 4242 2855 4295 enim
2885 4259 3059 4296 sumus
3087 4259 3201 4296 cum
3233 4243 3323 4298 illo
3345 4261 3435 4314 per
3467 4244 3560 4298 ba-

1962 4337 2205 4407 ptismum
2233 4336 2285 4388 in
2310 4343 2526 4388 mortem
2549 4331 2728 4403 (Rom.
2752 4347 2824 4396 vt,
2850 4333 2938 4402 5);
2963 4342 3018 4387 et
3048 4334 3210 4402 paulo
3229 4344 3354 4404 post
3377 4353 3390 4387 :
3417 4334 3561 4389 Chri-

1963 4438 2070 4482 stus
2098 4443 2368 4498 resurgens
2394 4443 2426 4479 a
2458 4426 2692 4490 mortuis,
2729 4425 2846 4495 jam
2875 4441 2977 4478 non
3009 4425 3244 4488 moritur,
3275 4436 3322 4480 et
3345 4443 3484 4481 mors
3513 4428 3559 4481 ei

1962 4519 2101 4573 ultra
2130 4534 2233 4572 non
2264 4517 2618 4572 dominabitur
2647 4514 2838 4584 (lbid.,
2864 4514 2940 4583 9).
2994 4515 3162 4582 Quem
3196 4527 3372 4571 tamen
3402 4517 3559 4571 Chri-

263 4629 454 4685 oculos
482 4625 903 4683 misericorditer
931 4632 986 4678 et
1023 4622 1340 4676 mirabiliter
1358 4620 1508 4676 dedit
1540 4639 1553 4673 :
1591 4619 1666 4673 Tu
1691 4619 1856 4674 credis
1886 4617 1935 4678 ι)
1963 4617 2104 4665 slum
2130 4609 2424 4664 secundm“
2458 4615 2745 4676 utramque
2769 4607 3115 4674 cognoscitur
3135 4607 3425 4676 praedicare
3458 4624 3556 4661 ua-

263 4723 318 4776 in
360 4719 554 4774 Filium
601 4716 694 4770 Dei
717 4716 741 4769 ?
786 4713 884 4770 Cui
910 4729 1032 4769 cum
1063 4713 1152 4766 ille
1177 4710 1435 4769 dixisset:
1464 4709 1593 4774 Quis
1620 4719 1715 4775 est,
1743 4709 1856 4764 Do-

262 4815 420 4878 mine,
437 4819 494 4866 ut
518 4811 723 4865 credam
745 4810 798 4862 in
821 4806 972 4862 eum?
990 4806 1127 4860 dixit
1144 4805 1195 4859 ei
1214 4801 1372 4858 Iesus
1397 4821 1410 4855 :
1439 4801 1504 4854 Et
1527 4802 1697 4855 uidisti
1719 4818 1854 4865 eum,

262 4915 313 4960 et
341 4905 427 4978 qui
455 4904 680 4975 loquitur
707 4911 895 4965 tecum,
924 4901 1036 4970 ipse
1063 4906 1139 4951 est
1167 4894 1349 4965 (Joan.
1379 4909 1465 4962 Ix,
1489 4893 1578 4957 55,
1611 4892 1702 4958 '56,
1739 4892 1853 4962 57).

263 4995 605 5051 Manifestum
626 5003 708 5049 est
726 5001 906 5048 autem
929 4989 1077 5061 quod
1101 4989 1155 5044 in
1177 5002 1245 5043 eo
1265 4987 1546 5057 corporeis
1562 4987 1730 5041 oculis
1748 5001 1856 5040 non

262 5088 556 5157 divinitas,
603 5085 1031 5142 sed‘humanitas
1055 5082 1356 5140 videbatur.
1408 5079 1643 5134 Attende
1691 5081 1855 5135 etiam

263 5183 410 5238 beati
458 5181 603 5238 Petri
651 5180 1044 5236 confessionem
1085 5173 1362 5232 dicentis:
1409 5173 1484 5227 Tu
1527 5191 1580 5226 es
1621 5171 1854 5227 Christus

262 5273 436 5330 Filius
467 5275 566 5329 Dei
594 5275 689 5329 vivi
722 5271 935 5345 (Matth.
963 5288 1072 5337 XVI,
1110 5267 1222 5340 l6),
1253 5276 1308 5322 et
1335 5269 1508 5338 ipsum
1539 5266 1731 5321 Filium
1760 5266 1855 5321 Dei

261 5383 373 5422 non
393 5367 560 5422 Deum
583 5374 814 5433 tantum,
837 5363 930 5419 sed
951 5362 1119 5418 Deum
1145 5361 1529 5430 hominemque
1545 5375 1812 5431 cognosce
1838 5378 1850 5414 :

261 5459 562 5531 praesertim
584 5459 708 5529 quia
738 5473 797 5512 se
818 5456 1008 5511 Filium
1038 5455 1274 5511 hominis
1292 5455 1428 5510 dixit
1455 5456 1568 5526 ipse
1588 5454 1852 5520 Christus,

261 5565 424 5620 quem
452 5549 645 5603 Filium
666 5547 760 5602 Dei
784 5547 886 5601 vivi
916 5543 1197 5604 confessus
1225 5543 1536 5606 estPetrus.
1557 5543 1710 5600 Unde
1731 5561 1853 5600 cum

259 5642 336 5697 sit
364 5656 502 5696 unus
536 5637 777 5694 Christus
825 5636 993 5692 Filius
1039 5637 1134 5694 Dei
1167 5652 1223 5702 et
1251 5637 1490 5696 hominis
1511 5680 1526 5704 ,
1576 5637 1716 5692 sicut
1747 5652 1852 5692 non

261 5719 479 5802 semper
507 5747 628 5788 eum
659 5729 950 5788 secundum
981 5729 1148 5794 solam
1179 5729 1516 5802 divinitatem
1543 5728 1733 5782 Filium
1759 5728 1852 5783 Dei

261 5825 506 5881 videmus
535 5823 771 5886 dictum,
824 5823 901 5874 sic
944 5836 1038 5876 nec
1079 5831 1388 5912 secundum
1418 5820 1589 5874 solam
1636 5835 1856 5874 carnem

265 5917 566 6010 invenimus
588 5932 797 5987 semper
826 5913 1004 5970 Filium
1035 5921 1276 6026 hominis
1312 5921 1695 5984 nuncupatum.
1738 5912 1858 5984 Ipse.

1961 4714 2154 4769 turam,
2188 4703 2374 4758 dicens
2407 4719 2419 4754 :
2455 4701 2686 4764 Quorum
2714 4709 2908 4770 patres,
2941 4709 2990 4752 et
3016 4717 3081 4753 ea:
3103 4700 3288 4771 quibus
3317 4698 3555 4753 Christus

1959 4796 2238 4852 secundum
2266 4810 2503 4855 carnem,
2535 4792 2621 4866 qui
2650 4801 2726 4846 est
2753 4808 2910 4862 super
2940 4793 3115 4845 omnia
3161 4790 3300 4844 Deus
3343 4789 3556 4844 benedi-

1959 4898 2070 4943 ctus
2110 4887 2164 4940 in
2205 4885 2394 4940 secula
2427 4878 2604 4954 (Rom.
2636 4898 2686 4948 Ix
2711 4924 2725 4947 ,
2759 4881 2837 4951 5).
2888 4880 3228 4935 Manifestum
3255 4885 3344 4935 'est
3373 4881 3556 4949 igitur,

1961 4978 2080 5034 illas
2107 4977 2319 5047 regulas
2345 4989 2479 5043 quas
2510 4975 2560 5027 in
2592 4974 2863 5044 praedictis
2884 4973 3102 5029 voluisti
3136 4972 3350 5027 lirmare
3379 4974 3559 5026 nomi—

1963 5071 2138 5135 nibus,
2159 5069 2306 5123 nullo
2327 5067 2523 5121 robore
2541 5065 2738 5134 fulciri,
2761 5066 2888 5135 quia
2913 5065 3220 5120 nullatenus
3241 5063 3558 5119 Christiana:

1961 5170 2264 5232 congruunt
2284 5161 2519 5216 veritati.
2551 5159 2669 5214 Non
2699 5159 2875 5214 solum
2906 5157 3048 5212 enim
3075 5172 3196 5212 cum
3225 5156 3422 5211 dicitur
3462 5156 3557 5212 Dei

1962 5257 2145 5321 Filius,
2179 5264 2272 5309 aut
2299 5269 2421 5309 cum
2449 5252 2645 5308 dicitur
2670 5250 2905 5306 hominis
2921 5248 3108 5316 Filius,
3137 5248 3531 5312 sive‘cumdiei

1963 5357 2050 5403 tur
2077 5346 2342 5412 Christus,
2374 5344 2456 5400 vel
2487 5359 2607 5399 cum
2636 5343 2834 5398 dicitur
2859 5339 3015 5395 .lesus
3043 5339 3328 5406 Christus;
3370 5355 3556 5398 verum

1962 5445 2124 5499 etiam
2159 5457 2281 5498 cum
2312 5442 2428 5511 ipse
2467 5439 2558 5508 qui
2599 5446 2685 5493 est
2716 5434 3034 5504 Uuigenitus
3060 5449 3090 5488 a
3121 5432 3312 5499 Patre,
3366 5435 3558 5505 plenus

1962 5538 2147 5608 gratim
2176 5546 2230 5591 et
2256 5534 2500 5590 veritatis
2532 5532 2712 5605 (Joan.
2746 5547 2782 5596 ι,
2816 5529 2906 5599 M)
2926 5569 2940 5594 ,
2974 5529 3026 5582 in
3067 5539 3252 5585 sancta
3279 5528 3556 5598 Scriptura

1963 5629 2160 5686 dicitur
2182 5629 2342 5708 Deus,
2373 5641 2464 5683 cor
2480 5623 2825 5680 siderandum
2856 5630 2959 5686 est,
2985 5622 3035 5676 iu
3063 5621 3177 5692 ipsa
3201 5636 3303 5676 una
3326 5621 3444 5675 Filii
3464 5621 3556 5676 Dei

1963 5738 2197 5795 persona
2218 5735 2465 5793 quaenam
2495 5725 2640 5772 recte
2669 5716 2866 5771 debeat
2895 5715 3067 5785 accipi
3096 5716 3213 5768 sine
3239 5714 3349 5768 ullo
3370 5730 3556 5769 errore

1962 5813 2286 5872 substantia.
2328 5812 2461 5867 Nam
2503 5812 2555 5865 in
2601 5811 2692 5865 illo
2736 5811 2963 5864 Actuum
3005 5808 3374 5878 apostolorum
3408 5809 3552 5872 loco.

1965 5907 2054 5963 liti
2086 5907 2228 5962 idem
2258 5903 2453 5959 Paulus
2480 5903 2756 5974 apostolus
2785 5901 3080 5971 majoribus
3103 5909 3228 5956 natu
3252 5909 3306 5955 et
3334 5901 3568 5956 senior'u
