4046 6524
660 404 759 459 807

1690 394 1739 448 ε.
1778 389 2137 446 ΡῐὺῦΕΝΤΙΙ
2178 391 2472 449 EPISCOPI
2517 391 2877 449 RESPENSIS
3732 405 3797 458 ως

661 522 758 576 bus
784 517 912 576 dicit
938 539 948 572 :
981 517 1238 572 Attendite
1262 516 1396 570 vobis
1421 525 1466 568 et
1497 516 1728 567 universo
1748 513 1909 583 gregi,
1941 513 1993 565 in
2020 529 2116 582 quo
2148 527 2230 564 ros
2265 515 2304 570 Α
2341 513 2579 566 cultores
2606 513 2762 566 unius
2789 512 2902 576 Dei,
2936 509 3027 577 qui
3053 507 3210 562 aliam
3241 517 3474 563 naturam
3501 512 3645 570 dicitis
3666 517 3798 591 Patris,

663 613 889 683 Spiritus
911 620 1118 664 sanctus
1141 610 1308 677 posuit
1330 607 1613 675 episcopos,
1637 621 1811 674 regere
1835 602 2120 656 Ecclesium
2142 602 2236 656 Dei

663 719 815 774 quam
845 702 1112 773 acquisivit
1136 699 1384 769 sanguine
1405 713 1494 750 suo
1521 696 1654 764 (Act.
1677 711 1764 754 xx,
1792 693 1914 763 28);
1942 694 2124 762 utique
2149 694 2232 747 hic

665 793 831 848 Deum
863 809 969 847 non
1000 792 1288 860 accipimus
1319 789 1416 842 nisi
1448 790 1618 856 ipsum
1650 785 1840 839 Filium
1874 786 1965 839 Dei
2000 805 2010 836 :
2043 786 2135 853 qui
2167 793 2240 838 ta-

666 901 788 940 men
830 900 938 940 non
965 881 1251 938 secundum
1282 887 1534 933 :eternam
1559 886 1717 944 alque
1748 875 2237 929 incommutabilem

666 977 996 1031 divinitatem
1025 989 1173 1028 suam
1199 1011 1212 1034 ,
1266 986 1424 1040 quam
1471 970 1629 1023 habet
1670 967 2124 1021 incommutabilis
2171 983 2238 1021 ex

669 1065 828 1122 Patre
851 1108 865 1131 ,
913 1065 1003 1120 sed
1035 1063 1324 1118 secundum
1369 1060 1758 1114 humanitatem
1797 1072 1899 1125 qua
1931 1057 1997 1112 de
2023 1057 2240 1124 Virgine

667 1174 826 1212 verus
856 1157 1025 1210 iactus
1051 1161 1132 1207 est
1159 1155 1350 1213 homo,
1386 1151 1694 1218 intelligitur
1721 1148 1858 1203 idem
1891 1148 2030 1202 Deus
2058 1146 2243 1201 Eccle-

664 1249 800 1302 siam
825 1247 1114 1314 acquisisse
1143 1243 1397 1309 sanguine
1424 1258 1542 1295 suo.
1577 1242 1690 1295 Non
1723 1255 1850 1308 ergo
1879 1239 2105 1293 dicimus
2152 1238 2242 1291 Je-

666 1354 783 1392 snm
809 1336 1077 1390 Christum
1105 1350 1224 1389 esse
1255 1333 1600 1387 humanitatis
1627 1340 1681 1385 et
1709 1332 1870 1384 solius
1894 1329 2125 1384 hominis
2156 1345 2246 1381 no-

667 1446 810 1494 men,
842 1428 935 1483 sed
965 1444 1126 1481 unum
1157 1426 1337 1481 Jesum
1369 1426 1637 1480 Christum
1671 1425 1835 1477 Deum
1866 1423 2244 1490 hominemque

667 1524 914 1588 dicimus,
949 1524 1000 1577 in
1030 1538 1135 1591 quo
1166 1523 1243 1577 sic
1270 1531 1350 1577 est
1379 1523 1445 1576 de
1476 1530 1664 1575 natura
1688 1521 1872 1574 matris
1899 1535 2022 1574 vera
2053 1528 2244 1573 natura

670 1615 925 1680 hominis,
967 1615 1103 1667 sicut
1148 1613 1215 1667 de
1247 1621 1433 1665 natura
1463 1611 1555 1664 Dei
1588 1609 1761 1664 Patris
1797 1625 1922 1662 vera
1965 1618 2018 1662 et
2047 1617 2244 1662 mtcrna

667 1714 848 1758 manet
893 1705 1187 1758 substantia
1243 1703 1473 1757 dcitatis.
1536 1702 1652 1772 Ipse
1697 1703 1838 1756 enim
1889 1703 1980 1771 qui
2037 1703 2247 1756 Veritas

671 1803 772 1858 est,
805 1809 960 1848 verus
985 1794 1150 1847 Filius
1180 1802 1261 1846 est
1288 1801 1341 1846 et
1367 1791 1536 1845 Patris
1565 1801 1619 1845 et
1647 1791 1854 1858 matris,
1888 1793 1954 1846 de
1982 1808 2089 1860 quo
2119 1792 2251 1847 dicit

667 1885 854 1939 beatus
874 1885 1108 1940 Joannes
1143 1903 1153 1936 :
1187 1885 1390 1937 Scimus
1406 1886 1523 1954 quia
1550 1883 1715 1936 Filius
1743 1883 1833 1936 Dei
1858 1885 2008 1946 venit,
2038 1893 2086 1936 et
2111 1883 2248 1936 dedit
2283 1886 2324 1946 Β

667 1977 810 2032 nobis
840 1977 1151 2030 intellectunt
1179 1988 1231 2028 ut
1262 1991 1630 2046 cognoscamus
1661 1992 1829 2027 verum
1850 2014 1863 2038 ,
1907 1983 1954 2027 et
1991 1975 2152 2026 simus
2192 1976 2244 2027 in

666 2087 784 2123 vero
811 2068 948 2122 Filio
978 2055 1087 2137 ejus
1116 2068 1238 2120 Jesu
1268 2066 1470 2119 Christo
1513 2065 1565 2126 (1
1596 2065 1752 2117 Joun.
1787 2081 1836 2124 v,
1868 2064 1978 2132 20).
2022 2063 2087 2116 Et
2113 2079 2249 2132 quo-

666 2163 810 2215 niam
828 2177 985 2214 verus
1009 2161 1100 2213 Dei
1126 2159 1289 2212 Filius
1315 2157 1630 2210 naturaliter
1676 2156 1815 2210 Deus
1847 2171 2001 2208 verus
2024 2164 2126 2220 est,
2156 2155 2246 2222 qui

669 2269 768 2307 nec
796 2269 952 2306 verus
977 2253 1114 2306 Deus
1136 2261 1278 2305 esset
1305 2253 1349 2304 si
1382 2267 1539 2304 verus
1566 2250 1729 2304 Filius
1757 2250 1823 2302 de
1857 2248 2030 2303 Patris
2059 2261 2246 2302 natura

666 2359 773 2397 non
797 2353 957 2408 esset,
980 2352 1265 2413 propterea
1288 2344 1466 2396 statim
1494 2343 1682 2396 beatus
1699 2341 1935 2395 Joannes
1962 2342 2200 2409 adjnnxit
2229 2359 2241 2393 :

668 2436 769 2490 Hic
797 2446 872 2489 est
901 2453 1044 2489 verus
1075 2430 1230 2498 Deus,
1263 2444 1310 2486 et
1341 2435 1442 2486 vita
1471 2444 1666 2487 (eterna
1698 2433 1964 2502 (Ibidem).
1999 2434 2156 2502 637
2190 2433 2245 2486 In

666 2546 733 2583 eo
762 2545 890 2582 vero
916 2528 1056 2598 quod
1085 2526 1327 2580 Christus
1360 2527 1451 2580 Dei
1481 2525 1672 2585 Filius,
1725 2534 1880 2578 natus
1927 2525 1994 2578 de
2042 2524 2246 2592 Spiritu

665 2627 855 2672 sancto
883 2633 948 2671 ex
983 2617 1196 2684 Virgine
1227 2615 1390 2669 Maria
1412 2615 1624 2680 dicitur,
1668 2632 1771 2668 non
1803 2625 1885 2669 est
1915 2616 2052 2668 alius
2078 2615 2245 2684 Spiri-

668 2719 753 2763 tus
793 2717 1010 2763 sanctus
1037 2723 1196 2776 quam
1227 2706 1564 2770 Paracletns,
1595 2706 1684 2775 qui
1715 2715 1796 2760 est
1827 2722 1962 2760 unus
1993 2704 2166 2760 Patris
2193 2713 2247 2760 et

667 2800 785 2854 Filii
816 2800 1064 2870 Spiritus.
1092 2799 1232 2852 Idem
1266 2811 1491 2866 namque
1519 2806 1602 2851 est
1626 2797 1859 2865 Spiritus
1886 2798 2126 2852 veritatis
2153 2797 2244 2866 qui

665 2914 695 2951 a
725 2895 880 2950 Patre
903 2895 1141 2965 procedit
1169 2893 1348 2963 (Ioan.
1382 2911 1470 2960 xv,
1505 2893 1618 2962 ΞΘ),
1641 2893 1730 2961 qui
1760 2893 1898 2946 solet
1927 2893 1978 2946 in
2000 2893 2244 2960 Scriptu-

666 2988 738 3041 ris
767 2987 964 3041 sanctis
993 2986 1223 3055 Spiritus
1251 2995 1467 3040 sanctus
1496 2986 1897 3040 evidentissime
1923 2986 2238 3054 nuncupari.

667 3075 795 3128 Nam
827 3085 905 3128 est
927 3074 1142 3143 quidem
1177 3074 1490 3128 naturaliter
1519 3082 1572 3127 et
1603 3072 1762 3128 Pater
1789 3074 2027 3144 spiritus,
2073 3083 2127 3127 et
2158 3073 2243 3128 Fi-

667 3167 768 3219 lius
796 3167 1035 3234 Spiritus,
1058 3175 1113 3218 et
1135 3163 1292 3218 Pater
1311 3171 1545 3226 sanctus,
1576 3171 1630 3216 et
1653 3163 1816 3218 Filius
1848 3173 2064 3217 sanctus
2090 3180 2103 3226 ;
2148 3163 2238 3217 sed

2340 604 2498 657 aliam
2523 603 2661 671 Filii,
2685 603 2840 656 aliam
2865 600 3096 670 Spiritus
3115 601 3282 655 sancti
3309 617 3319 650 :
3347 608 3526 655 etcum
3549 608 3801 667 cantabam

2343 711 2448 749 non
2488 694 2696 756 colatis,
2747 708 2845 747 nec
2875 701 2984 747 tres
3015 700 3190 745 tamen
3219 690 3348 745 deos
3387 692 3578 758 colitis;
3618 697 3804 768 sedquod

2341 783 2494 853 pejus
2523 790 2633 847 est,
2662 783 2787 851 quia
2815 781 2991 836 dicitis
3022 796 3118 834 vos
3145 781 3325 834 colere
3354 781 3553 849 quidem
3577 784 3687 839 duos
3706 789 3803 856 deos,

2343 875 2392 928 id
2427 884 2509 928 est
2537 872 2748 927 Patrem
2779 873 2936 927 deum
2967 871 3248 940 majorem,
3278 881 3332 926 et
3355 871 3531 926 Filium
3549 875 3678 931 deum
3700 882 3806 936 mina

2342 981 2456 1019 rem
2481 982 2493 1030 ;
2537 974 2592 1020 et
2613 981 2736 1020 cum
2765 966 2843 1019 eis
2871 965 3023 1034 quasi
3047 965 3228 1019 colere
3257 962 3505 1034 Spiritum
3522 977 3806 1036 sanctum,cai

2343 1057 2562 1110 omnino
2591 1071 2785 1110 nomen
2812 1055 2905 1110 Dei
2935 1055 3190 1119 adimitis,
3231 1062 3287 1108 et
3313 1069 3430 1108 eum
3457 1066 3707 1113 creaturam
3737 1064 3807 1118 sine

2345 1147 2522 1216 aliqua
2553 1147 2854 1202 reverentia
2885 1147 3220 1216 nuncupatis.
3273 1145 3442 1206 Unde.
3486 1149 3595 1215 quia
3629 1162 3806 1209 creatura

2346 1255 2441 1293 vos
2470 1254 2587 1294 esse
2614 1239 2850 1293 cultores
2895 1237 3207 1304 ostenditis,
3253 1237 3488 1308 profecto
3517 1239 3575 1307 (si
3601 1243 3807 1313 volueritis)

2346 1347 2453 1384 non
2484 1339 2593 1385 tres
2616 1339 2840 1395 tantum,
2873 1329 2967 1384 sed
2998 1330 3158 1384 etiam
3182 1329 3415 1398 quinque
3447 1329 3567 1383 deos
3591 1332 3729 1387 colere
3749 1352 3808 1403 po-

2347 1423 2537 1478 teritis.

2673 1537 2837 1607 638
2864 1534 3340 1590 FRAGMENTUM
3373 1534 3589 1590 XXXIV.

2351 1625 2472 1680 Non
2503 1627 2598 1680 soli
2635 1627 2780 1680 Patri
2809 1628 3072 1696 sacriﬁcat
3115 1625 3368 1688 Ecclesia,
3400 1638 3484 1679 aut
3520 1629 3602 1680 soli
3632 1627 3741 1681 Patri
3758 1634 3811 1685 tia!

2423 1699 2662 1768 gloriam.
2687 1699 2776 1750 sed
2798 1699 2891 1750 toti
2920 1695 3177 1750 Trinita.'i.
3207 1695 3438 1749 Christus
3457 1715 3542 1768 pro
3565 1697 3681 1751 nobis
3695 1717 3812 1768 corpus

2419 1766 2564 1840 suum
2586 1766 2644 1818 ef
2657 1769 2895 1840 templum
2915 1768 3300 1840 etsacri/‘icium
3324 1769 3356 1836 fc
3373 1769 3456 1818 cit.
3485 1767 3662 1840 Gratias
3685 1766 3814 1840 aginst

2424 1837 2573 1889 Patri
2603 1848 2650 1889 et
2693 1836 2830 1890 Filio
2859 1847 2911 1888 ut
2942 1835 3081 1901 Deo,
3133 1835 3282 1888 Patri
3329 1846 3491 1889 autent
3519 1855 3596 1906 per
3626 1835 3814 1893 Filiamnt

2422 1908 2704 2028 hominegt.
2746 1907 2971 1975 Spiritus
3001 1916 3207 1959 sanctus
3243 1906 3408 1959 locum
3457 1923 3548 1959 non
3583 1907 3700 1960 habet
3733 1911 3814 1962 inter

2422 1993 2575 2028 onera
2659 1993 2725 2028 ei.

2419 1993 2575 2044 opera
2611 1993 2703 2029 uet
2713 2017 2725 2030 .

2418 2067 2642 2138 Oportet
2665 2077 2842 2122 autem
2875 2077 3021 2122 tuum
3052 2068 3654 2137 conséqnenterrcl'utari
3677 2073 3814 2124 menda-

2347 2162 2506 2222 citln,
2542 2161 2592 2213 in
2625 2175 2690 2213 eo
2721 2160 2862 2228 quod
2885 2159 3038 2222 dicis,
3072 2175 3286 2228 semper
3310 2174 3392 2212 me
3417 2160 3645 2222 ﬁrmasse,
3671 2163 3742 2215 soli
3763 2162 3813 2213 ol-

2348 2254 2475 2308 ferri
2497 2269 2655 2307 omne
2679 2254 2997 2307 sacrilieium
3028 2251 3171 2306 Patri
3197 2271 3208 2304 :
3232 2252 3376 2320 quod
3405 2267 3500 2319 ego
3516 2268 3604 2305 nec
3620 2253 3816 2322 al'quando

2347 2345 2482 2406 dixi,
2529 2360 2627 2398 nec
2668 2343 2808 2397 dico.
2843 2343 3040 2397 Sancta
3070 2344 3212 2396 enim
3258 2342 3488 2396 Ecclesia
3516 2343 3730 2396 catholica
3752 2359 3815 2396 non

2347 2437 2444 2489 soli
2475 2435 2635 2498 Patri,
2687 2435 2779 2489 sed
2819 2435 2977 2488 simul
3009 2444 3208 2489 sancta:
3245 2433 3508 2489 sacriﬁcat
3534 2433 3755 2495 Trinitati;
3785 2445 3816 2487 et

2347 2528 2485 2580 sicut
2514 2527 2578 2580 ad
2608 2527 2773 2581 solius
2815 2525 2988 2580 Patris
3017 2541 3303 2594 personam
3335 2526 3558 2593 dirigens
3588 2526 3814 2580 orationem.

2348 2627 2515 2672 tatam
2545 2620 2701 2673 simul
2727 2619 2940 2673 invocat
2972 2618 3287 2672 Trinitatem
3314 2637 3329 2682 ;
3360 2619 3429 2671 ita
3457 2617 3586 2686 quod
3613 2616 3722 2670 Patri
3751 2617 3817 2669 ilco

2347 2711 2606 2776 immolat,
2640 2710 2796 2764 simul
2829 2709 3075 2763 Trinitati
3099 2706 3383 2762 sacriﬁcat.
3411 2707 3527 2762 Sive
3547 2709 3666 2762 enim
3689 2708 3727 2760 in
3744 2721 3818 2759 ort-

2349 2803 2516 2868 tiane,
2543 2803 2653 2855 sive
2676 2802 2729 2855 in
2752 2800 3032 2861 sacriﬁcio,
3059 2799 3258 2853 nullam
3293 2799 3416 2854 facit
3439 2797 3558 2852 ﬁdes
3577 2814 3677 2852 vera
3693 2798 3820 2851 discre-

2349 2895 2548 2947 tionem
2580 2893 2838 2956 muneris,
2868 2892 2992 2960 quia
3019 2906 3123 2945 non
3153 2899 3235 2944 est
3265 2892 3319 2944 in
3361 2889 3604 2943 Trinitate
3626 2889 3820 2942 diversitas

2347 2983 2632 3052 potestatis
2665 3001 2677 3034 :
2711 2981 2851 3036 unde.
2879 2980 3134 3052 quidquid
3166 2981 3258 3034 uni
3284 2995 3523 3049 personae
3543 2977 3742 3038 oll'ertur.
3764 2992 3820 3029 ae-

2345 3092 2498 3131 cesse
2527 3084 2610 3130 est
2637 3075 2883 3129 Trinitati
2915 3075 3117 3144 pariter
3143 3072 3422 3128 oll‘eratur.
3445 3072 3585 3138 Quod
3605 3079 3821 3125 sanctorum

2348 3167 2769 3238 patriarcharum
2800 3177 2854 3220 et
2884 3167 3264 3236 prophetarum
3302 3165 3682 3219 demonstratur
3705 3176 3822 3214 exem-

665 3264 843 3308 tamcn
885 3272 989 3308 non
1022 3255 1289 3308 invenitur
1317 3255 1464 3309 locus
1495 3255 1546 3307 in
1579 3254 1770 3308 divinis
1799 3256 2024 3322 eloquiis
2056 3257 2106 3308 in
2133 3270 2240 3322 quo
2269 3251 2313 3316 C
2347 3261 2448 3330 piis
2477 3277 2489 3312 :
2524 3260 2613 3312 ubi
2638 3259 3004 3328 principaliter
3028 3257 3414 3312 attendendum
3445 3257 3586 3310 nobis
3609 3253 3821 3317 estnllare

672 3347 828 3399 Pater
855 3354 945 3398 ant
975 3345 1138 3399 Filius
1169 3345 1443 3410 absolute,
1483 3356 1537 3398 et
1579 3346 1694 3398 sine
1735 3345 1909 3413 aliqua
1942 3345 2242 3412 adjectione

663 3432 1118 3502 dicaturSpiritus
1141 3442 1373 3486 sanztus.
1399 3431 1668 3501 Scriptum
1692 3442 1768 3488 est
1802 3434 1941 3486 enim
1974 3452 1984 3485 :
2015 3434 2240 3503 Spiritus

667 3535 744 3579 est
770 3525 907 3578 Deus
931 3523 1108 3596 (Joan.
1137 3540 1206 3587 tv,
1228 3523 1349 3591 ‘24);
1381 3523 1473 3577 sed
1500 3523 1735 3577 additum
1761 3533 1844 3577 est
1869 3525 1937 3578 ibi
1971 3525 2130 3589 Dens,
2155 3527 2241 3582 ubi

667 3617 785 3670 sine
806 3615 968 3670 dubio
1003 3614 1163 3668 Pater
1191 3615 1498 3684 agnoscitur
1529 3615 1686 3669 Deus.
1715 3615 1854 3683 Ergo
1879 3633 1996 3671 cum
2031 3615 2239 3672 Patrem

667 3715 761 3776 aut
789 3706 978 3760 Filium
1010 3715 1194 3760 sancta
1226 3704 1502 3774 Scriptura
1531 3704 1814 3772 signiﬁcat,
1845 3706 2123 3760 consuevit
2149 3717 2241 3762 aut

665 3795 922 3867 Spiritum
951 3795 1352 3858 tantummodo,
1397 3803 1488 3847 aut
1526 3803 1766 3848 sanctum
1809 3795 2016 3860 dicere,
2067 3806 2122 3850 et
2150 3807 2241 3852 aut

663 3905 860 3944 nomen
888 3889 1174 3957 adjungere
1202 3903 1310 3956 quo
1352 3887 1434 3939 vel
1464 3885 1622 3938 Pater
1651 3889 1730 3940 vel
1759 3887 1924 3940 Filius
1953 3889 2120 3956 possit
2160 3890 2242 3942 in-

667 3981 864 4049 telligi,
897 3989 989 4033 ant
1015 3981 1058 4032 si
1083 3994 1276 4032 nomen
1309 3994 1414 4031 non
1438 3977 1757 4045 adjunxerit,
1789 3994 1853 4030 ex
1887 3979 2238 4046 praecedenti-

666 4075 764 4128 bus
809 4073 890 4128 vel
930 4072 1376 4139 subsequentibus
1420 4079 1739 4137 agnoscatur
1769 4079 1944 4124 utrum
1995 4073 2082 4124 uni
2115 4087 2238 4140 per-

663 4181 829 4228 sonat,
862 4180 928 4218 an
955 4163 1113 4217 simul
1137 4163 1232 4232 ipsi
1260 4163 1742 4226 sanctazTi-initati,
1774 4164 2066 4217 secundum
2092 4179 2240 4231 regu-

665 4258 772 4310 lam
801 4257 992 4310 debeat
1017 4271 1152 4310 vera:
1195 4255 1315 4309 lidei
1344 4257 1604 4324 coaptari.
1637 4255 1755 4324 Ipse
1785 4265 1867 4309 est
1909 4256 2068 4324 igitur
2105 4273 2240 4310 unus

665 4347 893 4416 Spiritus
921 4358 1155 4413 sanctus,
1187 4348 1252 4401 de
1281 4363 1388 4415 quo
1409 4348 1705 4402 secundum
1731 4364 1948 4403 carnem
1974 4360 2128 4405 natus
2157 4361 2240 4405 est

665 4439 925 4500 Christus,
975 4455 1038 4492 ex
1069 4426 1176 4506 quo
1219 4439 1528 4508 Spiritaliter
1557 4441 1729 4493 omnis
1760 4443 2054 4495 renascitur
2083 4443 2237 4496 Citri-

663 4532 886 4585 stianus.
921 4529 992 4582 Ea
1021 4531 1217 4599 quippe
1261 4530 1431 4584 sancti
1473 4529 1703 4598 Spiritus
1731 4533 1922 4599 gratia,
1968 4548 2070 4601 qna
2101 4533 2240 4587 Deus

2345 3349 2412 3404 ad
2444 3352 2546 3404 hoc
2571 3364 2786 3418 semper
2830 3348 3145 3402 aediﬁcatum
3178 3348 3286 3401 Deo
3308 3387 3326 3412 ,
3368 3357 3423 3402 ut
3461 3347 3624 3400 debito
3657 3341 3820 3400 sacrificii

2346 3440 2486 3495 Deus
2512 3441 2810 3494 honoretur
2830 3439 3109 3507 obsequio.
3141 3436 3326 3492 Altare
3349 3452 3567 3506 namque
3592 3436 3649 3489 ibi
3669 3435 3822 3502 primum

2346 3531 2397 3585 in
2428 3531 2626 3585 sanctis
2669 3529 3028 3584 voluminibus
3057 3528 3392 3590 nominatur,
3427 3527 3511 3580 ubi
3534 3533 3717 3580 sanctus
3737 3520 3821 3576 Noe.

2346 3623 2414 3678 de
2443 3639 2564 3678 arca
2595 3622 2896 3691 egrediens,
2931 3620 3038 3673 Deo
3071 3621 3383 3690 perhibetur
3410 3619 3597 3673 hostias
3623 3615 3818 3669 obtulisse.

2344 3716 2432 3770 Sic
2466 3717 2608 3769 enim
2633 3715 2887 3783 scriptum
2913 3723 2994 3767 est
3024 3729 3035 3765 :
3069 3712 3136 3764 Et
3164 3711 3440 3781 mdiﬁcavit
3469 3709 3576 3764 Noe
3599 3710 3732 3762 alters
3753 3702 3822 3754 lla-

2346 3811 2505 3873 mino,
2536 3817 2584 3860 et
2610 3811 2803 3876 accepit
2844 3807 2908 3859 ab
2954 3804 3188 3859 omnibus
3219 3806 3479 3874 pecoribus
3519 3801 3712 3862 mundis,
3734 3795 3822 3849 etab

2345 3899 2576 3952 omnibus
2607 3896 2897 3952 volatilibus
2928 3898 3133 3950 mundis
3153 3937 3167 3960 ,
3219 3906 3270 3948 et
3295 3896 3478 3949 obtulit
3507 3894 3698 3946 hostium
3726 3901 3822 3955 super

2345 3989 2510 4040 altare
2534 3986 2642 4042 Deo
2676 3985 2884 4058 (Cenes.
2914 4003 3020 4047 vttt,
3051 3986 3162 4055 20).
3206 3985 3339 4038 Nam
3369 3993 3422 4038 et
3461 3983 3686 4036 Dominus
3705 3987 3822 4031 osten-

2344 4080 2476 4134 dens
2501 4079 2642 4148 quod
2673 4078 2828 4147 hujus
2864 4079 2938 4132 rei
2969 4078 3139 4147 gratia
3169 4085 3512 4131 construatur
3537 4074 3705 4132 altare,
3739 4064 3823 4120 Mosi

2344 4171 2544 4225 l'amulo
2564 4185 2662 4224 suo
2685 4170 2762 4224 sic
2788 4170 3021 4237 loquitur
3053 4187 3065 4220 :
3098 4169 3274 4220 Altare
3301 4169 3366 4219 de
3393 4176 3522 4219 terra
3543 4163 3712 4234 facietis
3731 4157 3824 4214 milii.

2343 4273 2393 4316 et
2419 4261 2747 4316 immolabitis
2773 4279 2925 4332 super
2945 4262 3070 4314 illud
3094 4261 3392 4313 holocausta
3412 4269 3459 4312 et
3481 4255 3700 4311 salutaria
3717 4256 3824 4301 rutra

2347 4353 2542 4420 (Exod.
2563 4369 2648 4415 xx,
2672 4351 2785 4419 24).
2831 4351 3165 4420 lnquiramus
3181 4365 3309 4418 ergo
3331 4350 3539 4403 cuinam
3557 4333 3825 4415 patresnoslri

2346 4448 2512 4500 altare
2542 4445 2972 4507 construxerint,
3026 4452 3082 4498 ut
3133 4444 3228 4512 ipsi
3259 4459 3354 4497 eos
3377 4450 3698 4509 agnoscamus
3720 4430 3824 4483 etiam

2345 4536 2659 4592 sacriﬁcium
2707 4535 2984 4590 obtulisse.
3038 4534 3164 4589 Post
3210 4535 3337 4588 illud
3370 4535 3545 4600 itaque
3571 4529 3711 4581 altare
3733 4516 3824 4588 quod

668 4621 978 4690 Unigenitus
1023 4622 1267 4688 dignatus
1309 4630 1390 4675 est
1431 4621 1596 4676 Filius
1637 4623 1866 4677 hominis
1911 4624 2046 4698 ﬁeri,
2089 4626 2240 4679 nobis
2276 4643 2320 4699 ῃ
2346 4629 2459 4683 Noe
2492 4628 2716 4681 Domitio
2745 4627 3048 4689 fabricavit,
3095 4642 3123 4679 a
3153 4636 3339 4680 sancto
3383 4623 3632 4678 Abraham
3672 4615 3825 4681 legimus

661 4715 918 4770 donatum
943 4724 1025 4769 est
1051 4716 1101 4768 in
1147 4715 1238 4768 Dei
1264 4714 1400 4768 ﬁlios
1430 4715 1690 4784 adoptari.
1726 4715 1840 4770 Non
1865 4726 2042 4770 autem
2067 4715 2238 4770 Trini-

664 4806 808 4868 tatis,
833 4804 926 4858 sed
951 4805 1116 4859 solius
1140 4805 1231 4858 Dei
1264 4803 1437 4858 Patris
1475 4814 1556 4858 est
1585 4804 1749 4858 Filius
1769 4803 1920 4859 Jcsus
1947 4806 2190 4860 Christus
2223 4824 2234 4857 :

661 4896 752 4964 qui
797 4895 978 4964 utique
1005 4894 1160 4962 digne
1189 4894 1382 4948 dicitur
1410 4903 1711 4948 comternus
1735 4895 1846 4948 Deo
1878 4894 2041 4957 Patri,
2075 4894 2236 4948 etiam

662 4994 881 5058 accepta
911 5002 1072 5041 carne
1102 5001 1216 5049 sua,
1265 4985 1389 5053 quia
1434 5001 1538 5040 una
1587 4994 1669 5040 est
1717 4987 1768 5040 in
1816 4986 1904 5039 illo
1945 4985 2238 5039 divinitatis

658 5080 942 5148 carnisque
969 5093 1192 5148 persona
1215 5095 1225 5128 :
1254 5085 1309 5132 et
1327 5079 1437 5146 ipse
1452 5077 1544 5131 Dei
1569 5077 1735 5132 Filius
1754 5077 1842 5145 qui
1874 5078 1925 5130 in
1949 5092 2234 5146 personam

659 5171 874 5224 dcitatis
902 5184 1011 5224 suae
1055 5169 1262 5237 accepit
1284 5183 1518 5229 carnem,
1573 5168 1884 5222 naturaliter
1923 5168 2082 5221 habet
2124 5168 2234 5221 Deo

664 5261 804 5316 Patri
829 5271 1150 5317 eoazternam
1179 5262 1294 5316 sine
1335 5261 1488 5315 initio
1517 5260 1790 5314 deitatem.
1840 5260 1945 5314 Nec
1986 5268 2066 5314 est
2099 5260 2236 5314 alter

659 5354 890 5422 Spiritus
907 5364 1121 5410 sanctus
1137 5369 1294 5424 quem
1311 5354 1363 5407 in
1383 5353 1582 5408 nostris
1594 5352 1924 5406 orationibus
1945 5369 2062 5410 cum
2080 5350 2235 5405 Patre

657 5455 715 5498 et
743 5444 878 5499 Filio
899 5447 1254 5510 nominemus,
1275 5453 1470 5514 praeter
1501 5461 1662 5498 unum
1690 5443 2021 5500 Paracletum
2061 5444 2231 5514 Spiri-

661 5545 772 5589 tum
808 5553 820 5587 :
853 5551 1009 5604 quem
1049 5537 1125 5590 sic
1166 5551 1328 5589 unum
1359 5536 1612 5606 Spiritum
1645 5535 1818 5590 Patris
1846 5546 1904 5590 et
1930 5535 2048 5589 Filii
2077 5535 2232 5588 novi-

661 5635 885 5693 mus,‘ut
905 5627 1408 5683 consubstantialem
1433 5639 1487 5682 et
1505 5638 1831 5682 cozrternum
1857 5625 1999 5680 Patri
2022 5635 2076 5680 et
2098 5626 2233 5680 Filio

657 5718 951 5771 certissime
982 5719 1304 5772 noverimus.
1356 5719 1409 5772 In
1453 5734 1518 5772 eo
1549 5729 1725 5772 autem
1759 5734 1917 5771 unum
1949 5717 2113 5771 Deum
2137 5731 2234 5771 nos

635 5797 838 5861 'colerc
867 5805 1315 5869 demonstramns,
1345 5808 1464 5874 quia
1499 5824 1655 5859 unam
1688 5806 1960 5860 Trinitatis
1988 5807 2232 5861 substan-

653 5901 788 5953 tiam
810 5897 1076 5951 credimus
1095 5907 1149 5952 et
1179 5897 1423 5952 fatemur.
1453 5900 1558 5956 Vos.
1581 5909 1758 5952 autem
1785 5899 2084 5954 nullatenus
2105 5901 2233 5953 estis

2343 4719 2512 4773 altare
2540 4726 2926 4773 constructum.
2958 4716 3047 4771 Sic
3077 4717 3217 4771 enim
3249 4716 3498 4784 scriptum
3521 4719 3597 4766 est
3625 4728 3634 4759 :
3663 4705 3718 4759 Et
3739 4703 3824 4755 risu

2342 4820 2417 4863 est
2453 4808 2700 4863 Dominus
2748 4807 2884 4861 Deus
2923 4807 3162 4870 Abrah-e,
3211 4815 3258 4859 et
3297 4807 3429 4858 dixit
3467 4806 3510 4857 ei
3550 4796 3824 4854 :Semiuim

2343 4898 2473 4952 dabo
2505 4908 2693 4951 terram
2721 4899 2894 4950 istum.
2946 4897 3014 4949 Et
3042 4897 3316 4966 adiﬁcarit
3357 4894 3424 4948 ibi
3463 4889 3695 4945 Abraham
3717 4883 3824 4934 allm

2344 4991 2584 5056 Domino,
2616 4992 2701 5061 qui
2723 4991 2856 5047 risus
2885 4997 2960 5042 est
2988 4989 3052 5042 ei.
3087 4987 3154 5040 Et
3184 4988 3391 5040 recessit
3433 4983 3547 5036 inde
3582 4982 3629 5034 in
3668 4980 3823 5028 montem

2341 5091 2520 5136 contra
2550 5082 2793 5134 orientem
2834 5078 3010 5132 Bethel
3035 5119 3048 5142 ,
3099 5087 3147 5129 et
3186 5077 3366 5130 statuit
3410 5073 3478 5126 ibi
3522 5064 3823 5144 tabernaculi!

2341 5187 2487 5223 suum
2517 5169 2710 5232 Bethel,
2759 5168 3036 5222 secundum
3065 5183 3207 5219 mare
3235 5167 3392 5235 Agge,
3423 5170 3591 5216 contra
3613 5156 3822 5210 orientem:

2341 5271 2388 5314 et
2410 5261 2684 5331 wdiﬁcabit
2706 5259 2774 5315 ibi
2796 5263 2962 5312 altare
2987 5257 3208 5311 Domino
3235 5249 3361 5322 Deo,
3386 5265 3433 5306 et
3456 5248 3680 5306 invocavit
3703 5244 3822 5331 ίηῌηο·

2344 5353 2476 5406 mine
2499 5329 2702 5406 Domini
2734 5350 2850 5415 Dei,
2880 5351 2963 5421 qui
2991 5351 3124 5402 visus
3146 5358 3219 5401 est
3243 5345 3444 5416 (Cenes.
3472 5358 3554 5405 χιι,
3585 5340 3627 5403 7,
3655 5329 3820 5404 iii-Cum

2342 5444 2583 5514 superius
2609 5443 2675 5497 de
2705 5442 3042 5496 invocatione
3085 5439 3176 5493 Dei
3203 5451 3507 5506 ageremus,
3539 5432 3676 5485 istum
3701 5423 3820 5476 lorum

2336 5533 2446 5602 jam
2485 5551 2582 5589 nos
2618 5533 2861 5602 posuisse
2909 5531 3286 5591 meminimus;
3339 5528 3504 5596 ipsum
3547 5521 3686 5574 etiam
3719 5521 3821 5602 nunc

2338 5634 2642 5694 repetamus
2693 5638 2928 5678 sensum.
2971 5621 3224 5675 Veientes
3254 5619 3392 5673 enim
3435 5614 3610 5696 Filium
3650 5623 3673 5659 a
3712 5601 3820 5694 Palie

2338 5715 2596 5769 minorem
2627 5713 2948 5779 ostendere,
3002 5713 3186 5766 soletis
3227 5709 3421 5780 dicere,
3471 5701 3640 5758 Filium
3679 5699 3819 5784 saccus

2338 5805 2582 5862 Patribus
2613 5808 2800 5862 visum.
2837 5806 2972 5872 Quid
3001 5818 3127 5871 ergo
3151 5819 3289 5857 nunc
3308 5798 3524 5855 dicitis?
3551 5787 3818 5860 Quaiiditqlll‘

2336 5898 2453 5953 dem
2486 5897 2750 5951 Abraham
2785 5904 2983 5959 noster,
3036 5894 3162 5958 Deo,
3196 5893 3284 5962 qui
3314 5892 3361 5947 ei
3391 5889 3526 5943 visus
3561 5892 3663 5946 est,
3695 5876 3816 5928 alla”
