4050 6448
272 420 363 478 209

1330 423 1607 479 CONTRA
1647 419 1997 477 FABIANUM
2036 420 2482 478 FRAGMENTA.

3439 431 3545 487 8l0

267 535 541 591 nidiﬁcant
567 553 578 588 :
608 550 714 590 non
743 544 922 592 autem
948 539 1038 593 luit
1069 540 1361 594 necessitas
1385 539 1684 594 mdilicandi
1716 538 1849 590 alta-
1879 546 1923 600 Α
1953 541 2209 609 gationem
2247 537 2472 610 gentium
2503 543 2620 610 erit,
2647 552 2701 597 ut
2731 542 2978 616 recipiam
3009 562 3172 618 reges,
3199 558 3249 603 et
3274 551 3539 619 effundam

267 628 355 692 ris,
406 625 508 681 nisi
535 641 636 694 pro
665 628 828 698 639
862 627 1140 685 sacriﬁciis
1167 628 1479 684 afferendis.
1531 628 1642 684 Deo
1692 629 1850 696 igitur

265 717 355 788 qui
384 716 528 774 visus
548 727 631 772 est
646 719 722 780 ei,
750 728 965 775 sanctus
987 721 1256 776 Abraham
1281 720 1602 776 sacriﬁcium
1628 721 1848 788 obtulit,

267 808 351 862 cui
375 821 479 862 non
503 809 574 864 ob
595 810 739 864 aliud
757 811 863 866 nisi
891 820 947 866 ut
970 811 1316 880 sacrilicaret,
1338 813 1506 866 altare
1527 813 1845 866 construxit.

263 899 439 967 ipsum
486 900 650 954 etiam
699 901 998 967 invocavit,
1050 903 1482 973 quandoquidem
1532 903 1584 956 in
1631 903 1852 957 nomine

265 990 471 1044 Domini
503 990 596 1044 Dei
622 992 715 1060 qui
747 993 890 1047 visus
916 1002 1017 1058 est,
1052 994 1246 1063 legitur
1267 993 1567 1048 invocasse.
1594 992 1846 1055 Proinde,

264 1091 355 1135 aut
375 1080 655 1149 conﬁtere,
689 1085 848 1139 simul
878 1086 1034 1140 unius
1063 1086 1324 1140 orationis
1347 1085 1611 1153 obsequio
1636 1083 1850 1139 Patrem

264 1183 318 1226 et
338 1171 530 1226 Filium
554 1173 816 1240 invocari,
845 1183 900 1228 et
929 1191 1092 1229 unum
1121 1173 1440 1230 sacriﬁcium
1466 1174 1613 1229 Patri
1639 1184 1694 1230 et
1716 1174 1851 1230 Filio

264 1263 420 1318 simul
451 1265 664 1330 oll'erri;
715 1273 808 1319 aut
833 1266 880 1320 si
905 1267 1010 1322 hoc
1038 1281 1147 1322 non
1175 1266 1277 1334 vis,
1307 1281 1533 1321 necesse
1560 1274 1646 1320 est
1673 1275 1731 1320 ut
1758 1273 1852 1320 aut

264 1353 481 1408 Patrem
511 1355 659 1410 dicas
685 1356 879 1421 visum,
911 1364 1004 1411 aut
1033 1358 1135 1412 soli
1160 1357 1296 1412 Filio
1325 1356 1646 1413 sacriﬁcium
1667 1373 1697 1410 a
1726 1371 1851 1412 san-

259 1447 360 1500 ctis
392 1447 712 1514 patriarehis
739 1447 960 1505 fatearis
987 1449 1229 1504 oblatum
1249 1491 1264 1516 ,
1297 1458 1354 1504 et
1376 1447 1523 1504 Patri
1555 1449 1850 1519 compella-

258 1537 333 1589 ris
364 1537 604 1594 adimere
629 1539 775 1609 quod
801 1539 937 1596 Filio
962 1542 1180 1596 conaris
1219 1539 1452 1596 auferre.
1496 1540 1754 1596 Similiter
1797 1551 1852 1596 et

258 1625 327 1681 de
352 1625 502 1684 lsaac
533 1629 784 1698 legimus,
833 1631 902 1685 de
944 1647 1052 1701 quo
1080 1632 1211 1686 dicit
1241 1631 1525 1702 Scriptura
1559 1651 1570 1685 :
1602 1633 1851 1686 Ascendit

259 1725 436 1770 autem
455 1718 575 1770 inde
603 1719 672 1772 ad
697 1730 906 1788 puteum
923 1722 1228 1788 juramenti,
1260 1733 1308 1775 et
1337 1724 1474 1776 visus
1502 1732 1578 1776 est
1598 1725 1645 1776 ei
1670 1723 1850 1776 Domi-

263 1815 358 1859 nus
388 1807 443 1859 in
472 1807 564 1860 illa
585 1817 755 1874 nocte,
779 1820 828 1862 et
856 1810 991 1865 dixit
1010 1814 1057 1865 ei
1087 1828 1104 1865 :
1137 1811 1248 1882 Ego
1279 1828 1392 1866 sum
1420 1811 1561 1866 Deus
1589 1812 1852 1866 Abraham

1952 646 2105 699 super
2125 647 2211 683 eos
2232 631 2363 684 iram
2389 633 2580 701 furoris
2603 636 2700 688 mei
2727 651 2744 688 :
2771 637 3015 705 quoniam
3037 639 3092 690 in
3111 639 3232 709 igne
3254 642 3444 695 mula
3467 641 3548 694 io-

1953 720 2034 771 nis
2062 735 2188 772 metu
2214 721 2653 776 consummabitur
2675 724 2838 795 640
2866 728 3035 781 omnis
3064 737 3222 782 terra.
3257 728 3392 793 Quia
3425 741 3546 783 tunc

1953 813 2267 880 transferant
2291 828 2444 880 super
2482 814 2696 882 papulas
2733 817 2970 886 linguam
3011 818 3065 871 iu
3095 822 3365 890 progenies
3403 822 3541 891 ejus,

1951 908 2007 951 ut
2035 901 2265 953 invocent
2306 918 2481 956 omnes
2523 921 2705 958 nomen
2757 905 2996 972 Domini,
3028 918 3077 961 et
3105 912 3418 966 serviant‘ei
3445 914 3540 968 sub

1946 991 2076 1061 jngo
2107 1007 2229 1045 uno.
2253 992 2299 1044 Α
2333 1003 2475 1046 trans
2497 994 2708 1062 ﬂumine
2738 995 2812 1048 1E
2820 998 3030 1067 thiopia:
3058 1001 3340 1070 suscipiam
3368 1004 3545 1060 obser-

1951 1086 2126 1132 uantes
2156 1096 2259 1133 me.
2300 1078 2400 1143 Qui
2437 1081 2657 1152 dispersi
2685 1096 2824 1148 sunt,
2857 1087 3076 1155 afferent
3105 1088 3299 1144 hostias
3325 1094 3456 1146 mihi
3486 1094 3542 1146 in

1949 1167 2040 1222 illo
2071 1168 2154 1222 die
2195 1170 2551 1239 (Sep/mn.'tu,
2577 1172 2632 1240 8,
2662 1173 2714 1239 9,
2748 1175 2856 1243 10).
2890 1175 3018 1242 Quis
3041 1187 3124 1234 est
3146 1179 3237 1248 qui
3277 1181 3380 1235 sibi
3407 1182 3539 1238 dicit

1951 1257 2158 1311 hostias
2198 1257 2532 1329 offerendas,
2567 1263 2664 1318 nisi
2696 1265 2786 1333 qui
2831 1281 2890 1320 se
2917 1267 2968 1320 in
3012 1266 3101 1322 die
3129 1272 3544 1328 resurrectionis

1952 1365 2063 1405 sua:
2086 1352 2340 1420 prmcepit
2369 1352 2659 1409 sustineri?
2678 1355 2806 1421 Quis
2827 1358 3090 1414 autem‘se
3111 1373 3546 1426 resurrecturum

1954 1445 2218 1513 praedixit,
2235 1445 2334 1500 nisi
2359 1445 2450 1500 ille
2473 1448 2564 1516 qui
2584 1449 2802 1504 traditus
2817 1463 2892 1505 cst
2913 1465 3123 1524 propter
3138 1456 3325 1510 delicta
3339 1468 3539 1522 nostra,

1951 1544 2001 1587 et
2021 1536 2304 1589 resurrexit
2328 1549 2536 1608 prapter
2550 1538 2980 1610 justiﬁcationem
3001 1552 3235 1598 nostram
3263 1546 3440 1618 (Rom.
3463 1563 3538 1612 tv,

1951 1623 2090 1695 25)?
2137 1626 2244 1682 Sed
2273 1628 2394 1697 quis
2423 1630 2698 1686 dubitabit
2740 1641 2814 1715 et.
2841 1643 3055 1690 sanctos
3092 1639 3458 1706 patriarchas,
3490 1649 3543 1696 et

1955 1717 2246 1787 prophetas
2278 1727 2520 1790 tempore
2567 1721 2774 1778 Veteris
2823 1724 3152 1783 Testamenti
3195 1746 3356 1786 unum
3397 1731 3542 1789 Patri

1949 1818 2010 1887 et
2029 1809 2165 1865 Filio
2192 1811 2514 1867 sacriﬁcium
2558 1815 2854 1870 obtulisse?
2879 1816 3322 1890 Quandoquidem
3347 1823 3398 1877 in
3421 1824 3542 1894 ipso

262 1895 430 1966 patris
460 1899 554 1951 tui.
585 1897 671 1951 Ne
711 1903 912 1966 timeas,
947 1912 1108 1956 tecum
1133 1904 1270 1956 enim
1294 1919 1437 1968 sum,
1472 1913 1526 1957 et
1555 1903 1852 1958 benedicam
1885 1922 1927 1979 Β
1956 1903 2180 1958 exordio
2203 1904 2514 1971 nativitatis,
2546 1920 2702 1975 quam
2728 1908 2796 1963 de
2820 1908 3035 1980 Virgine
3061 1911 3308 1968 Christus
3329 1915 3538 1982 habuit,

260 1996 330 2050 te,
345 1997 395 2042 et
417 1989 767 2056 multiplicabo
783 2009 953 2047 semen
972 2003 1129 2059 tuum,
1148 1995 1629 2064 propterAbraham
1649 2006 1850 2066 patrem

260 2090 426 2134 tuum.
460 2077 529 2134 Et
557 2083 835 2152 ludiﬁcabit
879 2084 950 2138 ibi
993 2084 1148 2138 Isaac
1180 2088 1372 2152 altare,
1411 2095 1465 2140 et
1504 2088 1754 2140 invocavit
1790 2088 1852 2139 in

255 2175 474 2227 nomine
505 2173 717 2228 Domini
762 2174 935 2246 (Gen.
970 2193 1123 2236 xxvn.
1157 2177 1224 2230 25
1251 2186 1300 2231 et
1334 2194 1440 2249 seq.
1471 2177 1511 2246 ).
1562 2177 1853 2246 Diligenter

255 2265 516 2333 attende,
566 2266 739 2336 ipsum
767 2283 888 2323 esse
913 2267 1082 2323 Deum
1113 2269 1384 2324 Abraham
1423 2269 1515 2339 qui
1542 2277 1598 2324 et
1625 2269 1853 2324 Abraha:

253 2361 319 2408 et
346 2355 496 2411 Isaac
513 2357 659 2413 visus
687 2366 788 2424 est,
815 2359 1026 2428 ipsique
1051 2360 1220 2415 altare
1239 2361 1307 2415 ab
1329 2361 1596 2416 Abraham
1625 2369 1680 2414 et
1706 2359 1855 2416 Isaac

253 2444 612 2513 aediﬁcatum,
663 2463 726 2503 ac
767 2464 863 2518 per
891 2451 997 2505 hoc
1024 2450 1124 2520 ipsi
1152 2452 1218 2506 ab
1257 2460 1488 2521 utroque
1532 2451 1852 2507 sacriﬁcium

259 2536 625 2590 immolatum.
645 2537 936 2593 Veniamus
957 2548 1016 2594 et
1035 2541 1100 2594 ad
1130 2540 1316 2605 Jacob,
1348 2551 1406 2595 ut
1434 2542 1609 2611 ipsum
1637 2557 1854 2612 quoque

255 2625 426 2679 simili
453 2626 556 2680 lide
581 2627 893 2696 prmditum,
926 2628 1275 2685 ostendamus
1302 2629 1415 2685 Deo
1445 2629 1748 2697 Abraham,
1797 2639 1855 2685 et

257 2714 378 2770 Deo
401 2714 568 2782 Isaac,
601 2725 655 2772 et
671 2717 782 2772 Deo
805 2716 968 2773 Jacob
988 2719 1157 2775 altare
1181 2722 1568 2787 eonstruxisse,
1595 2730 1653 2776 et
1680 2723 1853 2792 ipsum

258 2807 516 2862 similiter
561 2810 861 2866 invocasse.
910 2810 999 2866 Sic
1045 2813 1188 2866 enim
1217 2813 1286 2867 de
1319 2827 1390 2868 eo
1429 2815 1689 2884 scriptum
1721 2823 1803 2868 est
1837 2833 1849 2868 ε

269 2894 430 2948 Venit
461 2906 630 2950 autem
657 2897 819 2953 Iacob
849 2901 901 2953 in
927 2899 1104 2954 Salen:
1129 2903 1391 2955 civitatem
1421 2902 1770 2957 Sic/timorum
1798 2907 1853 2959 in

251 2996 408 3040 terra
438 2986 713 3053 Chanaan,
760 3007 874 3044 cum
903 2993 1120 3046 venisset
1144 2992 1209 3046 de
1232 2992 1612 3065 Mesopotamia
1643 2997 1854 3067 Syrica;

251 3088 312 3131 et
344 3079 596 3147 applicuit
626 3080 905 3133 secundant
935 3083 1120 3152 facient
1144 3083 1362 3138 ciuitatis
1387 3101 1404 3149 ;
1429 3093 1481 3136 et
1506 3086 1626 3138 emit
1655 3097 1854 3156 partem

250 3167 416 3236 agri,
447 3167 499 3218 in
529 3183 626 3236 quo
666 3167 844 3220 statuit
890 3167 1276 3223 tabernaculum
1311 3187 1490 3236 suum,
1531 3172 1596 3225 ab
1641 3172 1856 3228 Entmor

259 3267 417 3323 patre
459 3255 688 3324 Sic/tem,
734 3266 933 3311 centum
963 3262 1131 3330 agnis.
1182 3258 1253 3312 Et
1280 3263 1460 3314 statuit
1487 3259 1558 3315 ibi
1588 3263 1773 3327 altare,
1806 3272 1854 3317 et

253 3349 522 3402 invocavit
549 3347 713 3402 Deum
741 3348 907 3404 Israel
931 3349 1138 3420 (Cenes.
1172 3367 1358 3416 xxxut,
1385 3352 1450 3406 18
1470 3362 1518 3407 et
1543 3354 1694 3426 seq.).
1722 3355 1854 3410 Item

255 3440 430 3508 paulo
454 3447 572 3508 post
597 3448 782 3496 sancta
805 3440 1080 3511 Scriptura
1103 3444 1181 3499 sic
1202 3445 1277 3498 ait
1303 3463 1314 3497 :
1350 3443 1500 3498 Dixit
1525 3456 1696 3500 autem
1720 3447 1857 3502 Deus

248 3530 332 3583 .ad
361 3529 528 3584 Jacob
554 3548 570 3584 :
605 3530 834 3602 Surgens
862 3534 1081 3586 ascende
1107 3537 1161 3588 in
1193 3535 1360 3589 locum
1387 3535 1590 3603 Bethel,
1621 3549 1670 3592 et
1699 3540 1856 3593 inha-

251 3618 370 3672 bitu
403 3617 507 3683 ibi,
549 3628 606 3671 et
636 3621 720 3690 fac
743 3619 820 3672 ibi
849 3621 1016 3674 altare
1055 3620 1164 3677 Deo
1193 3625 1278 3696 qui
1319 3625 1456 3678 uisus
1498 3637 1574 3679 est
1603 3629 1692 3680 tibi
1740 3645 1854 3682 cum

258 3715 476 3781 fugeres
507 3728 540 3762 α
575 3711 710 3781 facie
754 3711 894 3765 Esau
941 3715 1120 3782 fratris
1158 3717 1230 3768 tui
1275 3714 1447 3787 (Gen.
1479 3735 1637 3785 xxxv,
1678 3721 1758 3791 Ι).
1794 3721 1859 3777 Et

259 3801 429 3868 paulo
464 3809 586 3868 post
627 3819 641 3853 :
699 3800 847 3854 Venit
877 3811 1048 3855 autem
1075 3803 1238 3858 Jacob
1268 3807 1321 3859 in
1356 3805 1514 3875 Luza,
1559 3827 1672 3880 qua:
1699 3821 1775 3864 est
1802 3814 1856 3867 in

248 3902 406 3945 terra
430 3890 702 3956 Chanaan,
731 3907 847 3963 qua:
866 3901 942 3945 est
968 3894 1166 3960 Bethel,
1191 3897 1299 3965 ipse
1325 3905 1375 3951 et
1395 3899 1563 3952 omnis
1583 3900 1723 3970 plebs
1743 3919 1857 3973 quae

254 3993 382 4038 erat
415 4001 532 4036 cum
552 4002 643 4045 eo;
672 3994 721 4037 et
742 3985 1015 4054 wdiﬁcavit
1040 3986 1111 4039 ibi
1131 3987 1304 4041 altare
1327 4007 1343 4053 ;
1370 3999 1420 4043 et
1448 3993 1642 4044 vocavit
1670 4010 1855 4048 nomen

247 4075 362 4130 loci
388 4075 553 4138 illius,
587 4073 782 4128 Domus
814 4074 930 4128 Dei.
962 4074 1044 4128 lbi
1071 4079 1208 4132 enim
1235 4081 1478 4149 apparuit
1504 4082 1550 4134 ei
1578 4081 1718 4136 Deus
1738 4099 1855 4137 cum

253 4168 467 4237 {ngeret
496 4183 528 4217 a
560 4165 694 4235 faeie
723 4166 903 4236 fratris
933 4167 1013 4219 sui
1041 4165 1184 4220 Esau
1213 4168 1400 4238 (Ibid.,
1433 4170 1492 4236 6,
1525 4171 1601 4243 7).
1635 4171 1853 4228 Certum

245 4267 340 4312 est
363 4265 552 4311 autem
576 4273 606 4310 a
629 4258 828 4313 sanctis
848 4259 1168 4328 patriarchis
1191 4261 1268 4315 illi
1291 4260 1402 4317 Deo
1421 4263 1741 4320 sacriﬁcium
1765 4267 1856 4321 oh-

247 4351 432 4404 latum
452 4349 537 4403 cui
561 4357 645 4404 est
673 4350 738 4405 ab
758 4351 838 4405 eis
860 4351 1029 4407 altare
1055 4364 1445 4424 constructum,
1473 4365 1528 4412 et
1552 4374 1710 4427 quem
1733 4375 1856 4414 con-

242 4450 368 4496 stat
396 4443 470 4496 ah
499 4443 601 4496 illis
624 4444 940 4512 suppliciter
968 4445 1296 4503 invocatum.
1331 4447 1467 4506 Puto
1507 4460 1688 4508 autem
1709 4455 1852 4522 quod

244 4547 368 4588 non
399 4533 624 4587 audebis
651 4533 832 4589 dicere
855 4535 1015 4589 alium
1038 4537 1203 4592 Deum
1227 4541 1581 4609 patriarchas,
1607 4552 1658 4598 et
1688 4544 1850 4598 alium

1955 1992 2278 2048 sacriﬁcium
2305 1995 2407 2049 sibi
2455 1997 2850 2053 crediturarum
2879 2003 3117 2068 gentium
3139 2044 3153 2068 ,
3207 2003 3377 2075 Magis
3406 2005 3542 2062 οσο-

1953 2084 2214 2150 rentibus,
2247 2084 2519 2141 dedicavit
2553 2105 2565 2140 :
2599 2088 2742 2158 ipsos
2770 2091 2977 2146 scilicet
3005 2093 3269 2162 primitias
3297 2097 3538 2164 gentium

1955 2174 2181 2240 faciens,
2227 2185 2282 2230 et
2311 2177 2364 2230 in
2409 2193 2596 2233 eorum
2639 2195 2862 2236 munere
2900 2183 3164 2252 primitias
3211 2186 3311 2240 sibi
3351 2186 3542 2243 debita:

1954 2264 2339 2322 immolationis
2364 2270 2676 2325 ostendens.
2728 2270 2866 2341 Magi
2907 2275 3107 2344 quippe
3132 2275 3403 2332 Christum
3432 2280 3541 2335 Do-

1955 2357 2160 2411 minum
2189 2358 2504 2427 adorantes,
2536 2362 2696 2416 etiam
2737 2379 2957 2434 aurum,
2989 2368 3142 2433 thus,
3187 2377 3242 2425 et
3271 2373 3542 2443 myrrham

1951 2451 2270 2520 suppliciter
2296 2452 2627 2509 obtulerunt.
2674 2454 2821 2510 Thus
2852 2465 3062 2523 autem,
3110 2469 3316 2516 certum
3362 2472 3448 2518 est
3488 2466 3541 2521 in

1955 2543 2238 2599 sacriﬁciis
2265 2545 2378 2601 Deo
2404 2561 2619 2617 semper
2648 2548 2848 2617 offerri,
2877 2567 3067 2608 aurum
3098 2556 3259 2625 regiae
3287 2561 3542 2628 potestati

1958 2648 2132 2687 annua
2162 2634 2451 2692 devotione
2478 2639 2730 2708 persolvi,
2764 2644 3036 2712 myrrham
3065 2662 3197 2702 vero
3224 2649 3276 2703 in
3299 2652 3542 2721 sepultu-

1958 2737 2072 2776 ram
2113 2725 2339 2780 mortuis
2363 2728 2682 2796 corporibus
2708 2729 2971 2786 adhiberi.
2997 2733 3060 2788 In
3090 2735 3194 2790 isto
3215 2735 3376 2803 igitur
3405 2741 3543 2794 trino

1958 2812 2246 2868 oblationis
2291 2830 2522 2884 genere,
2573 2819 2868 2888 perfectura
2889 2824 3206 2879 continetur
3231 2825 3356 2882 ﬁdei
3385 2828 3543 2884 Chri-

1956 2905 2146 2959 stianae
2186 2910 2499 2978 mysterium
2525 2926 2539 2974 ;
2577 2925 2687 2978 quo
2714 2923 3138 2980 cognosceretur
3160 2916 3218 2970 in
3249 2915 3466 2974 Christo
3489 2927 3542 2976 et

1958 3004 2244 3066 assumptie
2273 2997 2553 3054 inﬁrmitas
2582 3001 2790 3067 carnis,
2834 3012 2889 3057 et
2914 3006 3242 3075 sempiterna
3271 3018 3432 3078 atque
3459 3027 3543 3066 τοι

1959 3090 2094 3157 galis
2121 3091 2511 3162 omnipotentis
2537 3093 2772 3150 deitatis.
2799 3093 2862 3150 in
2886 3113 2992 3152 uno
3021 3099 3220 3154 etenim
3245 3102 3542 3172 eodemque

1957 3179 2175 3235 Christo
2202 3181 2544 3237 crediderunt
2573 3184 2857 3240 mortalem
2893 3201 3140 3256 carnem,
3191 3192 3391 3260 regiam
3441 3209 3542 3263 po-

1882 3297 1928 3359 C
1955 3279 2229 3336 testatem,
2252 3273 2402 3328 excel
2419 3289 2518 3328 :am
2542 3290 2704 3345 super
2723 3278 2902 3332 omnia
2927 3278 3212 3349 deitatem;
3236 3299 3300 3339 ac
3322 3301 3418 3355 per
3437 3285 3542 3343 hoc

1960 3361 2261 3419 docuerunt
2288 3366 2610 3422 credendam
2637 3383 2756 3425 esse
2785 3385 2966 3426 veram
2997 3372 3374 3447 Redemptoris
3403 3395 3541 3434 mor-

1958 3461 2089 3523 tem,
2120 3463 2176 3510 et
2205 3456 2304 3526 ipsi
2335 3472 2461 3512 vero
2491 3458 2622 3527 Regi
2667 3460 2989 3517 reddendam
3011 3502 3027 3527 ,
3072 3480 3233 3536 quam
3273 3469 3325 3523 in
3373 3472 3535 3525 nobis

1958 3560 2109 3599 suam
2152 3548 2355 3602 creavit
2393 3557 2448 3603 et
2472 3551 2755 3606 renovavit
2783 3552 3108 3622 imaginem;
3147 3566 3201 3612 et
3228 3559 3400 3615 eidem
3433 3561 3543 3618 Deo

1957 3651 2168 3692 summo
2205 3647 2262 3692 et
2289 3654 2419 3693 vero
2465 3641 2848 3713 exhibendam,
2895 3661 3058 3715 quam
3097 3647 3276 3704 Cmei
3312 3653 3542 3728 ὶατρείαν

1949 3735 2184 3795 Vocant,
2218 3728 2468 3784 sacriﬁcii
2497 3733 2831 3786 servitutem.
2863 3733 2954 3790 Sic
2993 3737 3046 3788 in
3076 3752 3261 3792 eorum
3293 3743 3542 3799 cordibus

1956 3816 2236 3874 inventum
2272 3828 2377 3885 est,
2413 3835 2520 3874 non
2567 3830 2890 3888 atramento,
2940 3826 3033 3879 sed
3063 3826 3267 3896 Spiritu
3299 3831 3391 3886 Dei
3438 3834 3542 3890 vivi

1955 3911 2320 3981 conscriptum
2351 3929 2366 3964 :
2410 3910 2694 3968 Dominum
2719 3914 2884 3970 Deum
2914 3927 3053 3972 tuum
3084 3921 3356 3993 adorabis,
3385 3935 3435 3979 et
3465 3929 3542 3983 illi

1956 4001 2054 4053 soli
2081 4003 2268 4055 servies
2300 4001 2479 4071 (Deut.
2505 4019 2557 4058 vr
2577 4047 2590 4070 ,
2625 4005 2714 4077 13)
2743 4023 2756 4072 ;
2788 4015 2845 4060 et
2872 4025 2883 4060 :
2917 4008 3241 4080 Sacriﬁcans
3263 4017 3386 4084 diis,
3425 4015 3542 4072 eru-

1956 4091 2233 4156 dicabitur,
2259 4095 2362 4147 nisi
2394 4093 2614 4149 Domino
2643 4097 2746 4150 soli
2780 4096 2974 4168 (Exod.
3002 4117 3128 4164 χχιι,
3154 4103 3267 4174 20).
3298 4108 3452 4175 Nam,
3485 4120 3542 4165 ut

1957 4183 2022 4238 de
2050 4183 2154 4238 tuis
2181 4199 2395 4254 quoque
2417 4186 2606 4242 litteris
2634 4188 2728 4242 tibi
2760 4189 2961 4258 aliquid
2986 4192 3306 4263 ingeramus,
3340 4209 3398 4254 ut
3421 4201 3542 4257 thus

1914 4293 1926 4302 -
1958 4272 2010 4326 in
2027 4273 2292 4329 sacriﬁcio
2313 4274 2489 4330 solere
2509 4292 2723 4348 semper
2743 4277 2922 4335 oﬁ‘erri
2945 4281 3194 4342 facillime
3210 4292 3538 4358 recorderis,

1957 4375 2240 4423 canentem
2267 4383 2496 4426 recense
2527 4369 2828 4442 Virgilium,

2449 4483 2755 4549 Centumque
2781 4488 2954 4539 Sabaeo

2202 4542 2370 4594 Thure
2394 4546 2558 4596 calent
2579 4542 2692 4597 arae;
2714 4549 2936 4612 (dineid.
2959 4552 2994 4602 l.
3019 4569 3054 4616 ι,
3081 4567 3125 4603 υ.
3152 4557 3284 4618 423.)

241 4633 487 4679 sanctos
517 4625 792 4714 apostolos
817 4633 872 4679 et
898 4636 1161 4698 martyres
1183 4630 1480 4686 invocasse.
1512 4631 1685 4688 Unum
1705 4637 1850 4691 enim
1881 4648 2012 4726 Det
2034 4639 2267 4710 Christo,
2301 4645 2384 4698 cui
2412 4645 2533 4701 thus
2560 4649 2843 4716 cognoscis
2871 4651 3143 4719 oblatum,
3176 4657 3337 4712 etiam
3368 4665 3537 4719 sacri-

245 4713 434 4769 Deum
461 4707 870 4778 invocaverunt,
894 4714 1018 4782 quia
1045 4716 1096 4768 in
1123 4731 1281 4784 quem
1308 4720 1601 4775 credebant
1623 4724 1852 4790 patriar-

245 4807 398 4872 chae,
429 4806 484 4858 in
516 4805 688 4873 ipsum
716 4819 932 4874 quoque
972 4808 1202 4875 apostoli
1233 4816 1288 4861 et
1317 4819 1581 4881 martyres
1608 4815 1852 4870 credide-

243 4906 410 4953 runt.
446 4894 582 4964 Quia
606 4911 735 4950 vero
773 4896 916 4952 Deus
945 4898 1235 4963 Abraham,
1285 4907 1340 4953 et
1368 4899 1510 4955 Deus
1541 4903 1704 4969 Isaac,
1737 4906 1852 4975 ipse

241 5000 507 5055 congruo
537 4995 781 5056 tempore
811 4987 977 5042 Vetus
1007 4986 1409 5056 Testamentum
1452 4992 1627 5058 dedit,
1661 4995 1712 5047 in
1742 5010 1849 5064 quo

245 5076 594 5133 Testamenti
609 5077 739 5131 Novi
765 5080 1024 5146 promissa
1057 5081 1376 5137 tenebantur
1397 5081 1578 5153 ﬁguris
1601 5089 1849 5156 congruis

238 5169 512 5224 obvelata
538 5169 702 5239 (unde
743 5170 843 5230 etsi
868 5169 1082 5225 fuerunt
1102 5171 1204 5226 alia
1235 5177 1489 5243 temporis
1513 5177 1653 5232 illius
1673 5193 1848 5233 sacra-

240 5266 465 5323 menta,
490 5255 625 5312 ﬁdes
648 5266 826 5312 tamen
849 5257 1164 5315 Christiana:
1191 5262 1466 5330 religionis
1495 5281 1600 5319 non
1631 5264 1728 5320 fuit
1756 5268 1848 5322 ali-

235 5349 478 5421 quando
502 5349 767 5421 diversa);
801 5351 902 5406 hoc
925 5352 1191 5406 ordinavit
1209 5353 1484 5410 Trinitatis
1509 5373 1611 5412 una
1639 5367 1692 5412 et
1715 5374 1843 5414 vera

238 5439 512 5494 divinitas
533 5480 548 5507 ,
601 5448 658 5492 ut
685 5440 847 5493 etiam
875 5443 1204 5510 propheticis
1233 5444 1488 5515 eloquiis,
1518 5449 1840 5505 sacrilicium

233 5543 445 5583 verum
490 5529 702 5583 Christo
735 5524 993 5598 Domino,
1039 5540 1281 5602 tempore
1328 5535 1462 5590 Novi
1512 5537 1841 5596 Testamenti

234 5619 530 5674 diceretur
572 5636 600 5674 a
652 5619 892 5675 ﬁdelibus
935 5621 1284 5694 offerendum.
1341 5624 1491 5692 Quod
1537 5627 1840 5700 Sophonias

231 5711 521 5779 propheta
553 5711 634 5766 his
659 5711 836 5766 verbis
857 5711 1060 5780 Spiritu
1086 5724 1274 5771 sancto
1303 5719 1538 5787 repletus
1565 5719 1797 5776 insinuat
1820 5741 1835 5777 :

233 5802 472 5856 Sustine
489 5821 588 5867 me,
621 5804 744 5856 dicit
781 5803 1056 5873 Dominus,
1085 5809 1138 5861 in
1168 5809 1250 5864 die
1278 5816 1662 5869 resurrectionis
1689 5833 1832 5884 metu,

225 5899 288 5952 in
323 5900 704 5953 testimonium.
751 5898 1006 5962 Quoniam
1029 5902 1283 5973 judicium
1323 5923 1487 5962 meum
1519 5908 1570 5962 in
1617 5926 1835 5982 congre-

536 5992 806 6051 l’srnut.
859 5993 1039 6052 LXV.

1957 4730 2135 4784 licium
2165 4733 2220 4786 in
2250 4734 2456 4788 unitate
2483 4733 2657 4791 Patris
2679 4745 2733 4792 et
2774 4738 3005 4809 Spiritus
3032 4747 3220 4812 sancti,
3253 4749 3321 4803 ab
3350 4765 3451 4806 una
3483 4765 3540 4810 et

1953 4836 2082 4876 vera
2111 4821 2353 4878 Ecclesia
2379 4841 2486 4879 non
2525 4825 2739 4884 dubites
2780 4831 3069 4888 immolari.
3103 4836 3234 4892 Nam
3264 4849 3319 4895 et
3347 4843 3538 4904 beatus

1956 4920 2163 4983 martyr
2187 4911 2496 4982 Stephanus
2519 4913 2734 4973 Christo
2758 4918 2985 4977 Domino
3012 4939 3069 4978 se
3094 4928 3412 4986 sacriﬁcium
3441 4936 3539 4991 ob-

1951 5002 2094 5068 tulit,
2121 5019 2280 5074 quem
2308 5012 2366 5058 ut
2393 4997 2506 5073 ejus
2527 5009 2775 5076 spiritum
2801 5015 3100 5083 susciperet
3131 5018 3420 5088 invocavit,
3451 5027 3536 5080 di-

1952 5109 2080 5149 cens
2105 5113 2118 5147 :
2147 5093 2366 5148 Domine
2389 5095 2514 5150 Iesu
2533 5139 2548 5163 ,
2582 5101 2782 5170 suscipe
2809 5106 3044 5173 spiritum
3075 5124 3242 5162 meum
3270 5113 3408 5178 (Act.
3443 5134 3536 5188 vn,

1948 5179 2065 5252 59).
2091 5180 2361 5252 Scriptum
2384 5195 2466 5239 est
2491 5196 2670 5242 autem
2692 5191 2814 5260 quia
2845 5194 3160 5262 sacriﬁcium
3183 5197 3292 5255 Deo
3322 5179 3536 5273 spiritus

1949 5273 2323 5329 cantributatus
2353 5276 2523 5347 (Psal.
2554 5296 2608 5347 ι,
2635 5279 2722 5348 19)
2750 5298 2764 5346 ;
2797 5283 2880 5337 cui
2910 5295 3127 5342 sanctus
3158 5289 3379 5350 Azarias
3408 5298 3484 5352 ait
3518 5319 3532 5354 :

1952 5365 2018 5420 In
2043 5368 2219 5420 anima
2246 5369 2592 5425 rontribulata
2615 5383 2664 5426 et
2689 5375 2876 5442 spiritu
2907 5376 3280 5439 humiliationis
3309 5392 3534 5462 accipia-

1948 5475 2082 5523 mur,
2111 5460 2240 5513 sicut
2264 5461 2315 5514 in
2339 5462 2650 5516 holocaustis
2681 5465 2897 5520 arietum
2929 5478 2978 5521 et
3008 5477 3291 5541 taurorum,
3322 5490 3372 5533 et
3400 5460 3534 5538 mul-

1947 5550 1982 5602 ti
1993 5549 2165 5602 tudine
2191 5566 2443 5620 agnorum
2465 5552 2755 5622 pinguium,
2769 5557 2843 5608 sic
2858 5549 3281 5632 ﬁat'sacriﬁcium
3300 5582 3532 5628 nostrum

1946 5641 1999 5693 in
2021 5649 2292 5710 conspectu
2317 5650 2402 5694 tuo
2427 5640 2588 5710 (Dan.
2613 5659 2688 5706 ut,
2713 5643 2804 5711 59,
2844 5645 2958 5717 40).
2983 5648 3059 5703 Illi
3090 5663 3268 5709 autem
3295 5656 3526 5720 Domino

1945 5746 2097 5787 suum
2115 5733 2358 5803 spiritum
2373 5734 2584 5800 obtulit,
2600 5751 2757 5805 quem
2775 5750 2992 5796 sanctus
3006 5742 3309 5814 Stephanus
3334 5764 3388 5807 ut
3409 5758 3528 5826 ejus

1945 5825 2191 5894 spiritum
2213 5827 2506 5896 susciperet
2529 5829 2814 5886 invocavit.
2835 5833 2999 5890 Nemo
3013 5846 3193 5893 autem
3214 5825 3522 5907 sanctorum

1945 5914 2179 5971 virorum
2201 5916 2478 5974 invocasse
2501 5919 2716 5984 dicitur.
2747 5923 2844 5976 nisi
2870 5924 3054 5981 Deum.
3074 5926 3134 5983 Et
3156 5935 3386 5995 maxime
3403 5955 3520 6000 sau-

2958 6020 3034 6083 ‘26
