4050 6472
651 425 749 481 811

1657 427 1711 478 S.
1755 425 2115 479 FULCENTII
2154 424 2452 482 EPISCOPI
2489 427 2850 486 RUSPENSIS

650 547 720 601 ctl
756 544 1068 614 patriarcha:
1112 531 1237 598 tunc
1266 544 1756 598 eomtnemorantur
1787 557 1980 596 nomen
2012 541 2222 598 Domini
2253 550 2297 606 Α
2326 557 2555 612 quamur
2580 545 2801 612 vestigia
2830 546 2966 614 ejus.
2993 545 3236 603 Christus
3265 547 3441 618 itaque
3457 564 3550 605 suo
3573 567 3658 608 nos
3680 572 3811 616 exem.

650 636 944 698 invocasse,
978 634 1227 702 quoticns
1255 633 1442 687 altaria
1468 640 1888 700 exstruxerunt,
1935 632 1987 686 in
2030 633 2224 700 quibus

647 727 832 797 utique
847 727 922 781 illi
946 726 1055 780 Deo
1076 740 1233 795 quem
1255 723 1593 787 invocabant,
1608 722 1868 776 sacriﬁcia
1889 721 2217 778 oﬁ‘erebant:

646 816 719 870 ita
751 821 808 869 ut
833 815 924 869 vix
967 814 1230 869 interdum
1270 813 1549 883 quisquam
1589 826 1776 866 eorum
1813 813 1930 865 sine
1969 821 2218 866 constru-

2327 633 2416 720 plo
2440 633 2643 700 docuit,
2693 644 2746 689 et
2772 637 3008 691 ostendit
3033 638 3174 694 illius
3202 642 3322 694 esse
3361 641 3665 710 sacriﬁcium,
3701 651 3812 718 cujus

2323 740 2505 780 sumus
2532 734 2587 780 et
2614 727 2891 796 templum.
2930 728 3210 800 Templum
3239 740 3418 785 autem
3445 748 3542 788 non
3566 737 3711 792 solum
3734 739 3810 795 Pa-

2323 818 2418 872 tris
2459 826 2516 873 et
2542 817 2681 884 Filii,
2729 835 2912 883 verum
2959 822 3118 876 etiam
3167 821 3395 892 Spiritus
3439 827 3594 881 sancti
3638 843 3809 887 smnus:

643 905 826 961 ctione
855 903 1038 959 altaris
1060 918 1252 958 nomen
1276 901 1488 956 Domini
1513 902 1793 957 invocasse
1812 901 2040 956 dicatur.
2068 901 2220 957 Unde
2321 909 2544 978 proinde
2589 925 2750 963 unum
2793 909 3112 966 sacriﬁcium
3144 911 3290 966 Patri
3330 921 3388 968 et
3406 913 3533 970 Filio
3573 925 3620 970 et
3642 917 3809 988 Spiritui

641 997 804 1070 641
859 993 1140 1051 commode
1185 994 1516 1062 multumque
1569 1008 1805 1062 congrue
1851 994 1904 1048 in
1951 995 2055 1050 hoc
2097 995 2218 1050 loco

645 1087 835 1141 beatus
862 1091 1066 1154 martyr
1094 1082 1417 1152 Stephanus,
1449 1099 1554 1138 non
1583 1085 1902 1153 postulasse,
1942 1083 2035 1138 sed
2061 1083 2216 1138 invo-

642 1193 793 1234 casse
822 1177 1102 1230 Dominum
1139 1173 1320 1230 Jesum
1364 1175 1577 1236 dicitur,
1627 1175 1841 1243 quando
1870 1175 2215 1244 semetipsum

643 1269 754 1322 Deo
793 1266 1111 1322 sacriﬁcium
1158 1265 1417 1320 obtulisse
1462 1265 1824 1333 cognoscitur.
1868 1262 1965 1318 Ubi
1995 1273 2217 1334 apparet

640 1360 763 1429 quia
792 1359 938 1412 illum
966 1353 1270 1411 sine'tlubio
1299 1371 1420 1411 cum
1449 1355 1777 1424 lapidaretnr
1806 1355 2108 1418 invocabat,
2129 1353 2214 1408 cui

640 1467 699 1507 se
723 1447 1064 1510 sacriﬁcium,
1114 1455 1170 1503 et
1198 1448 1371 1501 vivam
1402 1462 1622 1516 prorsus
1662 1445 1891 1501 hostiam
1932 1444 2210 1499 oﬁ'erebat.

2319 1007 2513 1054 sancto
2553 1000 2867 1070 suppliciter
2908 1001 3272 1057 immolamus.
3321 1001 3388 1056 Et
3424 1004 3540 1072 quia
3582 1005 3628 1059 in
3660 1010 3810 1079 templo

2317 1087 2527 1146 duobus
2555 1091 2785 1144 maxime
2807 1089 3018 1155 ofﬁciis,
3063 1091 3114 1144 id
3143 1100 3247 1158 est,
3277 1093 3524 1146 orationis
3565 1102 3700 1163 atque
3735 1097 3808 1150 im-

2318 1178 2640 1243 molationis,
2673 1179 2942 1234 invenitur
2968 1195 3178 1235 summo
3205 1181 3280 1234 illi
3310 1182 3399 1235 uni
3423 1189 3476 1236 et
3503 1197 3618 1238 vero
3643 1193 3688 1238 et
3706 1185 3811 1242 bono

2318 1267 2427 1321 Deo
2476 1267 2708 1322 humana
2747 1269 2950 1324 servire
2991 1269 3154 1340 642
3181 1269 3445 1334 conditio,
3491 1281 3684 1341 propter
3703 1275 3809 1342 quod

2314 1357 2644 1412 et'Salvator
2671 1367 2858 1414 noster
2903 1357 3209 1427 ingrediens
3239 1359 3490 1430 templum
3517 1361 3620 1413 ait:
3663 1360 3808 1416 Domttt

2314 1465 2427 1503 mea
2466 1450 2646 1504 domus
2686 1453 2934 1504 orationis
2961 1451 3224 1505 vocabitur
3254 1450 3465 1523 (Matth.
3495 1468 3602 1517 ut,
3633 1453 3736 1518 l3);
3771 1464 3808 1508 et

638 1541 821 1611 Neque
848 1554 977 1594 vero
1007 1536 1152 1592 Patri
1179 1546 1384 1592 tantum
1413 1547 1468 1592 et
1489 1536 1641 1602 Filio,
1666 1536 1760 1592 sed
1782 1536 1961 1606 (etiam
1989 1534 2212 1604 Spiritui
2311 1539 2446 1594 duos
2487 1540 2732 1596 homines
2777 1541 2906 1596 dicit
2951 1541 3255 1596 ascendisse
3299 1542 3356 1595 in
3404 1542 3640 1610 templum
3675 1558 3807 1607 orare,

636 1639 842 1698 sancto,
874 1631 926 1686 id
953 1638 1036 1685 est
1065 1629 1164 1700 ipsi
1191 1637 1390 1708 sanctae
1414 1627 1681 1693 Trinitati,
1710 1629 1799 1682 uni
1830 1642 1957 1682 vero
1989 1633 2043 1682 et
2065 1627 2210 1682 bono
2310 1646 2472 1684 unum
2517 1632 2836 1701 pharisreum
2861 1673 2876 1697 ,
2957 1639 3014 1686 et
3061 1632 3287 1685 alterum
3333 1631 3651 1701 publicanum
3688 1631 3806 1700 (Lac.

640 1725 772 1792 Deo,
802 1739 969 1778 unum
992 1739 1118 1777 vera
1145 1721 1275 1776 ﬁdes
1303 1719 1459 1776 oﬁ'ert
1483 1719 1822 1785 sacriﬁcium,
1856 1735 2019 1774 unum
2050 1719 2207 1773 exhi-

635 1815 725 1869 bet
767 1813 1104 1869 adorationis
1133 1812 1449 1880 obsequium
1479 1830 1489 1864 :
1541 1809 1693 1879 cujus
1720 1818 1833 1865 tota
1861 1809 2102 1866 Ecclesia
2130 1809 2208 1865 sic

2313 1736 2456 1784 xvm,
2492 1721 2626 1792 10):
2673 1730 2958 1792 pmpterea
2989 1722 3124 1776 sicut
3147 1722 3248 1790 ipsi
3279 1721 3542 1786 Trinitati,
3587 1720 3632 1774 id
3655 1728 3721 1774 est
3741 1721 3808 1773 uni

2312 1810 2443 1876 Deo,
2486 1826 2650 1865 unum
2673 1811 2998 1867 sacriﬁcium
3028 1810 3319 1877 offerimus,
3369 1811 3449 1866 sic
3491 1811 3583 1880 ipsi
3617 1809 3810 1864 Trinitati

635 1921 798 1960 unum
828 1911 912 1960 est
940 1903 1197 1973 templum
1228 1902 1280 1956 in
1314 1901 1562 1957 omnibus
1589 1901 1820 1964 Sanctis,
1851 1900 1990 1955 sicut
2017 1899 2070 1953 in
2100 1914 2207 1953 uno
2241 1921 2286 1981 Β
2314 1917 2475 1955 unum
2503 1903 2764 1958 orationis
2791 1918 2854 1958 ac
2873 1902 3267 1972 deprecationis
3289 1901 3591 1971 obsequium
3617 1899 3808 1970 supplici

634 1995 849 2050 nomine
888 1992 1063 2048 Patris
1109 2001 1164 2048 et
1191 1991 1308 2046 Filii
1354 1999 1410 2046 et
1446 1991 1665 2061 spiritus
1691 1990 1882 2056 sancti,
1926 1989 2202 2052 liberatam

632 2102 690 2142 se
717 2085 865 2141 novit
901 2085 968 2140 de
1013 2100 1179 2155 regno
1234 2083 1424 2142 mortis
1471 2092 1633 2154 atque
1675 2082 1900 2152 peccati.
1952 2082 2080 2136 inde
2122 2089 2206 2136 est

631 2179 774 2247 quod
815 2178 1005 2233 beatus
1047 2175 1337 2246 Apostolus
1388 2191 1549 2230 unam
1595 2174 1968 2230 demonstrans
2006 2180 2204 2228 sanctae

631 2267 904 2324 Trinitatis
934 2269 1246 2324 naturaliter
1271 2266 1633 2336 majestatem,
1655 2263 1803 2330 dicit,
1830 2263 2056 2326 Nescitis
2084 2265 2202 2334 quia

630 2359 871 2430 templum
919 2358 1018 2413 Dei
1062 2361 1206 2424 estis,
1254 2365 1304 2412 et
1334 2357 1560 2427 Spiritus
1603 2354 1698 2412 Dei
1741 2353 1938 2408 habitat
1982 2354 2036 2408 in
2065 2352 2202 2407 vobis

627 2449 682 2517 (1
711 2450 832 2505 Cor.
858 2466 948 2517 ιιι,
980 2448 1111 2520 lli)?
1139 2447 1207 2502 Et
1233 2456 1292 2502 ut
1316 2446 1626 2502 ostenderet
1648 2445 1904 2515 Spiritum
1933 2452 2200 2511 sanctum,

621 2557 736 2597 non
761 2549 819 2597 ut
851 2541 1172 2606 ministrum,
1204 2538 1302 2595 sed
1331 2547 1390 2594 ut
1418 2552 1603 2592 verum
1627 2551 1690 2592 ac
1719 2550 1983 2591 summum
2009 2534 2198 2602 Deum,

617 2633 868 2688 habitare
897 2632 951 2686 in
979 2631 1153 2696 nobis,
1186 2631 1243 2684 in
1269 2628 1471 2698 templo
1497 2643 1627 2693 suo,
1660 2640 1847 2682 rursus
1875 2625 1978 2690 ait,
2008 2622 2198 2678 Nesci-

625 2725 688 2779 tis
709 2723 829 2795 quia
847 2738 1064 2793 corpora
1095 2729 1284 2784 vestra,
1327 2718 1567 2788 templum
1594 2719 1649 2771 in
1679 2715 1817 2771 vobis
1857 2725 1933 2770 est
1973 2714 2198 2785 Spiritus

569 2855 574 2861 .
623 2815 810 2880 sancti,
852 2828 999 2884 quem
1037 2811 1229 2866 habetis
1269 2827 1302 2863 a
1345 2808 1456 2863 Deo
1487 2806 1541 2879 (1
1571 2807 1691 2862 Cor.
1733 2823 1808 2873 vr,
1855 2804 1992 2876 l9)?
2033 2803 2102 2858 Et
2143 2811 2200 2858 ut

621 2903 788 2959 Deum
826 2917 1009 2958 verum
1039 2899 1295 2971 Spiritum
1320 2906 1564 2954 sanctum
1592 2896 2019 2960 demonstraret,
2052 2892 2198 2961 adje-

621 2995 712 3060 cit,
747 2993 1049 3064 Cloriﬁcate
1069 3001 1118 3046 et
1141 3000 1343 3063 portate
1370 2989 1535 3044 Deum
1562 2990 1615 3042 in
1640 3002 1852 3058 corpore
1871 2995 2056 3040 vestro.
2081 2983 2198 3039 Non

619 3093 798 3156 potest
838 3086 998 3154 igitur
1038 3083 1092 3137 in
1136 3081 1402 3137 sacriﬁcio
1448 3087 1646 3135 sancta:
1696 3076 1949 3132 Ecclesiae
1991 3074 2197 3130 alienus

565 3221 570 3224 .
618 3192 736 3234 esse
763 3176 992 3247 Spiritus
1019 3183 1236 3230 sanctus
1257 3188 1286 3226 a
1318 3171 1476 3226 Patre
1499 3178 1555 3226 et
1573 3169 1729 3234 Filio,
1760 3169 1851 3236 qui
1874 3175 2042 3222 totam
2068 3180 2196 3220 san-

619 3277 761 3325 ctam
790 3267 1085 3323 Ecclesiam
1126 3280 1289 3320 unutn
1334 3263 1594 3332 templum
1620 3261 1783 3315 habet
1808 3274 1929 3314 cum
1957 3256 2116 3310 Patre
2143 3263 2197 3310 et

595 3358 772 3414 -Filio.
812 3357 921 3413 Nec
948 3371 1234 3426 possumus
1273 3353 1323 3408 ei
1350 3351 1503 3420 cujus
1532 3349 1785 3418 templum
1815 3362 2000 3402 sumus
2027 3344 2194 3400 sacri-

594 3450 795 3505 ‘-‘ﬁcium
826 3461 933 3503 non
962 3446 1177 3510 oﬁ‘erre,
1212 3459 1330 3499 cum
1361 3442 1474 3512 ipsa
1513 3455 1746 3510 corpora
1795 3445 2000 3504 nostra,
2050 3434 2194 3506 quod

616 3539 872 3610 templum
901 3546 984 3594 est
1011 3535 1242 3607 Spiritus
1261 3533 1450 3598 sancti,
1473 3532 1693 3586 hostiam
1715 3530 1900 3594 vivam,
1935 3535 2189 3591 sanctam,

615 3630 725 3687 Deo
747 3631 1032 3701 placentem
1061 3626 1239 3698 (Rom.
1271 3641 1376 3692 xu,
1410 3623 1461 3694 l)
1479 3663 1494 3689 ,
1526 3622 1720 3676 Paulus
1749 3619 2028 3691 apostolus
2055 3633 2192 3688 pra:-

615 3720 777 3790 eipiat
805 3717 1066 3773 exhiberi.
1107 3714 1390 3784 Quomodo
1434 3720 1611 3766 autem
1641 3711 1862 3782 Spiritui
1908 3717 2095 3764 sancto
2136 3707 2190 3761 in

613 3825 752 3881 pane
762 3817 835 3865 -.et
856 3809 978 3863 vino
995 3805 1321 3862 sacriﬁcium
1344 3803 1597 3862 Ecclesizn
1619 3818 1726 3857 non
1749 3800 1990 3866 oll'ertur,
2021 3813 2190 3868 quan-

577 3967 580 3970 q
611 3903 680 3958 do
707 3903 879 3973 ipsam
906 3899 1199 3956 Ecclesiam
1229 3905 1285 3952 et
1314 3896 1572 3966 templum
1617 3901 1674 3948 et
1720 3890 2042 3946 sacrilicium
2072 3889 2188 3958 ipse

609 3994 839 4064 Spiritus
866 3992 1075 4048 habere.
1091 3989 1434 4060 cognoscitur
1458 3990 1482 4042 ‘t
1510 3987 1642 4041 Nam
1672 3985 1786 4054 ipse
1817 3982 2066 4038 Salvator
2088 3995 2189 4035 no-

607 4092 742 4152 ster,
787 4082 879 4151 qui
932 4096 1032 4152 pro
1077 4079 1238 4136 nobis
1283 4092 1472 4149 passus
1519 4082 1635 4141 est,
1685 4073 1841 4129 nobis
1879 4071 2188 4138 relinquens

609 4173 911 4242 exemplum
935 4210 954 4237 ,
1011 4178 1068 4225 et
1114 4169 1206 4241 qui
1269 4175 1352 4224 est
1405 4174 1566 4236 caput
1615 4163 1860 4234 corporis
1913 4159 2184 4224 Ecclesiae,

565 4331 567 4333 ι
609 4262 900 4320 ostendens
937 4263 990 4315 in
1017 4275 1077 4316 se
1103 4258 1249 4330 quod
1283 4269 1637 4330 agnoscamus
1677 4254 1730 4308 in
1777 4251 1934 4308 nobis
1957 4290 1973 4317 ,
2021 4264 2186 4305 unum

608 4354 860 4421 idemque
887 4365 1083 4420 corpus
1129 4364 1304 4416 suum,
1350 4362 1458 4402 non
1486 4345 1660 4401 solum
1689 4342 1966 4412 templum,
1999 4353 2182 4394 verum

610 4445 775 4500 etiam
803 4439 1121 4496 sacriﬁcium
1153 4437 1296 4494 fecit.
1335 4436 1454 4506 Ipse
1479 4435 1676 4505 quippe
1703 4437 1778 4485 ait
1803 4449 1815 4483 :
1841 4430 2034 4485 Solvite
2059 4437 2184 4482 tem-

609 4537 749 4608 plum
777 4534 890 4598 hoc,
920 4541 968 4587 et
994 4533 1050 4585 in
1084 4527 1243 4583 tribus
1272 4527 1448 4583 diebus
1478 4524 1714 4580 excitabo
1730 4522 1872 4576 illud
1900 4521 2090 4592 (Joan.
2122 4536 2181 4588 ιι,

611 4628 720 4696 19).
763 4619 1267 4692 Quod-evangelista
1294 4616 1529 4674 Joannes
1569 4627 1874 4684 exponens,
1905 4611 2020 4664 ait:
2066 4609 2181 4662 Hoc

587 4727 773 4774 .autem
799 4711 1089 4768 dicebatale
1129 4709 1315 4779 templo
1361 4707 1592 4778 corporis
1619 4707 1720 4758 sui.
1760 4701 1959 4756 Paulus
1999 4707 2177 4754 autem

597 4806 880 4884 apostolus
906 4801 1254 4870 semetipsum
1296 4812 1395 4868 pro
1424 4796 1578 4852 nobis
1606 4793 1876 4850 Christum
1923 4789 2180 4845 obtulisse

599 4879 680 4954 sic
708 4898 1096 4952 commemorat
1124 4907 1137 4942 :
1180 4888 1360 4942 Estote
1383 4888 1553 4958 itaque
1581 4885 1869 4952 imitatores
1899 4879 2018 4947 Dei,
2045 4881 2177 4932 sicut

601 4987 702 5058 ﬁlii
729 4983 984 5040 carissimi
1010 4999 1026 5038 ς
1068 4989 1116 5034 et
1143 4977 1401 5032 ambulate
1417 4974 1778 5040 indilectione,
1802 4972 1930 5026 sicut
1957 4977 2006 5022 et
2028 4966 2179 5022 Chri-

599 5057 712 5134 stus
743 5077 923 5131 dilexit
945 5089 1070 5138 nos,
1090 5069 1350 5126 cbobtulit
1385 5067 1708 5136 semetipsum
1736 5080 1829 5134 pro
1859 5059 2004 5115 nobis
2033 5057 2176 5113 obla-

603 5172 792 5226 tionem
834 5176 884 5223 et
913 5165 1135 5221 hostiam
1166 5160 1354 5216 Deoxin
1395 5157 1606 5212 odorem
1649 5155 1914 5210 suavitatis
1954 5149 2170 5222 (Ep/tes.

603 5276 634 5314 v
655 5299 670 5325 ,
702 5259 724 5310 l
751 5299 765 5324 ,
799 5256 878 5327 ἓ).
922 5253 1166 5309 Christus
1203 5250 1364 5317 igitur
1403 5261 1502 5317 pro
1530 5244 1685 5300 nobis
1712 5258 1909 5312 corpus
1937 5255 2090 5296 suum
2121 5246 2176 5293 et

601 5348 860 5417 templum
886 5345 1032 5407 fecit,
1064 5350 1119 5398 et
1145 5341 1378 5396 hostiam
1404 5335 1615 5392 obtulit.
1657 5333 1816 5402 Cujus
1839 5346 2035 5402 corpus
2055 5344 2175 5384 esse

600 5446 768 5495 totam
798 5435 1089 5492 Ecclesiam
1131 5433 1322 5488 beatus
1370 5435 1598 5484 testatur
1627 5424 1936 5495 Apostolus,
1986 5422 2174 5476 dicens

589 5531 665 5590 de
707 5529 827 5600 ipso
865 5526 1132 5582 Domino:
1185 5521 1286 5588 Qui
1329 5531 1406 5576 est
1452 5529 1605 5588 caput
1649 5517 1879 5587 corporis
1923 5513 2169 5569 Ecclesia:

598 5626 820 5697 (Coloss.
850 5637 890 5689 ι,
922 5617 1031 5688 18).
1082 5617 1184 5684 Qui
1210 5629 1394 5670 rursus
1433 5613 1509 5666 ait
1551 5612 1619 5683 (υ.
1649 5609 1778 5680 21),
1820 5606 1886 5660 Et
1917 5606 2170 5677 adimpteo

598 5735 657 5771 ea
687 5731 799 5787 quis
821 5714 1006 5767 desunt
1033 5709 1338 5778 passionum
1389 5703 1579 5758 Christi
1609 5704 1664 5756 in
1701 5717 1858 5754 carne
1887 5715 2024 5765 mea,
2081 5714 2174 5768 pro

599 5823 809 5874 corpore
847 5803 959 5874 ejus
988 5799 1124 5869 quod
1152 5804 1229 5850 est
1264 5793 1520 5847 Ecelesia.
1568 5791 1814 5847 Christus
1851 5797 2030 5844 autem
2074 5803 2173 5857 pro

608 5896 762 5954 nobis
787 5906 975 5966 passus
1000 5897 1102 5954 est,
1133 5885 1290 5945 nobis
1311 5883 1618 5954 relinquens
1645 5881 1970 5955 exemplum,
2002 5885 2058 5934 ut
2089 5894 2172 5934 se-

2312 1999 2394 2045 ter
2414 1991 2750 2048 exhibemus.
2797 1992 3058 2058 Quocirca
3099 1992 3343 2062 quisquis
3392 1990 3683 2046 sacriﬁcium
3705 1989 3810 2059 quod

2308 2083 2534 2139 oﬁertur
2556 2082 2721 2150 Patri,
2753 2093 2910 2154 negat
2935 2085 3072 2140 Filio
3097 2093 3151 2139 et
3172 2084 3396 2154 Spiritui
3415 2092 3608 2148 sancto,
3632 2084 3809 2137 alienum

2307 2188 2367 2229 se
2386 2184 2682 2242 cognoscat
2727 2189 2846 2230 esse
2891 2189 2922 2228 a
2949 2172 3144 2229 Christi
3195 2173 3470 2228 membris.
3515 2171 3636 2238 Quia
3674 2181 3810 2226 sancta

2306 2264 2565 2330 Ecclesia,
2602 2279 2722 2332 qua:
2753 2280 2936 2321 verum
2962 2279 3156 2334 corpus
3177 2273 3258 2318 est
3285 2262 3502 2328 Christi,
3547 2262 3669 2317 sicut
3689 2276 3809 2316 unum

2304 2356 2582 2426 teniplum,
2611 2371 2878 2424 unumque
2905 2356 3224 2412 sacriﬁcium
3253 2363 3453 2410 sancta:
3480 2353 3722 2407 Trinitatis
3741 2368 3810 2406 no-

2304 2447 2379 2500 vit
2408 2461 2549 2513 esse,
2578 2447 2655 2501 sic
2683 2462 2843 2501 unum
2869 2445 3187 2502 sacriﬁcium
3216 2445 3362 2499 Patri
3391 2454 3446 2501 et
3472 2444 3598 2499 Filio
3616 2453 3664 2497 et
3686 2442 3810 2513 Spiri-

2305 2538 2381 2592 tui
2408 2547 2593 2594 sancto
2621 2539 2903 2594 consuevit
2921 2538 2974 2592 in
3001 2539 3229 2593 veritate
3249 2536 3396 2602 ﬁdei,
3424 2537 3537 2606 spei
3561 2542 3612 2590 et
3627 2533 3812 2590 caritatis

2302 2628 2518 2684 oiferre.
2549 2628 2759 2684 Sanctae
2786 2630 2968 2699 itaque
2993 2629 3262 2690 Trinitati,
3307 2627 3398 2682 cui
3425 2641 3579 2682 unam
3613 2625 3810 2680 debemus

2300 2729 2358 2774 et
2381 2719 2704 2774 individuam
2734 2735 2830 2790 per
2857 2721 3034 2775 omnia
3062 2720 3379 2775 servitutem
3399 2759 3414 2784 ,
3445 2720 3577 2775 sicut
3601 2731 3736 2772 unum
3755 2729 3811 2768 sa-

2298 2807 2558 2863 criﬁcium
2595 2808 2890 2877 olle-rimus,
2931 2810 3009 2864 sic
3039 2823 3198 2863 unam
3239 2822 3460 2876 quoque
3485 2806 3684 2874 gloriam
3709 2801 3810 2856 ﬁdeli

2301 2897 2590 2954 devotione
2626 2907 2928 2954 cantamus.
2965 2898 3097 2953 Nam
3127 2899 3253 2967 quia
3285 2912 3448 2952 unam
3475 2905 3694 2950 naturam
3713 2908 3811 2948 con-

2299 2997 2406 3043 stat
2429 3005 2548 3044 esse
2576 2998 2774 3046 saneta:
2797 2990 3090 3055 Trinitatis,
3122 2991 3340 3059 dignum
3372 3001 3456 3045 est
3481 2997 3536 3044 ut
3562 3003 3653 3043 una
3688 2986 3812 3056 gloria

2305 3079 2473 3147 Patri,
2499 3089 2548 3134 et
2575 3079 2736 3146 Filio,
2760 3089 2808 3134 et
2837 3081 3059 3150 Spiritui
3084 3091 3264 3135 sancto
3299 3080 3513 3136 dicatur
3539 3095 3567 3133 a
3594 3077 3810 3140 ﬁdelibus,

2255 3179 2266 3188 '
2297 3170 2352 3223 in
2397 3169 2608 3239 hymnis
2636 3179 2690 3225 et
2716 3171 2954 3238 psalmis.
2996 3169 3381 3225 Verumtamen
3422 3177 3634 3241 propter
3672 3180 3812 3221 susce-

2224 3299 2267 3358 C
2299 3261 2539 3329 ptionem
2566 3260 2750 3314 forma:
2771 3261 3000 3326 servilis,
3024 3269 3079 3314 et
3115 3260 3351 3315 ofﬁcium
3380 3259 3548 3314 nostri
3574 3252 3809 3317 Pontiﬁcis,

2212 4674 2256 4731 D

2291 3350 2498 3420 gratias
2517 3349 2663 3404 Patri
2693 3366 2789 3420 per
2825 3350 3014 3404 Filium
3059 3350 3211 3405 recte
3255 3365 3319 3403 ac
3370 3349 3593 3404 ﬁdeliter
3617 3346 3810 3414 agimus:

2293 3442 2420 3511 quia
2470 3443 2762 3498 secundum
2808 3458 2991 3498 veram
3022 3443 3202 3508 ﬁdem,
3251 3444 3304 3498 in
3351 3440 3632 3511 Unigenito
3654 3446 3810 3493 natura

2294 3535 2573 3603 utriusque
2624 3535 2999 3604 cognoscimus
3047 3535 3350 3589 veritatem.
3407 3532 3558 3589 Unde
3602 3529 3812 3586 veraciter

2289 3638 2412 3678 eum
2458 3623 2797 3688 conﬁt-mes,
2841 3639 2948 3677 non
2977 3623 3146 3676 solum
3187 3623 3453 3692 aequalem
3483 3620 3620 3674 Patri
3658 3629 3812 3672 secun-

2289 3715 2416 3770 dum
2437 3715 2714 3770 veritatem
2737 3714 3029 3769 divinitatis
3047 3723 3281 3778 aeterna,
3306 3724 3495 3769 verum
3513 3712 3664 3767 etiam
3681 3707 3813 3762 mino-

2295 3823 2408 3862 rem
2437 3807 2597 3862 Patre
2622 3806 2916 3862 secundum
2944 3807 3168 3874 gratiam
3189 3805 3539 3860 humanitatis
3553 3806 3807 3866 assumpta.

2289 3897 2436 3966 quia,
2459 3897 2688 3952 docente
2703 3905 2890 3951 sancto
2916 3896 3259 3962 evangelista,
3297 3895 3594 3951 certissime
3620 3888 3812 3945 novimus

2292 3989 2632 4057 Unigenitum
2700 4003 2730 4042 a
2783 3987 2972 4054 Patre,
3023 3987 3237 4056 plenum
3291 3986 3480 4054 gratiae
3531 3991 3585 4038 et
3623 3975 3811 4036 veritatis

2289 4076 2464 4148 (Joan.
2496 4091 2535 4142 ι,
2570 4074 2699 4144 14);
2750 4084 2897 4130 recte
2930 4075 3135 4143 agimus
3183 4074 3385 4144 gratias
3413 4072 3559 4127 Patri
3604 4079 3654 4124 et
3690 4065 3809 4126 Filio.

2286 4167 2411 4236 quia
2433 4181 2557 4223 cum
2588 4166 2745 4222 Patre
2773 4165 2939 4220 Filius
2982 4166 3297 4221 naturaliter
3324 4181 3464 4220 unus
3488 4173 3572 4219 est
3594 4162 3716 4216 Deus
3737 4175 3748 4208 :
3772 4162 3810 4206 et

2284 4265 2435 4313 recte
2471 4257 2671 4326 gratias
2697 4256 2902 4325 agimus
2933 4255 3074 4310 Patri
3103 4271 3199 4325 per
3227 4255 3445 4323 Filium,
3488 4253 3607 4323 quia
3637 4249 3713 4305 ille
3743 4243 3810 4315 qui

2284 4347 2353 4403 de
2382 4357 2567 4402 natura
2595 4346 2772 4402 Patris
2801 4347 2987 4402 unicus
3025 4354 3110 4402 est
3141 4348 3231 4400 Dei
3271 4346 3465 4409 Filius,
3498 4344 3634 4399 idem
3659 4341 3717 4394 de
3739 4349 3811 4389 na-

2285 4447 2402 4494 tura
2429 4439 2616 4494 matris
2643 4439 2811 4494 factus
2840 4446 2923 4493 est
2949 4438 3179 4492 hominis
3210 4437 3395 4491 Filius.
3430 4436 3634 4491 Gratias
3657 4431 3802 4494 itaque

2283 4531 2487 4600 agimus
2515 4530 2655 4584 Patri
2698 4545 2796 4600 per
2829 4529 3042 4597 Filium,
3089 4530 3144 4584 in
3195 4537 3456 4600 quantum
3486 4543 3546 4583 se
3573 4523 3713 4580 nobis
3737 4517 3811 4572 tri-

2285 4622 2400 4676 buit
2447 4621 2824 4676 humiliatum:
2863 4621 3061 4690 gratias
3090 4621 3295 4689 agimus
3323 4619 3472 4673 Patri
3519 4625 3574 4672 et
3599 4613 3736 4674 Filio,
3771 4607 3810 4659 ill

2281 4718 2540 4780 quantum
2593 4725 2651 4764 se
2682 4709 2836 4764 nobis
2867 4710 3120 4777 largietur
3163 4707 3359 4779 (Flor.,
3393 4705 3633 4776 largitur)
3659 4694 3812 4755 altissis

2280 4815 2443 4853 mum.
2473 4798 2686 4855 Gratias
2713 4800 2918 4866 agimus
2938 4797 3083 4853 Patri
3110 4815 3208 4868 per
3235 4798 3447 4864 Filium,
3479 4796 3602 4866 quia
3622 4799 3810 4846 atternus

2279 4897 2439 4959 atque
2462 4889 2778 4944 immortalis
2806 4888 3118 4958 Unigenitus
3155 4889 3295 4944 Deus
3328 4903 3429 4957 pro
3458 4886 3614 4941 nobis
3648 4890 3811 4947 tempo-

2279 4979 2460 5033 raliter
2488 4979 2650 5034 homo
2678 4979 2919 5034 mortalis
2965 4988 3051 5033 est
3095 4979 3267 5033 factus
3290 4997 3304 5031 :
3337 4987 3393 5032 et
3419 4976 3617 5046 gratias
3643 4971 3810 5040 agimus

2279 5066 2425 5121 Patri
2449 5075 2508 5122 et
2534 5067 2690 5130 Filio,
2715 5067 2837 5138 quia
2865 5066 3008 5122 idem
3039 5066 3355 5136 Unigenitus
3375 5066 3538 5130 Deus,
3572 5061 3704 5116 Patri
3723 5057 3812 5111 Deo

2280 5167 2464 5212 manet
2510 5159 2826 5213 naturaliter
2871 5167 3188 5214 coaeternus.
3219 5157 3436 5213 Gratias
3466 5157 3669 5225 agimus
3693 5146 3811 5203 Patri

2277 5263 2376 5318 per
2396 5248 2606 5314 Filium,
2636 5248 2760 5318 quia
2791 5263 2926 5318 Opus
2949 5255 3144 5303 nostra:
3166 5235 3555 5316 redemptionis
3577 5236 3812 5311 implevit;

2279 5339 2476 5408 gratias
2495 5339 2701 5408 agimus
2729 5337 2874 5392 Patri
2903 5349 2957 5393 et
2984 5339 3138 5402 Filio,
3170 5339 3294 5408 quia
3318 5353 3516 5392 munus
3535 5335 3680 5390 nobis
3697 5330 3812 5384 futuo

2279 5445 2351 5484 rm
2372 5427 2714 5484 beatitudinis
2739 5429 3059 5497 repromisit.
3087 5428 3330 5483 Redemit
3352 5428 3499 5482 enim
3525 5440 3618 5481 nos
3641 5414 3811 5478 humili-

2282 5527 2391 5574 tate
2435 5519 2628 5583 carnis,
2681 5518 2868 5572 beatos
2906 5533 3006 5572 nos
3041 5517 3206 5572 faciet
3250 5515 3575 5573 celsitudine
3610 5506 3810 5576 deitatiS-

2283 5607 2576 5678 Utrumque
2619 5607 2780 5676 igitur
2828 5606 2948 5662 ideo
2994 5606 3238 5674 facimus,
3283 5606 3407 5676 quia
3457 5612 3726 5670 utrumque
3760 5591 3810 5645 la-

2277 5699 2522 5754 ciendum
2566 5699 2619 5752 in
2674 5700 2875 5755 sanctis
2909 5697 3138 5768 eloquiis
3183 5699 3500 5754 invenimus.
3543 5695 3669 5750 Nam
3712 5684 3810 5754 quiaI

2277 5796 2493 5857 oportet
2519 5803 2616 5843 nos
2631 5789 2829 5857 gratias
2857 5803 3017 5860 agere
3037 5787 3182 5844 Patri
3204 5803 3300 5859 per
3319 5787 3530 5852 Filium,
3554 5776 3807 5855 apostolica

2275 5896 2522 5938 sermone
2550 5883 2961 5953 cognoscimus;
3008 5891 3060 5939 et
3091 5885 3212 5952 quia
3253 5888 3469 5953 oportet
3515 5893 3610 5934 nos
3644 5867 3806 5943 gratia!
