3996 6476
163 459 266 516 815

1215 457 1487 516 CONTRA
1525 458 1875 515 FABIANUM
1916 457 2356 515 FRAGMENTA.

3323 458 3427 508 8M

160 583 321 640 agere
357 567 500 624 Patri
543 580 597 625 et
625 568 782 640 Filio,
812 586 918 626 non
945 570 1116 626 solum
1142 571 1195 627 in
1225 573 1536 643 apostolicis
1557 571 1736 640 dictis,
1770 586 1810 638 Α
1842 571 2014 642 ipsum
2028 568 2562 640 accepimusdonum,
2581 581 2678 638 per
2699 565 2874 638 ipsum
2901 564 3248 622 exhibeamus
3270 567 3430 624 obse-

161 676 347 717 verum
401 660 562 716 etiam
605 661 657 715 in
687 661 941 730 angelicis
982 661 1224 717 laudibus
1252 663 1572 719 invenimus.
1595 664 1740 730 Quas

161 763 340 808 tamen
382 753 536 808 nobis
581 753 909 824 apostolicus
930 769 1136 809 .sermo
1183 753 1442 825 prodidit,
1482 755 1604 826 quia
1637 754 1742 809 hoc

161 845 301 900 Deus
323 845 437 914 ipse
464 845 723 916 apostolis
749 846 861 900 suis
896 844 964 899 ad
995 846 1276 901 utilitatem
1317 855 1512 901 nostra:
1540 846 1741 900 instru-

159 939 354 995 ctionis
397 937 649 994 ostendit.
683 937 893 994 Scimus
936 940 1078 993 enim
1117 938 1316 994 dixisse
1356 939 1573 992 beatum
1605 936 1743 991 Pau-

163 1031 292 1099 lum,
337 1045 459 1085 cum
491 1029 746 1084 Romanis
774 1030 1072 1084 scriberet:
1108 1031 1343 1083 Primum
1385 1030 1588 1100 quidem
1615 1045 1741 1099 gra-

162 1121 259 1174 tias
302 1137 399 1191 ago
430 1118 538 1174 Deo
575 1136 685 1173 meo
712 1136 804 1188 per
831 1119 1007 1173 Iesum
1061 1119 1323 1173 Christum
1366 1135 1459 1189 pro
1507 1117 1742 1173 omnibus

162 1213 300 1267 vobis
330 1209 507 1282 (Rom.
540 1227 577 1276 ι,
602 1210 678 1281 8).
705 1210 806 1277 Qui
831 1211 994 1265 etiam
1015 1209 1422 1264 Colossensibus
1442 1209 1545 1263 ait:
1578 1207 1743 1263 Omne

161 1301 496 1374 quodcunque
527 1303 698 1372 facitis
728 1303 782 1355 in
814 1300 962 1355 verbo
1017 1311 1107 1353 aut
1150 1303 1205 1354 in
1249 1317 1418 1370 opere,
1472 1300 1648 1383 omnia
1686 1301 1742 1353 in

160 1395 365 1448 nomine
393 1392 603 1446 Domini
627 1391 770 1456 Iesu,
800 1393 996 1463 gratias
1025 1401 1234 1462 agentes
1263 1390 1373 1445 Deo
1401 1399 1450 1444 et
1484 1390 1630 1472 Patri
1654 1408 1744 1461 per

161 1484 327 1554 ipsum
359 1482 578 1554 (Coloss.
613 1498 688 1546 ut,
742 1480 888 1551 l7);
940 1490 996 1536 et
1040 1482 1085 1536 si
1131 1495 1236 1551 qua
1280 1481 1406 1534 talia
1440 1489 1662 1550 possunt
1689 1482 1743 1536 in

160 1571 469 1642 apostolicis
496 1571 689 1626 litteris
721 1570 967 1624 inveniri.
1009 1569 1114 1626 Sed
1159 1580 1216 1626 et
1244 1570 1490 1626 eumdem
1521 1580 1744 1641 aposto-

161 1659 267 1714 lum
297 1660 521 1729 legimus
551 1660 785 1715 dixisse:
818 1658 1026 1715 Cratias
1055 1678 1155 1732 ago
1187 1662 1233 1715 ei
1257 1663 1342 1733 qui
1370 1679 1449 1716 me
1475 1665 1744 1735 conforta-

160 1753 250 1820 vit,
305 1751 507 1806 Christo
531 1751 655 1805 Iesu
697 1750 920 1806 Domino
949 1761 1160 1817 nostro,
1200 1751 1359 1823 643
1401 1754 1520 1824 quia
1540 1754 1745 1822 ﬁdelem

160 1859 240 1896 me
265 1842 574 1896 existimavit
595 1858 789 1912 ponens
809 1843 861 1896 in
886 1843 1168 1897 ministerio
1198 1841 1250 1913 (1
1269 1842 1399 1896 Tim.
1427 1859 1463 1908 ι,
1491 1843 1599 1911 l2).
1625 1843 1746 1912 Agit

1846 664 2028 734 quium
2058 679 2072 715 :
2100 670 2156 718 et
2182 663 2321 718 sicut
2343 660 2514 731 gratia
2549 659 2704 714 nobis
2733 675 2762 712 a
2801 659 2914 714 Deo
2943 657 3103 714 Patre
3131 666 3185 714 et
3213 659 3427 717 Christo

1843 755 1972 811 Iesu
2009 755 2237 811 Domino
2284 765 2471 810 nostro
2509 751 2687 818 datur,
2736 752 2814 807 sic
2856 767 2887 806 a
2934 751 3092 808 nobis
3136 753 3430 820 gratiarum

1843 845 1986 900 actio
2017 843 2158 899 Patri
2187 844 2428 914 Filioque
2453 843 2712 899 solvatur.
2751 841 2901 897 Sicut
2927 842 3069 897 enim
3111 849 3319 898 rectum
3347 852 3434 900 est

1847 936 2078 1006 ﬁdeique
2117 937 2464 999 conveniens,
2514 951 2611 1005 per
2656 950 2780 989 eum
2810 932 2958 988 Patri
2998 935 3202 1004 gratias
3249 949 3430 1005 agere,

1844 1043 1943 1098 per
1971 1043 2131 1098 quem
2161 1044 2260 1082 nos
2289 1043 2319 1082 a
2346 1027 2504 1082 Patre
2532 1034 2739 1082 certum
2769 1033 2852 1080 est
2879 1025 3152 1095 accepisse
3183 1067 3198 1094 ,
3230 1026 3308 1082 sic
3340 1027 3436 1081 im-

1843 1121 1992 1192 pium
2023 1130 2123 1186 est,
2169 1135 2423 1190 veraeque
2463 1120 2709 1188 religioni
2749 1117 3101 1186 contrarium,
3142 1118 3186 1172 si
3229 1118 3350 1188 quis
3384 1118 3436 1173 in

1843 1209 2157 1278 apostolicis
2177 1209 2372 1263 litteris
2416 1210 2557 1278 legat
2593 1208 2821 1280 gratiam
2849 1206 3094 1264 ﬁdelibus
3122 1223 3154 1262 a
3182 1207 3296 1264 Deo
3331 1207 3436 1262 Pa-

1844 1307 1926 1354 tre
1955 1306 2010 1354 et
2030 1298 2259 1354 Domino
2286 1299 2416 1354 Jesu
2453 1299 2668 1356 Christo
2696 1298 2832 1364 dari,
2876 1308 2934 1354 et
2962 1298 3096 1354 nolit
3138 1299 3436 1368 gratiarqu

1844 1389 2112 1444 actionem
2160 1390 2319 1445 simul
2358 1390 2504 1445 Patri
2538 1391 2784 1460 F.lioque
2831 1391 3088 1463 persolvi.
3140 1389 3241 1458 Qui
3289 1391 3432 1445 enim

1842 1496 1942 1553 per
1991 1480 2185 1536 Filium
2240 1482 2386 1537 Patri
2415 1484 2614 1553 gratias
2651 1498 2812 1552 agere
2859 1499 2965 1539 non
2995 1483 3135 1547 vult,
3165 1497 3350 1538 veram
3379 1483 3432 1538 ia

1843 1570 2124 1626 divinitate
2150 1570 2349 1627 Christi
2378 1589 2485 1628 non
2520 1572 2768 1642 intelligit
2792 1587 3009 1628 carnem
3034 1589 3049 1638 ;
3098 1572 3142 1627 si
3171 1572 3290 1643 quis
3333 1587 3433 1626 au-

1844 1666 1952 1714 tem
1979 1660 2180 1728 gratias
2205 1660 2352 1716 Patri
2377 1661 2620 1732 Filioque
2649 1678 2757 1718 non
2791 1663 2922 1732 agit,
2953 1677 3138 1719 veram
3169 1678 3281 1718 non
3323 1662 3432 1720 vult

1844 1751 1899 1805 in
1941 1751 2139 1807 Christi
2182 1767 2344 1808 carne
2401 1768 2729 1823 cognoscere
2781 1755 3054 1810 deitatem.
3120 1747 3256 1824 Q'uia
3303 1769 3431 1824 ergo

1843 1848 2130 1911 utrumque
2171 1841 2392 1912 impium
2433 1852 2535 1910 est,
2587 1853 2642 1898 et
2669 1845 2861 1900 anima:
2885 1845 3042 1902 valde
3067 1847 3430 1916 contrarium,

157 1945 284 2000 ergo
297 1933 586 2002 Apostolus
598 1932 796 2001 gratias
817 1947 913 2002 per
935 1931 1225 1999 Christum,
1251 1935 1355 2002 agit
1377 1935 1576 2004 gratias
1591 1934 1744 1989 Chri-
1775 1968 1822 2026 Β
1848 1935 2076 2005 tenenda
2103 1944 2186 1991 est
2204 1951 2346 1990 vera:
2371 1935 2490 1990 lidei
2518 1937 2701 2006 regula
2727 1979 2741 2005 ,
2776 1946 2834 1992 ut
2862 1945 2918 1993 et
2941 1947 3162 2009 propter
3203 1935 3431 1993 formam

148 2030 262 2079 sto.
285 2023 406 2092 Agit
425 2023 627 2091 gratias
649 2039 746 2094 per
765 2021 1062 2090 Christum,
1093 2025 1383 2079 secundum
1411 2025 1464 2080 id
1499 2026 1642 2096 quod
1666 2033 1758 2082 est.

149 2128 232 2167 rex
253 2111 500 2168 Patribus
510 2111 754 2169 Christus
773 2115 1064 2170 secundum
1087 2131 1332 2182 carnem;
1358 2117 1536 2186 etagit
1549 2117 1748 2187 gratias

157 2203 394 2273 Christo,
437 2205 730 2260 secundum
762 2205 816 2260 id
861 2205 1004 2275 quod
1046 2215 1130 2261 est
1168 2207 1280 2277 ipse
1300 2206 1544 2263 Christus
1587 2225 1750 2279 super

157 2294 336 2349 omnia
355 2294 492 2349 Deus
509 2295 824 2351 benedictus
838 2297 890 2350 in
907 2296 1101 2351 saecula
1117 2296 1293 2369 (Rom.
1310 2314 1382 2363 ix,
1404 2297 1479 2368 5).
1498 2299 1748 2367 Agendas

156 2395 336 2440 autem
383 2385 529 2440 Patri
561 2396 615 2442 et
641 2387 776 2444 Filio
804 2389 1035 2457 gratias,
1074 2384 1376 2446 evidentius
1423 2391 1568 2446 idem
1617 2392 1750 2446 bea-

161 2483 244 2530 tus
283 2477 518 2531 ostendit
565 2479 877 2548 Apostolus,
909 2495 1032 2535 cum
1076 2481 1232 2536 nobis
1259 2483 1485 2551 gratiam
1512 2481 1606 2538 Dei
1636 2499 1745 2538 non

153 2568 328 2624 solum
357 2585 388 2622 a
420 2569 533 2624 Deo
560 2569 741 2637 Patre,
785 2571 879 2626 sezl
907 2580 961 2626 et
990 2573 1204 2628 Christo
1231 2573 1360 2629 Jesu
1388 2574 1618 2629 Domino
1646 2591 1747 2629 no-

157 2665 274 2712 stro
302 2659 438 2727 dari,
470 2670 527 2715 et
549 2670 671 2715 orat
698 2671 754 2716 et
780 2671 1186 2717 commemorat.
1223 2663 1434 2719 Docens
1460 2665 1602 2718 enim
1652 2679 1748 2735 per

157 2749 428 2804 Christum
457 2753 613 2807 nobis
642 2770 673 2807 a
701 2752 813 2808 Deo
840 2754 1070 2822 gratiam
1100 2755 1251 2823 dari,
1283 2757 1358 2810 ait
1389 2773 1403 2812 :
1450 2755 1745 2811 Secundum

155 2842 390 2912 spiritum
417 2844 882 2913 sanctiﬁcationis,
922 2861 986 2898 ea;
1022 2848 1393 2900 resurrectione
1429 2856 1746 2901 mortuorum

155 2934 278 2989 Iesu
308 2935 503 2989 Christi
528 2935 741 2990 Domini
770 2939 956 2991 nostri.
1004 2936 1106 2992 Per
1135 2956 1281 3010 quem
1308 2941 1597 3011 accepimus
1618 2959 1745 3013 gra-

159 3028 281 3080 tiam
303 3037 353 3080 et
381 3029 746 3097 apostolatum,
787 3029 856 3082 ad
899 3030 1232 3083 obedientium
1259 3031 1386 3100 fidei
1415 3032 1469 3084 in
1509 3031 1746 3086 omnibus

155 3122 390 3192 gentibus
426 3140 522 3194 pro
551 3125 756 3178 nomine
787 3125 901 3194 ejus
931 3123 1108 3195 (Rom.
1151 3141 1199 3190 ι,
1227 3124 1261 3177 4
1280 3164 1294 3190 ,
1323 3123 1398 3193 5).
1446 3124 1515 3180 Et
1563 3141 1746 3180 rursus

157 3215 272 3268 ait:
300 3213 494 3286 Infelix
532 3233 626 3287 ego
665 3217 836 3282 homo,
888 3217 1000 3288 quis
1031 3234 1112 3271 me
1139 3217 1376 3271 liberabit
1422 3219 1485 3272 de
1529 3235 1745 3290 corpore

1848 2027 2011 2093 servi,
2059 2041 2163 2097 qua
2193 2026 2352 2083 Patre
2386 2029 2563 2084 minor
2602 2037 2687 2084 est
2715 2029 2902 2094 Filius,
2952 2031 3154 2098 gratias
3193 2029 3431 2099 agendas

1851 2116 1996 2174 Patri
2025 2133 2122 2188 per
2145 2117 2336 2173 Filium
2362 2130 2510 2175 recte
2537 2121 2797 2190 dicamus,
2846 2131 2903 2178 et
2929 2122 3278 2178 nihilominus
3302 2137 3432 2192 pro-

1848 2217 1968 2278 pter
1995 2208 2221 2264 formam
2268 2209 2382 2275 Dei,
2429 2210 2482 2264 in
2529 2224 2636 2280 qua
2673 2210 2838 2282 6M
2885 2210 3052 2266 Filius
3097 2211 3318 2280 aequalis
3355 2221 3432 2271 est

1849 2299 2024 2365 Patri,
2056 2301 2258 2369 gratias
2278 2301 2512 2370 agendas
2532 2301 2677 2356 Patri
2705 2310 2760 2356 et
2789 2301 2924 2358 Filio
2945 2302 3273 2357 noverimus.
3299 2303 3433 2368 Quia

1850 2406 1978 2445 vero
2009 2405 2114 2445 una
2141 2391 2313 2462 gratia
2343 2391 2497 2447 nobis
2525 2400 2608 2447 est
2635 2407 2666 2446 a
2706 2400 2896 2448 sancta
2923 2391 3187 2448 Triuitate
3215 2392 3432 2462 collata,

1846 2482 2206 2537 communiter
2226 2490 2306 2536 est
2335 2496 2365 2536 a
2391 2482 2548 2537 nobis
2577 2483 2738 2548 Patri,
2765 2482 2901 2539 Filio
2921 2490 2978 2538 et
2999 2483 3219 2554 Spiritui
3243 2491 3433 2540 sancto

1848 2587 1952 2625 una
1993 2573 2290 2639 gratiarum
2332 2573 2477 2628 actio
2529 2575 2902 2644 persolvenda.
2966 2572 3118 2629 Sicut
3165 2573 3311 2629 enim
3365 2575 3434 2630 ab

1846 2663 2106 2730 Apostolo
2136 2663 2381 2718 ﬁdelibus
2406 2665 2620 2730 dicitur,
2655 2664 2839 2718 Gratia
2867 2665 3006 2719 vobis
3036 2674 3085 2720 et
3115 2681 3221 2736 pax
3247 2683 3280 2720 a
3319 2665 3432 2722 Deo

1847 2751 2009 2807 Patre
2035 2766 2242 2821 nostro,
2281 2767 2331 2808 et
2358 2755 2581 2810 Domino
2619 2755 2745 2810 Iesu
2789 2756 2993 2812 Christo
3032 2757 3210 2829 (Rom.
3241 2775 3258 2813 ι
3285 2800 3301 2828 ,
3335 2759 3388 2829 7)
3416 2779 3430 2813 :

1845 2843 1925 2897 sic
1957 2844 2009 2897 in
2032 2845 2254 2898 Actibus
2275 2846 2642 2914 apostolorum
2670 2845 2820 2918 (Cap.
2847 2863 2898 2910 κ,
2922 2847 3013 2917 4'»)
3037 2849 3293 2918 scriptum
3318 2857 3431 2903 est:

1847 2933 1983 2998 Quia
2015 2945 2062 2987 et
2094 2935 2150 2988 in
2186 2935 2420 3007 gentibus
2466 2938 2636 3006 gratia
2665 2939 2833 2990 sancti
2872 2938 3100 3005 Spiritus
3144 2939 3309 3008 e/fasa
3332 2948 3430 2996 est.

1811 3058 1814 3060 η
1851 3023 2017 3079 Unam
2069 3040 2199 3094 ergo
2246 3028 2471 3094 gratiam
2516 3036 2717 3082 sanctae
2761 3027 3034 3082 Trinitatis
3077 3030 3429 3100 accepimus;

1848 3118 1988 3171 unde
2017 3117 2236 3184 dignum
2271 3133 2352 3172 est
2381 3126 2439 3172 ut
2470 3133 2628 3173 unam
2657 3119 2948 3187 gratiarum
2978 3120 3248 3175 actionem
3287 3123 3432 3180 Patri

1843 3213 1900 3260 et
1927 3205 2064 3260 Filio
2089 3216 2145 3261 et
2170 3206 2391 3277 Spiritui
2417 3216 2637 3277 sancto,
2670 3210 2722 3263 in
2751 3209 2978 3264 veritate
3006 3208 3130 3265 lidei
3157 3219 3214 3266 et
3257 3213 3433 3269 cordis

147 3307 335 3359 mortis
362 3307 559 3377 hujus?
591 3305 773 3362 Gratia
802 3306 900 3361 Dei
941 3324 1034 3378 per
1059 3307 1239 3363 Iesum
1267 3307 1524 3363 Christum
1559 3309 1742 3364 Domi-
1771 3337 1814 3394 ρ
1845 3299 2500 3394 SilnPliCi‘_illes_01V3_lill15-
2533 3299 2948 3394 υψιίιίίαμοφιε
2975 3302 3094 3371 81οΥ
3094 3302 3200 3356 iam
3230 3303 3434 3359 decan-

156 3410 281 3449 παθη
306 3407 536 3450 nostrum
560 3397 735 3468 (Rom.
759 3415 854 3465 vn,
882 3397 972 3463 24.,
993 3398 1116 3469 25),
1155 3398 1262 3454 Sed
1285 3399 1426 3454 idem
1448 3400 1743 3470 apostolus,
1781 3389 1812 3394 ﬁ
1849 3391 2064 3444 tandam
2091 3389 2237 3444 Patri
2265 3400 2320 3446 et
2340 3390 2476 3446 Filio
2503 3400 2558 3447 et
2578 3391 2801 3461 Spiritui
2836 3401 3043 3460 sancto,
3082 3394 3221 3450 sicut
3247 3403 3434 3452 sancta

156 3489 213 3539 in
234 3487 484 3542 omnibus
510 3503 725 3541 suarum
752 3488 1028 3558 procrmiis
1054 3489 1379 3556 litterarum,
1401 3491 1627 3557 gratiam
1651 3505 1750 3544 no-

155 3576 242 3630 bis
283 3591 314 3630 a
345 3576 457 3630 Deo
487 3575 647 3631 Patre
693 3587 748 3631 et
777 3578 1006 3632 Domino
1049 3576 1174 3633 Jesu
1219 3577 1433 3632 Christo
1477 3579 1750 3648 postulare

143 3681 270 3721 non
296 3666 512 3720 desinit.
554 3667 686 3720 Nam
717 3667 762 3721 si
787 3668 1207 3737 apostolicarum
1227 3667 1588 3738 Epistolarum
1614 3670 1749 3724 velis

151 3772 445 3813 recensere
473 3758 756 3828 principia,
784 3773 922 3828 pene
952 3759 1058 3814 hoc
1086 3758 1140 3812 in
1167 3760 1377 3815 cunctis
1405 3761 1662 3829 invenies,
1693 3762 1747 3816 in

152 3849 357 3918 quibus
384 3849 646 3903 duntaxat
675 3865 872 3904 nomen
913 3849 1082 3920 ipsius
1112 3849 1357 3919 Apostoli
1407 3853 1744 3920 continetur,

154 3937 346 3992 Gratia
373 3941 530 4006 vobis,
561 3949 610 3994 et
644 3957 750 4011 pax
784 3958 816 3994 a
845 3940 954 3995 Deo
1002 3942 1162 3995 Patre
1199 3952 1396 4010 nostro,
1439 3952 1489 3998 et
1523 3942 1748 4000 Domino

151 4028 288 4085 Jesu
318 4030 519 4084 Christo
551 4029 726 4085 (Rom.
760 4048 805 4099 ι,
836 4032 922 4099 7).
967 4031 1234 4101 Proinde,
1279 4033 1356 4087 sic
1383 4047 1483 4088 nos
1529 4049 1750 4090 necesse

153 4129 247 4176 est
276 4123 476 4190 gratias
504 4136 686 4191 agere,
733 4124 878 4178 sicut
925 4141 1023 4180 nos
1051 4131 1277 4192 gratiam
1305 4134 1512 4180 certum
1541 4133 1624 4181 est
1651 4142 1747 4182 ac-

156 4216 388 4284 cepisse.
429 4215 562 4270 Nam
592 4219 847 4286 quoniam
874 4218 1179 4288 accepimus
1205 4219 1434 4286 gratiam
1462 4233 1494 4274 a
1519 4218 1630 4274 Deo
1653 4234 1750 4290 per

150 4305 343 4361 Iesum
371 4306 641 4363 Christum
672 4309 955 4364 Dominum
997 4319 1272 4378 nostrum,
1323 4326 1393 4366 ex
1435 4311 1536 4366 ista
1564 4311 1748 4380 regula

157 4400 408 4454 veritatis
435 4400 644 4467 agimus
669 4402 876 4470 gratias
905 4401 1050 4457 Patri
1081 4417 1178 4474 per
1204 4401 1397 4458 Filium
1422 4421 1436 4457 :
1469 4405 1593 4474 quia
1620 4419 1750 4459 vero

153 4489 468 4558 accepimus
492 4491 720 4558 gratiam
758 4498 812 4546 et
841 4506 1026 4560 pacem
1059 4508 1089 4547 a
1116 4493 1228 4548 Deo
1258 4493 1419 4550 Patre
1446 4503 1504 4550 et
1533 4493 1748 4551 Christo

148 4576 286 4634 Jesu
317 4578 544 4634 Domino
572 4588 760 4635 nostro
784 4623 797 4646 ,
829 4597 897 4635 ex
927 4583 1028 4637 ista
1066 4599 1250 4638 rursus
1273 4585 1455 4652 regula
1485 4586 1744 4652 veritatis,

1848 3480 2122 3552 Scriptura
2143 3497 2250 3537 non
2270 3482 2467 3540 desinit
2498 3482 2806 3549 admonere,
2829 3484 2906 3538 sic
2925 3493 2978 3539 et
2999 3485 3174 3541 omnis
3194 3493 3250 3543 et
3274 3502 3435 3544 nosse

1846 3571 2008 3626 debet
2039 3581 2094 3627 et
2115 3573 2421 3642 persolvere
2439 3573 2792 3629 Christianus.
2819 3573 2874 3629 ln
2905 3575 3216 3644 apostolicis
3238 3579 3435 3648 quippe

1848 3667 2059 3733 litteris,
2090 3683 2197 3722 non
2245 3668 2417 3722 solum
2441 3667 2606 3733 Patri,
2638 3683 2822 3722 verum
2857 3668 3020 3722 etiam
3050 3666 3280 3723 Domino
3308 3667 3434 3724 Jesu

1847 3755 2083 3826 Christo,
2111 3758 2307 3812 dictam
2330 3759 2556 3827 gloriam
2585 3759 2932 3813 nihilominus
2971 3757 3288 3814 invenimus.
3314 3758 3435 3814 Sci-

1846 3862 1968 3904 mus
2014 3849 2230 3919 quidem
2275 3850 2494 3906 beatum
2535 3850 2726 3906 JuJam
2757 3849 3062 3920 apostolum
3105 3851 3157 3906 in
3196 3849 3433 3922 Epistula

1845 3947 1941 3992 sua
1967 3939 2166 3994 uixisse
2202 3956 2217 3993 :
2265 3938 2335 3994 Ei
2364 3949 2536 3994 autem
2561 3943 2646 4013 qui
2687 3950 2866 4012 potens
2905 3946 2980 3992 est
3021 3953 3322 3995 conservare
3350 3955 3434 3996 vos

1848 4029 1960 4084 sine
1989 4030 2288 4098 o/I‘ensione,
2328 4041 2376 4087 et
2405 4034 2713 4087 constituere
2740 4042 2863 4087 ante
2901 4043 3224 4105 canspectum
3253 4033 3435 4104 gloria

1847 4138 1957 4178 sua:
1983 4124 2340 4178 immaculatos
2371 4125 2424 4178 in
2449 4125 2652 4188 Iustitia,
2676 4125 2774 4179 soli
2804 4124 3069 4180 Saluatori
3108 4135 3282 4179 nostro
3310 4125 3432 4192 Deo,

1849 4231 1942 4285 per
1959 4213 2138 4268 Iesum
2161 4213 2421 4270 Christum
2448 4216 2725 4270 Dominum
2757 4226 3009 4284 nostrum,
3042 4217 3224 4284 honor,
3256 4226 3433 4288 poten-

1849 4303 1946 4370 tia,
1973 4302 2208 4371 claritas,
2233 4314 2281 4358 et
2309 4314 2535 4375 potestas
2566 4313 2686 4359 ante
2723 4321 2874 4378 omne
2895 4306 3159 4372 sicculum,
3192 4315 3242 4359 et
3278 4317 3434 4369 nunc,

1852 4403 1901 4449 et
1926 4397 1980 4449 in
2004 4396 2177 4450 omnia
2203 4395 2395 4451 siccata
2421 4397 2750 4451 saeculorum.
2782 4397 2964 4452 Amen.
2998 4397 3168 4469 (Iud.,
3192 4396 3282 4466 24,
3312 4396 3430 4467 25).

1849 4485 1957 4540 Sed
1985 4486 2089 4542 hoc
2116 4487 2407 4542 secundum
2436 4489 2749 4560 mysterium
2772 4488 3155 4544 incarnationis
3189 4497 3335 4544 recte
3356 4504 3435 4546 ao-

1850 4578 2065 4648 cipitur,
2106 4593 2215 4647 quo
2259 4594 2358 4650 pro
2401 4579 2556 4634 nobis
2597 4587 2652 4634 et
2705 4577 2956 4634 Pontifex
3004 4591 3060 4634 et
3115 4578 3435 4636 sacriﬁcium

151 4670 367 4738 agimus
391 4671 593 4738 gratias
619 4669 764 4724 Patri
793 4671 952 4725 simul
981 4682 1037 4727 et
1079 4671 1236 4727 Filio.
1287 4672 1442 4728 Sicut
1468 4675 1610 4729 enim
1639 4691 1747 4729 non
1780 4699 1824 4757 ι)
1853 4671 2023 4726 factus
2051 4672 2144 4726 Dei
2173 4671 2338 4728 Filius
2381 4672 2668 4727 invenitur.
2713 4669 3000 4740 Utriusque
3030 4671 3171 4725 enim
3213 4680 3433 4737 natura).

149 4759 335 4813 solum
364 4773 395 4812 a
435 4758 598 4814 Patre
625 4775 724 4830 per
751 4759 964 4827 Filium,
1016 4775 1202 4815 verum
1233 4762 1396 4816 etiam
1441 4777 1473 4815 a
1503 4761 1663 4818 Patre
1693 4772 1749 4818 et

151 4846 299 4905 Filio
323 4852 552 4919 gratiam
589 4852 897 4922 accepimus
923 4891 938 4917 ,
991 4850 1065 4905 ita
1111 4867 1219 4907 non
1266 4852 1440 4907 solum
1475 4852 1620 4908 Patri
1649 4869 1748 4923 per

149 4940 372 5008 Filium,
404 4957 592 4998 verum
619 4943 783 4998 etiam
821 4941 968 4997 Patri
997 4951 1052 4997 et
1078 4941 1215 4998 Filio
1252 4943 1544 5011 gratiarum
1575 4945 1747 4999 actio-

150 5048 286 5088 nem
308 5035 504 5088 debitis
532 5048 756 5089 necesse
790 5041 874 5089 est
913 5035 1189 5090 servitutis
1225 5034 1526 5090 humilitate
1569 5035 1748 5089 solva-

148 5139 297 5180 mus.
329 5123 446 5180 Hoc
461 5125 603 5179 enim
626 5127 770 5194 quod
796 5126 1004 5195 agimus
1020 5126 1223 5197 gratias
1243 5123 1390 5180 Patri
1411 5140 1510 5196 per
1529 5123 1744 5192 Filium,

146 5215 224 5270 ad
252 5216 637 5272 incarnationis
664 5219 903 5287 pertinet
928 5225 1366 5283 sacramentum;
1399 5217 1454 5270 in
1479 5230 1548 5271 eo
1565 5223 1750 5272 autem

147 5304 305 5374 quod
332 5306 537 5375 agimus
561 5307 765 5374 gratias
791 5304 936 5360 Patri
962 5314 1020 5362 et
1046 5307 1202 5373 Filio,
1233 5307 1392 5362 unius
1417 5306 1586 5361 claret
1608 5306 1746 5361 divi-

147 5396 346 5451 nitatis
372 5395 596 5465 agnitio.
641 5397 796 5453 Sicut
824 5398 967 5453 enim
997 5397 1164 5453 Filius
1191 5399 1266 5452 ita
1295 5406 1536 5454 nostram
1567 5411 1752 5452 susce-

147 5486 236 5556 pit
264 5500 502 5552 carnem,
529 5495 589 5541 ut
617 5495 855 5557 paterna:
875 5488 1098 5542 unitatis
1129 5489 1431 5544 naturalem
1455 5503 1563 5543 non
1587 5487 1748 5540 amit-

150 5586 302 5633 teret
327 5581 608 5635 veritatem
635 5620 650 5646 ,
705 5579 784 5635 sic
811 5580 968 5636 nobis
998 5587 1284 5650 utrumque
1323 5581 1564 5645 donavit,
1607 5587 1666 5635 ut
1693 5588 1748 5636 et

148 5685 258 5740 per
284 5669 475 5726 Filium
505 5672 705 5741 gratias
737 5683 959 5740 agamus
987 5670 1153 5738 Patri,
1188 5680 1242 5726 et
1269 5673 1470 5741 gratias
1511 5671 1649 5727 Filio
1669 5672 1746 5726 si-

147 5759 269 5815 mul
295 5774 516 5828 agamus
543 5771 598 5816 et
625 5759 792 5816 Patri.
832 5760 1240 5828 Gratiamenim
1265 5777 1428 5834 quam
1457 5763 1612 5818 nobis
1638 5763 1740 5818 do-

151 5853 308 5908 navit
331 5853 494 5910 Pater
519 5870 616 5926 per
641 5854 854 5920 Filium,
903 5856 1060 5914 simul
1106 5858 1265 5922 nobis
1312 5855 1548 5914 donante
1583 5856 1742 5912 Patre

150 5945 382 6003 donavit
433 5957 490 6006 et
527 5947 714 6008 Filius.
766 5949 998 6010 Necesse
1038 5965 1122 6020 est
1170 5954 1335 6031 igitur
1361 5957 1422 6006 ut
1465 5949 1608 6006 sicut
1644 5964 1743 6020 per

1853 4769 1962 4814 tam
2006 4761 2199 4816 divina:
2245 4761 2451 4816 scilicet
2501 4775 2659 4830 quam
2708 4761 2986 4826 humana},
3043 4761 3095 4814 in
3153 4759 3248 4814 Dei
3296 4760 3434 4815 Filio

1847 4850 2184 4918 agnoscenda
2212 4859 2295 4904 est
2324 4851 2556 4916 veritas;
2582 4857 2640 4904 ut
2667 4851 2784 4907 siue
2805 4850 3087 4919 cujuslibet
3108 4849 3436 4905 infidelitatis

1847 4953 2052 5004 errore,
2083 4948 2137 4994 et
2165 4940 2324 4994 Patre
2371 4941 2549 4995 minor
2573 4939 2757 5007 Filius,
2789 4948 2845 4996 et
2873 4939 3020 4993 Patri
3049 4949 3195 4994 recte
3243 4954 3436 5008 εοεηο-

1847 5041 2033 5088 scatur
2058 5033 2299 5102 aequalis.
2335 5031 2491 5089 Unde
2521 5033 2710 5088 beatus
2742 5032 2931 5088 Petrus
2960 5032 3186 5102 gloriam
3215 5030 3437 5086 Christo

1849 5125 2002 5195 dicit,
2048 5143 2155 5182 non
2204 5126 2376 5181 solum
2424 5127 2479 5182 in
2519 5127 2626 5182 hoc
2666 5135 2928 5197 tempore,
2972 5140 3157 5179 verum
3187 5123 3352 5178 etiam
3382 5122 3438 5178 in

1851 5219 1941 5274 illa
1969 5217 2272 5274 aeternitate
2309 5217 2610 5286 dicendam,
2655 5219 2747 5287 qui
2795 5217 2898 5271 hoc
2942 5229 3191 5270 sermone
3238 5227 3436 5268 secuit-

1849 5310 1971 5366 dam
1991 5310 2069 5364 sic
2087 5309 2391 5364 terminavit
2409 5309 2706 5380 Epistolam
2727 5327 2738 5361 :
2761 5307 2983 5362 Crescite
3002 5323 3136 5372 vero,
3159 5307 3403 5376 inqu‘ens
3416 5344 3432 5370 ,

1849 5401 1905 5454 in
1949 5401 2120 5472 gratia
2156 5408 2207 5454 et
2255 5402 2547 5471 cognitione
2586 5401 2796 5454 Domini
2835 5397 2999 5453 nostri
3043 5407 3092 5452 et
3143 5397 3434 5454 Saluatoris

1849 5488 1976 5543 Iesu
1997 5488 2206 5543 Christi.
2242 5489 2352 5559 Ipsi
2379 5492 2548 5561 gloria
2578 5497 2629 5543 et
2655 5505 2810 5553 nunc,
2842 5497 2891 5542 et
2918 5490 2972 5541 in
3002 5487 3142 5541 diem
3162 5489 3432 5543 atternita-

1852 5584 1914 5638 tis
1946 5583 2031 5655 (II
2053 5584 2196 5639 Petr.
2233 5601 2310 5652 in,
2342 5584 2466 5655 l8).
2508 5582 2576 5638 Et
2601 5583 2855 5652 quoniam
2885 5598 3022 5637 unus
3058 5583 3278 5654 spiritus
3311 5579 3434 5633 ﬁdei

1848 5675 2002 5731 datus
2031 5686 2114 5733 est
2142 5676 2397 5747 apostolis
2422 5684 2476 5730 et
2505 5675 2783 5745 proiihetis
2811 5675 2975 5746 (quod
3021 5676 3212 5731 beatus
3233 5672 3433 5729 Paulus

1848 5777 2135 5833 asseverat,
2165 5768 2349 5822 dicens
2387 5785 2399 5818 :
2441 5765 2704 5819 Habentes
2733 5774 2902 5819 autem
2932 5765 3164 5819 eumdem
3191 5764 3430 5834 spiritum

1846 5859 1989 5929 ﬁdei,
2019 5861 2150 5913 sicut
2174 5860 2418 5929 scriptum
2446 5866 2562 5910 est:
2595 5855 2799 5911 Credidi
2827 5863 3036 5926 propter
3056 5856 3194 5927 quod
3215 5846 3427 5909 locutus
3484 5847 3493 5855 ’

1847 5966 1987 6016 sum;
2044 5960 2094 6004 et
2139 5967 2231 6005 nos
2285 5949 2568 6017 credimus,
2623 5956 2832 6018 propter
2880 5948 3014 6019 quod
3066 5956 3118 6004 et
3164 5947 3424 6019 loquimur
