4050 6468
690 476 795 534 815

1776 463 1837 517 S.
1879 453 2241 514 FULGENTH
2280 452 2578 510 EPISCOPI
2614 447 2982 507 RUSPENSIS
3759 451 3829 506 8M

695 589 781 662 (11
805 586 924 643 Cor.
957 601 1029 651 tv,
1064 582 1182 655 l3),
1213 577 1535 637 concordem
1565 576 1755 631 beatus
1782 571 1946 626 David
1974 567 2253 639 proferens
2283 572 2330 629 Α
2359 564 2582 619 forsitan
2621 561 2993 633 respondebis,
3027 560 3124 613 ista
3175 555 3350 612 uiuida
3393 557 3456 612 de
3496 556 3645 614 Patris
3677 567 3831 617 tantum

696 658 745 735 in
778 679 879 733 tide
899 686 954 733 et
967 677 1195 732 veritate
1214 670 1556 734 sententiam,
1579 666 1738 721 dicit:
1763 662 2121 732 Conﬁteantur
2148 658 2261 725 tibi,

699 774 938 837 Domine,
963 770 1137 824 omnia
1165 779 1335 837 opera'
1352 773 1460 828 tua,
1487 769 1536 814 et
1561 758 1730 812 sancti
1761 751 2258 809 tui«benedicant.te.

698 865 931 920 Gloriam
951 861 1094 931 regni
1123 859 1195 911 tui
1233 857 1422 919 dicent,
1468 861 1518 905 et
1546 847 1828 920 potentiam
1865 854 2002 897 tuam
2033 856 2264 912 pronun-

701 954 918 1010 tiabunt.
970 951 1036 1006 Ut
1075 957 1252 1004 notam
1291 946 1488 1017 faciant
1523 941 1650 1012 filiis
1686 938 1949 991 hominum
1985 933 2267 1004 potentiam

701 1066 859 1115 mam,
891 1054 940 1100 et
964 1044 1186 1115 gloriam
1212 1037 1611 1111 magniﬁcentia:
1624 1034 1771 1105 regni
1798 1032 1868 1085 tui
1895 1028 2068 1099 (Psal.
2092 1041 2266 1089 cxuv,

701 1142 786 1203 10,
821 1139 910 1206 ll,
945 1135 1053 1205 12).
1094 1133 1160 1186 Et
1196 1146 1264 1185 ne
1293 1136 1571 1200 putaretur
1606 1126 1710 1179 hoc
1737 1123 1804 1177 ad
1833 1133 2118 1191 personam
2151 1115 2268 1170 Filii

703 1231 1005 1284 nullatenus
1016 1224 1303 1296 pertinere,
1324 1221 1429 1275 alio
1446 1219 1566 1273 loco
1590 1216 1662 1269 illi
1681 1215 1791 1268 Deo
1805 1211 2030 1266 dandam
2049 1207 2270 1276 gloriam

705 1318 834 1373 dicit
859 1316 951 1385 qui
991 1329 1154 1384 super
1179 1311 1372 1368 cmlum
1402 1307 1658 1363 etelorum
1706 1301 1962 1357 ascendit.
2012 1297 2103 1353 Sic
2131 1296 2273 1350 enim

703 1411 779 1465 ait
801 1425 815 1461 :
842 1406 1019 1477 Regna
1043 1414 1209 1467 terrm,
1235 1408 1438 1455 cantate
1466 1398 1591 1462 Deo,
1615 1394 1820 1463 psallite
1844 1390 2082 1445 Domino.
2119 1387 2273 1441 Psal-

667 1540 671 1545 .
702 1502 793 1554 lite
817 1497 926 1552 Deo
954 1497 1037 1567 qui
1060 1493 1290 1547 ascendit
1312 1506 1463 1560 super
1481 1488 1632 1541 caelos
1656 1485 1894 1539 calorum
1919 1480 1987 1534 ad
2002 1480 2271 1535 orientem.

707 1591 837 1644 Ecce
863 1588 1005 1642 dabit
1032 1602 1204 1642 vocem
1232 1598 1379 1637 suam
1404 1596 1572 1634 vocem
1599 1577 1800 1630 virtutis
1840 1591 1859 1628 :
1908 1573 2029 1625 date
2054 1570 2274 1640 gloriam

701 1682 813 1736 Deo
836 1680 1006 1751 (Psal.
1038 1692 1199 1737 vau,
1232 1674 1319 1737 55,
1352 1672 1439 1736 54,
1472 1669 1582 1739 55).
1624 1667 1682 1720 In
1709 1681 1818 1735 quo
1845 1664 1989 1726 loco,
2020 1662 2066 1716 si
2089 1660 2278 1716 oculos

703 1779 915 1827 vestros
944 1766 1269 1823 inﬁdelitatis
1295 1763 1465 1831 caligo
1505 1775 1612 1813 nou
1658 1756 1889 1835 claudat,
1944 1766 2165 1809 necesse
2194 1760 2278 1805 est

682 1872 762 1918 ,ιιι
783 1868 941 1918 recta:
970 1858 1091 1913 ﬁdei
1118 1855 1270 1911 vobis
1294 1852 1485 1907 veritas
1507 1851 1828 1903 innotescat.
1843 1844 1989 1906 ,Nam
2010 1842 2134 1912 quia
2158 1856 2274 1902 nos,

2367 656 2537 725 accipi
2558 655 2754 709 debere
2775 668 3021 723 persona.
3042 649 3141 705 Ubi
3164 650 3386 720 primum
3407 650 3702 705 considerare
3719 653 3834 709 debes

2353 749 2498 801 illud
2545 746 2686 816 quod
2739 745 2963 813 legimus
3000 759 3031 797 a
3065 751 3297 812 quatuor
3347 742 3636 797 animalibus
3671 743 3832 810 dictum,

2372 838 2471 903 Qui
2496 839 2610 911 fuit,
2642 848 2691 892 et
2717 847 2814 904 est,
2839 846 2889 891 et
2915 847 3154 891 venturus
3173 842 3269 900 est,
3297 835 3460 903 magis
3478 835 3599 891 Filio
3625 851 3751 904 quam
3771 840 3835 892 Pa-

2370 930 2439 983 tri
2468 937 2795 998 competere.
2830 927 3022 981 Filium
3045 926 3187 980 enim
3212 934 3508 989 venturum,
3534 933 3584 979 et
3621 925 3783 982 Veteris
3800 939 3836 984 et

2370 1019 2503 1074 Novi
2550 1026 2880 1088 protestatur
2926 1017 3094 1072 series
3121 1015 3461 1070 Testamenti.
3482 1015 3552 1069 lbi
3589 1024 3733 1071 autem
3753 1018 3840 1072 dici-

2371 1116 2476 1171 tur,
2501 1107 2570 1159 Et
2595 1124 2708 1159 cum
2737 1107 2919 1159 darent
2952 1106 3045 1159 illa
3085 1105 3333 1158 animalia
3363 1104 3569 1174 gloriam
3598 1114 3640 1157 et
3662 1106 3837 1159 honorem

2371 1206 2419 1251 et
2448 1199 2672 1267 gratiam
2697 1196 2895 1250 sedenti
2921 1198 2975 1249 in
3007 1196 3208 1257 throno,
3239 1195 3420 1248 riventi
3465 1196 3516 1247 in
3547 1196 3706 1249 sarcula
3728 1213 3840 1250 secu-

2372 1289 2562 1344 lorum.
2601 1288 2801 1343 Sedere
2843 1295 3022 1341 autem
3078 1288 3130 1339 in
3185 1286 3379 1340 throno
3418 1284 3593 1338 Filium
3616 1287 3840 1342 nullatenus

2375 1392 2556 1446 negas,
2589 1378 2675 1433 cui
2704 1379 2893 1432 beatus
2914 1377 3077 1431 David
3105 1377 3251 1439 dicit,
3287 1375 3512 1430 Thronus
3532 1384 3649 1442 tuus,
3675 1375 3788 1439 Deus,
3805 1378 3839 1430 in

2375 1464 2621 1524 steculum
2648 1470 2823 1525 stecnli
2850 1468 3022 1539 (Psal.
3048 1485 3189 1532 κων,
3221 1466 3298 1536 7).
3342 1466 3602 1522 Viventem
3627 1482 3787 1537 quoque
3806 1470 3840 1521 in

2374 1560 2568 1614 saecula
2605 1561 2926 1614 saeculorum
2972 1558 3162 1613 Filium
3192 1559 3237 1613 si
3281 1559 3368 1613 hic
3395 1558 3686 1627 appellatum
3703 1572 3842 1626 tegare

2375 1654 2529 1718 velis,
2580 1654 2746 1721 ipsius
2792 1653 2913 1707 Filii
2960 1667 3211 1706 sermone
3257 1650 3607 1713 convinceris,
3633 1649 3705 1717 qui
3724 1650 3843 1703 eidem

2379 1744 2539 1800 beato
2584 1743 2778 1799 Joanni
2805 1744 2940 1799 dixit
2965 1762 2978 1796 :
3005 1741 3132 1797 Noli
3162 1744 3355 1796 timere.
3389 1740 3496 1812 Ego
3523 1754 3622 1795 sum
3652 1726 3843 1810 primunt

2380 1836 2706 1901 novissimus,
2736 1844 2784 1888 et
2811 1835 2950 1887 vivus
2979 1833 3063 1904 qui
3111 1834 3186 1904 fui
3215 1842 3443 1886 mortuas
3471 1847 3489 1884 :
3523 1840 3570 1884 et
3592 1846 3685 1883 ecce
3699 1831 3844 1883 suntsi-

676 1961 1132 2011 .cum-canta‘mus
1160 1955 1214 2002 et
1242 1944 1515 2016 psallimus
1537 1981 1552 2007 ,
1583 1942 1721 1995 sicut
1747 1936 1972 2006 gloriam
1996 1932 2139 1987 Patri
2157 1973 2172 1999 ,
2198 1930 2278 1985 sic
2310 1935 2352 1992 Β
2380 1941 2499 2016 rens
2531 1926 2585 1978 in
2618 1928 2807 1979 stecula
2836 1924 3136 1978 saeculorum
3169 1923 3360 1993 (Apoc.
3389 1939 3432 1987 ι,
3458 1921 3538 1987 l7,
3564 1920 3664 1990 l8).
3689 1918 3845 1987 Quodsi

678 2046 841 2101 Filio
869 2042 1092 2113 gloriam
1118 2038 1344 2100 damus;
1387 2048 1485 2089 vos
1513 2039 1691 2085 autem
1730 2043 1852 2083 cum
1881 2023 2130 2086 cantatis,
2169 2036 2276 2075 non

706 2112 931 2206 gloriam
960 2130 1105 2185 Patri
1136 2138 1194 2184 et
1218 2126 1379 2188 Filio,
1409 2122 1503 2179 sed
1531 2121 1755 2190 gloriam
1784 2116 1928 2171 Patri
1959 2130 2058 2185 per
2084 2112 2278 2166 Filium

702 2201 883 2282 datis:
914 2223 1017 2277 hoc
1062 2220 1171 2288 egit
1196 2218 1387 2288 plenus
1421 2209 1746 2283 Spiritchi
1772 2206 2035 2277 prOphcta
2061 2201 2282 2258 sanctis-

707 2318 893 2379 simus,
907 2320 1040 2368 utet
1059 2324 1157 2365 nos
1177 2314 1457 2364 cantantes
1477 2311 1636 2371 atque
1659 2299 1963 2370 psallentes,
1980 2302 2136 2350 recte
2152 2294 2281 2347 dare

711 2406 936 2475 gloriam
973 2401 1121 2456 Patri
1146 2397 1366 2454 eLFilio
1396 2394 1744 2457 ostenderet;
1793 2398 1849 2445 et
1890 2403 1991 2443 .vos
2027 2385 2119 2455 qui
2142 2400 2281 2439 .can—

711 2473 892 2550 tantes
951 2501 1008 2547 et
1070 2489 1400 2561 psallentes,
1457 2483 1684 2552 gloriam
1731 2480 1843 2536 Deo
1888 2477 1978 2547 qui
2040 2473 2283 2531 ascendit

707 2587 866 2659 6&5
885 2599 1046 2654 super
1064 2581 1258 2637 cmlum
1280 2578 1536 2633 omlorum
1547 2589 1673 2628 non
1695 2571 1854 2635 datis,
1884 2570 2121 2636 ingratos
2151 2580 2282 2620 con-

708 2657 1056 2743 tumacesque
1095 2676 1443 2726 monstraret.
1493 2661 1832 2718 Prtevidebat
1885 2660 2029 2714 enim
2092 2657 2282 2711 beatus

672 2826 677 2829 _
711 2765 894 2828 David,
926 2764 1037 2818 Deo
1064 2760 1210 2814 Patri
1238 2756 1465 2826 gloriam
1518 2768 1628 2808 non
1675 2751 1848 2807 solum
1890 2763 1925 2802 a
1967 2744 2284 2801 Christianis

709 2855 1009 2919 catholicis,
1040 2866 1226 2906 verum
1256 2848 1416 2903 etiam
1464 2844 1532 2899 ab
1561 2842 1828 2898 haereticis
1872 2838 2279 2897 decantandam.

676 3010 679 3013 _
711 2948 830 3003 Illos
857 2959 986 3015 ergo
1011 2939 1380 2999 admonendos
1407 2935 1862 3003 corrigendosque
1893 2932 2119 2994 curavit,
2149 2944 2285 3000 quos

708 3036 911 3091 sciebat
944 3034 998 3087 in
1029 3030 1253 3087 canticis
1281 3036 1337 3083 et
1381 3025 1599 3097 psalmis
1637 3024 1862 3093 gloriam
1893 3021 2028 3075 Filio
2056 3029 2283 3087 negatu-

680 3144 837 3192 .J'os,;
871 3125 991 3181 ideo
1020 3123 1152 3179 dicit
1179 3139 1191 3175 :
1247 3119 1426 3191 Regna
1452 3104 1636 3183 terrae,
1667 3122 1874 3168 cantate
1917 3110 2049 3178 Deo,
2080 3110 2286 3178 psallite

708 3220 951 3274 Domino.
989 3214 1209 3270 Psallite
1230 3212 1339 3266 Deo
1379 3212 1463 3281 qui
1493 3207 1726 3265 ascendit
1744 3222 1896 3275 super
1922 3203 2104 3258 caelum
2126 3202 2279 3256 αιτιο-

2378 2014 2553 2068 adhuc
2571 2014 2844 2068 existimas
2865 2012 3288 2082 repugnandum,
3307 2020 3362 2065 et
3383 2028 3485 2067 non
3506 2012 3578 2065 vis
3604 2012 3689 2065 hoc
3711 2011 3845 2064 dictum

2379 2118 2498 2158 csse
2524 2104 2592 2159 de
2621 2103 2776 2168 Filio,
2809 2104 2932 2157 audi
2953 2104 3078 2174 quid
3102 2105 3155 2157 in
3182 2103 3616 2171 subsequentibus
3640 2101 3749 2156 idem
3767 2101 3846 2155 bea—

2381 2203 2467 2250 tus
2490 2195 2725 2251 Joannes
2752 2195 3029 2265 apostolus
3056 2196 3199 2250 dicat
3229 2214 3242 2249 :
3277 2194 3347 2249 Et
3375 2196 3493 2261 vidi,
3520 2196 3685 2265 inquit,
3721 2202 3757 2247 et
3789 2210 3846 2245 au-

2385 2288 2487 2342 divi
2504 2289 2638 2342 velut
2661 2304 2830 2343 vocem
2856 2288 3128 2342 multorum
3144 2288 3444 2358 angelorum
3461 2288 3513 2340 in
3527 2287 3705 2339 circuitu
3717 2284 3846 2343 throni.

2383 2389 2431 2432 et
2484 2381 2537 2432 in
2589 2381 2804 2434 circuitu
2852 2380 3174 2443 animalium,
3204 2388 3253 2432 et
3304 2379 3441 2432 circa
3467 2377 3686 2431 seniores.
3710 2374 3761 2428 Et
3779 2382 3849 2426 erat

2385 2487 2628 2524 numerus
2650 2487 2827 2526 eorum
2846 2472 3007 2524 millia
3029 2470 3262 2533 millium,
3288 2469 3556 2523 dicentium
3578 2483 3680 2520 voce
3700 2478 3848 2535 magna:

2383 2558 2584 2629 Dignus
2607 2567 2685 2612 est
2712 2558 2886 2629 Agnus
2913 2559 2999 2629 qui
3022 2558 3219 2611 occisus
3249 2568 3328 2611 est
3356 2558 3577 2626 accipere
3617 2562 3851 2625 potestatem,

2381 2658 2430 2702 et
2452 2650 2672 2713 divitias,
2695 2658 2743 2703 et
2769 2650 3097 2719 sapientiam,
3125 2657 3173 2702 et
3194 2649 3544 2718 fortitudinem
3564 2646 3719 2717 646,
3739 2653 3775 2697 et
3793 2644 3852 2695 lto-

2383 2758 2579 2806 norem,
2610 2750 2660 2795 et
2683 2741 2922 2811 gloriam,
2952 2750 3002 2793 et
3029 2739 3456 2793 benedictionem.
3488 2736 3552 2791 Et
3576 2752 3744 2792 omnem
3762 2749 3853 2787 crta-

2383 2841 2553 2887 turam
2581 2849 2695 2904 qua:
2721 2843 2796 2887 est
2824 2834 2879 2886 in
2907 2833 3067 2896 uelis,
3111 2840 3160 2886 et
3199 2832 3252 2889 in
3283 2841 3444 2898 terra,
3470 2840 3517 2885 et
3537 2830 3688 2885 subtus
3711 2823 3854 2890 terrain,

2384 2931 2430 2975 et
2478 2938 2590 2993 qua:
2616 2930 2693 2976 est
2719 2922 2774 2975 in
2818 2923 2970 2987 mari,
2999 2929 3051 2976 et
3096 2937 3409 2993 qutecunque
3435 2929 3549 2977 sunt
3573 2923 3621 2974 in
3643 2921 3719 2980 eis,
3743 2931 3857 2971 omna

2385 3015 2555 3069 audiui
2597 3013 2822 3068 dicentes
2854 3028 2872 3066 :
2911 3012 3122 3067 Sedenti
3150 3013 3205 3067 in
3233 3014 3387 3077 solio,
3411 3022 3459 3067 et
3485 3012 3618 3083 Agna
3640 3008 3857 3066 benedictio,

2384 3115 2432 3158 et
2460 3105 2646 3172 honor,
2671 3113 2719 3157 et
2744 3104 2940 3175 gloria,
2971 3113 3019 3179 et
3047 3111 3273 3173 potestas
3298 3104 3372 3157 .in
3411 3102 3592 3157 stecula
3620 3098 3859 3155 sarculum.

2362 3194 2455 3250 -Et
2482 3204 2703 3267 quatuor
2728 3197 2979 3250 animalia
3007 3194 3245 3250 dicebant
3273 3211 3291 3248 :
3322 3196 3484 3248 Amen
3512 3195 3672 3265 (Apoc,
3704 3206 3746 3254 v,
3766 3186 3808 3243 ll
3829 3194 3859 3238 tt

710 3329 826 3367 rum
850 3310 921 3364 ad
941 3309 1207 3365 orientem.
1229 3304 1361 3359 Ecce
1389 3303 1533 3357 dabit
1551 3317 1720 3361 uocem
1748 3315 1896 3353 suam
1921 3312 2092 3351 vocem
2120 3294 2281 3348 virtu-
2309 3302 2355 3364 ρ
2386 3296 2538 3359 δρψ).
2564 3286 2765 3342 Saltem
2794 3302 2957 3353 nunc,
3003 3286 3253 3351 Fabiane,
3289 3302 3552 3357 cognosce
3592 3292 3765 3356 quanta:
3798 3280 3860 3333 im-

682 3401 775 3455 .tis
806 3415 823 3452 :
854 3398 971 3451 date
997 3393 1371 3467 gloriamDeo.
1421 3390 1699 3460 Tanquam
1729 3388 1971 3443 diceret:
2005 3383 2128 3439 Scio
2156 3383 2280 3451 quia

707 3503 899 3544 inlices
911 3487 1022 3541 Deo
1043 3485 1194 3539 Patri
1224 3483 1449 3538 cantatis
1466 3489 1519 3536 et
1539 3479 1784 3550 psallitis,
1810 3485 1866 3533 et
1890 3481 2170 3532 cantantes
2198 3479 2282 3526 at-

708 3592 814 3647 que
851 3574 1151 3646 psallentes
1165 3574 1216 3627 ei
1255 3571 1483 3641 gloriam
1519 3570 1690 3635 datis;
1734 3566 1830 3622 sed
1856 3566 2144 3637 psallentes
2171 3563 2284 3618 Deo

708 3667 875 3737 Patri,
921 3666 1079 3723 simul
1128 3664 1240 3720 Deo
1291 3663 1425 3718 Filio
1477 3662 1720 3732 psallite;
1770 3667 1826 3715 et
1868 3657 2014 3713 Patri
2060 3656 2283 3725 gloriam

707 3758 916 3822 dantes,
948 3757 1060 3811 Deo
1080 3755 1170 3824 qui
1194 3752 1438 3809 ascendit
1466 3766 1629 3821 super
1656 3750 1850 3806 caelum
1878 3747 2136 3804 caelorum
2166 3745 2281 3813 glo-

707 3848 842 3905 riam
868 3848 1010 3903 date.
1044 3845 1157 3901 Hoc
1184 3852 1268 3901 est
1309 3843 1455 3913 quod
1502 3856 1602 3899 nos
1629 3840 1910 3904 facientes,
1957 3837 2284 3908 propheticis

684 3940 988 3996 .obedimus
1016 3936 1246 3993 oraculis
1273 3952 1286 3987 :
1319 3933 1465 4003 quod
1492 3946 1615 3997 cum
1644 3945 1743 3987 vos
1771 3945 1878 3985 non
1924 3926 2283 3992 facitis,.ﬁdei

679 4078 691 4105 ι.
700 4031 1093 4105 prophetarum
1132 4024 1526 4082 contumaciter
1571 4018 2148 4093 repugnatis..Certum
2202 4027 2285 4074 est

705 4125 867 4194 igitur
891 4136 997 4177 non
1026 4117 1129 4175 soli
1174 4116 1319 4171 Patri
1363 4115 1589 4185 gloriam
1619 4111 1921 4177 dicendam,
1960 4110 2064 4183 sed
2122 4110 2283 4164 etiam

682 4214 869 4271 .Filio.
896 4210 1004 4267 Sed
1049 4208 1271 4263 ne.istis
1312 4206 1632 4262 testimoniis
1672 4205 1893 4260 omnino
1922 4202 2172 4267 convicti,
2202 4201 2284 4256 di-

678 4343 685 4357 ..
706 4303 839 4360 catis
859 4299 1075 4372 quidem
1096 4298 1325 4367 dandam
1348 4311 1468 4351 esse
1488 4295 1711 4364 gloriam
1732 4293 1890 4360 Filio,
1920 4296 2014 4348 sed
2035 4307 2143 4347 non
2163 4306 2284 4347 cum

706 4394 867 4451 datur
894 4390 1073 4457 Patri,
1105 4390 1265 4444 etiam
1304 4388 1357 4442 in
1401 4385 1716 4441 hocsdivina
1744 4386 1897 4442 vobis
1935 4385 2138 4440 resistit
2189 4400 2285 4439 au-

708 4486 955 4548 ctoritas,
989 4497 1107 4554 qua:
1136 4481 1283 4535 Patri
1312 4488 1373 4534 et.
1386 4478 1522 4534 Filio
1548 4493 1707 4532 unam
1728 4477 1952 4547 gloriam
1980 4476 2087 4532 dici
2104 4492 2135 4531 a
2162 4491 2286 4531 san-

682 4577 808 4636 .ctis
828 4572 1041 4643 .angelis
1061 4571 1401 4639 demonstrat
1432 4568 1488 4623 in
1516 4568 1674 4626 caelo.
1702 4566 1889 4636 Hujus
1916 4566 1992 4622 rei
2026 4566 2175 4621 testis
2203 4577 2286 4622 est

2387 3380 2601 3449 pietatis
2629 3380 2718 3446 sit,
2751 3395 2859 3435 non
2887 3380 3059 3434 solum
3089 3379 3425 3449 apostolicis,
3464 3393 3635 3433 verum
3659 3376 3860 3429 etiamsu-

2386 3468 2569 3537 gelicis
2593 3469 2814 3525 uocibus
2857 3470 3131 3525 reluctari.
3164 3469 3304 3524 Audi
3329 3470 3491 3524 millia
3524 3468 3717 3522 millium
3738 3463 3861 3518 dicen-

2389 3562 2520 3616 tium
2545 3575 2896 3630 vocesmagna
2929 3578 2942 3613 :
2977 3560 3177 3631 Dignus
3222 3569 3302 3615 est
3327 3561 3502 3631 Agnus
3533 3560 3615 3630 qui
3646 3558 3863 3611 occisusest

2385 3653 2617 3722 accipere
2638 3660 2964 3722 potestatem,
2994 3660 3044 3705 et
3073 3652 3306 3716 divitias,
3348 3662 3398 3704 et
3426 3632 3724 3721 sapientiam,
3745 3642 3863 3712 cllo"

2387 3744 2672 3810 titudiuem,
2718 3752 2769 3797 et
2795 3743 3061 3807 honorem,
3108 3750 3159 3796 et
3194 3742 3438 3813 gloriam,
3464 3751 3514 3794 et
3543 3737 3864 3792 benedictionem

2389 3836 2453 3890 Et
2482 3852 2682 3892 omnem
2707 3843 2994 3889 creaturam
3022 3851 3136 3906 qua:
3172 3845 3249 3889 est
3276 3837 3333 3891 in
3372 3836 3527 3899 catis,
3555 3843 3601 3887 et
3629 3833 3674 3885 in
3706 3828 3865 3889 terra.“

2384 3926 2560 3981 subtus
2586 3936 2795 3992 terram,
2844 3934 3230 3997 etquteeunque
3276 3936 3355 3982 est
3385 3929 3438 3984 in
3465 3927 3610 3989 mari,
3638 3933 3679 3976 et
3696 3930 3866 3991 qm-

2383 4035 2478 4089 que
2496 4027 2616 4072 sunt
2642 4019 2697 4072 in
2725 4018 2819 4071 eis.
2845 4015 2913 4069 Et
2956 4031 3026 4071 ne
3052 4025 3229 4085 putes,
3261 4032 3507 4073 seorsum
3537 4014 3666 4068 Patri
3690 4019 3736 4065 ct
3765 4018 3866 4061 seor—

2384 4124 2501 4163 sum
2538 4108 2692 4173 Filio,
2723 4109 2809 4163 vel
2837 4108 3037 4178 gratias
3065 4108 3151 4176 agi
3179 4107 3400 4175 debere,
3434 4108 3515 4163 vel
3564 4104 3755 4176 gloriam
3786 4094 3868 4155 dici.

2381 4200 2507 4254 audi
2530 4200 2654 4269 quid
2680 4200 2936 4254 continuo
2959 4200 3148 4255 beatus
3162 4197 3410 4255 Joannes
3438 4197 3667 4267 adiunxit
3686 4213 3699 4248 :
3721 4192 3867 4250 0am.

2372 4289 2580 4359 inquit,
2609 4289 2782 4342 audivi
2807 4289 3073 4343 dicentes:
3107 4287 3326 4342 Sedenti
3367 4287 3589 4352 insolio,
3614 4293 3659 4340 et
3680 4284 3795 4352 Agna
3813 4275 3870 4327 δι’

2384 4381 2625 4446 nedictio,
2657 4389 2707 4434 et
2736 4380 2922 4445 honor,
2949 4388 3000 4434 et
3027 4380 3215 4451 gloria,
3247 4390 3298 4434 et
3321 4388 3548 4451 potestas
3566 4380 3616 4431 in
3643 4372 3793 4429 small
3812 4368 3873 4419 ειί

2384 4472 2632 4526 culorum.
2654 4469 2735 4524 Et
2758 4479 2976 4542 quatuor
3003 4471 3256 4524 animalia
3299 4468 3543 4525 dicebant
3562 4483 3589 4533 ςΔ
3605 4467 3759 4520 Amen.
3780 4456 3871 4512 Εωε

2385 4560 2698 4616 testimonio
2730 4559 3034 4615 devotionis
3080 4559 3338 4628 angelica:
3377 4555 3703 4627 cognoscitur
3737 4547 3872 4605 debere

708 4630 1171 4726 beatusvloannes
1211 4636 1515 4732 apostolus,
1563 4658 1656 4728 qui
1697 4659 1750 4714 in
1793 4630 2131 4728 Apocalypsi,
2163 4673 2282 4713 cum
2312 4680 2365 4742 ι)
2388 4653 2493 4709 dici
2521 4652 2746 4722 gloriam
2786 4651 2942 4707 Patri
2964 4660 3020 4707 et
3043 4651 3197 4715 Filio,
3239 4651 3444 4707 debere
3479 4648 3670 4718 gratias
3689 4642 3758 4712 agi
3776 4630 3873 4733 Ριιξὶ

704 4760 774 4815 de
796 4764 1034 4828 quatuor
1062 4752 1381 4809 animalibus
1436 4750 1771 4820 loqueretur,
1816 4749 1892 4803 ait
1921 4766 1932 4800 :
1964 4747 2034 4801 Et
2059 4757 2285 4818 quatuor

704 4852 799 4907 illa
830 4847 1079 4904 mtimalia
1104 4842 1356 4899 habebant
1374 4842 1592 4914 singula
1628 4841 1743 4895 alas
1778 4856 1930 4894 senas
1952 4841 2013 4894 in
2040 4841 2283 4905 circuitu;

706 4952 757 4998 et
776 4949 922 4997 erant
944 4940 1080 4994 intus
1102 4938 1253 5009 plena
1279 4936 1467 5000 oculis,
1488 4950 1650 5004 neque
1668 4930 1925 4986 habebant
1953 4933 2174 5002 requiem
2203 4932 2286 4987 die

702 5039 752 5088 et
781 5040 930 5103 nocte
959 5029 1205 5095 dicentia,
1249 5026 1496 5091 Sanctus,
1524 5034 1754 5092 sanctus,
1795 5034 2002 5080 sanctus
2032 5022 2284 5079 Dominus

706 5123 845 5178 Deus
880 5120 1225 5190 omnipotens,
1262 5118 1347 5188 qui
1394 5117 1510 5187 fuit,
1538 5124 1586 5170 et
1623 5126 1720 5183 est,
1742 5123 1790 5169 et
1820 5123 2061 5169 venturus
2093 5122 2186 5167 est.
2216 5112 2286 5166 Et

707 5231 822 5271 cum
845 5214 1031 5269 darent
1076 5210 1169 5265 illa
1207 5208 1459 5262 animalia
1484 5207 1705 5278 gloriam
1730 5215 1779 5260 et
1808 5207 2056 5261 honorem
2083 5214 2132 5261 et
2159 5220 2285 5275 gra-

705 5307 833 5359 tiam
859 5303 1058 5360 sedenti
1094 5302 1148 5355 in
1182 5299 1398 5363 throno,
1428 5297 1611 5352 viventi
1646 5296 1704 5350 in
1740 5296 1933 5351 swcula
1960 5295 2285 5359 steculorum,

702 5399 878 5457 statim
927 5392 1179 5450 cadebant
1213 5392 1267 5444 in
1306 5390 1491 5460 [aciem
1520 5388 1700 5458 viginti
1729 5396 1950 5459 quatuor
1976 5388 2200 5440 seniores
2230 5386 2283 5438 in

706 5495 978 5555 conspectu
1009 5484 1279 5539 throni:et
1310 5480 1598 5534 adorabunt
1629 5481 1871 5533 viventem
1891 5479 1945 5531 in
1972 5478 2162 5533 stecula
2187 5492 2288 5539 sate

700 5576 954 5640 culorum,
980 5575 1236 5627 mittentes
1265 5585 1483 5624 coronas
1505 5584 1627 5622 suas
1647 5577 1768 5621 ante
1785 5566 2022 5619 thronum
2041 5606 2057 5632 ,
2086 5574 2135 5618 et
2157 5565 2286 5620 ado-

704 5677 879 5743 rantes
905 5667 1147 5721 viventem
1164 5663 1218 5716 in
1239 5659 1430 5714 saecula
1450 5656 2012 5723 swculorum,dicentes
2036 5671 2055 5709 :
2083 5654 2285 5726 Dignus

704 5777 779 5825 cs,
808 5758 1030 5831 Domine
1061 5754 1200 5809 Deus
1231 5760 1427 5815 noster,
1454 5751 1686 5819 accipere
1713 5747 1934 5818 gloriam
1959 5754 2009 5799 et
2038 5747 2284 5801 honorem

708 5861 757 5902 et
797 5853 1138 5920 potestatem;
1182 5839 1425 5911 quoniam
1467 5848 1520 5891 tu
1559 5840 1749 5891 creasti
1792 5837 1999 5905 omnia,
2028 5845 2077 5889 et
2106 5852 2168 5902 ea:
2199 5846 2285 5889 tua

708 5942 964 5995 t-n'untatc
994 5941 1112 5988 sunt
1142 5932 1421 5989 constituta
1452 5928 1643 5997 (Apoc.
1677 5944 1751 5994 tv,
1774 5926 1806 5981 8
1830 5937 1878 5982 et
1909 5926 2067 5995 δρψ),
2102 5925 2198 5983 Hic
2229 5934 2286 5982 tu

2388 4753 2443 4800 et
2488 4744 2646 4808 Filio,
2677 4743 2874 4800 debere
2900 4743 3063 4799 etiam
3093 4758 3252 4797 unam
3287 4748 3616 4813 potestatem
3637 4734 3725 4790 dici
3759 4722 3874 4783 Patris

2387 4848 2443 4895 et
2471 4838 2609 4894 Filii.
2641 4838 2812 4894 Simul
2838 4838 2982 4893 enim
3031 4852 3219 4892 omnes
3244 4836 3440 4892 beatus
3462 4833 3687 4890 Joannes
3707 4824 3875 4880 dictum!s

2388 4930 2612 4998 audivit,
2635 4929 2848 4984 Sedenti
2869 4929 2925 4982 in
2945 4928 3096 4993 solio,
3119 4934 3170 4981 et
3191 4926 3342 4998 Agna
3373 4923 3662 4985 benedictio,
3688 4924 3729 4970 et
3749 4911 3876 4967 Ιιοιιστι

2387 5032 2435 5076 et
2455 5022 2644 5093 gloria,
2668 5029 2717 5073 et
2734 5027 2960 5091 potestas
2987 5020 3043 5073 in
3071 5018 3261 5073 stecula
3298 5016 3623 5071 saeculorum.
3643 5008 3736 5064 Isto
3753 5005 3875 5056 alue"

2388 5127 2655 5178 sermone,
2688 5126 2797 5180 quo
2851 5109 3090 5164 additum
3135 5116 3239 5175 est,
3290 5106 3362 5160 In
3409 5105 3595 5161 saecula
3631 5095 3875 5154 seculnam

2385 5205 2663 5262 evidenter
2682 5212 2958 5259 ostensum
2984 5208 3100 5268 est,
3131 5199 3253 5256 illos
3280 5198 3592 5266 angelorum
3622 5189 3702 5247 Dei
3737 5189 3877 5240 artem

2387 5296 2666 5363 societate,
2696 5309 2761 5349 ac
2782 5267 3113 5348 beatitudine
3140 5291 3431 5362 potituros,
3460 5288 3551 5358 qui
3581 5282 3731 5339 Patris
3758 5267 3878 5363 (ει-ξ·

2384 5385 2444 5439 lii
2471 5400 2634 5439 unum
2687 5383 2949 5438 honorem
3007 5387 3324 5449 agnoscunt,
3369 5357 3530 5435 unam
3558 5372 3688 5429 Patri
3723 5357 3878 5422 etFilio

2387 5475 2680 5544 gratiarum
2710 5472 2979 5528 actionem
3009 5470 3346 5541 persolvunt,
3371 5484 3531 5524 unam
3573 5461 3703 5518 Patri
3725 5466 3770 5513 et
3787 5450 3878 5507 Filio

2387 5565 2613 5633 gloriam
2640 5570 2878 5627 cantant,
2910 5577 3069 5617 unam
3098 5559 3273 5616 Patris
3319 5568 3375 5615 et
3401 5559 3521 5614 Filii
3550 5551 3877 5633 prtedicantpo'.

2388 5661 2658 5708 testatem.
2690 5650 2818 5706 Haec
2853 5651 2999 5706 enim
3027 5652 3208 5705 omnia
3236 5648 3328 5718 qui
3359 5649 3414 5703 in
3461 5623 3564 5702 hoc
3588 5638 3756 5699 saecqu
3770 5623 3878 5718 sint“

2388 5742 2532 5797 Patri
2555 5751 2609 5797 et
2636 5742 2771 5797 Filio
2796 5741 2926 5796 dare
2947 5741 3212 5807 noluerit,
3239 5715 3480 5795 omnium
3514 5732 3797 5803 angelorum.
3820 5715 3879 5771 illa

2387 5852 2504 5905 qua:
2533 5851 2693 5906 supra
2722 5844 3019 5909 memorata
3046 5842 3171 5891 sunt
3211 5834 3264 5889 in
3294 5832 3491 5896 saecula
3519 5809 3880 5909 saeculorum

2390 5927 2627 5982 centium
2666 5904 2963 5982 consortio
2992 5902 3098 5982 non
3148 5923 3388 5981 haerebit.
3423 5922 3599 5991 Neque
3637 5913 3756 5971 enim
3778 5895 3879 5960 aliud
