4050 6454
187 416 307 477 8η

1236 407 1509 471 CONTRA
1548 407 1895 467 FABIANUM
1937 405 2375 466 FRAGMENTA.

3315 406 3426 462 8l8

187 509 346 590 inilla
359 528 867 585 :eternitatedicturi
895 535 1019 582 sunt
1043 542 1250 593 omnes,
1270 525 1543 596 dequibds
1562 524 1752 591 beatus
1779 525 1828 583 Α
1862 521 2002 596 (Gal.
2034 537 2106 587 IV,
2134 521 2226 593 26)
2251 539 2263 574 :
2304 518 2461 589 cujus
2487 533 2613 590 pars
2636 532 2757 589 quae
2782 517 2943 588 hujus
2970 519 3148 575 steculi
3193 517 3428 587 peregri-

185 620 340 678 David
384 619 513 674 dicit
542 619 652 675 Deo
684 636 698 674 :
727 610 928 673 Altaria
955 627 1060 682 tua,
1089 616 1306 671 Domine
1351 619 1613 679 virtutum,
1639 612 1749 667 lies:

185 725 338 777 ntats,
358 718 409 762 et
436 707 577 762 Deus
606 724 764 762 meus.
793 706 940 762 Beati
959 722 1136 762 omnes
1158 707 1243 776 qui
1268 705 1501 759 habitant
1521 704 1574 757 in
1599 704 1773 757 doma-

184 810 285 862 tua,
305 799 361 853 in
390 797 581 853 sarcula
609 798 915 853 saeculorum
941 797 1227 851 laudabunt
1258 806 1307 850 te
1333 794 1503 864 (Psal.
1530 808 1775 859 Lxxxut,

184 886 233 960 4,
258 884 334 957 5).
357 884 493 941 Cum
522 887 664 942 enim
689 887 924 955 mquales
950 886 1156 955 angelis
1185 885 1281 940 Dei
1309 883 1630 953 erunt(Luc.
1658 899 1749 947 xx,

181 974 304 1047 36),
332 982 539 1030 certum
567 983 652 1031 est
684 990 780 1031 eos
803 974 908 1030 hoc
935 988 1056 1029 esse
1083 972 1319 1029 dicturos
1346 973 1398 1026 in
1426 971 1621 1026 saecula
1649 985 1761 1025 sa:-

180 1063 438 1129 culorum,
460 1063 603 1133 quod
634 1063 686 1118 in
727 1055 937 1119 laudem
967 1062 1062 1119 Dei
1119 1079 1332 1134 semper
1374 1063 1547 1118 sancti
1575 1062 1751 1129 angeli
1768 1099 1777 1115 λ.

179 1156 374 1212 dicunt.
390 1153 469 1210 Ne
486 1155 607 1224 quis
619 1163 800 1211 autem
816 1163 985 1225 putet,
1009 1156 1170 1211 aliam
1187 1154 1399 1210 laudem
1413 1152 1588 1209 Patris
1608 1168 1772 1220 esse,.

179 1244 331 1300 aliam
359 1243 501 1311 Filii,
533 1244 674 1300 idem
703 1245 894 1303 beatus
921 1244 1158 1301 Joannes
1204 1244 1273 1300 de
1312 1244 1397 1300 his
1440 1245 1625 1312 quiin
1663 1243 1752 1298 illa

177 1332 742 1407 atelesticﬂierusalem
781 1351 1034 1405 superna,
1066 1350 1186 1404 qua:
1241 1334 1436 1390 domus
1485 1333 1581 1389 Dei
1633 1343 1769 1398 est,

176 1417 528 1491 lnbitant,.'et
554 1426 801 1482 insaecula
819 1426 1135 1482 seculorum
1155 1425 1666 1490 laudabunt‘Deum,
1699 1426 1771 1479 ιιι-

177 1515 324 1572 libro-
354 1524 654 1572 memorato
694 1517 773 1572 sic
819 1517 948 1572 dicit
984 1534 996 1569 :
1046 1514 1178 1572 Post
1224 1516 1332 1570 haec
1392 1515 1495 1569 ridi
1551 1514 1765 1569 turbam-

177 1606 593 1679 multam,.quam
618 1606 943 1661 dinumerare
968 1622 1118 1662 nemo
1140 1614 1362 1676 poterat,
1392 1621 1459 1659 ea:
1500 1606 1638 1659 omni
1667 1620 1753 1675 ge~

178 1715 315 1766 nere,
343 1708 395 1753 et
415 1716 481 1754 ea;
509 1700 651 1754 omni
674 1698 831 1764 tribu,
862 1708 913 1753 et
938 1697 1165 1769 papula,
1183 1706 1230 1752 et
1250 1698 1452 1768 lingua,
1477 1705 1670 1752 stantes
1699 1698 1753 1749 in

175 1800 446 1862 conspectu
472 1791 666 1854 throni,
693 1800 744 1845 et
765 1792 817 1844 in
841 1797 1113 1861 conspectu
1133 1789 1267 1860 Agni
1290 1805 1307 1843 .'
1332 1797 1381 1843 et
1407 1798 1556 1843 erant
1579 1788 1753 1841 amicti

1852 612 2072 668 natione
2097 611 2327 676 laborat,
2360 618 2647 680 propterea
2677 608 2745 663 ad
2793 608 2942 663 illum
2977 607 3093 677 ejus
3134 607 3429 662 delectabi-

1852 702 1954 757 lem
1981 700 2494 769 vultum,duleequo
2514 699 2845 755 consortium
2872 707 3022 755 recto
3042 714 3199 755 cursu
3223 699 3427 765 nititur;

1850 792 1975 862 quia
2031 792 2173 846 illam
2228 799 2456 846 matrem
2486 806 2594 845 non
2622 790 2799 845 solum
2848 790 2902 844 in
2954 789 3113 845 bouis
3154 790 3430 859 operibus,
3466 796 3483 823 λ

1851 898 2036 939 verum
2064 884 2229 939 etiam
2258 883 2314 938 in
2339 883 2457 938 istis
2485 882 2732 938 laudibus
2756 881 3016 939 imitatur.
3047 880 3162 938 lloc
3184 882 3284 937 ista
3310 898 3431 937 can-

1852 982 1974 1029 tans
2013 973 2253 1028 ambulat
2288 974 2342 1028 in
2372 972 2671 1042 ﬁde,.quod
2698 973 2787 1027 illa
2809 981 3033 1028 cantans
3060 974 3349 1042 requiescit
3376 975 3430 1028 in

1852 1066 2049 1135 specie.
2083 1065 2206 1121 Iloc-
2219 1065 2321 1121 ista
2366 1080 2495 1135 pars
2520 1065 2660 1120 illius
2689 1064 2943 1121 Ecclesia:
2981 1073 3206 1120 cantans
3232 1066 3439 1122 viatica

1853 1173 1989 1227 pane
2014 1157 2293 1225 reﬁcitur,
2312 1157 2466 1226 cujus
2486 1157 2575 1212 illa
2603 1156 2936 1213 Hierusalem
2952 1158 3066 1226 jugi
3092 1167 3253 1228 atque
3278 1159 3430 1215 inde-

1854 1247 1991 1303 fessa
2022 1247 2353 1317 plenitudine
2379 1247 2624 1302 satiatur.
2650 1247 2931 1314 Quomodo
2972 1256 3150 1303 autem
3179 1264 3238 1304 se
3269 1248 3429 1303 filiani

1853 1345 2049 1391 sanetae
2068 1335 2305 1393 ctelestis
2332 1334 2673 1390 Hierusalem
2700 1335 2922 1390 credere
2944 1335 3030 1390 vel
3062 1335 3242 1391 dicere
3269 1337 3432 1393 audet
3464 1358 3467 1359 ν

1855 1423 1942 1476 illa
1970 1422 2229 1488 Ecclesia,
2260 1437 2378 1493 qua:
2402 1422 2687 1478 dicendum
2712 1437 2742 1477 a
2769 1438 2830 1477 se
2850 1439 2959 1478 non
2989 1431 3141 1492 putat
3168 1424 3220 1478 in
3252 1427 3427 1491 terris,
3496 1448 3505 1453 δ

1854 1510 1997 1581 quod
2030 1512 2121 1567 illa
2150 1521 2335 1567 sancta
2362 1519 2537 1566 mater
2564 1511 2745 1566 dicere
2791 1528 2899 1567 non
2937 1520 3118 1566 cessat
3145 1511 3199 1566 in
3244 1514 3431 1570 caelis?
3464 1554 3467 1557 .

1855 1600 1961 1655 Aut
1979 1600 2252 1670 quomodo
2273 1616 2610 1657 communem
2630 1616 2753 1657 cum
2773 1617 2837 1658 ea
2866 1603 3063 1672 poterit
3085 1603 3284 1659 habere
3303 1604 3431 1660 bea-

1857 1690 2159 1758 titudinem,
2189 1705 2309 1746 cum
2336 1704 2442 1760 qua
2470 1690 2636 1761 ipsius
2663 1689 2760 1746 Dei
2800 1706 2907 1745 non
2935 1692 3290 1746 communicat
3315 1692 3431 1749 lau-

1855 1777 2021 1833 dem?
2049 1793 2172 1833 cum
2200 1779 2384 1848 utique
2414 1778 2716 1835 nullatenus
2758 1779 2900 1835 illius
2941 1788 3143 1836 sanctae
3176 1780 3430 1838 Hierusa-
3510 1788 3517 1795 '

175 1879 335 1934 stolis-
357 1878 591 1948 albis,et
613 1879 803 1950 palmas
842 1881 1047 1952 fuerunt
1090 1879 1146 1931 in
1193 1877 1428 1933 manibus
1470 1894 1674 1942 eorum;
1703 1887 1753 1932 et

1866 1870 1959 1926 lem
1989 1870 2161 1940 possit
2209 1870 2433 1941 adipisci
2479 1871 2832 1938 consortium,
2866 1872 3106 1941 quisquis
3134 1889 3275 1929 nunc
3316 1874 3433 1941 ejus

176 1987 362 2042 magna
391 1970 616 2027 clamore
660 1970 943 2025 dicebant:
977 1968 1137 2024 Salus
1181 1968 1292 2024 Dea
1330 1977 1506 2023 nostra
1560 1967 1757 2022 sedenti

175 2076 327 2130 super
354 2059 618 2127 thronum,
637 2070 686 2115 et
720 2059 867 2133 Agna
895 2059 1079 2133 (Apoc.
1107 2075 1202 2127 vn,
1230 2060 1284 2127 9,
1310 2059 1432 2130 10).
1462 2058 1562 2114 Ubi
1591 2059 1756 2113 Deum

177 2147 411 2216 Patrem,
440 2160 496 2206 et
517 2150 745 2221 Agnum,
774 2166 940 2206 unum
969 2166 1090 2227 esse
1129 2150 1293 2206 Deum
1319 2150 1574 2205 continuo
1600 2165 1756 2205 secu-

181 2250 266 2297 tus
285 2251 390 2308 est,
414 2242 597 2299 dicens
628 2262 641 2296 :
675 2242 745 2297 Et
770 2260 946 2298 omnes
993 2242 1164 2315 angeli
1210 2242 1297 2315 qui
1321 2244 1529 2297 stabant
1561 2243 1616 2295 in
1653 2243 1754 2295 cir-

178 2333 316 2384 cuitu
361 2332 555 2401 throni,
595 2341 645 2387 et
674 2334 814 2387 circa
839 2335 1087 2397 seniores,
1138 2342 1187 2387 et
1214 2334 1355 2386 circa
1391 2341 1612 2403 quatuor
1642 2334 1757 2386 ani-

178 2419 359 2485 malia,
393 2420 838 2475 moxceciderunt
873 2423 927 2474 in
956 2423 1144 2492 faciem
1198 2437 1345 2475 suam
1393 2429 1514 2475 ante
1542 2438 1758 2491 conspe-

177 2518 314 2563 ctum
340 2510 533 2577 throni,
553 2518 601 2565 et
623 2509 964 2565 adoraverunt
990 2527 1166 2566 omnes
1188 2512 1411 2565 dicentes
1427 2528 1444 2564 :
1460 2510 1645 2565 Amen.
1664 2511 1761 2565 Be-

177 2601 406 2654 nedictio
426 2610 473 2653 et
511 2600 695 2670 gloria,
726 2610 775 2654 et
811 2601 1084 2671 sapientia,
1125 2610 1174 2655 et
1217 2603 1504 2672 gratiarum
1533 2602 1689 2666 actia,
1713 2611 1761 2657 et

180 2689 371 2755 honor,
396 2699 445 2744 et
472 2685 650 2756 virtus,
672 2698 722 2744 et
750 2690 998 2762 fortitudo
1028 2689 1137 2744 Deo
1159 2700 1335 2745 nostra
1360 2691 1414 2743 in
1442 2691 1632 2745 swcula
1659 2708 1761 2746 sa:-

180 2776 414 2831 eulorum
451 2776 637 2848 (Ibid.,
670 2777 757 2843 11,
794 2777 901 2848 12).
934 2777 1122 2833 Nonne
1151 2776 1295 2848 quod
1340 2780 1585 2849 superius
1608 2779 1760 2835 dixe-

183 2862 332 2935 rant,
356 2867 571 2923 Sedenti
617 2871 677 2924 in.
709 2869 858 2934 salio,
882 2858 943 2922 et
978 2870 1123 2940 Agna
1152 2867 1456 2934 benedictio,
1490 2881 1538 2924 et
1577 2871 1760 2936 honor,

184 2969 234 3013 et
252 2959 407 3031 61.7
428 2960 616 3033 gloria,
637 2969 687 3015 et
700 2969 925 3031 potestas
943 2961 996 3014 in
1012 2962 1201 3015 stecula
1214 2961 1547 3026 swculorum;
1576 2969 1624 3016 et
1645 2977 1765 3033 qua-

187 3062 302 3105 tuor
317 3051 566 3105 animalia
592 3050 850 3118 dicebant,
875 3051 1069 3117 Amen;
1101 3051 1205 3106 hoc
1231 3066 1371 3106 nunc
1401 3050 1542 3106 idem
1571 3066 1785 3107 omnes'

187 3139 361 3209 angeli
383 3139 482 3194 sub
504 3142 659 3196 unius
681 3139 777 3196 Dei
804 3138 1158 3210 professione,
1177 3140 1348 3210 ipsum
1360 3138 1526 3195 Deum
1541 3140 1763 3196 adoran-

1859 1975 1965 2016 uon
1990 1960 2229 2015 imitatur
2256 1960 2608 2032 obsequium;
2641 1976 2761 2016 cum
2804 1960 2920 2031 ipsa
2961 1962 3149 2017 militia
3177 1964 3428 2029 cmlestis,

1859 2059 1987 2106 nato
2013 2050 2306 2107 secundum
2350 2066 2570 2106 carnem
2614 2048 2775 2120 Filio,
2825 2067 2933 2106 non
2989 2052 3134 2107 aliud
3171 2053 3225 2108 in
3272 2054 3465 2111 terris,

1858 2146 2156 2202 cantavcrit
2182 2160 2364 2214 quam,
2397 2144 2577 2200 Gloria
2605 2148 2887 2202 inexcelsis
2916 2146 3026 2204 Dea
3055 2148 3206 2218 (Luc.
3240 2166 3296 2216 ιι,
3320 2149 3431 2222 il).

1858 2234 1916 2290 Si
1944 2235 2063 2305 quis
2092 2243 2270 2290 autem
2301 2234 2507 2303 qumrit,
2534 2235 2618 2289 cui
2651 2235 2792 2302 Deo,
2840 2235 2931 2290 illa
2969 2236 3148 2292 statim
3194 2239 3433 2307 angelica

1861 2324 2142 2380 multitudo
2163 2324 2470 2398 respondet,
2499 2323 2714 2381 Sedenti
2760 2326 2816 2380 in
2841 2326 2992 2393 salio,
3044 2335 3093 2381 et
3119 2328 3285 2398 Agna.
3320 2326 3433 2383 Hoc

1860 2418 1928 2472 ab
1967 2416 2168 2486 angelis
2194 2415 2390 2472 dicitur
2416 2415 2470 2470 in
2510 2415 2759 2485 excelsis,
2788 2416 2892 2473 hoc
2920 2418 2973 2472 in
3003 2418 3163 2473 terris
3191 2425 3436 2475 cantatur

1861 2506 1929 2561 ab
1949 2505 2253 2562 hominibus
2280 2506 2434 2561 bonae
2455 2506 2778 2573 voluntatis;
2809 2514 2871 2561 ut
2899 2508 3274 2563 ostenderetur
3301 2524 3438 2563 unus

1862 2598 2001 2652 idem
2030 2598 2145 2667 ipse
2172 2596 2434 2663 Christus,
2463 2597 2547 2652 cui
2590 2605 2644 2652 et
2672 2598 2741 2652 ab
2781 2598 2986 2665 angelis
3012 2598 3228 2666 dicitur,
3258 2597 3438 2652 Gloria

1860 2690 1913 2745 in
1934 2689 2151 2744 excelsis
2172 2688 2304 2756 Dea,
2332 2696 2387 2743 et
2416 2689 2507 2759 qui
2528 2688 2701 2744 factus
2720 2697 2802 2744 est
2826 2690 2880 2743 in
2902 2697 3044 2744 terra
3075 2706 3181 2760 pax
3209 2691 3437 2746 homini-

1862 2780 1961 2836 bus
1988 2781 2142 2835 bona:
2169 2779 2481 2835 voluntatis.
2516 2778 2639 2848 Ipse
2684 2789 2761 2833 est
2804 2781 2939 2833 enim
2971 2796 3076 2849 pax
3123 2788 3322 2844 nostra,
3352 2783 3438 2850 qui

1861 2873 1983 2943 fecit
2004 2880 2218 2941 utraque
2238 2886 2396 2924 unum
2426 2868 2638 2941 (Ephes.
2665 2885 2725 2938 ιι,
2756 2860 2971 2940 ll).Ab
3001 2870 3118 2940 ipso
3156 2885 3315 2941 quem
3343 2871 3438 2925 ha-

1860 2961 2051 3017 bemus
2101 2974 2313 3029 pacem,
2366 2958 2671 3027 accepimus
2715 2958 2911 3013 bonam
2957 2959 3312 3027 voluntatem,
3343 2974 3438 3029 per

1861 3068 2022 3125 quam
2067 3051 2210 3106 dono
2258 3051 2504 3118 gratuitae
2554 3048 2973 3125 justilicationis,
3002 3051 3167 3124 648
3212 3051 3354 3106 Patri
3385 3061 3439 3108 et

1861 3122 1997 3197 Filio
2027 3148 2082 3196 et
2108 3139 2328 3211 Spiritui
2355 3148 2545 3195 sancto
2575 3139 2665 3196 uni
2697 3139 2807 3194 Deo
2835 3122 3062 3208 gloriam
3084 3122 3348 3206 dicimus,
3380 3152 3439 3196 ut

191 3236 270 3282 tes
297 3226 536 3285 ﬁrmasse
563 3231 995 3299 cognoscuntur?
1022 3227 1257 3285 Attende
1285 3229 1436 3285 enim
1456 3230 1585 3299 quid
1608 3230 1760 3286 dixe—
1790 3256 1836 3319 ο
1866 3231 1933 3286 ad
1963 3231 2274 3300 angelorum
2303 3230 2633 3286 consortium
2662 3231 2947 3301 pervenire
2994 3231 3260 3301 possimus
3295 3250 3307 3285 :
3348 3232 3438 3287 ubi

190 3320 324 3388 rint;
355 3320 465 3376 imo
492 3320 619 3391 quid
645 3320 826 3376 dicant
853 3321 1061 3376 intente
1097 3319 1380 3377 considera
1406 3339 1419 3375 :
1444 3318 1762 3387 Benedictio,

190 3420 239 3464 et
264 3411 456 3482 gloria,
484 3421 534 3465 et
558 3412 841 3481 sapientia,
864 3421 914 3466 et
940 3413 1235 3483 gratiarum
1248 3414 1403 3478 actia,
1426 3421 1474 3466 et
1505 3411 1688 3480 honor,
1720 3422 1768 3466 et

191 3504 368 3569 virtus,
402 3513 449 3558 et
479 3503 727 3576 fortitudo
758 3500 868 3557 Dea
897 3512 1076 3557 nostra
1104 3504 1157 3557 in
1204 3504 1395 3558 saecula
1440 3503 1763 3557 swcularum.

192 3595 371 3649 Amen.
395 3594 520 3651 llzec
538 3589 716 3650 au'tem
741 3594 920 3650 omnia
944 3594 1190 3665 superius
1204 3594 1364 3650 iidem
1387 3610 1575 3650 omnes
1595 3597 1769 3665 angeli

192 3684 342 3754 Agna
375 3685 549 3741 danda
569 3700 689 3740 esse
717 3685 983 3753 dixerunt,
1015 3700 1242 3755 quorum
1272 3685 1386 3741 haec
1411 3685 1499 3740 illa
1530 3703 1634 3741 vox
1658 3703 1772 3741 ma-

193 3762 295 3843 gna
314 3784 423 3843 est,
454 3776 658 3848 Dignus
677 3785 761 3831 est
777 3778 954 3848 Agnus
979 3777 1062 3847 qui
1094 3775 1287 3829 accisus
1317 3784 1393 3829 est
1420 3777 1651 3843 accipere
1678 3794 1772 3846 pa-

196 3878 449 3935 testatem,
479 3878 529 3922 et
573 3868 796 3934 divitias,
829 3879 878 3922 et
900 3868 1207 3937 sapientiam
1238 3876 1287 3922 et
1324 3867 1699 3939 fortitudinem,
1723 3878 1771 3921 et

193 3960 515 4029 gloriam,.et
544 3957 940 4013 benedictionem
971 3975 987 4012 :
1012 3973 1130 4029 qua:
1157 3966 1349 4013 cuncta
1378 3957 1489 4013 Deo
1520 3958 1772 4013 cantinuo

196 4051 483 4118 dederunt,
514 4049 771 4115 dicentes,
795 4050 1007 4104 Sedenti
1055 4051 1107 4103 in
1137 4048 1285 4114 solio,
1319 4055 1369 4102 et
1396 4049 1542 4118 Agna
1566 4048 1773 4102 benedi-

199 4142 318 4209 ctio,
347 4151 402 4196 et
432 4140 612 4204 honor,
646 4149 695 4194 et
722 4140 890 4211 gloria
910 4181 924 4206 ,
949 4150 997 4194 et
1026 4148 1250 4211 potestas
1270 4140 1322 4192 in
1344 4138 1534 4193 sa'cula
1560 4137 1776 4193 sa'cula-

198 4247 327 4285 rum.
361 4229 511 4298 Quos
539 4229 727 4285 eadem
754 4244 939 4283 rursus
967 4230 1066 4283 sub
1092 4229 1248 4283 unius
1291 4226 1387 4282 Dei
1416 4227 1633 4282 nomine
1678 4227 1800 4303 de-p

199 4319 340 4378 disse
365 4333 651 4390 cognosce,
702 4319 1132 4390 quandoquidem
1181 4318 1539 4375 adoraverunt
1581 4317 1773 4387 Deum,

200 4412 463 4476 dicentes,
494 4413 675 4467 Amen.
720 4412 1035 4476 Benedictio,
1058 4420 1105 4466 et
1134 4412 1322 4484 gloria,
1343 4421 1392 4466 et
1422 4413 1696 4483 sapientia,
1728 4423 1777 4466 et

201 4506 492 4573 gratiarum
512 4505 670 4571 actia,
702 4512 750 4557 et
792 4505 976 4566 honor,
1014 4513 1062 4556 et
1102 4503 1279 4570 virtus,
1312 4512 1361 4557 et
1389 4504 1637 4575 fortitudo
1666 4503 1778 4558 Deo

1867 3338 2089 3378 munere
2110 3322 2513 3397 gloriﬁcationis
2534 3332 2775 3394 accepto,
2805 3323 3029 3394 gloriam
3053 3325 3258 3383 sedenti
3280 3325 3332 3381 in
3359 3343 3441 3381 so-

1867 3415 1962 3483 lio,
1993 3423 2049 3470 et
2076 3416 2228 3484 Agna
2251 3414 2361 3470 Deo
2392 3415 2653 3470 nostrain
2681 3414 2878 3470 sarcula
2907 3416 3222 3472 saeculorum
3264 3416 3442 3472 dicere

1824 3554 1827 3555 ν
1866 3507 2157 3561 valeamus.
2188 3505 2465 3561 Neminem
2488 3513 2666 3561 autem
2711 3513 2945 3572 moveat,
2975 3507 3119 3577 quod
3150 3507 3199 3563 in
3230 3508 3312 3562 his
3333 3522 3443 3563 om.

1866 3598 2024 3653 nibus
2050 3598 2182 3652 nihil
2211 3598 2411 3653 dictum
2440 3606 2524 3653 est
2559 3598 2627 3653 de
2653 3598 2854 3669 Spiritu
2882 3606 3088 3654 sancto.
3121 3596 3440 3666 Evangelica

1866 3687 2064 3759 quippe
2089 3686 2353 3753 doctrina,
2371 3685 2625 3756 quidquid
2647 3687 2922 3741 servitutis
2940 3687 3299 3742 exhibendum
3314 3704 3442 3758 pne-

1870 3777 2001 3848 cipit
2039 3776 2187 3832 Patri
2230 3783 2284 3833 et
2312 3775 2468 3840 Filio,
2499 3776 2659 3831 simul
2707 3777 3068 3834 exhibendum
3118 3779 3351 3834 ostendit
3387 3789 3442 3835 et

1869 3866 2091 3938 Spiritui
2125 3874 2332 3921 sancta.
2363 3865 2502 3933 Quid
2537 3866 2788 3924 Salvator
2818 3876 3002 3924 noster
3039 3885 3148 3925 uno
3176 3879 3446 3942 praecepto

1871 3955 2208 4022 monstravit,
2242 3955 2428 4010 dicens
2459 3974 2470 4009 :
2505 3954 2604 4020 Ite,
2640 3955 2813 4011 docete
2842 3974 3016 4012 omnes
3056 3968 3248 4029 gentes,
3275 3959 3445 4029 bapti-

1872 4054 2047 4100 zantes
2074 4062 2158 4099 eos
2182 4046 2237 4099 in
2278 4046 2483 4099 nomine
2520 4045 2691 4098 l‘atris
2721 4056 2770 4099 et
2800 4044 2927 4099 Filii
2952 4056 2999 4100 et
3027 4046 3257 4118 Spiritus
3283 4049 3446 4101 sancti

1875 4134 2091 4205 (Matth.
2124 4151 2307 4201 xxvut,
2343 4133 2461 4203 l9).
2492 4134 2645 4201 Quod
2695 4136 2879 4206 utique
2907 4136 3110 4205 dicens,
3162 4137 3449 4194 insinuavit

1874 4224 2046 4281 eidem
2071 4223 2320 4278 Trinitati
2348 4223 2506 4278 simul
2531 4238 2561 4277 a
2592 4223 2747 4279 nobis
2776 4223 2959 4280 deberi
2989 4242 3150 4282 omne
3178 4227 3451 4295 religionis

1875 4313 2211 4382 obsequium,
2234 4313 2287 4367 in
2309 4312 2462 4382 cujus
2481 4312 2699 4370 nomine
2718 4314 3061 4371 credentibus
3089 4324 3144 4372 et
3171 4316 3453 4388 baptizatis

1877 4405 2153 4463 confertur
2174 4406 2486 4463 salvationis
2515 4407 2814 4463 exordium.
2845 4408 3074 4466 Maxime
3105 4420 3283 4468 tamen
3315 4422 3370 4469 et
3399 4415 3453 4469 in

1878 4498 1970 4553 illo
2000 4498 2119 4553 loco
2158 4496 2305 4553 lsaize
2347 4498 2640 4568 prophetae,
2667 4515 2769 4553 una
2795 4500 2962 4568 gloria
2992 4500 3267 4558 Trinitatis
3297 4518 3454 4572 agno-

203 4605 383 4650 nostra
412 4596 465 4649 in
491 4596 680 4649 scecula
708 4596 1033 4650 saeculorum.
1065 4596 1246 4649 Amen.
1281 4596 1510 4651 Attende
1550 4598 1648 4651 ista
1679 4597 1778 4651 tria
1810 4613 1855 4671 ι)
1883 4590 2070 4655 SCilur,
2098 4588 2151 4642 in
2205 4604 2312 4658 quo
2351 4587 2614 4658 Seraphin
2644 4589 2895 4656 clamant,
2939 4591 3190 4658 Sanctus,
3224 4606 3453 4660 sanctus,

206 4683 343 4750 loca,
370 4693 426 4739 et
455 4686 694 4739 invenies
723 4685 1002 4739 veritatem
1028 4692 1225 4738 nostra:
1266 4684 1388 4738 ﬁdei
1417 4686 1654 4753 angelica
1685 4686 1781 4741 de-

205 4778 429 4832 votione
459 4776 674 4830 lirmari.
714 4775 867 4831 Prius
896 4776 1040 4830 enim
1078 4775 1273 4842 honor,
1298 4784 1352 4828 et
1378 4776 1571 4845 gloria,
1603 4784 1657 4831 et
1681 4777 1778 4832 be-

209 4868 469 4933 nedictio,
496 4876 552 4921 et
580 4875 840 4940 potestas,
875 4868 941 4923 ab
966 4866 1214 4922 omnibus
1241 4867 1443 4935 angelis
1462 4868 1635 4923 danda
1666 4884 1784 4923 esse

209 4957 406 5015 dicitur
434 4960 606 5027 Agna,
637 4959 687 5013 id
717 4967 798 5015 est
831 4957 1220 5025 Filiogdeinde
1251 4958 1318 5012 ab
1343 4958 1588 5013 omnibus
1615 4960 1782 5014 bene-

150 5036 161 5086 ῖ
210 5046 398 5115 dictio,
423 5056 477 5105 et
505 5050 775 5117 honor,.et
801 5056 1038 5120 potestas
1068 5064 1169 5103 una
1200 5047 1357 5103 datur
1383 5049 1589 5104 sedenti
1619 5050 1671 5104 in
1696 5067 1784 5105 so-

210 5139 304 5207 Lio,
329 5147 385 5195 et
403 5139 555 5208 Agna
584 5158 595 5192 :
628 5141 769 5210 quod
800 5139 928 5212 quid
973 5147 1055 5195 est
1085 5138 1228 5193 aliud
1255 5154 1414 5209 quam
1442 5137 1585 5194 Patri
1615 5149 1666 5195 et
1692 5141 1782 5195 Fi-

211 5230 321 5285 lio?
341 5229 471 5286 Post
498 5231 630 5295 hcce,
650 5230 972 5295 benedictio,
1015 5242 1069 5285 et
1111 5229 1305 5298 gloria,
1335 5237 1391 5284 et
1418 5230 1700 5300 sapientia,
1731 5239 1787 5287 et

208 5321 507 5389 gratiarum
529 5322 687 5386 actio,
702 5329 755 5374 et
770 5321 960 5385 honor,
979 5327 1032 5375 ot
1049 5320 1233 5386 virtus,
1249 5329 1305 5375 et
1318 5319 1569 5374 fortitudo
1581 5319 1776 5374 dantur

215 5409 309 5465 uni
335 5411 465 5476 Deo,
497 5425 615 5483 qua:
637 5410 880 5480 superius
923 5410 1047 5464 data
1076 5418 1197 5465 sunt
1226 5409 1432 5464 sedenti
1460 5409 1511 5462 in
1544 5409 1786 5472 solio,.et

209 5504 386 5570 Agna,
419 5504 471 5555 id
501 5511 601 5566 est,
633 5497 778 5554 Patri
824 5508 877 5555 et
907 5499 1058 5555 Filio.
1087 5499 1332 5568 Aguosce
1380 5498 1562 5566 igitur;
1590 5499 1795 5567 et'glo-

216 5590 349 5646 riam
378 5593 608 5648 dandam
637 5608 756 5647 esse
784 5591 939 5659 Filio,
963 5599 1017 5646 et
1047 5607 1207 5651 unam
1227 5590 1454 5659 gloriam
1485 5589 1638 5644 simul
1661 5588 1787 5643 dan-

214 5678 336 5736 dam
364 5682 509 5739 Patn'
539 5692 591 5741 et
623 5684 776 5748 Filio,
809 5691 865 5739 et
885 5699 1044 5738 unum
1078 5684 1243 5738 Deum
1276 5690 1515 5737 nostrum
1539 5697 1659 5737 esse
1686 5680 1787 5735 Pa-

217 5779 352 5824 trem
401 5782 457 5828 et
483 5773 694 5828 Filium.
722 5772 833 5827 lloc
859 5773 1000 5827 enim
1025 5773 1224 5842 jugitcr
1247 5772 1388 5827 canit
1415 5772 1501 5824 illa
1530 5786 1649 5840 qua!
1678 5787 1788 5825 sur-

213 5873 329 5916 sum
359 5873 441 5920 cst
469 5864 799 5920 Hierusalem
855 5863 1035 5926 libera,
1087 5877 1204 5928 quae
1258 5871 1338 5917 cst
1394 5868 1565 5916 mater
1602 5869 1784 5916 nostra

1879 4688 2088 4733 sanctus
2116 4677 2368 4732 Dominus
2398 4676 2536 4731 Deus
2568 4677 2797 4733 Sabaoth
2830 4679 2985 4751 (Isai.
3011 4698 3081 4749 Vt,
3107 4680 3209 4753 5);
3234 4684 3321 4738 ubi
3349 4683 3455 4737 Tri.

1882 4770 2122 4833 nitatem,
2149 4783 2310 4823 unum
2330 4769 2611 4822 Dominum
2635 4768 2802 4823 Deum
2832 4770 3139 4839 ostendunt,
3165 4772 3453 4827 continuo-

1883 4876 1988 4930 que
2029 4860 2375 4929 subjungunt,
2427 4857 2591 4912 Plena
2639 4869 2714 4914 est
2758 4862 2924 4915 anulis
2962 4870 3102 4916 terra
3130 4863 3295 4935 gloria
3323 4865 3451 4936 ejus.

1886 4949 2013 5004 Tale
2043 4949 2199 5004 nobis
2227 4948 2425 5016 aliquid
2449 4949 2610 5002 etiam
2640 4949 2804 5003 David
2834 4950 3025 5006 beatus
3054 4952 3347 5020 insinuans,
3374 4970 3458 5008 ca~

1890 5042 1969 5094 nit
2002 5056 2015 5091 :
2049 5039 2163 5093 Vox
2187 5037 2395 5092 Domini
2422 5041 2766 5109 prwparantis
2789 5057 2982 5109 carros,
3010 5051 3057 5095 ct
3086 5042 3458 5099 revelabitcon-

1891 5134 2071 5201 densa,
2103 5143 2151 5188 et
2178 5133 2232 5187 in
2255 5135 2439 5203 templo
2466 5133 2576 5203 ejus
2603 5150 2784 5188 omnes
2821 5134 2988 5188 dicent
3029 5135 3245 5206 gloriam
3276 5136 3437 5206 (Psal

1892 5224 2073 5295 x'xvng,
2104 5225 2138 5280 9
2163 5226 2202 5295 ).
2231 5222 2512 5293 Templum
2535 5239 2664 5279 vero
2693 5241 2798 5279 non
2845 5225 3019 5280 solum
3050 5222 3222 5281 Patris
3244 5236 3298 5281 ct
3320 5226 3459 5291 Filii,

1891 5330 2073 5370 verum
2104 5316 2275 5370 etiam
2298 5313 2529 5384 Spiritus
2574 5314 2744 5369 sancti
2775 5329 2874 5369 nos
2914 5329 3051 5382 esse,
3083 5316 3220 5371 sicut
3258 5317 3312 5371 in
3360 5318 3463 5374 hoc

1891 5421 2063 5476 opere
2094 5405 2209 5475 jam
2235 5395 2676 5467 memoravimus,
2709 5403 2999 5473 apostolica
3039 5405 3321 5461 conﬁrmat
3369 5422 3464 5463 au-

1890 5497 2133 5553 ctoritas.
2186 5495 2322 5550 Dicit
2367 5494 2509 5550 etiim
2561 5494 2751 5547 beatus
2794 5493 2987 5549 Paulus
3021 5513 3034 5549 :
3064 5494 3291 5552 Nescitis
3344 5499 3462 5572 quia

1866 5587 2116 5657 _membra
2167 5594 2335 5642 vestra
2381 5586 2619 5656 templum
2649 5595 2721 5639 cst
2763 5587 2816 5640 in
2847 5585 2985 5645 vobis
3016 5586 3244 5659 Spiritus
3274 5592 3458 5657 sancti,

1889 5694 2034 5751 quem
2075 5675 2268 5731 habetis
2317 5692 2348 5728 a
2378 5673 2486 5729 Deo
2529 5673 2583 5746 (I
2607 5675 2725 5730 Car.
2757 5692 2827 5741 Vl,
2864 5675 3000 5746 l9)?
3030 5678 3310 5745 Quomodo
3336 5694 3461 5747 ergo

1891 5769 2004 5823 ﬁeri
2032 5777 2228 5840 potest,
2261 5774 2318 5821 ut
2345 5766 2535 5835 gloria,
2566 5781 2685 5835 quae
2715 5767 2766 5821 in
2796 5769 2997 5838 templa
3025 5769 3196 5823 sancti
3236 5768 3464 5837 Spiritus

1890 5860 2101 5928 dicitur,
2136 5859 2234 5930 ipsi
2262 5865 2447 5915 sancto
2475 5855 2695 5929 Spiritui
2730 5858 3113 5918 nonedieatur‘t
3142 5876 3261 5916 Clllll
3286 5862 3463 5933 prole-
