  <div class='ocr_page' id='page_1' title='image "/cluster/home/n/w/nwhite01/storage/ocr_20150623/65/hvd.32044015469315/417.png"; bbox 0 0 4050 6472; ppageno 0'>
   <div class='ocr_carea' id='block_1_1' title="bbox 637 398 738 454">
    <p class='ocr_par' dir='ltr' id='par_1_1' title="bbox 637 398 738 454">
     <span class='ocr_line' id='line_1_1' title="bbox 637 398 738 454; baseline -0.02 0"><span class='ocrx_word' id='word_1_1' title='bbox 637 398 738 454; x_wconf 79' lang='grc'><strong>819</strong></span> 
     </span>
    </p>
   </div>
   <div class='ocr_carea' id='block_1_2' title="bbox 1666 392 3810 472">
    <p class='ocr_par' dir='ltr' id='par_1_2' title="bbox 1666 392 3810 472">
     <span class='ocr_line' id='line_1_2' title="bbox 1666 392 3810 472; baseline 0.006 -19"><span class='ocrx_word' id='word_1_2' title='bbox 1666 397 1723 454; x_wconf 90' lang='lat' dir='ltr'><strong>S.</strong></span> <span class='ocrx_word' id='word_1_3' title='bbox 1767 392 2126 452; x_wconf 80' lang='lat' dir='ltr'><strong>FULGENTII</strong></span> <span class='ocrx_word' id='word_1_4' title='bbox 2169 392 2471 454; x_wconf 79' lang='lat' dir='ltr'><strong>EPISCOPI</strong></span> <span class='ocrx_word' id='word_1_5' title='bbox 2496 393 2866 456; x_wconf 76' lang='lat' dir='ltr'><strong>RUSPENSIS</strong></span> <span class='ocrx_word' id='word_1_6' title='bbox 3735 411 3810 472; x_wconf 67' lang='lat'><strong>810</strong></span> 
     </span>
    </p>
   </div>
   <div class='ocr_carea' id='block_1_3' title="bbox 637 506 3810 594">
    <p class='ocr_par' dir='ltr' id='par_1_3' title="bbox 637 506 3810 594">
     <span class='ocr_line' id='line_1_3' title="bbox 637 506 3810 594; baseline 0.003 -28"><span class='ocrx_word' id='word_1_7' title='bbox 637 520 728 566; x_wconf 85' lang='lat' dir='ltr'><strong>ctu</strong></span> <span class='ocrx_word' id='word_1_8' title='bbox 751 509 1006 580; x_wconf 82' lang='lat' dir='ltr'><strong>quidquid</strong></span> <span class='ocrx_word' id='word_1_9' title='bbox 1033 508 1104 565; x_wconf 94' lang='lat' dir='ltr'><strong>ad</strong></span> <span class='ocrx_word' id='word_1_10' title='bbox 1129 507 1452 565; x_wconf 88' lang='lat' dir='ltr'><strong>laudandum</strong></span> <span class='ocrx_word' id='word_1_11' title='bbox 1481 506 1649 564; x_wconf 87' lang='lat' dir='ltr'><strong>Deum</strong></span> <span class='ocrx_word' id='word_1_12' title='bbox 1700 509 1754 562; x_wconf 90' lang='lat' dir='ltr'><strong>in</strong></span> <span class='ocrx_word' id='word_1_13' title='bbox 1778 508 1981 579; x_wconf 88' lang='lat' dir='ltr'><strong>templo</strong></span> <span class='ocrx_word' id='word_1_14' title='bbox 2010 508 2103 562; x_wconf 90' lang='lat' dir='ltr'><strong>Dei</strong></span> <span class='ocrx_word' id='word_1_15' title='bbox 2134 506 2216 563; x_wconf 91' lang='lat' dir='ltr'><strong>di-</strong></span> <span class='ocrx_word' id='word_1_16' title='bbox 2247 514 2293 568; x_wconf 85' lang='lat' dir='ltr'><strong>A</strong></span> <span class='ocrx_word' id='word_1_17' title='bbox 2325 509 2462 564; x_wconf 88' lang='lat' dir='ltr'><strong>Deus</strong></span> <span class='ocrx_word' id='word_1_18' title='bbox 2509 510 2781 577; x_wconf 79' lang='lat' dir='ltr'><strong>Sabaoth;</strong></span> <span class='ocrx_word' id='word_1_19' title='bbox 2830 511 2983 582; x_wconf 87' lang='lat' dir='ltr'><strong>plena</strong></span> <span class='ocrx_word' id='word_1_20' title='bbox 3034 518 3111 566; x_wconf 86' lang='lat' dir='ltr'><strong>est</strong></span> <span class='ocrx_word' id='word_1_21' title='bbox 3155 510 3320 566; x_wconf 85' lang='lat' dir='ltr'><strong>omnis</strong></span> <span class='ocrx_word' id='word_1_22' title='bbox 3374 521 3502 568; x_wconf 87' lang='lat' dir='ltr'><strong>terra</strong></span> <span class='ocrx_word' id='word_1_23' title='bbox 3545 528 3686 586; x_wconf 69' lang='lat' dir='ltr'><strong>9.0m</strong></span> <span class='ocrx_word' id='word_1_24' title='bbox 3730 529 3810 594; x_wconf 79' lang='lat' dir='ltr'><strong>ejus</strong></span> 
     </span>
    </p>
   </div>
   <div class='ocr_carea' id='block_1_4' title="bbox 637 600 2220 673">
    <p class='ocr_par' dir='ltr' id='par_1_4' title="bbox 637 600 2220 673">
     <span class='ocr_line' id='line_1_4' title="bbox 637 600 2220 673; baseline -0.004 -14"><span class='ocrx_word' id='word_1_25' title='bbox 637 611 783 660; x_wconf 88' lang='lat' dir='ltr'><strong>ctum</strong></span> <span class='ocrx_word' id='word_1_26' title='bbox 804 602 980 667; x_wconf 84' lang='lat' dir='ltr'><strong>fuerit,</strong></span> <span class='ocrx_word' id='word_1_27' title='bbox 1012 603 1080 659; x_wconf 91' lang='lat' dir='ltr'><strong>ab</strong></span> <span class='ocrx_word' id='word_1_28' title='bbox 1108 603 1225 673; x_wconf 89' lang='lat' dir='ltr'><strong>ipso</strong></span> <span class='ocrx_word' id='word_1_29' title='bbox 1254 603 1385 668; x_wconf 91' lang='lat' dir='ltr'><strong>Deo,</strong></span> <span class='ocrx_word' id='word_1_30' title='bbox 1408 600 1559 671; x_wconf 89' lang='lat' dir='ltr'><strong>cujus</strong></span> <span class='ocrx_word' id='word_1_31' title='bbox 1581 600 1836 672; x_wconf 91' lang='lat' dir='ltr'><strong>templum</strong></span> <span class='ocrx_word' id='word_1_32' title='bbox 1868 611 1970 662; x_wconf 89' lang='lat' dir='ltr'><strong>est,</strong></span> <span class='ocrx_word' id='word_1_33' title='bbox 1990 600 2220 654; x_wconf 86' lang='lat' dir='ltr'><strong>alienun</strong></span> 
     </span>
    </p>
   </div>
   <div class='ocr_carea' id='block_1_5' title="bbox 638 690 2223 764">
    <p class='ocr_par' dir='ltr' id='par_1_5' title="bbox 638 690 2223 764">
     <span class='ocr_line' id='line_1_5' title="bbox 638 690 2223 764; baseline -0.006 -12"><span class='ocrx_word' id='word_1_34' title='bbox 638 710 758 752; x_wconf 90' lang='lat' dir='ltr'><strong>esse</strong></span> <span class='ocrx_word' id='word_1_35' title='bbox 785 710 894 750; x_wconf 94' lang='lat' dir='ltr'><strong>non</strong></span> <span class='ocrx_word' id='word_1_36' title='bbox 943 694 1130 764; x_wconf 92' lang='lat' dir='ltr'><strong>possit.</strong></span> <span class='ocrx_word' id='word_1_37' title='bbox 1159 693 1274 749; x_wconf 81' lang='lat' dir='ltr'><strong>Hoc</strong></span> <span class='ocrx_word' id='word_1_38' title='bbox 1315 695 1495 762; x_wconf 91' lang='lat' dir='ltr'><strong>itaque</strong></span> <span class='ocrx_word' id='word_1_39' title='bbox 1542 692 1679 747; x_wconf 81' lang='lat' dir='ltr'><strong>dixit</strong></span> <span class='ocrx_word' id='word_1_40' title='bbox 1709 692 1900 747; x_wconf 90' lang='lat' dir='ltr'><strong>beatus</strong></span> <span class='ocrx_word' id='word_1_41' title='bbox 1939 690 2131 758; x_wconf 84' lang='lat' dir='ltr'><strong>David,</strong></span> <span class='ocrx_word' id='word_1_42' title='bbox 2165 698 2223 745; x_wconf 91' lang='lat' dir='ltr'><strong>ut</strong></span> 
     </span>
    </p>
   </div>
   <div class='ocr_carea' id='block_1_6' title="bbox 639 781 2224 858">
    <p class='ocr_par' dir='ltr' id='par_1_6' title="bbox 639 781 2224 858">
     <span class='ocr_line' id='line_1_6' title="bbox 639 781 2224 858; baseline -0.006 -16"><span class='ocrx_word' id='word_1_43' title='bbox 639 788 753 858; x_wconf 88' lang='lat' dir='ltr'><strong>ipsa</strong></span> <span class='ocrx_word' id='word_1_44' title='bbox 781 785 1032 854; x_wconf 90' lang='lat' dir='ltr'><strong>Trinitas,</strong></span> <span class='ocrx_word' id='word_1_45' title='bbox 1066 785 1150 842; x_wconf 91' lang='lat' dir='ltr'><strong>cui</strong></span> <span class='ocrx_word' id='word_1_46' title='bbox 1181 785 1350 853; x_wconf 80' lang='lat' dir='ltr'><strong>gloria</strong></span> <span class='ocrx_word' id='word_1_47' title='bbox 1382 784 1432 838; x_wconf 91' lang='lat' dir='ltr'><strong>iu</strong></span> <span class='ocrx_word' id='word_1_48' title='bbox 1457 783 1660 853; x_wconf 91' lang='lat' dir='ltr'><strong>templo</strong></span> <span class='ocrx_word' id='word_1_49' title='bbox 1688 782 1806 852; x_wconf 86' lang='lat' dir='ltr'><strong>ejus</strong></span> <span class='ocrx_word' id='word_1_50' title='bbox 1829 781 2047 846; x_wconf 88' lang='lat' dir='ltr'><strong>dicitur,</strong></span> <span class='ocrx_word' id='word_1_51' title='bbox 2085 796 2224 834; x_wconf 91' lang='lat' dir='ltr'><strong>unus</strong></span> 
     </span>
    </p>
   </div>
   <div class='ocr_carea' id='block_1_7' title="bbox 639 875 2226 946">
    <p class='ocr_par' dir='ltr' id='par_1_7' title="bbox 639 875 2226 946">
     <span class='ocr_line' id='line_1_7' title="bbox 639 875 2226 946; baseline -0.004 -11"><span class='ocrx_word' id='word_1_52' title='bbox 639 879 956 935; x_wconf 82' lang='lat' dir='ltr'><strong>naturaliter</strong></span> <span class='ocrx_word' id='word_1_53' title='bbox 999 894 1118 934; x_wconf 90' lang='lat' dir='ltr'><strong>esse</strong></span> <span class='ocrx_word' id='word_1_54' title='bbox 1169 877 1428 932; x_wconf 90' lang='lat' dir='ltr'><strong>Dominus</strong></span> <span class='ocrx_word' id='word_1_55' title='bbox 1455 883 1798 944; x_wconf 79' lang='lat' dir='ltr'><strong>agnoscatur.</strong></span> <span class='ocrx_word' id='word_1_56' title='bbox 1831 875 1985 942; x_wconf 83' lang='lat' dir='ltr'><strong>Quod</strong></span> <span class='ocrx_word' id='word_1_57' title='bbox 2027 883 2085 929; x_wconf 87' lang='lat' dir='ltr'><strong>ut</strong></span> <span class='ocrx_word' id='word_1_58' title='bbox 2111 875 2226 946; x_wconf 81' lang='lat' dir='ltr'><strong>ple‘</strong></span> 
     </span>
    </p>
   </div>
   <div class='ocr_carea' id='block_1_8' title="bbox 639 969 2222 1040">
    <p class='ocr_par' dir='ltr' id='par_1_8' title="bbox 639 969 2222 1040">
     <span class='ocr_line' id='line_1_8' title="bbox 639 969 2222 1040; baseline -0.002 -13"><span class='ocrx_word' id='word_1_59' title='bbox 639 974 758 1027; x_wconf 90' lang='lat' dir='ltr'><strong>nius</strong></span> <span class='ocrx_word' id='word_1_60' title='bbox 785 971 1017 1032; x_wconf 87' lang='lat' dir='ltr'><strong>noveris.</strong></span> <span class='ocrx_word' id='word_1_61' title='bbox 1068 971 1253 1026; x_wconf 82' lang='lat' dir='ltr'><strong>laudes</strong></span> <span class='ocrx_word' id='word_1_62' title='bbox 1297 970 1506 1026; x_wconf 87' lang='lat' dir='ltr'><strong>divinas</strong></span> <span class='ocrx_word' id='word_1_63' title='bbox 1536 970 1586 1024; x_wconf 93' lang='lat' dir='ltr'><strong>in</strong></span> <span class='ocrx_word' id='word_1_64' title='bbox 1611 969 1838 1025; x_wconf 86' lang='lat' dir='ltr'><strong>Psalmis</strong></span> <span class='ocrx_word' id='word_1_65' title='bbox 1858 969 2061 1040; x_wconf 84' lang='lat' dir='ltr'><strong>aspice,</strong></span> <span class='ocrx_word' id='word_1_66' title='bbox 2089 977 2144 1024; x_wconf 89' lang='lat' dir='ltr'><strong>et</strong></span> <span class='ocrx_word' id='word_1_67' title='bbox 2169 969 2222 1024; x_wconf 93' lang='lat' dir='ltr'><strong>in</strong></span> 
     </span>
    </p>
   </div>
   <div class='ocr_carea' id='block_1_9' title="bbox 639 1063 2225 1135">
    <p class='ocr_par' dir='ltr' id='par_1_9' title="bbox 639 1063 2225 1135">
     <span class='ocr_line' id='line_1_9' title="bbox 639 1063 2225 1135; baseline -0.003 -14"><span class='ocrx_word' id='word_1_68' title='bbox 639 1066 778 1121; x_wconf 91' lang='lat' dir='ltr'><strong>libro</strong></span> <span class='ocrx_word' id='word_1_69' title='bbox 815 1065 1051 1120; x_wconf 89' lang='lat' dir='ltr'><strong>Danielis</strong></span> <span class='ocrx_word' id='word_1_70' title='bbox 1101 1063 1408 1135; x_wconf 65' lang='lat' dir='ltr'><strong>prophetae,</strong></span> <span class='ocrx_word' id='word_1_71' title='bbox 1459 1064 1620 1118; x_wconf 90' lang='lat' dir='ltr'><strong>trium</strong></span> <span class='ocrx_word' id='word_1_72' title='bbox 1661 1079 1950 1134; x_wconf 92' lang='lat' dir='ltr'><strong>puerorum</strong></span> <span class='ocrx_word' id='word_1_73' title='bbox 2003 1063 2225 1119; x_wconf 90' lang='lat' dir='ltr'><strong>benedi-</strong></span> 
     </span>
    </p>
   </div>
   <div class='ocr_carea' id='block_1_10' title="bbox 640 1152 2222 1226">
    <p class='ocr_par' dir='ltr' id='par_1_10' title="bbox 640 1152 2222 1226">
     <span class='ocr_line' id='line_1_10' title="bbox 640 1152 2222 1226; baseline -0.004 -14"><span class='ocrx_word' id='word_1_74' title='bbox 640 1158 846 1212; x_wconf 92' lang='lat' dir='ltr'><strong>ctiones</strong></span> <span class='ocrx_word' id='word_1_75' title='bbox 857 1155 1139 1224; x_wconf 78' lang='lat' dir='ltr'><strong>diligenter</strong></span> <span class='ocrx_word' id='word_1_76' title='bbox 1157 1155 1372 1210; x_wconf 89' lang='lat' dir='ltr'><strong>attende</strong></span> <span class='ocrx_word' id='word_1_77' title='bbox 1399 1154 1560 1226; x_wconf 88' lang='lat' dir='ltr'><strong>(Dan.</strong></span> <span class='ocrx_word' id='word_1_78' title='bbox 1578 1171 1655 1223; x_wconf 88' lang='grc' dir='ltr'>ιιι,</span> <span class='ocrx_word' id='word_1_79' title='bbox 1676 1152 1740 1206; x_wconf 83' lang='grc'><strong>57</strong></span> <span class='ocrx_word' id='word_1_80' title='bbox 1761 1163 1810 1207; x_wconf 93' lang='lat' dir='ltr'><strong>et</strong></span> <span class='ocrx_word' id='word_1_81' title='bbox 1831 1153 1962 1224; x_wconf 82' lang='lat' dir='ltr'><strong>seq.)</strong></span> <span class='ocrx_word' id='word_1_82' title='bbox 1980 1170 1994 1219; x_wconf 91' lang='lat'><strong>;</strong></span> <span class='ocrx_word' id='word_1_83' title='bbox 2019 1161 2074 1207; x_wconf 90' lang='lat' dir='ltr'><strong>et</strong></span> <span class='ocrx_word' id='word_1_84' title='bbox 2101 1168 2222 1208; x_wconf 93' lang='lat' dir='ltr'><strong>cum</strong></span> 
     </span>
    </p>
   </div>
   <div class='ocr_carea' id='block_1_11' title="bbox 639 1246 2222 1318">
    <p class='ocr_par' dir='ltr' id='par_1_11' title="bbox 639 1246 2222 1318">
     <span class='ocr_line' id='line_1_11' title="bbox 639 1246 2222 1318; baseline -0.003 -14"><span class='ocrx_word' id='word_1_85' title='bbox 639 1250 780 1304; x_wconf 89' lang='lat' dir='ltr'><strong>inter</strong></span> <span class='ocrx_word' id='word_1_86' title='bbox 824 1249 1070 1304; x_wconf 87' lang='lat' dir='ltr'><strong>universa</strong></span> <span class='ocrx_word' id='word_1_87' title='bbox 1097 1264 1217 1318; x_wconf 76' lang='lat' dir='ltr'><strong>qua:</strong></span> <span class='ocrx_word' id='word_1_88' title='bbox 1264 1249 1402 1302; x_wconf 81' lang='lat' dir='ltr'><strong>facta</strong></span> <span class='ocrx_word' id='word_1_89' title='bbox 1432 1257 1573 1313; x_wconf 92' lang='lat' dir='ltr'><strong>sunt,</strong></span> <span class='ocrx_word' id='word_1_90' title='bbox 1619 1248 1924 1302; x_wconf 87' lang='lat' dir='ltr'><strong>nullatenus</strong></span> <span class='ocrx_word' id='word_1_91' title='bbox 1953 1246 2222 1301; x_wconf 90' lang='lat' dir='ltr'><strong>inveneris</strong></span> 
     </span>
    </p>
   </div>
   <div class='ocr_carea' id='block_1_12' title="bbox 637 1339 2220 1411">
    <p class='ocr_par' dir='ltr' id='par_1_12' title="bbox 637 1339 2220 1411">
     <span class='ocr_line' id='line_1_12' title="bbox 637 1339 2220 1411; baseline -0.003 -15"><span class='ocrx_word' id='word_1_92' title='bbox 637 1341 893 1411; x_wconf 86' lang='lat' dir='ltr'><strong>Spiritum</strong></span> <span class='ocrx_word' id='word_1_93' title='bbox 924 1348 1169 1395; x_wconf 87' lang='lat' dir='ltr'><strong>sanctum</strong></span> <span class='ocrx_word' id='word_1_94' title='bbox 1203 1340 1489 1405; x_wconf 92' lang='lat' dir='ltr'><strong>nominari,</strong></span> <span class='ocrx_word' id='word_1_95' title='bbox 1525 1353 1758 1410; x_wconf 80' lang='lat' dir='ltr'><strong>agnosce</strong></span> <span class='ocrx_word' id='word_1_96' title='bbox 1799 1339 2056 1410; x_wconf 89' lang='lat' dir='ltr'><strong>Spiritum</strong></span> <span class='ocrx_word' id='word_1_97' title='bbox 2092 1352 2220 1392; x_wconf 91' lang='lat' dir='ltr'><strong>san-</strong></span> 
     </span>
    </p>
   </div>
   <div class='ocr_carea' id='block_1_13' title="bbox 636 1428 2222 1500">
    <p class='ocr_par' dir='ltr' id='par_1_13' title="bbox 636 1428 2222 1500">
     <span class='ocr_line' id='line_1_13' title="bbox 636 1428 2222 1500; baseline -0.004 -11"><span class='ocrx_word' id='word_1_98' title='bbox 636 1443 780 1490; x_wconf 92' lang='lat' dir='ltr'><strong>ctum</strong></span> <span class='ocrx_word' id='word_1_99' title='bbox 804 1441 1103 1488; x_wconf 88' lang='lat' dir='ltr'><strong>creatorem</strong></span> <span class='ocrx_word' id='word_1_100' title='bbox 1119 1447 1258 1500; x_wconf 91' lang='lat' dir='ltr'><strong>esse,</strong></span> <span class='ocrx_word' id='word_1_101' title='bbox 1275 1448 1379 1486; x_wconf 90' lang='lat' dir='ltr'><strong>non</strong></span> <span class='ocrx_word' id='word_1_102' title='bbox 1403 1440 1671 1496; x_wconf 89' lang='lat' dir='ltr'><strong>creatum;</strong></span> <span class='ocrx_word' id='word_1_103' title='bbox 1698 1430 1960 1485; x_wconf 81' lang='lat' dir='ltr'><strong>factorem</strong></span> <span class='ocrx_word' id='word_1_104' title='bbox 1985 1428 2222 1483; x_wconf 86' lang='lat' dir='ltr'><strong>omnium</strong></span> 
     </span>
    </p>
   </div>
   <div class='ocr_carea' id='block_1_14' title="bbox 635 1524 2215 1594">
    <p class='ocr_par' dir='ltr' id='par_1_14' title="bbox 635 1524 2215 1594">
     <span class='ocr_line' id='line_1_14' title="bbox 635 1524 2215 1594; baseline -0.005 -10"><span class='ocrx_word' id='word_1_105' title='bbox 635 1543 816 1584; x_wconf 89' lang='lat' dir='ltr'><strong>rerum</strong></span> <span class='ocrx_word' id='word_1_106' title='bbox 845 1543 986 1594; x_wconf 88' lang='lat' dir='ltr'><strong>esse,</strong></span> <span class='ocrx_word' id='word_1_107' title='bbox 1015 1543 1122 1584; x_wconf 93' lang='lat' dir='ltr'><strong>non</strong></span> <span class='ocrx_word' id='word_1_108' title='bbox 1166 1525 1364 1582; x_wconf 81' lang='lat' dir='ltr'><strong>factum</strong></span> <span class='ocrx_word' id='word_1_109' title='bbox 1399 1545 1411 1580; x_wconf 91' lang='lat'><strong>:</strong></span> <span class='ocrx_word' id='word_1_110' title='bbox 1459 1535 1513 1582; x_wconf 87' lang='lat' dir='ltr'><strong>et</strong></span> <span class='ocrx_word' id='word_1_111' title='bbox 1540 1541 1608 1581; x_wconf 79' lang='lat' dir='ltr'><strong>ex</strong></span> <span class='ocrx_word' id='word_1_112' title='bbox 1637 1526 1739 1580; x_wconf 89' lang='lat' dir='ltr'><strong>hoc</strong></span> <span class='ocrx_word' id='word_1_113' title='bbox 1783 1524 2019 1592; x_wconf 89' lang='lat' dir='ltr'><strong>intellige</strong></span> <span class='ocrx_word' id='word_1_114' title='bbox 2050 1538 2215 1578; x_wconf 91' lang='lat' dir='ltr'><strong>unum</strong></span> 
     </span>
    </p>
   </div>
   <div class='ocr_carea' id='block_1_15' title="bbox 635 1613 2216 1675">
    <p class='ocr_par' dir='ltr' id='par_1_15' title="bbox 635 1613 2216 1675">
     <span class='ocr_line' id='line_1_15' title="bbox 635 1613 2216 1675; baseline -0.004 0"><span class='ocrx_word' id='word_1_115' title='bbox 635 1635 757 1675; x_wconf 90' lang='lat' dir='ltr'><strong>cum</strong></span> <span class='ocrx_word' id='word_1_116' title='bbox 789 1618 948 1674; x_wconf 84' lang='lat' dir='ltr'><strong>Patre</strong></span> <span class='ocrx_word' id='word_1_117' title='bbox 976 1627 1031 1674; x_wconf 88' lang='lat' dir='ltr'><strong>et</strong></span> <span class='ocrx_word' id='word_1_118' title='bbox 1054 1619 1189 1674; x_wconf 84' lang='lat' dir='ltr'><strong>Filio</strong></span> <span class='ocrx_word' id='word_1_119' title='bbox 1215 1617 1532 1673; x_wconf 84' lang='lat' dir='ltr'><strong>naturaliter</strong></span> <span class='ocrx_word' id='word_1_120' title='bbox 1562 1633 1679 1673; x_wconf 87' lang='lat' dir='ltr'><strong>esse</strong></span> <span class='ocrx_word' id='word_1_121' title='bbox 1707 1617 1992 1671; x_wconf 89' lang='lat' dir='ltr'><strong>Dominum</strong></span> <span class='ocrx_word' id='word_1_122' title='bbox 2023 1613 2216 1670; x_wconf 92' lang='lat' dir='ltr'><strong>Deum.</strong></span> 
     </span>
    </p>
   </div>
   <div class='ocr_carea' id='block_1_16' title="bbox 634 1707 2220 1777">
    <p class='ocr_par' dir='ltr' id='par_1_16' title="bbox 634 1707 2220 1777">
     <span class='ocr_line' id='line_1_16' title="bbox 634 1707 2220 1777; baseline -0.004 -11"><span class='ocrx_word' id='word_1_123' title='bbox 634 1708 694 1774; x_wconf 76' lang='lat' dir='ltr'><strong>In</strong></span> <span class='ocrx_word' id='word_1_124' title='bbox 724 1709 948 1765; x_wconf 87' lang='lat' dir='ltr'><strong>Psalmis</strong></span> <span class='ocrx_word' id='word_1_125' title='bbox 973 1711 1137 1777; x_wconf 89' lang='lat' dir='ltr'><strong>enim,</strong></span> <span class='ocrx_word' id='word_1_126' title='bbox 1163 1710 1252 1764; x_wconf 90' lang='lat' dir='ltr'><strong>ubi</strong></span> <span class='ocrx_word' id='word_1_127' title='bbox 1277 1710 1343 1764; x_wconf 90' lang='lat' dir='ltr'><strong>ad</strong></span> <span class='ocrx_word' id='word_1_128' title='bbox 1369 1708 1689 1764; x_wconf 89' lang='lat' dir='ltr'><strong>laudandum</strong></span> <span class='ocrx_word' id='word_1_129' title='bbox 1720 1707 2006 1762; x_wconf 90' lang='lat' dir='ltr'><strong>Dominum</strong></span> <span class='ocrx_word' id='word_1_130' title='bbox 2039 1707 2220 1762; x_wconf 90' lang='lat' dir='ltr'><strong>omnia</strong></span> 
     </span>
    </p>
   </div>
   <div class='ocr_carea' id='block_1_17' title="bbox 634 1799 2221 1875">
    <p class='ocr_par' dir='ltr' id='par_1_17' title="bbox 634 1799 2221 1875">
     <span class='ocr_line' id='line_1_17' title="bbox 634 1799 2221 1875; baseline -0.003 -17"><span class='ocrx_word' id='word_1_131' title='bbox 634 1818 755 1875; x_wconf 77' lang='lat' dir='ltr'><strong>qua:</strong></span> <span class='ocrx_word' id='word_1_132' title='bbox 780 1803 920 1857; x_wconf 82' lang='lat' dir='ltr'><strong>facta</strong></span> <span class='ocrx_word' id='word_1_133' title='bbox 965 1811 1091 1858; x_wconf 90' lang='lat' dir='ltr'><strong>sunt</strong></span> <span class='ocrx_word' id='word_1_134' title='bbox 1117 1810 1508 1868; x_wconf 87' lang='lat' dir='ltr'><strong>convocantur,</strong></span> <span class='ocrx_word' id='word_1_135' title='bbox 1540 1801 1608 1856; x_wconf 93' lang='lat' dir='ltr'><strong>ab</strong></span> <span class='ocrx_word' id='word_1_136' title='bbox 1641 1800 1844 1870; x_wconf 79' lang='lat' dir='ltr'><strong>angelis</strong></span> <span class='ocrx_word' id='word_1_137' title='bbox 1865 1800 2136 1871; x_wconf 89' lang='lat' dir='ltr'><strong>incipitur,</strong></span> <span class='ocrx_word' id='word_1_138' title='bbox 2170 1799 2221 1854; x_wconf 93' lang='lat' dir='ltr'><strong>id</strong></span> 
     </span>
    </p>
   </div>
   <div class='ocr_carea' id='block_1_18' title="bbox 2327 596 3810 684">
    <p class='ocr_par' dir='ltr' id='par_1_18' title="bbox 2327 596 3810 684">
     <span class='ocr_line' id='line_1_18' title="bbox 2327 596 3810 684; baseline 0.012 -31"><span class='ocrx_word' id='word_1_139' title='bbox 2327 596 2464 673; x_wconf 85' lang='lat' dir='ltr'><strong>(Isa.</strong></span> <span class='ocrx_word' id='word_1_140' title='bbox 2488 616 2560 668; x_wconf 79' lang='lat' dir='ltr'><strong>vr,</strong></span> <span class='ocrx_word' id='word_1_141' title='bbox 2588 603 2666 674; x_wconf 77' lang='grc'><strong>5).</strong></span> <span class='ocrx_word' id='word_1_142' title='bbox 2714 600 2866 668; x_wconf 84' lang='lat' dir='ltr'><strong>Quod</strong></span> <span class='ocrx_word' id='word_1_143' title='bbox 2894 601 2938 657; x_wconf 85' lang='lat' dir='ltr'><strong>si</strong></span> <span class='ocrx_word' id='word_1_144' title='bbox 2978 601 3081 658; x_wconf 91' lang='lat' dir='ltr'><strong>hoc</strong></span> <span class='ocrx_word' id='word_1_145' title='bbox 3103 617 3319 664; x_wconf 89' lang='lat' dir='ltr'><strong>nomen.</strong></span> <span class='ocrx_word' id='word_1_146' title='bbox 3347 606 3482 674; x_wconf 91' lang='lat' dir='ltr'><strong>quod</strong></span> <span class='ocrx_word' id='word_1_147' title='bbox 3507 619 3578 663; x_wconf 90' lang='lat' dir='ltr'><strong>est</strong></span> <span class='ocrx_word' id='word_1_148' title='bbox 3597 622 3810 684; x_wconf 86' lang='lat' dir='ltr'><strong>sanctum,</strong></span> 
     </span>
    </p>
   </div>
   <div class='ocr_carea' id='block_1_19' title="bbox 2327 693 3811 774">
    <p class='ocr_par' dir='ltr' id='par_1_19' title="bbox 2327 693 3811 774">
     <span class='ocr_line' id='line_1_19' title="bbox 2327 693 3811 774; baseline 0.011 -28"><span class='ocrx_word' id='word_1_149' title='bbox 2327 708 2434 747; x_wconf 91' lang='lat' dir='ltr'><strong>non</strong></span> <span class='ocrx_word' id='word_1_150' title='bbox 2487 708 2648 747; x_wconf 91' lang='lat' dir='ltr'><strong>unum</strong></span> <span class='ocrx_word' id='word_1_151' title='bbox 2702 708 2822 749; x_wconf 90' lang='lat' dir='ltr'><strong>esse</strong></span> <span class='ocrx_word' id='word_1_152' title='bbox 2863 702 3065 749; x_wconf 61' lang='lat' dir='ltr'><strong>sanetae</strong></span> <span class='ocrx_word' id='word_1_153' title='bbox 3115 693 3390 752; x_wconf 83' lang='lat' dir='ltr'><strong>Trinitatis</strong></span> <span class='ocrx_word' id='word_1_154' title='bbox 3427 713 3634 770; x_wconf 87' lang='lat' dir='ltr'><strong>asseras,</strong></span> <span class='ocrx_word' id='word_1_155' title='bbox 3672 716 3811 774; x_wconf 82' lang='lat' dir='ltr'><strong>restat,</strong></span> 
     </span>
    </p>
   </div>
   <div class='ocr_carea' id='block_1_20' title="bbox 2325 783 3812 866">
    <p class='ocr_par' dir='ltr' id='par_1_20' title="bbox 2325 783 3812 866">
     <span class='ocr_line' id='line_1_20' title="bbox 2325 783 3812 866; baseline 0.011 -28"><span class='ocrx_word' id='word_1_156' title='bbox 2325 783 2430 838; x_wconf 90' lang='lat' dir='ltr'><strong>hoc</strong></span> <span class='ocrx_word' id='word_1_157' title='bbox 2480 799 2676 839; x_wconf 83' lang='lat' dir='ltr'><strong>nomen</strong></span> <span class='ocrx_word' id='word_1_158' title='bbox 2730 794 2973 840; x_wconf 88' lang='lat' dir='ltr'><strong>sanctum</strong></span> <span class='ocrx_word' id='word_1_159' title='bbox 3023 786 3123 842; x_wconf 83' lang='lat' dir='ltr'><strong>soli</strong></span> <span class='ocrx_word' id='word_1_160' title='bbox 3191 795 3374 842; x_wconf 84' lang='lat' dir='ltr'><strong>sancte</strong></span> <span class='ocrx_word' id='word_1_161' title='bbox 3431 788 3629 859; x_wconf 88' lang='lat' dir='ltr'><strong>Spiritui</strong></span> <span class='ocrx_word' id='word_1_162' title='bbox 3677 799 3812 866; x_wconf 84' lang='lat' dir='ltr'><strong>(velis,</strong></span> 
     </span>
    </p>
   </div>
   <div class='ocr_carea' id='block_1_21' title="bbox 2328 874 3812 957">
    <p class='ocr_par' dir='ltr' id='par_1_21' title="bbox 2328 874 3812 957">
     <span class='ocr_line' id='line_1_21' title="bbox 2328 874 3812 957; baseline 0.009 -29"><span class='ocrx_word' id='word_1_163' title='bbox 2328 874 2484 945; x_wconf 89' lang='lat' dir='ltr'><strong>nolis)</strong></span> <span class='ocrx_word' id='word_1_164' title='bbox 2515 875 2787 944; x_wconf 86' lang='lat' dir='ltr'><strong>assignare</strong></span> <span class='ocrx_word' id='word_1_165' title='bbox 2813 877 3023 946; x_wconf 89' lang='lat' dir='ltr'><strong>cogaris</strong></span> <span class='ocrx_word' id='word_1_166' title='bbox 3047 895 3060 931; x_wconf 92' lang='lat'>:</span> <span class='ocrx_word' id='word_1_167' title='bbox 3091 877 3205 948; x_wconf 90' lang='lat' dir='ltr'><strong>ipse</strong></span> <span class='ocrx_word' id='word_1_168' title='bbox 3229 878 3368 933; x_wconf 90' lang='lat' dir='ltr'><strong>enim</strong></span> <span class='ocrx_word' id='word_1_169' title='bbox 3395 879 3447 934; x_wconf 90' lang='lat' dir='ltr'><strong>in</strong></span> <span class='ocrx_word' id='word_1_170' title='bbox 3475 877 3699 940; x_wconf 87' lang='lat' dir='ltr'><strong>Trinitate</strong></span> <span class='ocrx_word' id='word_1_171' title='bbox 3720 904 3812 957; x_wconf 89' lang='lat' dir='ltr'><strong>pro-</strong></span> 
     </span>
    </p>
   </div>
   <div class='ocr_carea' id='block_1_22' title="bbox 2324 967 3813 1042">
    <p class='ocr_par' dir='ltr' id='par_1_22' title="bbox 2324 967 3813 1042">
     <span class='ocr_line' id='line_1_22' title="bbox 2324 967 3813 1042; baseline 0.011 -20"><span class='ocrx_word' id='word_1_172' title='bbox 2324 969 2442 1038; x_wconf 90' lang='lat' dir='ltr'><strong>prie</strong></span> <span class='ocrx_word' id='word_1_173' title='bbox 2469 967 2700 1038; x_wconf 90' lang='lat' dir='ltr'><strong>Spiritus</strong></span> <span class='ocrx_word' id='word_1_174' title='bbox 2743 981 2962 1026; x_wconf 89' lang='lat' dir='ltr'><strong>sanctus</strong></span> <span class='ocrx_word' id='word_1_175' title='bbox 3005 972 3235 1038; x_wconf 91' lang='lat' dir='ltr'><strong>dicitur;</strong></span> <span class='ocrx_word' id='word_1_176' title='bbox 3280 975 3512 1042; x_wconf 84' lang='lat' dir='ltr'><strong>quamvis</strong></span> <span class='ocrx_word' id='word_1_177' title='bbox 3553 986 3603 1031; x_wconf 89' lang='lat' dir='ltr'><strong>et</strong></span> <span class='ocrx_word' id='word_1_178' title='bbox 3628 977 3754 1036; x_wconf 85' lang='lat' dir='ltr'><strong>Pater</strong></span> <span class='ocrx_word' id='word_1_179' title='bbox 3773 993 3813 1038; x_wconf 87' lang='lat' dir='ltr'><strong>et</strong></span> 
     </span>
    </p>
   </div>
   <div class='ocr_carea' id='block_1_23' title="bbox 2325 1057 3816 1134">
    <p class='ocr_par' dir='ltr' id='par_1_23' title="bbox 2325 1057 3816 1134">
     <span class='ocr_line' id='line_1_23' title="bbox 2325 1057 3816 1134; baseline 0.011 -22"><span class='ocrx_word' id='word_1_180' title='bbox 2325 1058 2492 1114; x_wconf 90' lang='lat' dir='ltr'><strong>Filius</strong></span> <span class='ocrx_word' id='word_1_181' title='bbox 2511 1057 2804 1116; x_wconf 89' lang='lat' dir='ltr'><strong>secundum</strong></span> <span class='ocrx_word' id='word_1_182' title='bbox 2835 1071 3038 1116; x_wconf 89' lang='lat' dir='ltr'><strong>rectam</strong></span> <span class='ocrx_word' id='word_1_183' title='bbox 3070 1061 3227 1117; x_wconf 86' lang='lat' dir='ltr'><strong>Iidem</strong></span> <span class='ocrx_word' id='word_1_184' title='bbox 3257 1072 3312 1118; x_wconf 92' lang='lat' dir='ltr'><strong>et</strong></span> <span class='ocrx_word' id='word_1_185' title='bbox 3337 1063 3553 1134; x_wconf 89' lang='lat' dir='ltr'><strong>Spiritus</strong></span> <span class='ocrx_word' id='word_1_186' title='bbox 3591 1078 3638 1123; x_wconf 90' lang='lat' dir='ltr'><strong>et</strong></span> <span class='ocrx_word' id='word_1_187' title='bbox 3656 1081 3816 1128; x_wconf 86' lang='lat' dir='ltr'><strong>sanctus</strong></span> 
     </span>
    </p>
   </div>
   <div class='ocr_carea' id='block_1_24' title="bbox 2325 1152 3818 1232">
    <p class='ocr_par' dir='ltr' id='par_1_24' title="bbox 2325 1152 3818 1232">
     <span class='ocr_line' id='line_1_24' title="bbox 2325 1152 3818 1232; baseline 0.01 -28"><span class='ocrx_word' id='word_1_188' title='bbox 2325 1152 2642 1206; x_wconf 86' lang='lat' dir='ltr'><strong>naturaliter</strong></span> <span class='ocrx_word' id='word_1_189' title='bbox 2691 1169 2800 1208; x_wconf 91' lang='lat' dir='ltr'><strong>non</strong></span> <span class='ocrx_word' id='word_1_190' title='bbox 2858 1161 3103 1222; x_wconf 79' lang='lat' dir='ltr'><strong>negetur.</strong></span> <span class='ocrx_word' id='word_1_191' title='bbox 3162 1152 3310 1211; x_wconf 91' lang='lat' dir='ltr'><strong>Unde</strong></span> <span class='ocrx_word' id='word_1_192' title='bbox 3367 1157 3548 1215; x_wconf 86' lang='lat' dir='ltr'><strong>beatus</strong></span> <span class='ocrx_word' id='word_1_193' title='bbox 3598 1161 3818 1232; x_wconf 80' lang='lat' dir='ltr'><strong>Apostolus</strong></span> 
     </span>
    </p>
   </div>
   <div class='ocr_carea' id='block_1_25' title="bbox 2327 1243 3820 1318">
    <p class='ocr_par' dir='ltr' id='par_1_25' title="bbox 2327 1243 3820 1318">
     <span class='ocr_line' id='line_1_25' title="bbox 2327 1243 3820 1318; baseline 0.009 -22"><span class='ocrx_word' id='word_1_194' title='bbox 2327 1257 2490 1296; x_wconf 82' lang='lat' dir='ltr'><strong>unum</strong></span> <span class='ocrx_word' id='word_1_195' title='bbox 2518 1243 2694 1298; x_wconf 90' lang='lat' dir='ltr'><strong>sciens</strong></span> <span class='ocrx_word' id='word_1_196' title='bbox 2721 1259 2917 1299; x_wconf 89' lang='lat' dir='ltr'><strong>nomen</strong></span> <span class='ocrx_word' id='word_1_197' title='bbox 2945 1259 3064 1300; x_wconf 90' lang='lat' dir='ltr'><strong>esse</strong></span> <span class='ocrx_word' id='word_1_198' title='bbox 3104 1254 3348 1301; x_wconf 91' lang='lat' dir='ltr'><strong>sanctum</strong></span> <span class='ocrx_word' id='word_1_199' title='bbox 3377 1245 3554 1316; x_wconf 87' lang='lat' dir='ltr'><strong>Patris,</strong></span> <span class='ocrx_word' id='word_1_200' title='bbox 3585 1259 3632 1305; x_wconf 90' lang='lat' dir='ltr'><strong>et</strong></span> <span class='ocrx_word' id='word_1_201' title='bbox 3653 1249 3760 1318; x_wconf 82' lang='lat' dir='ltr'><strong>Filii,</strong></span> <span class='ocrx_word' id='word_1_202' title='bbox 3783 1264 3820 1309; x_wconf 82' lang='lat' dir='ltr'><strong>et</strong></span> 
     </span>
    </p>
   </div>
   <div class='ocr_carea' id='block_1_26' title="bbox 2325 1326 3820 1406">
    <p class='ocr_par' dir='ltr' id='par_1_26' title="bbox 2325 1326 3820 1406">
     <span class='ocr_line' id='line_1_26' title="bbox 2325 1326 3820 1406; baseline 0.009 -19"><span class='ocrx_word' id='word_1_203' title='bbox 2325 1331 2555 1404; x_wconf 83' lang='lat' dir='ltr'><strong>Spiritus</strong></span> <span class='ocrx_word' id='word_1_204' title='bbox 2583 1337 2773 1401; x_wconf 89' lang='lat' dir='ltr'><strong>sancti,</strong></span> <span class='ocrx_word' id='word_1_205' title='bbox 2825 1336 2876 1390; x_wconf 93' lang='lat' dir='ltr'><strong>in</strong></span> <span class='ocrx_word' id='word_1_206' title='bbox 2926 1337 3045 1406; x_wconf 90' lang='lat' dir='ltr'><strong>ipso</strong></span> <span class='ocrx_word' id='word_1_207' title='bbox 3093 1337 3277 1394; x_wconf 84' lang='lat' dir='ltr'><strong>lideles</strong></span> <span class='ocrx_word' id='word_1_208' title='bbox 3303 1326 3608 1396; x_wconf 82' lang='lat' dir='ltr'><strong>sanetilicari</strong></span> <span class='ocrx_word' id='word_1_209' title='bbox 3649 1351 3820 1401; x_wconf 79' lang='lat' dir='ltr'><strong>testatus</strong></span> 
     </span>
    </p>
   </div>
   <div class='ocr_carea' id='block_1_27' title="bbox 2326 1425 3833 1502">
    <p class='ocr_par' dir='ltr' id='par_1_27' title="bbox 2326 1425 3833 1502">
     <span class='ocr_line' id='line_1_27' title="bbox 2326 1425 3833 1502; baseline 0.008 -22"><span class='ocrx_word' id='word_1_210' title='bbox 2326 1434 2408 1480; x_wconf 90' lang='lat' dir='ltr'><strong>est</strong></span> <span class='ocrx_word' id='word_1_211' title='bbox 2433 1425 2653 1480; x_wconf 88' lang='lat' dir='ltr'><strong>dicens:</strong></span> <span class='ocrx_word' id='word_1_212' title='bbox 2688 1425 2794 1482; x_wconf 87' lang='lat' dir='ltr'><strong>Sed</strong></span> <span class='ocrx_word' id='word_1_213' title='bbox 2841 1426 3000 1481; x_wconf 84' lang='lat' dir='ltr'><strong>abluti</strong></span> <span class='ocrx_word' id='word_1_214' title='bbox 3025 1429 3168 1492; x_wconf 89' lang='lat' dir='ltr'><strong>estis,</strong></span> <span class='ocrx_word' id='word_1_215' title='bbox 3200 1430 3290 1483; x_wconf 89' lang='lat' dir='ltr'><strong>sed</strong></span> <span class='ocrx_word' id='word_1_216' title='bbox 3329 1429 3588 1502; x_wconf 76' lang='lat' dir='ltr'><strong>justi/icon</strong></span> <span class='ocrx_word' id='word_1_217' title='bbox 3623 1449 3735 1502; x_wconf 80' lang='lat' dir='ltr'><strong>esus,</strong></span> <span class='ocrx_word' id='word_1_218' title='bbox 3757 1425 3833 1492; x_wconf 11' lang='lat' dir='ltr'><strong>sea}</strong></span> 
     </span>
    </p>
   </div>
   <div class='ocr_carea' id='block_1_28' title="bbox 2325 1518 3818 1592">
    <p class='ocr_par' dir='ltr' id='par_1_28' title="bbox 2325 1518 3818 1592">
     <span class='ocr_line' id='line_1_28' title="bbox 2325 1518 3818 1592; baseline 0.009 -23"><span class='ocrx_word' id='word_1_219' title='bbox 2325 1518 2639 1587; x_wconf 77' lang='lat' dir='ltr'><strong>sanctiﬁcati</strong></span> <span class='ocrx_word' id='word_1_220' title='bbox 2664 1520 2787 1572; x_wconf 85' lang='lat' dir='ltr'><strong>estis</strong></span> <span class='ocrx_word' id='word_1_221' title='bbox 2808 1520 2861 1572; x_wconf 91' lang='lat' dir='ltr'><strong>in</strong></span> <span class='ocrx_word' id='word_1_222' title='bbox 2883 1521 3089 1573; x_wconf 84' lang='lat' dir='ltr'><strong>nomine</strong></span> <span class='ocrx_word' id='word_1_223' title='bbox 3116 1519 3328 1574; x_wconf 83' lang='lat' dir='ltr'><strong>Domini</strong></span> <span class='ocrx_word' id='word_1_224' title='bbox 3356 1525 3513 1578; x_wconf 89' lang='lat' dir='ltr'><strong>nostri</strong></span> <span class='ocrx_word' id='word_1_225' title='bbox 3532 1524 3641 1580; x_wconf 81' lang='lat' dir='ltr'><strong>Jesu</strong></span> <span class='ocrx_word' id='word_1_226' title='bbox 3662 1525 3818 1592; x_wconf 80' lang='lat' dir='ltr'><strong>Christi,</strong></span> 
     </span>
    </p>
   </div>
   <div class='ocr_carea' id='block_1_29' title="bbox 2323 1607 3821 1686">
    <p class='ocr_par' dir='ltr' id='par_1_29' title="bbox 2323 1607 3821 1686">
     <span class='ocr_line' id='line_1_29' title="bbox 2323 1607 3821 1686; baseline 0.009 -26"><span class='ocrx_word' id='word_1_227' title='bbox 2323 1618 2373 1661; x_wconf 92' lang='lat' dir='ltr'><strong>et</strong></span> <span class='ocrx_word' id='word_1_228' title='bbox 2400 1609 2451 1661; x_wconf 93' lang='lat' dir='ltr'><strong>in</strong></span> <span class='ocrx_word' id='word_1_229' title='bbox 2478 1608 2677 1679; x_wconf 82' lang='lat' dir='ltr'><strong>Spiritu</strong></span> <span class='ocrx_word' id='word_1_230' title='bbox 2702 1607 2801 1662; x_wconf 91' lang='lat' dir='ltr'><strong>Dei</strong></span> <span class='ocrx_word' id='word_1_231' title='bbox 2826 1609 2989 1662; x_wconf 77' lang='lat' dir='ltr'><strong>nostri</strong></span> <span class='ocrx_word' id='word_1_232' title='bbox 3011 1607 3066 1680; x_wconf 86' lang='grc' dir='ltr'><strong>(Ι</strong></span> <span class='ocrx_word' id='word_1_233' title='bbox 3094 1608 3212 1664; x_wconf 88' lang='lat' dir='ltr'><strong>Cor.</strong></span> <span class='ocrx_word' id='word_1_234' title='bbox 3247 1626 3321 1679; x_wconf 80' lang='lat' dir='ltr'><strong>vr,</strong></span> <span class='ocrx_word' id='word_1_235' title='bbox 3366 1611 3472 1682; x_wconf 83' lang='lat' dir='ltr'><strong>ll).</strong></span> <span class='ocrx_word' id='word_1_236' title='bbox 3505 1613 3678 1671; x_wconf 80' lang='lat' dir='ltr'><strong>Recole</strong></span> <span class='ocrx_word' id='word_1_237' title='bbox 3707 1618 3821 1686; x_wconf 77' lang='lat' dir='ltr'><strong>igitur</strong></span> 
     </span>
    </p>
   </div>
   <div class='ocr_carea' id='block_1_30' title="bbox 2325 1698 3820 1770">
    <p class='ocr_par' dir='ltr' id='par_1_30' title="bbox 2325 1698 3820 1770">
     <span class='ocr_line' id='line_1_30' title="bbox 2325 1698 3820 1770; baseline 0.008 -18"><span class='ocrx_word' id='word_1_238' title='bbox 2325 1698 2378 1753; x_wconf 93' lang='lat' dir='ltr'><strong>in</strong></span> <span class='ocrx_word' id='word_1_239' title='bbox 2405 1715 2512 1768; x_wconf 91' lang='lat' dir='ltr'><strong>quo</strong></span> <span class='ocrx_word' id='word_1_240' title='bbox 2544 1699 2760 1755; x_wconf 91' lang='lat' dir='ltr'><strong>nomine</strong></span> <span class='ocrx_word' id='word_1_241' title='bbox 2787 1709 3031 1755; x_wconf 90' lang='lat' dir='ltr'><strong>sanctum</strong></span> <span class='ocrx_word' id='word_1_242' title='bbox 3061 1701 3326 1770; x_wconf 90' lang='lat' dir='ltr'><strong>baptisma</strong></span> <span class='ocrx_word' id='word_1_243' title='bbox 3355 1702 3526 1769; x_wconf 90' lang='lat' dir='ltr'><strong>detur,</strong></span> <span class='ocrx_word' id='word_1_244' title='bbox 3569 1715 3617 1761; x_wconf 90' lang='lat' dir='ltr'><strong>et</strong></span> <span class='ocrx_word' id='word_1_245' title='bbox 3643 1708 3820 1764; x_wconf 80' lang='lat' dir='ltr'><strong>invenies</strong></span> 
     </span>
    </p>
   </div>
   <div class='ocr_carea' id='block_1_31' title="bbox 2323 1796 3821 1868">
    <p class='ocr_par' dir='ltr' id='par_1_31' title="bbox 2323 1796 3821 1868">
     <span class='ocr_line' id='line_1_31' title="bbox 2323 1796 3821 1868; baseline 0.003 -18"><span class='ocrx_word' id='word_1_246' title='bbox 2323 1797 2577 1866; x_wconf 86' lang='lat' dir='ltr'><strong>quoniam</strong></span> <span class='ocrx_word' id='word_1_247' title='bbox 2607 1797 2659 1850; x_wconf 94' lang='lat' dir='ltr'><strong>in</strong></span> <span class='ocrx_word' id='word_1_248' title='bbox 2688 1797 2905 1852; x_wconf 91' lang='lat' dir='ltr'><strong>nomine</strong></span> <span class='ocrx_word' id='word_1_249' title='bbox 2934 1796 3125 1862; x_wconf 86' lang='lat' dir='ltr'><strong>Patris,</strong></span> <span class='ocrx_word' id='word_1_250' title='bbox 3158 1805 3213 1852; x_wconf 89' lang='lat' dir='ltr'><strong>et</strong></span> <span class='ocrx_word' id='word_1_251' title='bbox 3235 1798 3375 1862; x_wconf 88' lang='lat' dir='ltr'><strong>Filii,</strong></span> <span class='ocrx_word' id='word_1_252' title='bbox 3399 1806 3452 1854; x_wconf 87' lang='lat' dir='ltr'><strong>et</strong></span> <span class='ocrx_word' id='word_1_253' title='bbox 3471 1797 3673 1868; x_wconf 88' lang='lat' dir='ltr'><strong>Spiritus</strong></span> <span class='ocrx_word' id='word_1_254' title='bbox 3696 1801 3821 1855; x_wconf 86' lang='lat' dir='ltr'><strong>sancti</strong></span> 
     </span>
    </p>
   </div>
   <div class='ocr_carea' id='block_1_32' title="bbox 634 1884 3824 1965">
    <p class='ocr_par' dir='ltr' id='par_1_32' title="bbox 634 1884 3824 1965">
     <span class='ocr_line' id='line_1_32' title="bbox 634 1884 3824 1965; baseline -0.001 -16"><span class='ocrx_word' id='word_1_255' title='bbox 634 1903 719 1949; x_wconf 89' lang='lat' dir='ltr'><strong>est</strong></span> <span class='ocrx_word' id='word_1_256' title='bbox 766 1895 834 1950; x_wconf 91' lang='lat' dir='ltr'><strong>ab</strong></span> <span class='ocrx_word' id='word_1_257' title='bbox 887 1896 1000 1965; x_wconf 89' lang='lat' dir='ltr'><strong>ipsa</strong></span> <span class='ocrx_word' id='word_1_258' title='bbox 1047 1894 1310 1964; x_wconf 89' lang='lat' dir='ltr'><strong>sapientia</strong></span> <span class='ocrx_word' id='word_1_259' title='bbox 1340 1892 1408 1948; x_wconf 92' lang='lat' dir='ltr'><strong>de</strong></span> <span class='ocrx_word' id='word_1_260' title='bbox 1437 1905 1541 1964; x_wconf 91' lang='lat' dir='ltr'><strong>qua</strong></span> <span class='ocrx_word' id='word_1_261' title='bbox 1588 1892 1849 1962; x_wconf 89' lang='lat' dir='ltr'><strong>scriptum</strong></span> <span class='ocrx_word' id='word_1_262' title='bbox 1897 1899 2016 1946; x_wconf 89' lang='lat' dir='ltr'><strong>est:</strong></span> <span class='ocrx_word' id='word_1_263' title='bbox 2065 1888 2226 1944; x_wconf 88' lang='lat' dir='ltr'><strong>Prior</strong></span> <span class='ocrx_word' id='word_1_264' title='bbox 2257 1890 2303 1949; x_wconf 82' lang='grc' dir='ltr'><strong>Β</strong></span> <span class='ocrx_word' id='word_1_265' title='bbox 2329 1886 2694 1955; x_wconf 88' lang='lat' dir='ltr'><strong>unusquisque</strong></span> <span class='ocrx_word' id='word_1_266' title='bbox 2715 1884 3044 1955; x_wconf 88' lang='lat' dir='ltr'><strong>justilicatur</strong></span> <span class='ocrx_word' id='word_1_267' title='bbox 3086 1895 3140 1943; x_wconf 90' lang='lat' dir='ltr'><strong>et</strong></span> <span class='ocrx_word' id='word_1_268' title='bbox 3165 1887 3545 1954; x_wconf 84' lang='lat' dir='ltr'><strong>sanetilicatur,</strong></span> <span class='ocrx_word' id='word_1_269' title='bbox 3571 1891 3766 1962; x_wconf 88' lang='lat' dir='ltr'><strong>quisquis</strong></span> <span class='ocrx_word' id='word_1_270' title='bbox 3785 1895 3824 1946; x_wconf 89' lang='lat' dir='ltr'><strong>in</strong></span> 
     </span>
    </p>
   </div>
   <div class='ocr_carea' id='block_1_33' title="bbox 635 1982 2223 2054">
    <p class='ocr_par' dir='ltr' id='par_1_33' title="bbox 635 1982 2223 2054">
     <span class='ocr_line' id='line_1_33' title="bbox 635 1982 2223 2054; baseline -0.003 -14"><span class='ocrx_word' id='word_1_271' title='bbox 635 2001 864 2040; x_wconf 71' lang='lat' dir='ltr'><strong>omnium</strong></span> <span class='ocrx_word' id='word_1_272' title='bbox 887 1993 1060 2039; x_wconf 89' lang='lat' dir='ltr'><strong>creata</strong></span> <span class='ocrx_word' id='word_1_273' title='bbox 1095 1995 1170 2038; x_wconf 87' lang='lat' dir='ltr'><strong>est</strong></span> <span class='ocrx_word' id='word_1_274' title='bbox 1201 1984 1456 2054; x_wconf 80' lang='lat' dir='ltr'><strong>sapientia</strong></span> <span class='ocrx_word' id='word_1_275' title='bbox 1475 2023 1489 2048; x_wconf 92' lang='lat'><strong>,</strong></span> <span class='ocrx_word' id='word_1_276' title='bbox 1520 1993 1568 2036; x_wconf 90' lang='lat' dir='ltr'><strong>et</strong></span> <span class='ocrx_word' id='word_1_277' title='bbox 1599 1982 1887 2037; x_wconf 86' lang='lat' dir='ltr'><strong>intellectus</strong></span> <span class='ocrx_word' id='word_1_278' title='bbox 1935 1982 2223 2051; x_wconf 81' lang='lat' dir='ltr'><strong>prudentia:</strong></span> 
     </span>
    </p>
   </div>
   <div class='ocr_carea' id='block_1_34' title="bbox 633 2073 2219 2147">
    <p class='ocr_par' dir='ltr' id='par_1_34' title="bbox 633 2073 2219 2147">
     <span class='ocr_line' id='line_1_34' title="bbox 633 2073 2219 2147; baseline -0.003 -16"><span class='ocrx_word' id='word_1_279' title='bbox 633 2077 700 2132; x_wconf 84' lang='lat' dir='ltr'><strong>ab</strong></span> <span class='ocrx_word' id='word_1_280' title='bbox 728 2093 834 2131; x_wconf 77' lang='lat' dir='ltr'><strong>tero</strong></span> <span class='ocrx_word' id='word_1_281' title='bbox 866 2075 1052 2147; x_wconf 82' lang='lat' dir='ltr'><strong>(Eccli.</strong></span> <span class='ocrx_word' id='word_1_282' title='bbox 1111 2093 1145 2141; x_wconf 85' lang='grc' dir='ltr'>ι,</span> <span class='ocrx_word' id='word_1_283' title='bbox 1182 2075 1269 2144; x_wconf 78' lang='grc'><strong>4);</strong></span> <span class='ocrx_word' id='word_1_284' title='bbox 1298 2084 1352 2130; x_wconf 90' lang='lat' dir='ltr'><strong>et</strong></span> <span class='ocrx_word' id='word_1_285' title='bbox 1382 2075 1448 2128; x_wconf 89' lang='lat' dir='ltr'><strong>de</strong></span> <span class='ocrx_word' id='word_1_286' title='bbox 1493 2091 1596 2145; x_wconf 90' lang='lat' dir='ltr'><strong>qua</strong></span> <span class='ocrx_word' id='word_1_287' title='bbox 1636 2074 1799 2144; x_wconf 88' lang='lat' dir='ltr'><strong>paulo</strong></span> <span class='ocrx_word' id='word_1_288' title='bbox 1845 2082 1967 2144; x_wconf 90' lang='lat' dir='ltr'><strong>post</strong></span> <span class='ocrx_word' id='word_1_289' title='bbox 2003 2073 2219 2140; x_wconf 91' lang='lat' dir='ltr'><strong>dicitur,</strong></span> 
     </span>
    </p>
   </div>
   <div class='ocr_carea' id='block_1_35' title="bbox 635 2165 2216 2238">
    <p class='ocr_par' dir='ltr' id='par_1_35' title="bbox 635 2165 2216 2238">
     <span class='ocr_line' id='line_1_35' title="bbox 635 2165 2216 2238; baseline -0.001 -16"><span class='ocrx_word' id='word_1_290' title='bbox 635 2167 760 2236; x_wconf 82' lang='lat' dir='ltr'><strong>Ipse</strong></span> <span class='ocrx_word' id='word_1_291' title='bbox 799 2169 988 2222; x_wconf 81' lang='lat' dir='ltr'><strong>creav&#39;t</strong></span> <span class='ocrx_word' id='word_1_292' title='bbox 1014 2169 1157 2222; x_wconf 88' lang='lat' dir='ltr'><strong>illant</strong></span> <span class='ocrx_word' id='word_1_293' title='bbox 1190 2167 1389 2238; x_wconf 84' lang='lat' dir='ltr'><strong>Spiritu</strong></span> <span class='ocrx_word' id='word_1_294' title='bbox 1423 2177 1604 2220; x_wconf 88' lang='lat' dir='ltr'><strong>sancto</strong></span> <span class='ocrx_word' id='word_1_295' title='bbox 1636 2166 1654 2237; x_wconf 96' lang='lat'>(</span> <span class='ocrx_word' id='word_1_296' title='bbox 1685 2165 1829 2220; x_wconf 85' lang='lat' dir='ltr'><strong>Psal.</strong></span> <span class='ocrx_word' id='word_1_297' title='bbox 1858 2181 2074 2234; x_wconf 69' lang='lat' dir='ltr'><strong>exavm,</strong></span> <span class='ocrx_word' id='word_1_298' title='bbox 2121 2165 2142 2217; x_wconf 81' lang='lat' dir='ltr'><strong>l</strong></span> <span class='ocrx_word' id='word_1_299' title='bbox 2176 2165 2216 2235; x_wconf 95' lang='lat'><strong>).</strong></span> 
     </span>
    </p>
   </div>
   <div class='ocr_carea' id='block_1_36' title="bbox 634 2255 2224 2329">
    <p class='ocr_par' dir='ltr' id='par_1_36' title="bbox 634 2255 2224 2329">
     <span class='ocr_line' id='line_1_36' title="bbox 634 2255 2224 2329; baseline -0.001 -18"><span class='ocrx_word' id='word_1_300' title='bbox 634 2257 776 2312; x_wconf 89' lang='lat' dir='ltr'><strong>Dicit</strong></span> <span class='ocrx_word' id='word_1_301' title='bbox 801 2267 982 2313; x_wconf 89' lang='lat' dir='ltr'><strong>autem</strong></span> <span class='ocrx_word' id='word_1_302' title='bbox 1009 2258 1198 2313; x_wconf 88' lang='lat' dir='ltr'><strong>beatus</strong></span> <span class='ocrx_word' id='word_1_303' title='bbox 1224 2258 1488 2329; x_wconf 86' lang='lat' dir='ltr'><strong>propheta</strong></span> <span class='ocrx_word' id='word_1_304' title='bbox 1515 2275 1526 2309; x_wconf 91' lang='lat'>:</span> <span class='ocrx_word' id='word_1_305' title='bbox 1563 2257 1800 2310; x_wconf 86' lang='lat' dir='ltr'><strong>Laudate</strong></span> <span class='ocrx_word' id='word_1_306' title='bbox 1849 2255 2128 2311; x_wconf 81' lang='lat' dir='ltr'><strong>Dominum</strong></span> <span class='ocrx_word' id='word_1_307' title='bbox 2161 2257 2224 2310; x_wconf 89' lang='lat' dir='ltr'><strong>de</strong></span> 
     </span>
    </p>
   </div>
   <div class='ocr_carea' id='block_1_37' title="bbox 633 2347 2220 2417">
    <p class='ocr_par' dir='ltr' id='par_1_37' title="bbox 633 2347 2220 2417">
     <span class='ocr_line' id='line_1_37' title="bbox 633 2347 2220 2417; baseline 0 -16"><span class='ocrx_word' id='word_1_308' title='bbox 633 2348 794 2414; x_wconf 74' lang='lat' dir='ltr'><strong>caelis,</strong></span> <span class='ocrx_word' id='word_1_309' title='bbox 825 2347 1036 2402; x_wconf 89' lang='lat' dir='ltr'><strong>laudate</strong></span> <span class='ocrx_word' id='word_1_310' title='bbox 1067 2364 1182 2402; x_wconf 88' lang='lat' dir='ltr'><strong>eum</strong></span> <span class='ocrx_word' id='word_1_311' title='bbox 1223 2349 1279 2402; x_wconf 91' lang='lat' dir='ltr'><strong>in</strong></span> <span class='ocrx_word' id='word_1_312' title='bbox 1325 2348 1571 2413; x_wconf 75' lang='lat' dir='ltr'><strong>excelsis;</strong></span> <span class='ocrx_word' id='word_1_313' title='bbox 1604 2357 1660 2402; x_wconf 87' lang='lat' dir='ltr'><strong>et</strong></span> <span class='ocrx_word' id='word_1_314' title='bbox 1715 2347 1976 2417; x_wconf 89' lang='lat' dir='ltr'><strong>incipiens</strong></span> <span class='ocrx_word' id='word_1_315' title='bbox 2015 2348 2082 2402; x_wconf 92' lang='lat' dir='ltr'><strong>ab</strong></span> <span class='ocrx_word' id='word_1_316' title='bbox 2106 2347 2220 2417; x_wconf 84' lang='lat' dir='ltr'><strong>ipsa</strong></span> 
     </span>
    </p>
   </div>
   <div class='ocr_carea' id='block_1_38' title="bbox 633 2438 2221 2510">
    <p class='ocr_par' dir='ltr' id='par_1_38' title="bbox 633 2438 2221 2510">
     <span class='ocr_line' id='line_1_38' title="bbox 633 2438 2221 2510; baseline 0 -18"><span class='ocrx_word' id='word_1_317' title='bbox 633 2438 805 2508; x_wconf 91' lang='lat' dir='ltr'><strong>prima</strong></span> <span class='ocrx_word' id='word_1_318' title='bbox 833 2445 889 2493; x_wconf 90' lang='lat' dir='ltr'><strong>et</strong></span> <span class='ocrx_word' id='word_1_319' title='bbox 915 2439 1184 2509; x_wconf 65' lang='lat' dir='ltr'><strong>praecipua</strong></span> <span class='ocrx_word' id='word_1_320' title='bbox 1213 2447 1491 2505; x_wconf 89' lang='lat' dir='ltr'><strong>creatura,</strong></span> <span class='ocrx_word' id='word_1_321' title='bbox 1517 2454 1680 2510; x_wconf 90' lang='lat' dir='ltr'><strong>supra</strong></span> <span class='ocrx_word' id='word_1_322' title='bbox 1708 2455 1869 2509; x_wconf 88' lang='lat' dir='ltr'><strong>quam</strong></span> <span class='ocrx_word' id='word_1_323' title='bbox 1916 2439 2030 2493; x_wconf 90' lang='lat' dir='ltr'><strong>sola</strong></span> <span class='ocrx_word' id='word_1_324' title='bbox 2061 2448 2221 2492; x_wconf 88' lang='lat' dir='ltr'><strong>natu-</strong></span> 
     </span>
    </p>
   </div>
   <div class='ocr_carea' id='block_1_39' title="bbox 632 2529 2221 2600">
    <p class='ocr_par' dir='ltr' id='par_1_39' title="bbox 632 2529 2221 2600">
     <span class='ocr_line' id='line_1_39' title="bbox 632 2529 2221 2600; baseline 0 -14"><span class='ocrx_word' id='word_1_325' title='bbox 632 2532 819 2587; x_wconf 90' lang='lat' dir='ltr'><strong>raliter</strong></span> <span class='ocrx_word' id='word_1_326' title='bbox 840 2540 922 2587; x_wconf 92' lang='lat' dir='ltr'><strong>est</strong></span> <span class='ocrx_word' id='word_1_327' title='bbox 943 2531 1241 2586; x_wconf 86' lang='lat' dir='ltr'><strong>substantia</strong></span> <span class='ocrx_word' id='word_1_328' title='bbox 1266 2529 1539 2586; x_wconf 87' lang='lat' dir='ltr'><strong>Creatoris</strong></span> <span class='ocrx_word' id='word_1_329' title='bbox 1557 2571 1572 2596; x_wconf 94' lang='lat'><strong>,</strong></span> <span class='ocrx_word' id='word_1_330' title='bbox 1605 2531 1825 2599; x_wconf 78' lang='lat' dir='ltr'><strong>angelos</strong></span> <span class='ocrx_word' id='word_1_331' title='bbox 1857 2531 2010 2600; x_wconf 90' lang='lat' dir='ltr'><strong>ponit</strong></span> <span class='ocrx_word' id='word_1_332' title='bbox 2039 2530 2093 2585; x_wconf 91' lang='lat' dir='ltr'><strong>in</strong></span> <span class='ocrx_word' id='word_1_333' title='bbox 2121 2531 2221 2586; x_wconf 87' lang='lat' dir='ltr'><strong>hu-</strong></span> 
     </span>
    </p>
   </div>
   <div class='ocr_carea' id='block_1_40' title="bbox 631 2622 2248 2698">
    <p class='ocr_par' dir='ltr' id='par_1_40' title="bbox 631 2622 2248 2698">
     <span class='ocr_line' id='line_1_40' title="bbox 631 2622 2248 2698; baseline 0.001 -21"><span class='ocrx_word' id='word_1_334' title='bbox 631 2622 716 2690; x_wconf 84' lang='lat' dir='ltr'><strong>jus</strong></span> <span class='ocrx_word' id='word_1_335' title='bbox 744 2622 1063 2678; x_wconf 90' lang='lat' dir='ltr'><strong>laudationis</strong></span> <span class='ocrx_word' id='word_1_336' title='bbox 1087 2623 1338 2689; x_wconf 81' lang='lat' dir='ltr'><strong>exordio,</strong></span> <span class='ocrx_word' id='word_1_337' title='bbox 1373 2622 1558 2679; x_wconf 91' lang='lat' dir='ltr'><strong>dicens</strong></span> <span class='ocrx_word' id='word_1_338' title='bbox 1589 2624 1654 2694; x_wconf 89' lang='grc' dir='ltr'><strong>(υ.</strong></span> <span class='ocrx_word' id='word_1_339' title='bbox 1686 2622 1741 2694; x_wconf 76' lang='lat'><strong>2)</strong></span> <span class='ocrx_word' id='word_1_340' title='bbox 1773 2641 1784 2677; x_wconf 93' lang='lat'><strong>:</strong></span> <span class='ocrx_word' id='word_1_341' title='bbox 1817 2623 2056 2678; x_wconf 83' lang='lat' dir='ltr'><strong>Laudate</strong></span> <span class='ocrx_word' id='word_1_342' title='bbox 2083 2641 2248 2698; x_wconf 44' lang='lat' dir='ltr'><strong>eum,‘</strong></span> 
     </span>
    </p>
   </div>
   <div class='ocr_carea' id='block_1_41' title="bbox 632 2709 2227 2786">
    <p class='ocr_par' dir='ltr' id='par_1_41' title="bbox 632 2709 2227 2786">
     <span class='ocr_line' id='line_1_41' title="bbox 632 2709 2227 2786; baseline -0.001 -17"><span class='ocrx_word' id='word_1_343' title='bbox 632 2731 809 2769; x_wconf 84' lang='lat' dir='ltr'><strong>omnes</strong></span> <span class='ocrx_word' id='word_1_344' title='bbox 836 2715 1009 2786; x_wconf 85' lang='lat' dir='ltr'><strong>angeli</strong></span> <span class='ocrx_word' id='word_1_345' title='bbox 1036 2714 1168 2786; x_wconf 85' lang='lat' dir='ltr'><strong>ejus,</strong></span> <span class='ocrx_word' id='word_1_346' title='bbox 1215 2714 1427 2769; x_wconf 81' lang='lat' dir='ltr'><strong>laudate</strong></span> <span class='ocrx_word' id='word_1_347' title='bbox 1449 2731 1594 2780; x_wconf 86' lang='lat' dir='ltr'><strong>eum,</strong></span> <span class='ocrx_word' id='word_1_348' title='bbox 1625 2732 1800 2770; x_wconf 87' lang='lat' dir='ltr'><strong>omnes</strong></span> <span class='ocrx_word' id='word_1_349' title='bbox 1830 2717 2038 2769; x_wconf 84' lang='lat' dir='ltr'><strong>virtutes</strong></span> <span class='ocrx_word' id='word_1_350' title='bbox 2073 2709 2227 2786; x_wconf 77' lang='lat' dir='ltr'><strong>ejuss&#39;</strong></span> 
     </span>
    </p>
   </div>
   <div class='ocr_carea' id='block_1_42' title="bbox 629 2804 2219 2876">
    <p class='ocr_par' dir='ltr' id='par_1_42' title="bbox 629 2804 2219 2876">
     <span class='ocr_line' id='line_1_42' title="bbox 629 2804 2219 2876; baseline 0.001 -16"><span class='ocrx_word' id='word_1_351' title='bbox 629 2805 824 2860; x_wconf 83' lang='lat' dir='ltr'><strong>deinde</strong></span> <span class='ocrx_word' id='word_1_352' title='bbox 877 2805 1008 2861; x_wconf 90' lang='lat' dir='ltr'><strong>dicit</strong></span> <span class='ocrx_word' id='word_1_353' title='bbox 1056 2810 1072 2874; x_wconf 91' lang='lat'><strong>(</strong></span> <span class='ocrx_word' id='word_1_354' title='bbox 1102 2823 1148 2859; x_wconf 72' lang='grc' dir='ltr'>ιι.</span> <span class='ocrx_word' id='word_1_355' title='bbox 1177 2805 1234 2874; x_wconf 80' lang='grc'><strong>5,</strong></span> <span class='ocrx_word' id='word_1_356' title='bbox 1286 2804 1318 2857; x_wconf 73' lang='grc'>4</span> <span class='ocrx_word' id='word_1_357' title='bbox 1348 2806 1365 2876; x_wconf 95' lang='grc'>)</span> <span class='ocrx_word' id='word_1_358' title='bbox 1392 2824 1404 2859; x_wconf 91' lang='lat'><strong>:</strong></span> <span class='ocrx_word' id='word_1_359' title='bbox 1456 2804 1691 2860; x_wconf 89' lang='lat' dir='ltr'><strong>Laudate</strong></span> <span class='ocrx_word' id='word_1_360' title='bbox 1715 2823 1852 2872; x_wconf 87' lang='lat' dir='ltr'><strong>eum,</strong></span> <span class='ocrx_word' id='word_1_361' title='bbox 1893 2808 1972 2860; x_wconf 88' lang='lat' dir='ltr'><strong>sol</strong></span> <span class='ocrx_word' id='word_1_362' title='bbox 2001 2816 2049 2858; x_wconf 91' lang='lat' dir='ltr'><strong>et</strong></span> <span class='ocrx_word' id='word_1_363' title='bbox 2074 2808 2219 2863; x_wconf 88' lang='lat' dir='ltr'><strong>luna.</strong></span> 
     </span>
    </p>
   </div>
   <div class='ocr_carea' id='block_1_43' title="bbox 632 2897 2218 2966">
    <p class='ocr_par' dir='ltr' id='par_1_43' title="bbox 632 2897 2218 2966">
     <span class='ocr_line' id='line_1_43' title="bbox 632 2897 2218 2966; baseline 0.001 -16"><span class='ocrx_word' id='word_1_364' title='bbox 632 2897 864 2952; x_wconf 86' lang='lat' dir='ltr'><strong>Laudate</strong></span> <span class='ocrx_word' id='word_1_365' title='bbox 893 2915 1028 2966; x_wconf 89' lang='lat' dir='ltr'><strong>eum,</strong></span> <span class='ocrx_word' id='word_1_366' title='bbox 1079 2915 1254 2955; x_wconf 88' lang='lat' dir='ltr'><strong>omnes</strong></span> <span class='ocrx_word' id='word_1_367' title='bbox 1279 2899 1443 2953; x_wconf 71' lang='lat' dir='ltr'><strong>slella:</strong></span> <span class='ocrx_word' id='word_1_368' title='bbox 1491 2908 1540 2953; x_wconf 87' lang='lat' dir='ltr'><strong>et</strong></span> <span class='ocrx_word' id='word_1_369' title='bbox 1588 2901 1780 2954; x_wconf 87' lang='lat' dir='ltr'><strong>lumen.</strong></span> <span class='ocrx_word' id='word_1_370' title='bbox 1814 2898 2048 2954; x_wconf 90' lang='lat' dir='ltr'><strong>Laudate</strong></span> <span class='ocrx_word' id='word_1_371' title='bbox 2081 2915 2218 2966; x_wconf 86' lang='lat' dir='ltr'><strong>eum,</strong></span> 
     </span>
    </p>
   </div>
   <div class='ocr_carea' id='block_1_44' title="bbox 629 2991 2223 3063">
    <p class='ocr_par' dir='ltr' id='par_1_44' title="bbox 629 2991 2223 3063">
     <span class='ocr_line' id='line_1_44' title="bbox 629 2991 2223 3063; baseline 0 -19"><span class='ocrx_word' id='word_1_372' title='bbox 629 2991 742 3044; x_wconf 68' lang='lat' dir='ltr'><strong>caeli</strong></span> <span class='ocrx_word' id='word_1_373' title='bbox 765 2991 1025 3055; x_wconf 61' lang='lat' dir='ltr'><strong>calorum,</strong></span> <span class='ocrx_word' id='word_1_374' title='bbox 1065 3000 1112 3044; x_wconf 90' lang='lat' dir='ltr'><strong>et</strong></span> <span class='ocrx_word' id='word_1_375' title='bbox 1143 3006 1291 3063; x_wconf 68' lang='lat' dir='ltr'><strong>aqua?</strong></span> <span class='ocrx_word' id='word_1_376' title='bbox 1318 3008 1432 3063; x_wconf 80' lang='lat' dir='ltr'><strong>qua:</strong></span> <span class='ocrx_word' id='word_1_377' title='bbox 1459 3008 1613 3062; x_wconf 84' lang='lat' dir='ltr'><strong>super</strong></span> <span class='ocrx_word' id='word_1_378' title='bbox 1658 2992 1810 3046; x_wconf 68' lang='lat' dir='ltr'><strong>caelos</strong></span> <span class='ocrx_word' id='word_1_379' title='bbox 1860 3001 1979 3045; x_wconf 88' lang='lat' dir='ltr'><strong>sunt</strong></span> <span class='ocrx_word' id='word_1_380' title='bbox 2008 2991 2223 3044; x_wconf 86' lang='lat' dir='ltr'><strong>laudent</strong></span> 
     </span>
    </p>
   </div>
   <div class='ocr_carea' id='block_1_45' title="bbox 627 3063 2216 3154">
    <p class='ocr_par' dir='ltr' id='par_1_45' title="bbox 627 3063 2216 3154">
     <span class='ocr_line' id='line_1_45' title="bbox 627 3063 2216 3154; baseline 0.001 -18"><span class='ocrx_word' id='word_1_381' title='bbox 627 3099 813 3137; x_wconf 87' lang='lat' dir='ltr'><strong>nomen</strong></span> <span class='ocrx_word' id='word_1_382' title='bbox 843 3063 1054 3138; x_wconf 82' lang='lat' dir='ltr'><strong>Domini</strong></span> <span class='ocrx_word' id='word_1_383' title='bbox 1085 3101 1101 3136; x_wconf 90' lang='lat'><strong><em>:</em></strong></span> <span class='ocrx_word' id='word_1_384' title='bbox 1133 3099 1458 3154; x_wconf 71' lang='lat' dir='ltr'><strong>causamque</strong></span> <span class='ocrx_word' id='word_1_385' title='bbox 1489 3085 1645 3153; x_wconf 88' lang='lat' dir='ltr'><strong>hujus</strong></span> <span class='ocrx_word' id='word_1_386' title='bbox 1674 3083 2004 3138; x_wconf 90' lang='lat' dir='ltr'><strong>laudationis</strong></span> <span class='ocrx_word' id='word_1_387' title='bbox 2028 3093 2216 3139; x_wconf 89' lang='lat' dir='ltr'><strong>osten-</strong></span> 
     </span>
    </p>
   </div>
   <div class='ocr_carea' id='block_1_46' title="bbox 627 3171 2216 3245">
    <p class='ocr_par' dir='ltr' id='par_1_46' title="bbox 627 3171 2216 3245">
     <span class='ocr_line' id='line_1_46' title="bbox 627 3171 2216 3245; baseline 0 -17"><span class='ocrx_word' id='word_1_388' title='bbox 627 3173 758 3228; x_wconf 86' lang='lat' dir='ltr'><strong>dens</strong></span> <span class='ocrx_word' id='word_1_389' title='bbox 788 3173 864 3227; x_wconf 88' lang='lat' dir='ltr'><strong>ait</strong></span> <span class='ocrx_word' id='word_1_390' title='bbox 895 3174 974 3244; x_wconf 79' lang='grc' dir='ltr'><strong>(ν.</strong></span> <span class='ocrx_word' id='word_1_391' title='bbox 1009 3173 1041 3227; x_wconf 81' lang='lat'><strong>5</strong></span> <span class='ocrx_word' id='word_1_392' title='bbox 1069 3173 1090 3245; x_wconf 92' lang='lat'><strong>)</strong></span> <span class='ocrx_word' id='word_1_393' title='bbox 1118 3192 1131 3227; x_wconf 90' lang='lat'>:</span> <span class='ocrx_word' id='word_1_394' title='bbox 1167 3171 1428 3238; x_wconf 83' lang='lat' dir='ltr'><strong>Quoniam</strong></span> <span class='ocrx_word' id='word_1_395' title='bbox 1467 3175 1578 3244; x_wconf 90' lang='lat' dir='ltr'><strong>ipse</strong></span> <span class='ocrx_word' id='word_1_396' title='bbox 1628 3173 1780 3241; x_wconf 75' lang='lat' dir='ltr'><strong>dixit,</strong></span> <span class='ocrx_word' id='word_1_397' title='bbox 1813 3183 1862 3227; x_wconf 86' lang='lat' dir='ltr'><strong>et</strong></span> <span class='ocrx_word' id='word_1_398' title='bbox 1892 3176 2031 3245; x_wconf 77' lang='lat' dir='ltr'><strong>facta</strong></span> <span class='ocrx_word' id='word_1_399' title='bbox 2061 3182 2216 3228; x_wconf 88' lang='lat' dir='ltr'><strong>sunt:</strong></span> 
     </span>
    </p>
   </div>
   <div class='ocr_carea' id='block_1_47' title="bbox 2328 1977 3824 2046">
    <p class='ocr_par' dir='ltr' id='par_1_47' title="bbox 2328 1977 3824 2046">
     <span class='ocr_line' id='line_1_47' title="bbox 2328 1977 3824 2046; baseline 0.005 -15"><span class='ocrx_word' id='word_1_400' title='bbox 2328 1977 2518 2032; x_wconf 90' lang='lat' dir='ltr'><strong>eodem</strong></span> <span class='ocrx_word' id='word_1_401' title='bbox 2561 1978 2777 2034; x_wconf 89' lang='lat' dir='ltr'><strong>nomine</strong></span> <span class='ocrx_word' id='word_1_402' title='bbox 2809 1988 2956 2034; x_wconf 91' lang='lat' dir='ltr'><strong>recte</strong></span> <span class='ocrx_word' id='word_1_403' title='bbox 2984 1980 3229 2046; x_wconf 87' lang='lat' dir='ltr'><strong>credens,</strong></span> <span class='ocrx_word' id='word_1_404' title='bbox 3273 1981 3330 2036; x_wconf 91' lang='lat' dir='ltr'><strong>in</strong></span> <span class='ocrx_word' id='word_1_405' title='bbox 3356 1997 3510 2036; x_wconf 87' lang='lat' dir='ltr'><strong>unam</strong></span> <span class='ocrx_word' id='word_1_406' title='bbox 3547 1983 3824 2040; x_wconf 83' lang='lat' dir='ltr'><strong>substantiam</strong></span> 
     </span>
    </p>
   </div>
   <div class='ocr_carea' id='block_1_48' title="bbox 2327 2067 3824 2130">
    <p class='ocr_par' dir='ltr' id='par_1_48' title="bbox 2327 2067 3824 2130">
     <span class='ocr_line' id='line_1_48' title="bbox 2327 2067 3824 2130; baseline 0.005 -7"><span class='ocrx_word' id='word_1_407' title='bbox 2327 2067 2603 2128; x_wconf 83' lang='lat' dir='ltr'><strong>Trinitatis</strong></span> <span class='ocrx_word' id='word_1_408' title='bbox 2641 2072 2894 2127; x_wconf 89' lang='lat' dir='ltr'><strong>abluitur.</strong></span> <span class='ocrx_word' id='word_1_409' title='bbox 2930 2071 3082 2128; x_wconf 89' lang='lat' dir='ltr'><strong>Unde</strong></span> <span class='ocrx_word' id='word_1_410' title='bbox 3112 2090 3274 2129; x_wconf 91' lang='lat' dir='ltr'><strong>unum</strong></span> <span class='ocrx_word' id='word_1_411' title='bbox 3307 2090 3500 2130; x_wconf 88' lang='lat' dir='ltr'><strong>nomen</strong></span> <span class='ocrx_word' id='word_1_412' title='bbox 3529 2085 3732 2130; x_wconf 88' lang='lat' dir='ltr'><strong>sanctum</strong></span> <span class='ocrx_word' id='word_1_413' title='bbox 3756 2075 3824 2130; x_wconf 84' lang='lat' dir='ltr'><strong>Pa-</strong></span> 
     </span>
    </p>
   </div>
   <div class='ocr_carea' id='block_1_49' title="bbox 2327 2162 3826 2233">
    <p class='ocr_par' dir='ltr' id='par_1_49' title="bbox 2327 2162 3826 2233">
     <span class='ocr_line' id='line_1_49' title="bbox 2327 2162 3826 2233; baseline 0.004 -18"><span class='ocrx_word' id='word_1_414' title='bbox 2327 2162 2443 2228; x_wconf 90' lang='lat' dir='ltr'><strong>tris,</strong></span> <span class='ocrx_word' id='word_1_415' title='bbox 2469 2171 2525 2217; x_wconf 89' lang='lat' dir='ltr'><strong>et</strong></span> <span class='ocrx_word' id='word_1_416' title='bbox 2553 2162 2690 2228; x_wconf 85' lang='lat' dir='ltr'><strong>Filii,</strong></span> <span class='ocrx_word' id='word_1_417' title='bbox 2741 2171 2795 2218; x_wconf 89' lang='lat' dir='ltr'><strong>et</strong></span> <span class='ocrx_word' id='word_1_418' title='bbox 2824 2162 3055 2233; x_wconf 91' lang='lat' dir='ltr'><strong>Spiritus</strong></span> <span class='ocrx_word' id='word_1_419' title='bbox 3083 2164 3254 2221; x_wconf 89' lang='lat' dir='ltr'><strong>sancti</strong></span> <span class='ocrx_word' id='word_1_420' title='bbox 3307 2165 3612 2220; x_wconf 88' lang='lat' dir='ltr'><strong>naturaliter</strong></span> <span class='ocrx_word' id='word_1_421' title='bbox 3644 2181 3738 2221; x_wconf 89' lang='lat' dir='ltr'><strong>esse</strong></span> <span class='ocrx_word' id='word_1_422' title='bbox 3761 2182 3826 2221; x_wconf 80' lang='lat' dir='ltr'><strong>to-</strong></span> 
     </span>
    </p>
   </div>
   <div class='ocr_carea' id='block_1_50' title="bbox 2325 2255 3824 2327">
    <p class='ocr_par' dir='ltr' id='par_1_50' title="bbox 2325 2255 3824 2327">
     <span class='ocr_line' id='line_1_50' title="bbox 2325 2255 3824 2327; baseline 0.001 -19"><span class='ocrx_word' id='word_1_423' title='bbox 2325 2255 2558 2324; x_wconf 89' lang='lat' dir='ltr'><strong>gnoscit,</strong></span> <span class='ocrx_word' id='word_1_424' title='bbox 2589 2255 2829 2326; x_wconf 88' lang='lat' dir='ltr'><strong>quisquis</strong></span> <span class='ocrx_word' id='word_1_425' title='bbox 2858 2256 2910 2309; x_wconf 92' lang='lat' dir='ltr'><strong>in</strong></span> <span class='ocrx_word' id='word_1_426' title='bbox 2940 2255 3131 2310; x_wconf 91' lang='lat' dir='ltr'><strong>eodem</strong></span> <span class='ocrx_word' id='word_1_427' title='bbox 3161 2256 3384 2312; x_wconf 90' lang='lat' dir='ltr'><strong>nomine</strong></span> <span class='ocrx_word' id='word_1_428' title='bbox 3407 2255 3622 2311; x_wconf 83' lang='lat' dir='ltr'><strong>conferri</strong></span> <span class='ocrx_word' id='word_1_429' title='bbox 3649 2255 3824 2327; x_wconf 80' lang='lat' dir='ltr'><strong>(Flam,</strong></span> 
     </span>
    </p>
   </div>
   <div class='ocr_carea' id='block_1_51' title="bbox 2327 2347 3829 2417">
    <p class='ocr_par' dir='ltr' id='par_1_51' title="bbox 2327 2347 3829 2417">
     <span class='ocr_line' id='line_1_51' title="bbox 2327 2347 3829 2417; baseline -0.001 -14"><span class='ocrx_word' id='word_1_430' title='bbox 2327 2347 2592 2417; x_wconf 90' lang='lat' dir='ltr'><strong>conliteri)</strong></span> <span class='ocrx_word' id='word_1_431' title='bbox 2619 2347 2816 2402; x_wconf 90' lang='lat' dir='ltr'><strong>donum</strong></span> <span class='ocrx_word' id='word_1_432' title='bbox 2843 2363 2986 2402; x_wconf 70' lang='lat' dir='ltr'><strong>verte</strong></span> <span class='ocrx_word' id='word_1_433' title='bbox 3011 2347 3455 2403; x_wconf 88' lang='lat' dir='ltr'><strong>sanctilicationis</strong></span> <span class='ocrx_word' id='word_1_434' title='bbox 3484 2347 3715 2417; x_wconf 73' lang='lat' dir='ltr'><strong>intelligit.</strong></span> <span class='ocrx_word' id='word_1_435' title='bbox 3732 2347 3829 2403; x_wconf 85' lang='lat' dir='ltr'><strong>Dicit</strong></span> 
     </span>
    </p>
   </div>
   <div class='ocr_carea' id='block_1_52' title="bbox 2327 2436 3828 2508">
    <p class='ocr_par' dir='ltr' id='par_1_52' title="bbox 2327 2436 3828 2508">
     <span class='ocr_line' id='line_1_52' title="bbox 2327 2436 3828 2508; baseline 0.001 -17"><span class='ocrx_word' id='word_1_436' title='bbox 2327 2436 2522 2492; x_wconf 92' lang='lat' dir='ltr'><strong>deinde</strong></span> <span class='ocrx_word' id='word_1_437' title='bbox 2552 2437 2602 2491; x_wconf 91' lang='lat' dir='ltr'><strong>in</strong></span> <span class='ocrx_word' id='word_1_438' title='bbox 2632 2437 3093 2494; x_wconf 89' lang='lat' dir='ltr'><strong>benedictionibus</strong></span> <span class='ocrx_word' id='word_1_439' title='bbox 3120 2456 3134 2492; x_wconf 89' lang='lat'><strong>:</strong></span> <span class='ocrx_word' id='word_1_440' title='bbox 3169 2437 3482 2493; x_wconf 84' lang='lat' dir='ltr'><strong>Benedictus</strong></span> <span class='ocrx_word' id='word_1_441' title='bbox 3527 2456 3576 2493; x_wconf 86' lang='lat' dir='ltr'><strong>es</strong></span> <span class='ocrx_word' id='word_1_442' title='bbox 3616 2440 3662 2492; x_wconf 87' lang='lat' dir='ltr'><strong>in</strong></span> <span class='ocrx_word' id='word_1_443' title='bbox 3695 2439 3828 2508; x_wconf 74' lang='lat' dir='ltr'><strong>tentplo</strong></span> 
     </span>
    </p>
   </div>
   <div class='ocr_carea' id='block_1_53' title="bbox 2327 2529 3830 2602">
    <p class='ocr_par' dir='ltr' id='par_1_53' title="bbox 2327 2529 3830 2602">
     <span class='ocr_line' id='line_1_53' title="bbox 2327 2529 3830 2602; baseline 0.001 -22"><span class='ocrx_word' id='word_1_444' title='bbox 2327 2539 2507 2582; x_wconf 87' lang='lat' dir='ltr'><strong>sancto</strong></span> <span class='ocrx_word' id='word_1_445' title='bbox 2532 2529 2712 2599; x_wconf 79' lang='lat' dir='ltr'><strong>gloria:</strong></span> <span class='ocrx_word' id='word_1_446' title='bbox 2739 2538 2859 2595; x_wconf 80' lang='lat' dir='ltr'><strong>tute,</strong></span> <span class='ocrx_word' id='word_1_447' title='bbox 2892 2539 2940 2583; x_wconf 90' lang='lat' dir='ltr'><strong>et</strong></span> <span class='ocrx_word' id='word_1_448' title='bbox 2962 2529 3238 2584; x_wconf 85' lang='lat' dir='ltr'><strong>laudabilis</strong></span> <span class='ocrx_word' id='word_1_449' title='bbox 3267 2540 3321 2584; x_wconf 88' lang='lat' dir='ltr'><strong>et</strong></span> <span class='ocrx_word' id='word_1_450' title='bbox 3354 2530 3600 2602; x_wconf 85' lang='lat' dir='ltr'><strong>gloriosus</strong></span> <span class='ocrx_word' id='word_1_451' title='bbox 3633 2530 3678 2583; x_wconf 87' lang='lat' dir='ltr'><strong>in</strong></span> <span class='ocrx_word' id='word_1_452' title='bbox 3695 2531 3830 2584; x_wconf 71' lang='lat' dir='ltr'><strong>secula</strong></span> 
     </span>
    </p>
   </div>
   <div class='ocr_carea' id='block_1_54' title="bbox 2326 2619 3831 2693">
    <p class='ocr_par' dir='ltr' id='par_1_54' title="bbox 2326 2619 3831 2693">
     <span class='ocr_line' id='line_1_54' title="bbox 2326 2619 3831 2693; baseline 0.002 -21"><span class='ocrx_word' id='word_1_453' title='bbox 2326 2619 2492 2692; x_wconf 89' lang='lat' dir='ltr'><strong>(Dan.</strong></span> <span class='ocrx_word' id='word_1_454' title='bbox 2536 2639 2611 2688; x_wconf 90' lang='grc' dir='ltr'>ιιι,</span> <span class='ocrx_word' id='word_1_455' title='bbox 2643 2620 2765 2692; x_wconf 79' lang='lat'><strong>55);</strong></span> <span class='ocrx_word' id='word_1_456' title='bbox 2817 2622 3070 2693; x_wconf 88' lang='lat' dir='ltr'><strong>templum</strong></span> <span class='ocrx_word' id='word_1_457' title='bbox 3109 2630 3291 2677; x_wconf 91' lang='lat' dir='ltr'><strong>autem</strong></span> <span class='ocrx_word' id='word_1_458' title='bbox 3322 2638 3422 2677; x_wconf 87' lang='lat' dir='ltr'><strong>nos</strong></span> <span class='ocrx_word' id='word_1_459' title='bbox 3448 2637 3576 2687; x_wconf 91' lang='lat' dir='ltr'><strong>esse,</strong></span> <span class='ocrx_word' id='word_1_460' title='bbox 3602 2637 3691 2677; x_wconf 92' lang='lat' dir='ltr'><strong>non</strong></span> <span class='ocrx_word' id='word_1_461' title='bbox 3713 2621 3831 2676; x_wconf 79' lang='lat' dir='ltr'><strong>solius</strong></span> 
     </span>
    </p>
   </div>
   <div class='ocr_carea' id='block_1_55' title="bbox 2327 2711 3832 2784">
    <p class='ocr_par' dir='ltr' id='par_1_55' title="bbox 2327 2711 3832 2784">
     <span class='ocr_line' id='line_1_55' title="bbox 2327 2711 3832 2784; baseline 0 -19"><span class='ocrx_word' id='word_1_462' title='bbox 2327 2711 2518 2779; x_wconf 89' lang='lat' dir='ltr'><strong>Patris,</strong></span> <span class='ocrx_word' id='word_1_463' title='bbox 2551 2713 2644 2768; x_wconf 90' lang='lat' dir='ltr'><strong>sed</strong></span> <span class='ocrx_word' id='word_1_464' title='bbox 2676 2714 2839 2784; x_wconf 91' lang='lat' dir='ltr'><strong>ipsius</strong></span> <span class='ocrx_word' id='word_1_465' title='bbox 2867 2722 3068 2769; x_wconf 75' lang='lat' dir='ltr'><strong>sancta:</strong></span> <span class='ocrx_word' id='word_1_466' title='bbox 3093 2713 3394 2778; x_wconf 91' lang='lat' dir='ltr'><strong>Trinitatis,</strong></span> <span class='ocrx_word' id='word_1_467' title='bbox 3413 2713 3521 2784; x_wconf 88' lang='lat' dir='ltr'><strong>jam</strong></span> <span class='ocrx_word' id='word_1_468' title='bbox 3543 2713 3590 2768; x_wconf 94' lang='lat' dir='ltr'><strong>in</strong></span> <span class='ocrx_word' id='word_1_469' title='bbox 3611 2712 3699 2768; x_wconf 91' lang='lat' dir='ltr'><strong>hoc</strong></span> <span class='ocrx_word' id='word_1_470' title='bbox 3715 2725 3832 2782; x_wconf 85' lang='lat' dir='ltr'><strong>opere</strong></span> 
     </span>
    </p>
   </div>
   <div class='ocr_carea' id='block_1_56' title="bbox 2325 2802 3832 2875">
    <p class='ocr_par' dir='ltr' id='par_1_56' title="bbox 2325 2802 3832 2875">
     <span class='ocr_line' id='line_1_56' title="bbox 2325 2802 3832 2875; baseline -0.003 -16"><span class='ocrx_word' id='word_1_471' title='bbox 2325 2812 2629 2859; x_wconf 89' lang='lat' dir='ltr'><strong>sanctarum</strong></span> <span class='ocrx_word' id='word_1_472' title='bbox 2699 2803 3094 2875; x_wconf 91' lang='lat' dir='ltr'><strong>Scripturarum</strong></span> <span class='ocrx_word' id='word_1_473' title='bbox 3163 2805 3511 2860; x_wconf 89' lang='lat' dir='ltr'><strong>attestatione</strong></span> <span class='ocrx_word' id='word_1_474' title='bbox 3578 2802 3832 2859; x_wconf 84' lang='lat' dir='ltr'><strong>suﬂicienter</strong></span> 
     </span>
    </p>
   </div>
   <div class='ocr_carea' id='block_1_57' title="bbox 2325 2893 3829 2966">
    <p class='ocr_par' dir='ltr' id='par_1_57' title="bbox 2325 2893 3829 2966">
     <span class='ocr_line' id='line_1_57' title="bbox 2325 2893 3829 2966; baseline -0.001 -17"><span class='ocrx_word' id='word_1_475' title='bbox 2325 2895 2672 2950; x_wconf 87' lang='lat' dir='ltr'><strong>ostendimus.</strong></span> <span class='ocrx_word' id='word_1_476' title='bbox 2706 2894 2938 2950; x_wconf 87' lang='lat' dir='ltr'><strong>Trinitas</strong></span> <span class='ocrx_word' id='word_1_477' title='bbox 2977 2905 3060 2951; x_wconf 91' lang='lat' dir='ltr'><strong>est</strong></span> <span class='ocrx_word' id='word_1_478' title='bbox 3088 2897 3248 2966; x_wconf 79' lang='lat' dir='ltr'><strong>igitur</strong></span> <span class='ocrx_word' id='word_1_479' title='bbox 3280 2913 3420 2952; x_wconf 92' lang='lat' dir='ltr'><strong>unus</strong></span> <span class='ocrx_word' id='word_1_480' title='bbox 3459 2896 3688 2952; x_wconf 89' lang='lat' dir='ltr'><strong>Dominus</strong></span> <span class='ocrx_word' id='word_1_481' title='bbox 3710 2893 3829 2957; x_wconf 86' lang='lat' dir='ltr'><strong>Deus.</strong></span> 
     </span>
    </p>
   </div>
   <div class='ocr_carea' id='block_1_58' title="bbox 2325 2986 3831 3058">
    <p class='ocr_par' dir='ltr' id='par_1_58' title="bbox 2325 2986 3831 3058">
     <span class='ocr_line' id='line_1_58' title="bbox 2325 2986 3831 3058; baseline -0.002 -16"><span class='ocrx_word' id='word_1_482' title='bbox 2325 2986 2636 3042; x_wconf 90' lang='lat' dir='ltr'><strong>benedictus</strong></span> <span class='ocrx_word' id='word_1_483' title='bbox 2657 2996 2711 3042; x_wconf 94' lang='lat' dir='ltr'><strong>et</strong></span> <span class='ocrx_word' id='word_1_484' title='bbox 2735 2987 3032 3051; x_wconf 90' lang='lat' dir='ltr'><strong>laudabilis,</strong></span> <span class='ocrx_word' id='word_1_485' title='bbox 3054 2997 3108 3043; x_wconf 91' lang='lat' dir='ltr'><strong>et</strong></span> <span class='ocrx_word' id='word_1_486' title='bbox 3127 2988 3398 3058; x_wconf 88' lang='lat' dir='ltr'><strong>gloriosus</strong></span> <span class='ocrx_word' id='word_1_487' title='bbox 3418 2989 3470 3044; x_wconf 94' lang='lat' dir='ltr'><strong>in</strong></span> <span class='ocrx_word' id='word_1_488' title='bbox 3489 2988 3664 3045; x_wconf 67' lang='lat' dir='ltr'><strong>saecula</strong></span> <span class='ocrx_word' id='word_1_489' title='bbox 3685 3007 3695 3039; x_wconf 93' lang='lat'>:</span> <span class='ocrx_word' id='word_1_490' title='bbox 3715 3001 3831 3058; x_wconf 87' lang='lat' dir='ltr'><strong>quem</strong></span> 
     </span>
    </p>
   </div>
   <div class='ocr_carea' id='block_1_59' title="bbox 2325 3079 3834 3153">
    <p class='ocr_par' dir='ltr' id='par_1_59' title="bbox 2325 3079 3834 3153">
     <span class='ocr_line' id='line_1_59' title="bbox 2325 3079 3834 3153; baseline -0.005 -16"><span class='ocrx_word' id='word_1_491' title='bbox 2325 3082 2378 3137; x_wconf 94' lang='lat' dir='ltr'><strong>in</strong></span> <span class='ocrx_word' id='word_1_492' title='bbox 2411 3083 2609 3153; x_wconf 90' lang='lat' dir='ltr'><strong>templo</strong></span> <span class='ocrx_word' id='word_1_493' title='bbox 2629 3089 2816 3138; x_wconf 90' lang='lat' dir='ltr'><strong>sancto</strong></span> <span class='ocrx_word' id='word_1_494' title='bbox 2836 3082 3018 3149; x_wconf 62' lang='lat' dir='ltr'><strong>glorias</strong></span> <span class='ocrx_word' id='word_1_495' title='bbox 3039 3081 3155 3150; x_wconf 92' lang='lat' dir='ltr'><strong>ejus</strong></span> <span class='ocrx_word' id='word_1_496' title='bbox 3184 3082 3259 3136; x_wconf 89' lang='lat' dir='ltr'><strong>illi</strong></span> <span class='ocrx_word' id='word_1_497' title='bbox 3281 3082 3547 3138; x_wconf 85' lang='lat' dir='ltr'><strong>veraciter</strong></span> <span class='ocrx_word' id='word_1_498' title='bbox 3565 3079 3834 3142; x_wconf 83' lang='lat' dir='ltr'><strong>benedicunt,</strong></span> 
     </span>
    </p>
   </div>
   <div class='ocr_carea' id='block_1_60' title="bbox 2324 3172 3834 3245">
    <p class='ocr_par' dir='ltr' id='par_1_60' title="bbox 2324 3172 3834 3245">
     <span class='ocr_line' id='line_1_60' title="bbox 2324 3172 3834 3245; baseline -0.004 -17"><span class='ocrx_word' id='word_1_499' title='bbox 2324 3174 2416 3245; x_wconf 91' lang='lat' dir='ltr'><strong>qui</strong></span> <span class='ocrx_word' id='word_1_500' title='bbox 2462 3189 2522 3231; x_wconf 90' lang='lat' dir='ltr'><strong>se</strong></span> <span class='ocrx_word' id='word_1_501' title='bbox 2551 3189 2712 3229; x_wconf 92' lang='lat' dir='ltr'><strong>unum</strong></span> <span class='ocrx_word' id='word_1_502' title='bbox 2744 3173 2998 3244; x_wconf 87' lang='lat' dir='ltr'><strong>templum</strong></span> <span class='ocrx_word' id='word_1_503' title='bbox 3025 3188 3143 3228; x_wconf 91' lang='lat' dir='ltr'><strong>esse</strong></span> <span class='ocrx_word' id='word_1_504' title='bbox 3186 3184 3394 3229; x_wconf 64' lang='lat' dir='ltr'><strong>sancte</strong></span> <span class='ocrx_word' id='word_1_505' title='bbox 3424 3172 3678 3228; x_wconf 88' lang='lat' dir='ltr'><strong>Trinitatis</strong></span> <span class='ocrx_word' id='word_1_506' title='bbox 3716 3184 3834 3238; x_wconf 81' lang='lat' dir='ltr'><strong>agno-</strong></span> 
     </span>
    </p>
   </div>
   <div class='ocr_carea' id='block_1_61' title="bbox 626 3261 3834 3335">
    <p class='ocr_par' dir='ltr' id='par_1_61' title="bbox 626 3261 3834 3335">
     <span class='ocr_line' id='line_1_61' title="bbox 626 3261 3834 3335; baseline -0.001 -21"><span class='ocrx_word' id='word_1_507' title='bbox 626 3262 736 3330; x_wconf 86' lang='lat' dir='ltr'><strong>ipse</strong></span> <span class='ocrx_word' id='word_1_508' title='bbox 759 3262 1043 3330; x_wconf 79' lang='lat' dir='ltr'><strong>mandavit,</strong></span> <span class='ocrx_word' id='word_1_509' title='bbox 1070 3271 1118 3316; x_wconf 89' lang='lat' dir='ltr'><strong>et</strong></span> <span class='ocrx_word' id='word_1_510' title='bbox 1153 3273 1328 3317; x_wconf 88' lang='lat' dir='ltr'><strong>creata</strong></span> <span class='ocrx_word' id='word_1_511' title='bbox 1354 3273 1490 3317; x_wconf 88' lang='lat' dir='ltr'><strong>sunt.</strong></span> <span class='ocrx_word' id='word_1_512' title='bbox 1518 3261 1644 3320; x_wconf 64' lang='lat' dir='ltr'><strong>Haec</strong></span> <span class='ocrx_word' id='word_1_513' title='bbox 1670 3264 1854 3334; x_wconf 90' lang='lat' dir='ltr'><strong>itaque</strong></span> <span class='ocrx_word' id='word_1_514' title='bbox 1884 3266 2063 3320; x_wconf 88' lang='lat' dir='ltr'><strong>omnia</strong></span> <span class='ocrx_word' id='word_1_515' title='bbox 2092 3264 2214 3321; x_wconf 91' lang='lat' dir='ltr'><strong>ideo</strong></span> <span class='ocrx_word' id='word_1_516' title='bbox 2244 3273 2288 3334; x_wconf 83' lang='lat' dir='ltr'><strong><em>C</em></strong></span> <span class='ocrx_word' id='word_1_517' title='bbox 2317 3273 2494 3321; x_wconf 90' lang='lat' dir='ltr'><strong>scunt.</strong></span> <span class='ocrx_word' id='word_1_518' title='bbox 2523 3264 2724 3320; x_wconf 91' lang='lat' dir='ltr'><strong>Deinde</strong></span> <span class='ocrx_word' id='word_1_519' title='bbox 2745 3263 2813 3319; x_wconf 92' lang='lat' dir='ltr'><strong>ab</strong></span> <span class='ocrx_word' id='word_1_520' title='bbox 2834 3263 2936 3318; x_wconf 92' lang='lat' dir='ltr'><strong>illis</strong></span> <span class='ocrx_word' id='word_1_521' title='bbox 2958 3263 3129 3319; x_wconf 85' lang='lat' dir='ltr'><strong>tribus</strong></span> <span class='ocrx_word' id='word_1_522' title='bbox 3158 3265 3343 3335; x_wconf 92' lang='lat' dir='ltr'><strong>pueris</strong></span> <span class='ocrx_word' id='word_1_523' title='bbox 3359 3265 3577 3320; x_wconf 89' lang='lat' dir='ltr'><strong>dicitur:</strong></span> <span class='ocrx_word' id='word_1_524' title='bbox 3598 3262 3834 3318; x_wconf 78' lang='lat' dir='ltr'><strong>Benedictus</strong></span> 
     </span>
    </p>
   </div>
   <div class='ocr_carea' id='block_1_62' title="bbox 625 3352 2215 3426">
    <p class='ocr_par' dir='ltr' id='par_1_62' title="bbox 625 3352 2215 3426">
     <span class='ocr_line' id='line_1_62' title="bbox 625 3352 2215 3426; baseline 0.004 -20"><span class='ocrx_word' id='word_1_525' title='bbox 625 3353 884 3407; x_wconf 88' lang='lat' dir='ltr'><strong>dicuntur</strong></span> <span class='ocrx_word' id='word_1_526' title='bbox 910 3352 1195 3408; x_wconf 93' lang='lat' dir='ltr'><strong>Dominum</strong></span> <span class='ocrx_word' id='word_1_527' title='bbox 1225 3353 1424 3409; x_wconf 88' lang='lat' dir='ltr'><strong>debere</strong></span> <span class='ocrx_word' id='word_1_528' title='bbox 1451 3353 1689 3420; x_wconf 90' lang='lat' dir='ltr'><strong>laudare,</strong></span> <span class='ocrx_word' id='word_1_529' title='bbox 1720 3356 1973 3425; x_wconf 90' lang='lat' dir='ltr'><strong>quoniam</strong></span> <span class='ocrx_word' id='word_1_530' title='bbox 2002 3355 2070 3410; x_wconf 93' lang='lat' dir='ltr'><strong>ab</strong></span> <span class='ocrx_word' id='word_1_531' title='bbox 2098 3357 2215 3426; x_wconf 93' lang='lat' dir='ltr'><strong>ipso</strong></span> 
     </span>
    </p>
   </div>
   <div class='ocr_carea' id='block_1_63' title="bbox 624 3442 2216 3517">
    <p class='ocr_par' dir='ltr' id='par_1_63' title="bbox 624 3442 2216 3517">
     <span class='ocr_line' id='line_1_63' title="bbox 624 3442 2216 3517; baseline 0.005 -22"><span class='ocrx_word' id='word_1_532' title='bbox 624 3442 790 3514; x_wconf 61' lang='lat'><strong>6&amp;9</strong></span> <span class='ocrx_word' id='word_1_533' title='bbox 816 3442 956 3497; x_wconf 77' lang='lat' dir='ltr'><strong>facta</strong></span> <span class='ocrx_word' id='word_1_534' title='bbox 985 3451 1128 3498; x_wconf 89' lang='lat' dir='ltr'><strong>sunt.</strong></span> <span class='ocrx_word' id='word_1_535' title='bbox 1159 3443 1310 3510; x_wconf 79' lang='lat' dir='ltr'><strong>Quod</strong></span> <span class='ocrx_word' id='word_1_536' title='bbox 1336 3445 1378 3499; x_wconf 92' lang='lat' dir='ltr'><strong>si</strong></span> <span class='ocrx_word' id='word_1_537' title='bbox 1411 3444 1581 3500; x_wconf 79' lang='lat' dir='ltr'><strong>lactus</strong></span> <span class='ocrx_word' id='word_1_538' title='bbox 1602 3454 1745 3501; x_wconf 88' lang='lat' dir='ltr'><strong>esset</strong></span> <span class='ocrx_word' id='word_1_539' title='bbox 1792 3446 1956 3502; x_wconf 89' lang='lat' dir='ltr'><strong>etiam</strong></span> <span class='ocrx_word' id='word_1_540' title='bbox 1987 3447 2216 3517; x_wconf 88' lang='lat' dir='ltr'><strong>Spiritus</strong></span> 
     </span>
    </p>
   </div>
   <div class='ocr_carea' id='block_1_64' title="bbox 623 3533 2217 3608">
    <p class='ocr_par' dir='ltr' id='par_1_64' title="bbox 623 3533 2217 3608">
     <span class='ocr_line' id='line_1_64' title="bbox 623 3533 2217 3608; baseline 0.005 -21"><span class='ocrx_word' id='word_1_541' title='bbox 623 3541 861 3599; x_wconf 85' lang='lat' dir='ltr'><strong>sanctus,</strong></span> <span class='ocrx_word' id='word_1_542' title='bbox 899 3533 954 3588; x_wconf 88' lang='lat' dir='ltr'><strong>in</strong></span> <span class='ocrx_word' id='word_1_543' title='bbox 996 3533 1088 3590; x_wconf 92' lang='lat' dir='ltr'><strong>illo</strong></span> <span class='ocrx_word' id='word_1_544' title='bbox 1129 3533 1454 3592; x_wconf 88' lang='lat' dir='ltr'><strong>laudationis</strong></span> <span class='ocrx_word' id='word_1_545' title='bbox 1498 3536 1707 3602; x_wconf 89' lang='lat' dir='ltr'><strong>ordine,</strong></span> <span class='ocrx_word' id='word_1_546' title='bbox 1742 3546 1872 3593; x_wconf 90' lang='lat' dir='ltr'><strong>ante</strong></span> <span class='ocrx_word' id='word_1_547' title='bbox 1915 3539 2134 3608; x_wconf 86' lang='lat' dir='ltr'><strong>angelos</strong></span> <span class='ocrx_word' id='word_1_548' title='bbox 2161 3548 2217 3595; x_wconf 93' lang='lat' dir='ltr'><strong>et</strong></span> 
     </span>
    </p>
   </div>
   <div class='ocr_carea' id='block_1_65' title="bbox 624 3625 2214 3699">
    <p class='ocr_par' dir='ltr' id='par_1_65' title="bbox 624 3625 2214 3699">
     <span class='ocr_line' id='line_1_65' title="bbox 624 3625 2214 3699; baseline 0.005 -20"><span class='ocrx_word' id='word_1_549' title='bbox 624 3625 850 3680; x_wconf 78' lang='lat' dir='ltr'><strong>virtutes</strong></span> <span class='ocrx_word' id='word_1_550' title='bbox 875 3627 1193 3698; x_wconf 90' lang='lat' dir='ltr'><strong>prophetico</strong></span> <span class='ocrx_word' id='word_1_551' title='bbox 1221 3637 1517 3697; x_wconf 88' lang='lat' dir='ltr'><strong>poneretur</strong></span> <span class='ocrx_word' id='word_1_552' title='bbox 1545 3629 1782 3699; x_wconf 88' lang='lat' dir='ltr'><strong>eloquio.</strong></span> <span class='ocrx_word' id='word_1_553' title='bbox 1815 3629 1895 3684; x_wconf 83' lang='lat' dir='ltr'><strong>An</strong></span> <span class='ocrx_word' id='word_1_554' title='bbox 1927 3631 2031 3686; x_wconf 93' lang='lat' dir='ltr'><strong>hoc</strong></span> <span class='ocrx_word' id='word_1_555' title='bbox 2060 3631 2214 3688; x_wconf 87' lang='lat' dir='ltr'><strong>vobis</strong></span> 
     </span>
    </p>
   </div>
   <div class='ocr_carea' id='block_1_66' title="bbox 622 3717 2212 3790">
    <p class='ocr_par' dir='ltr' id='par_1_66' title="bbox 622 3717 2212 3790">
     <span class='ocr_line' id='line_1_66' title="bbox 622 3717 2212 3790; baseline 0.005 -18"><span class='ocrx_word' id='word_1_556' title='bbox 622 3717 829 3788; x_wconf 83' lang='lat' dir='ltr'><strong>placet,</strong></span> <span class='ocrx_word' id='word_1_557' title='bbox 875 3726 932 3774; x_wconf 91' lang='lat' dir='ltr'><strong>ut</strong></span> <span class='ocrx_word' id='word_1_558' title='bbox 959 3718 1188 3790; x_wconf 86' lang='lat' dir='ltr'><strong>Spiritus</strong></span> <span class='ocrx_word' id='word_1_559' title='bbox 1230 3731 1466 3786; x_wconf 92' lang='lat' dir='ltr'><strong>sanctus,</strong></span> <span class='ocrx_word' id='word_1_560' title='bbox 1512 3722 1604 3790; x_wconf 94' lang='lat' dir='ltr'><strong>qui</strong></span> <span class='ocrx_word' id='word_1_561' title='bbox 1647 3722 1940 3778; x_wconf 92' lang='lat' dir='ltr'><strong>secundum</strong></span> <span class='ocrx_word' id='word_1_562' title='bbox 1979 3733 2212 3780; x_wconf 88' lang='lat' dir='ltr'><strong>vestram</strong></span> 
     </span>
    </p>
   </div>
   <div class='ocr_carea' id='block_1_67' title="bbox 621 3809 2212 3883">
    <p class='ocr_par' dir='ltr' id='par_1_67' title="bbox 621 3809 2212 3883">
     <span class='ocr_line' id='line_1_67' title="bbox 621 3809 2212 3883; baseline 0.004 -19"><span class='ocrx_word' id='word_1_563' title='bbox 621 3810 947 3866; x_wconf 87' lang='lat' dir='ltr'><strong>sententiam</strong></span> <span class='ocrx_word' id='word_1_564' title='bbox 967 3809 1141 3868; x_wconf 86' lang='lat' dir='ltr'><strong>lactus</strong></span> <span class='ocrx_word' id='word_1_565' title='bbox 1167 3827 1264 3883; x_wconf 89' lang='lat' dir='ltr'><strong>per</strong></span> <span class='ocrx_word' id='word_1_566' title='bbox 1287 3812 1478 3867; x_wconf 92' lang='lat' dir='ltr'><strong>Filium</strong></span> <span class='ocrx_word' id='word_1_567' title='bbox 1503 3812 1717 3879; x_wconf 90' lang='lat' dir='ltr'><strong>dicitur,</strong></span> <span class='ocrx_word' id='word_1_568' title='bbox 1744 3815 1860 3870; x_wconf 88' lang='lat' dir='ltr'><strong>sine</strong></span> <span class='ocrx_word' id='word_1_569' title='bbox 1881 3815 2073 3870; x_wconf 71' lang='lat' dir='ltr'><strong>divina:</strong></span> <span class='ocrx_word' id='word_1_570' title='bbox 2096 3816 2212 3870; x_wconf 89' lang='lat' dir='ltr'><strong>lau-</strong></span> 
     </span>
    </p>
   </div>
   <div class='ocr_carea' id='block_1_68' title="bbox 619 3903 2208 3978">
    <p class='ocr_par' dir='ltr' id='par_1_68' title="bbox 619 3903 2208 3978">
     <span class='ocr_line' id='line_1_68' title="bbox 619 3903 2208 3978; baseline 0.005 -21"><span class='ocrx_word' id='word_1_571' title='bbox 619 3903 860 3959; x_wconf 86' lang='lat' dir='ltr'><strong>dationis</strong></span> <span class='ocrx_word' id='word_1_572' title='bbox 875 3904 1134 3975; x_wconf 89' lang='lat' dir='ltr'><strong>obsequio</strong></span> <span class='ocrx_word' id='word_1_573' title='bbox 1165 3906 1536 3976; x_wconf 88' lang='lat' dir='ltr'><strong>relinquatur?</strong></span> <span class='ocrx_word' id='word_1_574' title='bbox 1565 3916 1620 3963; x_wconf 91' lang='lat' dir='ltr'><strong>et</strong></span> <span class='ocrx_word' id='word_1_575' title='bbox 1649 3907 1738 3962; x_wconf 91' lang='lat' dir='ltr'><strong>ille</strong></span> <span class='ocrx_word' id='word_1_576' title='bbox 1763 3908 1854 3978; x_wconf 90' lang='lat' dir='ltr'><strong>qui</strong></span> <span class='ocrx_word' id='word_1_577' title='bbox 1882 3924 1912 3962; x_wconf 91' lang='lat' dir='ltr'><strong>a</strong></span> <span class='ocrx_word' id='word_1_578' title='bbox 1942 3910 2094 3964; x_wconf 90' lang='lat' dir='ltr'><strong>vobis</strong></span> <span class='ocrx_word' id='word_1_579' title='bbox 2120 3926 2208 3966; x_wconf 88' lang='lat' dir='ltr'><strong>as-</strong></span> 
     </span>
    </p>
   </div>
   <div class='ocr_carea' id='block_1_69' title="bbox 618 3981 2208 4070">
    <p class='ocr_par' dir='ltr' id='par_1_69' title="bbox 618 3981 2208 4070">
     <span class='ocr_line' id='line_1_69' title="bbox 618 3981 2208 4070; baseline 0.004 -21"><span class='ocrx_word' id='word_1_580' title='bbox 618 3996 814 4052; x_wconf 83' lang='lat' dir='ltr'><strong>seritur</strong></span> <span class='ocrx_word' id='word_1_581' title='bbox 860 4013 958 4070; x_wconf 90' lang='lat' dir='ltr'><strong>per</strong></span> <span class='ocrx_word' id='word_1_582' title='bbox 995 3997 1185 4053; x_wconf 85' lang='lat' dir='ltr'><strong>Filium</strong></span> <span class='ocrx_word' id='word_1_583' title='bbox 1233 3999 1443 4054; x_wconf 67' lang='lat' dir='ltr'><strong>caeteris</strong></span> <span class='ocrx_word' id='word_1_584' title='bbox 1488 3999 1747 4054; x_wconf 91' lang='lat' dir='ltr'><strong>creaturis</strong></span> <span class='ocrx_word' id='word_1_585' title='bbox 1788 3981 1966 4068; x_wconf 65' lang='lat' dir='ltr'><strong>potidr</strong></span> <span class='ocrx_word' id='word_1_586' title='bbox 2015 3999 2208 4070; x_wconf 80' lang='lat' dir='ltr'><strong>factus,</strong></span> 
     </span>
    </p>
   </div>
   <div class='ocr_carea' id='block_1_70' title="bbox 616 4089 2210 4161">
    <p class='ocr_par' dir='ltr' id='par_1_70' title="bbox 616 4089 2210 4161">
     <span class='ocr_line' id='line_1_70' title="bbox 616 4089 2210 4161; baseline 0.003 -18"><span class='ocrx_word' id='word_1_587' title='bbox 616 4089 955 4145; x_wconf 87' lang='lat' dir='ltr'><strong>laudantibus</strong></span> <span class='ocrx_word' id='word_1_588' title='bbox 983 4097 1282 4146; x_wconf 87' lang='lat' dir='ltr'><strong>creatorem</strong></span> <span class='ocrx_word' id='word_1_589' title='bbox 1316 4090 1543 4160; x_wconf 91' lang='lat' dir='ltr'><strong>cunctis,</strong></span> <span class='ocrx_word' id='word_1_590' title='bbox 1574 4091 1691 4146; x_wconf 90' lang='lat' dir='ltr'><strong>sine</strong></span> <span class='ocrx_word' id='word_1_591' title='bbox 1717 4089 1873 4145; x_wconf 87' lang='lat' dir='ltr'><strong>laude</strong></span> <span class='ocrx_word' id='word_1_592' title='bbox 1900 4100 2210 4161; x_wconf 85' lang='lat' dir='ltr'><strong>perseveret</strong></span> 
     </span>
    </p>
   </div>
   <div class='ocr_carea' id='block_1_71' title="bbox 615 4180 2205 4254">
    <p class='ocr_par' dir='ltr' id='par_1_71' title="bbox 615 4180 2205 4254">
     <span class='ocr_line' id='line_1_71' title="bbox 615 4180 2205 4254; baseline 0.004 -20"><span class='ocrx_word' id='word_1_593' title='bbox 615 4180 891 4250; x_wconf 88' lang='lat' dir='ltr'><strong>ingratus?</strong></span> <span class='ocrx_word' id='word_1_594' title='bbox 921 4190 978 4236; x_wconf 90' lang='lat' dir='ltr'><strong>et</strong></span> <span class='ocrx_word' id='word_1_595' title='bbox 1005 4183 1072 4237; x_wconf 88' lang='lat' dir='ltr'><strong>ab</strong></span> <span class='ocrx_word' id='word_1_596' title='bbox 1101 4182 1218 4252; x_wconf 91' lang='lat' dir='ltr'><strong>ipso</strong></span> <span class='ocrx_word' id='word_1_597' title='bbox 1249 4182 1506 4238; x_wconf 90' lang='lat' dir='ltr'><strong>Dominus</strong></span> <span class='ocrx_word' id='word_1_598' title='bbox 1545 4199 1652 4238; x_wconf 90' lang='lat' dir='ltr'><strong>non</strong></span> <span class='ocrx_word' id='word_1_599' title='bbox 1687 4183 1950 4250; x_wconf 89' lang='lat' dir='ltr'><strong>laudetur,</strong></span> <span class='ocrx_word' id='word_1_600' title='bbox 1983 4184 2037 4238; x_wconf 93' lang='lat' dir='ltr'><strong>in</strong></span> <span class='ocrx_word' id='word_1_601' title='bbox 2074 4199 2205 4254; x_wconf 91' lang='lat' dir='ltr'><strong>quo,</strong></span> 
     </span>
    </p>
   </div>
   <div class='ocr_carea' id='block_1_72' title="bbox 615 4269 2206 4346">
    <p class='ocr_par' dir='ltr' id='par_1_72' title="bbox 615 4269 2206 4346">
     <span class='ocr_line' id='line_1_72' title="bbox 615 4269 2206 4346; baseline 0.006 -22"><span class='ocrx_word' id='word_1_602' title='bbox 615 4269 912 4325; x_wconf 82' lang='lat' dir='ltr'><strong>secundum</strong></span> <span class='ocrx_word' id='word_1_603' title='bbox 935 4271 1306 4327; x_wconf 87' lang='lat' dir='ltr'><strong>credulitatem</strong></span> <span class='ocrx_word' id='word_1_604' title='bbox 1338 4282 1592 4336; x_wconf 86' lang='lat' dir='ltr'><strong>vestram,</strong></span> <span class='ocrx_word' id='word_1_605' title='bbox 1642 4284 1856 4330; x_wconf 90' lang='lat' dir='ltr'><strong>creator</strong></span> <span class='ocrx_word' id='word_1_606' title='bbox 1893 4275 2018 4344; x_wconf 86' lang='lat' dir='ltr'><strong>ejus.</strong></span> <span class='ocrx_word' id='word_1_607' title='bbox 2036 4277 2206 4346; x_wconf 84' lang='lat' dir='ltr'><strong>magis</strong></span> 
     </span>
    </p>
   </div>
   <div class='ocr_carea' id='block_1_73' title="bbox 615 4358 2202 4437">
    <p class='ocr_par' dir='ltr' id='par_1_73' title="bbox 615 4358 2202 4437">
     <span class='ocr_line' id='line_1_73' title="bbox 615 4358 2202 4437; baseline 0.007 -24"><span class='ocrx_word' id='word_1_608' title='bbox 615 4358 898 4416; x_wconf 84' lang='lat' dir='ltr'><strong>laudabilis</strong></span> <span class='ocrx_word' id='word_1_609' title='bbox 943 4362 1250 4418; x_wconf 84' lang='lat' dir='ltr'><strong>invenitur?</strong></span> <span class='ocrx_word' id='word_1_610' title='bbox 1307 4363 1721 4420; x_wconf 85' lang='lat' dir='ltr'><strong>Benedictiones</strong></span> <span class='ocrx_word' id='word_1_611' title='bbox 1769 4381 1985 4437; x_wconf 92' lang='lat' dir='ltr'><strong>quoque</strong></span> <span class='ocrx_word' id='word_1_612' title='bbox 2040 4370 2202 4424; x_wconf 90' lang='lat' dir='ltr'><strong>trium</strong></span> 
     </span>
    </p>
   </div>
   <div class='ocr_carea' id='block_1_74' title="bbox 613 4453 2200 4527">
    <p class='ocr_par' dir='ltr' id='par_1_74' title="bbox 613 4453 2200 4527">
     <span class='ocr_line' id='line_1_74' title="bbox 613 4453 2200 4527; baseline 0.007 -22"><span class='ocrx_word' id='word_1_613' title='bbox 613 4466 926 4522; x_wconf 76' lang='lat' dir='ltr'><strong>puerorum,</strong></span> <span class='ocrx_word' id='word_1_614' title='bbox 953 4453 1092 4509; x_wconf 90' lang='lat' dir='ltr'><strong>sicut</strong></span> <span class='ocrx_word' id='word_1_615' title='bbox 1118 4455 1362 4524; x_wconf 89' lang='lat' dir='ltr'><strong>superius</strong></span> <span class='ocrx_word' id='word_1_616' title='bbox 1390 4456 1527 4524; x_wconf 83' lang='lat' dir='ltr'><strong>dixi,</strong></span> <span class='ocrx_word' id='word_1_617' title='bbox 1553 4457 1842 4527; x_wconf 85' lang='lat' dir='ltr'><strong>prudenter</strong></span> <span class='ocrx_word' id='word_1_618' title='bbox 1869 4460 2084 4516; x_wconf 88' lang='lat' dir='ltr'><strong>attende</strong></span> <span class='ocrx_word' id='word_1_619' title='bbox 2109 4479 2122 4514; x_wconf 91' lang='lat'>:</span> <span class='ocrx_word' id='word_1_620' title='bbox 2147 4461 2200 4516; x_wconf 91' lang='lat' dir='ltr'><strong>in</strong></span> 
     </span>
    </p>
   </div>
   <div class='ocr_carea' id='block_1_75' title="bbox 613 4541 2196 4614">
    <p class='ocr_par' dir='ltr' id='par_1_75' title="bbox 613 4541 2196 4614">
     <span class='ocr_line' id='line_1_75' title="bbox 613 4541 2196 4614; baseline 0.008 -20"><span class='ocrx_word' id='word_1_621' title='bbox 613 4541 805 4611; x_wconf 84' lang='lat' dir='ltr'><strong>quibus</strong></span> <span class='ocrx_word' id='word_1_622' title='bbox 832 4541 1080 4613; x_wconf 86' lang='lat' dir='ltr'><strong>primitus</strong></span> <span class='ocrx_word' id='word_1_623' title='bbox 1117 4544 1191 4598; x_wconf 88' lang='lat' dir='ltr'><strong>ita</strong></span> <span class='ocrx_word' id='word_1_624' title='bbox 1223 4545 1336 4614; x_wconf 86' lang='lat' dir='ltr'><strong>ipse</strong></span> <span class='ocrx_word' id='word_1_625' title='bbox 1365 4545 1536 4601; x_wconf 79' lang='lat' dir='ltr'><strong>factor</strong></span> <span class='ocrx_word' id='word_1_626' title='bbox 1564 4548 1802 4602; x_wconf 80' lang='lat' dir='ltr'><strong>omnium</strong></span> <span class='ocrx_word' id='word_1_627' title='bbox 1824 4564 2003 4604; x_wconf 89' lang='lat' dir='ltr'><strong>rerum</strong></span> <span class='ocrx_word' id='word_1_628' title='bbox 2032 4550 2196 4607; x_wconf 89' lang='lat' dir='ltr'><strong>bene-</strong></span> 
     </span>
    </p>
   </div>
   <div class='ocr_carea' id='block_1_76' title="bbox 2318 3355 3836 3432">
    <p class='ocr_par' dir='ltr' id='par_1_76' title="bbox 2318 3355 3836 3432">
     <span class='ocr_line' id='line_1_76' title="bbox 2318 3355 3836 3432; baseline -0.007 -17"><span class='ocrx_word' id='word_1_629' title='bbox 2318 3377 2392 3424; x_wconf 84' lang='lat' dir='ltr'><strong>es,</strong></span> <span class='ocrx_word' id='word_1_630' title='bbox 2422 3361 2508 3432; x_wconf 89' lang='lat' dir='ltr'><strong>qui</strong></span> <span class='ocrx_word' id='word_1_631' title='bbox 2535 3359 2674 3414; x_wconf 85' lang='lat' dir='ltr'><strong>vides</strong></span> <span class='ocrx_word' id='word_1_632' title='bbox 2695 3357 2931 3430; x_wconf 82' lang='lat' dir='ltr'><strong>abyssos,</strong></span> <span class='ocrx_word' id='word_1_633' title='bbox 2949 3358 3132 3412; x_wconf 85' lang='lat' dir='ltr'><strong>sedens</strong></span> <span class='ocrx_word' id='word_1_634' title='bbox 3161 3375 3321 3428; x_wconf 85' lang='lat' dir='ltr'><strong>super</strong></span> <span class='ocrx_word' id='word_1_635' title='bbox 3349 3356 3618 3426; x_wconf 86' lang='lat' dir='ltr'><strong>Cherubin,</strong></span> <span class='ocrx_word' id='word_1_636' title='bbox 3642 3369 3683 3411; x_wconf 82' lang='lat' dir='ltr'><strong>et</strong></span> <span class='ocrx_word' id='word_1_637' title='bbox 3699 3355 3836 3410; x_wconf 76' lang='lat' dir='ltr'><strong>lauda-</strong></span> 
     </span>
    </p>
   </div>
   <div class='ocr_carea' id='block_1_77' title="bbox 2317 3448 3834 3523">
    <p class='ocr_par' dir='ltr' id='par_1_77' title="bbox 2317 3448 3834 3523">
     <span class='ocr_line' id='line_1_77' title="bbox 2317 3448 3834 3523; baseline -0.005 -18"><span class='ocrx_word' id='word_1_638' title='bbox 2317 3451 2455 3518; x_wconf 87' lang='lat' dir='ltr'><strong>bilis,</strong></span> <span class='ocrx_word' id='word_1_639' title='bbox 2479 3460 2528 3505; x_wconf 86' lang='lat' dir='ltr'><strong>et</strong></span> <span class='ocrx_word' id='word_1_640' title='bbox 2555 3451 2810 3522; x_wconf 88' lang='lat' dir='ltr'><strong>gloriosus</strong></span> <span class='ocrx_word' id='word_1_641' title='bbox 2835 3451 2889 3504; x_wconf 87' lang='lat' dir='ltr'><strong>in</strong></span> <span class='ocrx_word' id='word_1_642' title='bbox 2917 3449 3106 3504; x_wconf 73' lang='lat' dir='ltr'><strong>saecula</strong></span> <span class='ocrx_word' id='word_1_643' title='bbox 3137 3448 3334 3523; x_wconf 87' lang='lat' dir='ltr'><strong>(Ibid.,</strong></span> <span class='ocrx_word' id='word_1_644' title='bbox 3385 3449 3496 3504; x_wconf 74' lang='lat' dir='ltr'><strong>55L</strong></span> <span class='ocrx_word' id='word_1_645' title='bbox 3527 3448 3590 3503; x_wconf 88' lang='lat' dir='ltr'><strong>Et</strong></span> <span class='ocrx_word' id='word_1_646' title='bbox 3615 3448 3746 3502; x_wconf 87' lang='lat' dir='ltr'><strong>Pater</strong></span> <span class='ocrx_word' id='word_1_647' title='bbox 3767 3460 3834 3498; x_wconf 56' lang='lat' dir='ltr'><strong>auc</strong></span> 
     </span>
    </p>
   </div>
   <div class='ocr_carea' id='block_1_78' title="bbox 2318 3539 3836 3613">
    <p class='ocr_par' dir='ltr' id='par_1_78' title="bbox 2318 3539 3836 3613">
     <span class='ocr_line' id='line_1_78' title="bbox 2318 3539 3836 3613; baseline -0.007 -13"><span class='ocrx_word' id='word_1_648' title='bbox 2318 3555 2445 3612; x_wconf 90' lang='lat' dir='ltr'><strong>tem,</strong></span> <span class='ocrx_word' id='word_1_649' title='bbox 2477 3553 2534 3600; x_wconf 90' lang='lat' dir='ltr'><strong>et</strong></span> <span class='ocrx_word' id='word_1_650' title='bbox 2556 3542 2739 3609; x_wconf 87' lang='lat' dir='ltr'><strong>Filius,</strong></span> <span class='ocrx_word' id='word_1_651' title='bbox 2762 3554 2817 3598; x_wconf 90' lang='lat' dir='ltr'><strong>et</strong></span> <span class='ocrx_word' id='word_1_652' title='bbox 2838 3542 3070 3613; x_wconf 90' lang='lat' dir='ltr'><strong>Spiritus</strong></span> <span class='ocrx_word' id='word_1_653' title='bbox 3091 3551 3312 3598; x_wconf 86' lang='lat' dir='ltr'><strong>sanctus</strong></span> <span class='ocrx_word' id='word_1_654' title='bbox 3339 3543 3414 3597; x_wconf 87' lang='lat' dir='ltr'><strong>ita</strong></span> <span class='ocrx_word' id='word_1_655' title='bbox 3437 3550 3600 3597; x_wconf 88' lang='lat' dir='ltr'><strong>totum</strong></span> <span class='ocrx_word' id='word_1_656' title='bbox 3621 3539 3836 3610; x_wconf 64' lang='lat' dir='ltr'><strong>{equaliter</strong></span> 
     </span>
    </p>
   </div>
   <div class='ocr_carea' id='block_1_79' title="bbox 2313 3630 3834 3705">
    <p class='ocr_par' dir='ltr' id='par_1_79' title="bbox 2313 3630 3834 3705">
     <span class='ocr_line' id='line_1_79' title="bbox 2313 3630 3834 3705; baseline -0.007 -15"><span class='ocrx_word' id='word_1_657' title='bbox 2313 3636 2480 3703; x_wconf 88' lang='lat' dir='ltr'><strong>videt,</strong></span> <span class='ocrx_word' id='word_1_658' title='bbox 2496 3636 2635 3690; x_wconf 89' lang='lat' dir='ltr'><strong>sicut</strong></span> <span class='ocrx_word' id='word_1_659' title='bbox 2652 3643 2821 3688; x_wconf 89' lang='lat' dir='ltr'><strong>totum</strong></span> <span class='ocrx_word' id='word_1_660' title='bbox 2846 3635 2958 3705; x_wconf 91' lang='lat' dir='ltr'><strong>ipsa</strong></span> <span class='ocrx_word' id='word_1_661' title='bbox 2977 3631 3210 3689; x_wconf 90' lang='lat' dir='ltr'><strong>Trinitas</strong></span> <span class='ocrx_word' id='word_1_662' title='bbox 3224 3634 3422 3704; x_wconf 89' lang='lat' dir='ltr'><strong>replet.</strong></span> <span class='ocrx_word' id='word_1_663' title='bbox 3441 3632 3548 3689; x_wconf 85' lang='lat' dir='ltr'><strong>Nec</strong></span> <span class='ocrx_word' id='word_1_664' title='bbox 3563 3631 3685 3687; x_wconf 88' lang='lat' dir='ltr'><strong>Filio</strong></span> <span class='ocrx_word' id='word_1_665' title='bbox 3699 3630 3834 3698; x_wconf 84' lang='lat' dir='ltr'><strong>igitur,</strong></span> 
     </span>
    </p>
   </div>
   <div class='ocr_carea' id='block_1_80' title="bbox 2314 3724 3837 3798">
    <p class='ocr_par' dir='ltr' id='par_1_80' title="bbox 2314 3724 3837 3798">
     <span class='ocr_line' id='line_1_80' title="bbox 2314 3724 3837 3798; baseline -0.007 -16"><span class='ocrx_word' id='word_1_666' title='bbox 2314 3743 2415 3782; x_wconf 93' lang='lat' dir='ltr'><strong>nec</strong></span> <span class='ocrx_word' id='word_1_667' title='bbox 2434 3725 2656 3798; x_wconf 90' lang='lat' dir='ltr'><strong>Spiritui</strong></span> <span class='ocrx_word' id='word_1_668' title='bbox 2674 3727 2838 3798; x_wconf 76' lang='lat' dir='ltr'><strong>65o</strong></span> <span class='ocrx_word' id='word_1_669' title='bbox 2853 3733 3042 3780; x_wconf 90' lang='lat' dir='ltr'><strong>sancto</strong></span> <span class='ocrx_word' id='word_1_670' title='bbox 3065 3725 3385 3795; x_wconf 84' lang='lat' dir='ltr'><strong>abyssorum</strong></span> <span class='ocrx_word' id='word_1_671' title='bbox 3412 3725 3545 3780; x_wconf 86' lang='lat' dir='ltr'><strong>visio</strong></span> <span class='ocrx_word' id='word_1_672' title='bbox 3572 3724 3837 3792; x_wconf 80' lang='lat' dir='ltr'><strong>denegatur;</strong></span> 
     </span>
    </p>
   </div>
   <div class='ocr_carea' id='block_1_81' title="bbox 2311 3813 3835 3891">
    <p class='ocr_par' dir='ltr' id='par_1_81' title="bbox 2311 3813 3835 3891">
     <span class='ocr_line' id='line_1_81' title="bbox 2311 3813 3835 3891; baseline -0.008 -16"><span class='ocrx_word' id='word_1_673' title='bbox 2311 3820 2567 3891; x_wconf 85' lang='lat' dir='ltr'><strong>quoniam</strong></span> <span class='ocrx_word' id='word_1_674' title='bbox 2598 3819 2712 3890; x_wconf 88' lang='lat' dir='ltr'><strong>ipsa</strong></span> <span class='ocrx_word' id='word_1_675' title='bbox 2741 3826 2925 3874; x_wconf 86' lang='lat' dir='ltr'><strong>sancta</strong></span> <span class='ocrx_word' id='word_1_676' title='bbox 2951 3817 3186 3873; x_wconf 90' lang='lat' dir='ltr'><strong>Trinitas</strong></span> <span class='ocrx_word' id='word_1_677' title='bbox 3213 3817 3376 3872; x_wconf 91' lang='lat' dir='ltr'><strong>simul</strong></span> <span class='ocrx_word' id='word_1_678' title='bbox 3400 3817 3575 3872; x_wconf 92' lang='lat' dir='ltr'><strong>omnia</strong></span> <span class='ocrx_word' id='word_1_679' title='bbox 3598 3817 3644 3870; x_wconf 94' lang='lat' dir='ltr'><strong>in</strong></span> <span class='ocrx_word' id='word_1_680' title='bbox 3669 3813 3835 3870; x_wconf 75' lang='lat' dir='ltr'><strong>cmliset</strong></span> 
     </span>
    </p>
   </div>
   <div class='ocr_carea' id='block_1_82' title="bbox 2311 3907 3829 3980">
    <p class='ocr_par' dir='ltr' id='par_1_82' title="bbox 2311 3907 3829 3980">
     <span class='ocr_line' id='line_1_82' title="bbox 2311 3907 3829 3980; baseline -0.007 -15"><span class='ocrx_word' id='word_1_681' title='bbox 2311 3911 2365 3966; x_wconf 95' lang='lat' dir='ltr'><strong>in</strong></span> <span class='ocrx_word' id='word_1_682' title='bbox 2398 3919 2562 3978; x_wconf 90' lang='lat' dir='ltr'><strong>terra,</strong></span> <span class='ocrx_word' id='word_1_683' title='bbox 2591 3909 2820 3964; x_wconf 89' lang='lat' dir='ltr'><strong>visibilia</strong></span> <span class='ocrx_word' id='word_1_684' title='bbox 2850 3917 2906 3964; x_wconf 92' lang='lat' dir='ltr'><strong>et</strong></span> <span class='ocrx_word' id='word_1_685' title='bbox 2949 3909 3257 3972; x_wconf 84' lang='lat' dir='ltr'><strong>invisibilia,</strong></span> <span class='ocrx_word' id='word_1_686' title='bbox 3293 3907 3686 3980; x_wconf 72' lang='lat' dir='ltr'><strong>omnipotentis:</strong></span> <span class='ocrx_word' id='word_1_687' title='bbox 3710 3912 3829 3958; x_wconf 85' lang='lat' dir='ltr'><strong>natu-</strong></span> 
     </span>
    </p>
   </div>
   <div class='ocr_carea' id='block_1_83' title="bbox 2310 3992 3830 4070">
    <p class='ocr_par' dir='ltr' id='par_1_83' title="bbox 2310 3992 3830 4070">
     <span class='ocr_line' id='line_1_83' title="bbox 2310 3992 3830 4070; baseline -0.007 -16"><span class='ocrx_word' id='word_1_688' title='bbox 2310 4000 2438 4056; x_wconf 90' lang='lat' dir='ltr'><strong>ralis</strong></span> <span class='ocrx_word' id='word_1_689' title='bbox 2465 4001 2738 4070; x_wconf 90' lang='lat' dir='ltr'><strong>agnitione</strong></span> <span class='ocrx_word' id='word_1_690' title='bbox 2774 3999 3186 4070; x_wconf 87' lang='lat' dir='ltr'><strong>complectitur:</strong></span> <span class='ocrx_word' id='word_1_691' title='bbox 3212 4008 3269 4054; x_wconf 89' lang='lat' dir='ltr'><strong>et</strong></span> <span class='ocrx_word' id='word_1_692' title='bbox 3309 4000 3364 4054; x_wconf 93' lang='lat' dir='ltr'><strong>in</strong></span> <span class='ocrx_word' id='word_1_693' title='bbox 3398 4016 3466 4054; x_wconf 91' lang='lat' dir='ltr'><strong>eo</strong></span> <span class='ocrx_word' id='word_1_694' title='bbox 3515 3999 3680 4053; x_wconf 91' lang='lat' dir='ltr'><strong>omnia</strong></span> <span class='ocrx_word' id='word_1_695' title='bbox 3700 3992 3830 4048; x_wconf 87' lang='lat' dir='ltr'><strong>maui-</strong></span> 
     </span>
    </p>
   </div>
   <div class='ocr_carea' id='block_1_84' title="bbox 2307 4085 3830 4162">
    <p class='ocr_par' dir='ltr' id='par_1_84' title="bbox 2307 4085 3830 4162">
     <span class='ocr_line' id='line_1_84' title="bbox 2307 4085 3830 4162; baseline -0.008 -13"><span class='ocrx_word' id='word_1_696' title='bbox 2307 4091 2594 4149; x_wconf 82' lang='lat' dir='ltr'><strong>festissima</strong></span> <span class='ocrx_word' id='word_1_697' title='bbox 2622 4093 2830 4148; x_wconf 91' lang='lat' dir='ltr'><strong>visione</strong></span> <span class='ocrx_word' id='word_1_698' title='bbox 2877 4091 3069 4156; x_wconf 91' lang='lat' dir='ltr'><strong>cernit,</strong></span> <span class='ocrx_word' id='word_1_699' title='bbox 3101 4091 3225 4161; x_wconf 91' lang='lat' dir='ltr'><strong>quia</strong></span> <span class='ocrx_word' id='word_1_700' title='bbox 3275 4091 3611 4162; x_wconf 90' lang='lat' dir='ltr'><strong>plenitudine</strong></span> <span class='ocrx_word' id='word_1_701' title='bbox 3643 4085 3830 4143; x_wconf 76' lang='lat' dir='ltr'><strong>scientia</strong></span> 
     </span>
    </p>
   </div>
   <div class='ocr_carea' id='block_1_85' title="bbox 2307 4176 3834 4255">
    <p class='ocr_par' dir='ltr' id='par_1_85' title="bbox 2307 4176 3834 4255">
     <span class='ocr_line' id='line_1_85' title="bbox 2307 4176 3834 4255; baseline -0.01 -15"><span class='ocrx_word' id='word_1_702' title='bbox 2307 4201 2417 4240; x_wconf 69' lang='lat' dir='ltr'><strong>sure</strong></span> <span class='ocrx_word' id='word_1_703' title='bbox 2458 4185 2597 4240; x_wconf 91' lang='lat' dir='ltr'><strong>sicut</strong></span> <span class='ocrx_word' id='word_1_704' title='bbox 2635 4183 2906 4255; x_wconf 63' lang='lat' dir='ltr'><strong>praeterita</strong></span> <span class='ocrx_word' id='word_1_705' title='bbox 2955 4191 3010 4237; x_wconf 88' lang='lat' dir='ltr'><strong>et</strong></span> <span class='ocrx_word' id='word_1_706' title='bbox 3055 4183 3369 4253; x_wconf 68' lang='lat' dir='ltr'><strong>pratsentia,</strong></span> <span class='ocrx_word' id='word_1_707' title='bbox 3420 4183 3501 4238; x_wconf 91' lang='lat' dir='ltr'><strong>sic</strong></span> <span class='ocrx_word' id='word_1_708' title='bbox 3526 4181 3676 4236; x_wconf 88' lang='lat' dir='ltr'><strong>etiam</strong></span> <span class='ocrx_word' id='word_1_709' title='bbox 3703 4176 3834 4230; x_wconf 82' lang='lat' dir='ltr'><strong>futura</strong></span> 
     </span>
    </p>
   </div>
   <div class='ocr_carea' id='block_1_86' title="bbox 2308 4263 3841 4344">
    <p class='ocr_par' dir='ltr' id='par_1_86' title="bbox 2308 4263 3841 4344">
     <span class='ocr_line' id='line_1_86' title="bbox 2308 4263 3841 4344; baseline -0.009 -13"><span class='ocrx_word' id='word_1_710' title='bbox 2308 4277 2556 4331; x_wconf 85' lang='lat' dir='ltr'><strong>universa</strong></span> <span class='ocrx_word' id='word_1_711' title='bbox 2578 4274 2875 4344; x_wconf 87' lang='lat' dir='ltr'><strong>cognoscit.</strong></span> <span class='ocrx_word' id='word_1_712' title='bbox 2904 4273 3037 4329; x_wconf 88' lang='lat' dir='ltr'><strong>Cum</strong></span> <span class='ocrx_word' id='word_1_713' title='bbox 3068 4289 3202 4338; x_wconf 81' lang='lat' dir='ltr'><strong>vero</strong></span> <span class='ocrx_word' id='word_1_714' title='bbox 3219 4273 3419 4329; x_wconf 89' lang='lat' dir='ltr'><strong>deinde</strong></span> <span class='ocrx_word' id='word_1_715' title='bbox 3443 4274 3494 4328; x_wconf 93' lang='lat' dir='ltr'><strong>in</strong></span> <span class='ocrx_word' id='word_1_716' title='bbox 3517 4263 3841 4328; x_wconf 87' lang='lat' dir='ltr'><strong>benedictioni-</strong></span> 
     </span>
    </p>
   </div>
   <div class='ocr_carea' id='block_1_87' title="bbox 2305 4358 3839 4435">
    <p class='ocr_par' dir='ltr' id='par_1_87' title="bbox 2305 4358 3839 4435">
     <span class='ocr_line' id='line_1_87' title="bbox 2305 4358 3839 4435; baseline -0.011 -13"><span class='ocrx_word' id='word_1_717' title='bbox 2305 4367 2406 4422; x_wconf 86' lang='lat' dir='ltr'><strong>bus</strong></span> <span class='ocrx_word' id='word_1_718' title='bbox 2433 4367 2625 4422; x_wconf 88' lang='lat' dir='ltr'><strong>dicitur</strong></span> <span class='ocrx_word' id='word_1_719' title='bbox 2656 4384 2668 4419; x_wconf 86' lang='lat'><strong>:</strong></span> <span class='ocrx_word' id='word_1_720' title='bbox 2704 4364 3009 4419; x_wconf 82' lang='lat' dir='ltr'><strong>Benedictus</strong></span> <span class='ocrx_word' id='word_1_721' title='bbox 3047 4381 3102 4418; x_wconf 89' lang='lat' dir='ltr'><strong>es</strong></span> <span class='ocrx_word' id='word_1_722' title='bbox 3135 4381 3292 4435; x_wconf 85' lang='lat' dir='ltr'><strong>supra</strong></span> <span class='ocrx_word' id='word_1_723' title='bbox 3327 4365 3503 4419; x_wconf 87' lang='lat' dir='ltr'><strong>sedem</strong></span> <span class='ocrx_word' id='word_1_724' title='bbox 3549 4361 3682 4434; x_wconf 82' lang='lat' dir='ltr'><strong>regni</strong></span> <span class='ocrx_word' id='word_1_725' title='bbox 3705 4358 3764 4412; x_wconf 85' lang='lat' dir='ltr'><strong>tui</strong></span> <span class='ocrx_word' id='word_1_726' title='bbox 3775 4364 3839 4420; x_wconf 74' lang='grc' dir='ltr'><strong>,τι</strong></span> 
     </span>
    </p>
   </div>
   <div class='ocr_carea' id='block_1_88' title="bbox 2305 4446 3841 4529">
    <p class='ocr_par' dir='ltr' id='par_1_88' title="bbox 2305 4446 3841 4529">
     <span class='ocr_line' id='line_1_88' title="bbox 2305 4446 3841 4529; baseline -0.008 -17"><span class='ocrx_word' id='word_1_727' title='bbox 2305 4458 2602 4525; x_wconf 87' lang='lat' dir='ltr'><strong>laudabilis,</strong></span> <span class='ocrx_word' id='word_1_728' title='bbox 2635 4466 2685 4512; x_wconf 88' lang='lat' dir='ltr'><strong>et</strong></span> <span class='ocrx_word' id='word_1_729' title='bbox 2713 4458 2970 4528; x_wconf 87' lang='lat' dir='ltr'><strong>gloriosus</strong></span> <span class='ocrx_word' id='word_1_730' title='bbox 2997 4458 3050 4510; x_wconf 91' lang='lat' dir='ltr'><strong>in</strong></span> <span class='ocrx_word' id='word_1_731' title='bbox 3089 4458 3282 4510; x_wconf 77' lang='lat' dir='ltr'><strong>swcula</strong></span> <span class='ocrx_word' id='word_1_732' title='bbox 3314 4456 3510 4529; x_wconf 54' lang='lat' dir='ltr'><strong>(Ibid,</strong></span> <span class='ocrx_word' id='word_1_733' title='bbox 3542 4454 3646 4523; x_wconf 65' lang='grc'><strong>54),</strong></span> <span class='ocrx_word' id='word_1_734' title='bbox 3667 4450 3768 4523; x_wconf 89' lang='lat' dir='ltr'><strong>quis</strong></span> <span class='ocrx_word' id='word_1_735' title='bbox 3788 4446 3841 4500; x_wconf 76' lang='lat' dir='ltr'><strong>ita</strong></span> 
     </span>
    </p>
   </div>
   <div class='ocr_carea' id='block_1_89' title="bbox 2303 4541 3837 4621">
    <p class='ocr_par' dir='ltr' id='par_1_89' title="bbox 2303 4541 3837 4621">
     <span class='ocr_line' id='line_1_89' title="bbox 2303 4541 3837 4621; baseline -0.011 -16"><span class='ocrx_word' id='word_1_736' title='bbox 2303 4550 2551 4621; x_wconf 91' lang='lat' dir='ltr'><strong>desipiat,</strong></span> <span class='ocrx_word' id='word_1_737' title='bbox 2588 4557 2645 4604; x_wconf 92' lang='lat' dir='ltr'><strong>ut</strong></span> <span class='ocrx_word' id='word_1_738' title='bbox 2667 4549 2734 4603; x_wconf 92' lang='lat' dir='ltr'><strong>ab</strong></span> <span class='ocrx_word' id='word_1_739' title='bbox 2765 4547 2864 4604; x_wconf 88' lang='lat' dir='ltr'><strong>hac</strong></span> <span class='ocrx_word' id='word_1_740' title='bbox 2890 4547 3262 4603; x_wconf 88' lang='lat' dir='ltr'><strong>benedictione</strong></span> <span class='ocrx_word' id='word_1_741' title='bbox 3291 4547 3490 4602; x_wconf 83' lang='lat' dir='ltr'><strong>Filium</strong></span> <span class='ocrx_word' id='word_1_742' title='bbox 3519 4555 3610 4600; x_wconf 90' lang='lat' dir='ltr'><strong>aut</strong></span> <span class='ocrx_word' id='word_1_743' title='bbox 3630 4541 3837 4613; x_wconf 84' lang='lat' dir='ltr'><strong>Spiritum</strong></span> 
     </span>
    </p>
   </div>
   <div class='ocr_carea' id='block_1_90' title="bbox 612 4629 3838 4712">
    <p class='ocr_par' dir='ltr' id='par_1_90' title="bbox 612 4629 3838 4712">
     <span class='ocr_line' id='line_1_90' title="bbox 612 4629 3838 4712; baseline 0.002 -26"><span class='ocrx_word' id='word_1_744' title='bbox 612 4633 829 4698; x_wconf 86' lang='lat' dir='ltr'><strong>dicitur,</strong></span> <span class='ocrx_word' id='word_1_745' title='bbox 872 4642 930 4688; x_wconf 86' lang='lat' dir='ltr'><strong>ut</strong></span> <span class='ocrx_word' id='word_1_746' title='bbox 975 4633 1028 4690; x_wconf 88' lang='lat' dir='ltr'><strong>ei</strong></span> <span class='ocrx_word' id='word_1_747' title='bbox 1063 4634 1272 4690; x_wconf 90' lang='lat' dir='ltr'><strong>dicatur</strong></span> <span class='ocrx_word' id='word_1_748' title='bbox 1304 4653 1320 4690; x_wconf 90' lang='lat'><strong>:</strong></span> <span class='ocrx_word' id='word_1_749' title='bbox 1354 4635 1664 4693; x_wconf 85' lang='lat' dir='ltr'><strong>Benedictus</strong></span> <span class='ocrx_word' id='word_1_750' title='bbox 1697 4657 1779 4704; x_wconf 86' lang='lat' dir='ltr'><strong>es,</strong></span> <span class='ocrx_word' id='word_1_751' title='bbox 1813 4640 2034 4696; x_wconf 83' lang='lat' dir='ltr'><strong>Domine</strong></span> <span class='ocrx_word' id='word_1_752' title='bbox 2062 4641 2202 4698; x_wconf 85' lang='lat' dir='ltr'><strong>Deus</strong></span> <span class='ocrx_word' id='word_1_753' title='bbox 2233 4642 2278 4702; x_wconf 91' lang='lat' dir='ltr'><strong>D</strong></span> <span class='ocrx_word' id='word_1_754' title='bbox 2305 4651 2548 4698; x_wconf 89' lang='lat' dir='ltr'><strong>sanctum</strong></span> <span class='ocrx_word' id='word_1_755' title='bbox 2603 4656 2856 4712; x_wconf 90' lang='lat' dir='ltr'><strong>separare</strong></span> <span class='ocrx_word' id='word_1_756' title='bbox 2926 4640 3256 4696; x_wconf 90' lang='lat' dir='ltr'><strong>contendat?</strong></span> <span class='ocrx_word' id='word_1_757' title='bbox 3311 4657 3440 4696; x_wconf 91' lang='lat' dir='ltr'><strong>cum</strong></span> <span class='ocrx_word' id='word_1_758' title='bbox 3494 4640 3674 4695; x_wconf 87' lang='lat' dir='ltr'><strong>beatus</strong></span> <span class='ocrx_word' id='word_1_759' title='bbox 3714 4629 3838 4687; x_wconf 69' lang='lat' dir='ltr'><strong>lsaias</strong></span> 
     </span>
    </p>
   </div>
   <div class='ocr_carea' id='block_1_91' title="bbox 610 4727 2194 4803">
    <p class='ocr_par' dir='ltr' id='par_1_91' title="bbox 610 4727 2194 4803">
     <span class='ocr_line' id='line_1_91' title="bbox 610 4727 2194 4803; baseline 0.008 -27"><span class='ocrx_word' id='word_1_760' title='bbox 610 4733 813 4794; x_wconf 79' lang='lat' dir='ltr'><strong>patrum</strong></span> <span class='ocrx_word' id='word_1_761' title='bbox 842 4734 1157 4796; x_wconf 77' lang='lat' dir='ltr'><strong>nostrorum,</strong></span> <span class='ocrx_word' id='word_1_762' title='bbox 1185 4737 1234 4782; x_wconf 87' lang='lat' dir='ltr'><strong>et</strong></span> <span class='ocrx_word' id='word_1_763' title='bbox 1257 4727 1554 4796; x_wconf 87' lang='lat' dir='ltr'><strong>laudabitis,</strong></span> <span class='ocrx_word' id='word_1_764' title='bbox 1577 4741 1626 4784; x_wconf 90' lang='lat' dir='ltr'><strong>et</strong></span> <span class='ocrx_word' id='word_1_765' title='bbox 1645 4731 1901 4803; x_wconf 85' lang='lat' dir='ltr'><strong>gloriosus</strong></span> <span class='ocrx_word' id='word_1_766' title='bbox 1928 4735 1982 4787; x_wconf 89' lang='lat' dir='ltr'><strong>in</strong></span> <span class='ocrx_word' id='word_1_767' title='bbox 2002 4736 2194 4790; x_wconf 65' lang='lat' dir='ltr'><strong>sarcula</strong></span> 
     </span>
    </p>
   </div>
   <div class='ocr_carea' id='block_1_92' title="bbox 609 4813 2191 4894">
    <p class='ocr_par' dir='ltr' id='par_1_92' title="bbox 609 4813 2191 4894">
     <span class='ocr_line' id='line_1_92' title="bbox 609 4813 2191 4894; baseline 0.009 -28"><span class='ocrx_word' id='word_1_768' title='bbox 609 4813 773 4884; x_wconf 88' lang='lat' dir='ltr'><strong>(Dan.</strong></span> <span class='ocrx_word' id='word_1_769' title='bbox 802 4831 877 4884; x_wconf 83' lang='lat' dir='ltr'><strong>tu,</strong></span> <span class='ocrx_word' id='word_1_770' title='bbox 928 4817 1045 4886; x_wconf 68' lang='grc'><strong>52).</strong></span> <span class='ocrx_word' id='word_1_771' title='bbox 1074 4817 1242 4888; x_wconf 80' lang='lat' dir='ltr'><strong>Ecce,</strong></span> <span class='ocrx_word' id='word_1_772' title='bbox 1286 4829 1394 4875; x_wconf 90' lang='lat' dir='ltr'><strong>tres</strong></span> <span class='ocrx_word' id='word_1_773' title='bbox 1422 4820 1498 4875; x_wconf 87' lang='lat' dir='ltr'><strong>illi</strong></span> <span class='ocrx_word' id='word_1_774' title='bbox 1539 4830 1791 4892; x_wconf 87' lang='lat' dir='ltr'><strong>tanquam</strong></span> <span class='ocrx_word' id='word_1_775' title='bbox 1821 4838 1892 4878; x_wconf 73' lang='lat' dir='ltr'><strong>ex</strong></span> <span class='ocrx_word' id='word_1_776' title='bbox 1938 4840 2049 4879; x_wconf 92' lang='lat' dir='ltr'><strong>uno</strong></span> <span class='ocrx_word' id='word_1_777' title='bbox 2077 4841 2191 4894; x_wconf 88' lang='lat' dir='ltr'><strong>ore,</strong></span> 
     </span>
    </p>
   </div>
   <div class='ocr_carea' id='block_1_93' title="bbox 608 4905 2195 4986">
    <p class='ocr_par' dir='ltr' id='par_1_93' title="bbox 608 4905 2195 4986">
     <span class='ocr_line' id='line_1_93' title="bbox 608 4905 2195 4986; baseline 0.006 -27"><span class='ocrx_word' id='word_1_778' title='bbox 608 4905 893 4962; x_wconf 93' lang='lat' dir='ltr'><strong>Dominum</strong></span> <span class='ocrx_word' id='word_1_779' title='bbox 928 4907 1100 4964; x_wconf 83' lang='lat' dir='ltr'><strong>Deum</strong></span> <span class='ocrx_word' id='word_1_780' title='bbox 1126 4917 1182 4964; x_wconf 92' lang='lat' dir='ltr'><strong>et</strong></span> <span class='ocrx_word' id='word_1_781' title='bbox 1223 4910 1546 4968; x_wconf 82' lang='lat' dir='ltr'><strong>benedicere</strong></span> <span class='ocrx_word' id='word_1_782' title='bbox 1573 4920 1629 4968; x_wconf 86' lang='lat' dir='ltr'><strong>et</strong></span> <span class='ocrx_word' id='word_1_783' title='bbox 1667 4913 1884 4970; x_wconf 87' lang='lat' dir='ltr'><strong>laudare</strong></span> <span class='ocrx_word' id='word_1_784' title='bbox 1911 4924 1967 4970; x_wconf 90' lang='lat' dir='ltr'><strong>et</strong></span> <span class='ocrx_word' id='word_1_785' title='bbox 1993 4917 2195 4986; x_wconf 81' lang='lat' dir='ltr'><strong>gloriﬁ-</strong></span> 
     </span>
    </p>
   </div>
   <div class='ocr_carea' id='block_1_94' title="bbox 606 4997 2195 5077">
    <p class='ocr_par' dir='ltr' id='par_1_94' title="bbox 606 4997 2195 5077">
     <span class='ocr_line' id='line_1_94' title="bbox 606 4997 2195 5077; baseline 0.007 -23"><span class='ocrx_word' id='word_1_786' title='bbox 606 5011 733 5054; x_wconf 89' lang='lat' dir='ltr'><strong>care</strong></span> <span class='ocrx_word' id='word_1_787' title='bbox 762 5013 869 5054; x_wconf 94' lang='lat' dir='ltr'><strong>non</strong></span> <span class='ocrx_word' id='word_1_788' title='bbox 895 4997 1168 5054; x_wconf 85' lang='lat' dir='ltr'><strong>desinunt.</strong></span> <span class='ocrx_word' id='word_1_789' title='bbox 1219 4999 1317 5055; x_wconf 88' lang='lat' dir='ltr'><strong>Ubi</strong></span> <span class='ocrx_word' id='word_1_790' title='bbox 1345 5002 1518 5058; x_wconf 89' lang='lat' dir='ltr'><strong>solum</strong></span> <span class='ocrx_word' id='word_1_791' title='bbox 1549 5002 1761 5060; x_wconf 86' lang='lat' dir='ltr'><strong>Patrem</strong></span> <span class='ocrx_word' id='word_1_792' title='bbox 1810 5007 2029 5077; x_wconf 89' lang='lat' dir='ltr'><strong>intelligi</strong></span> <span class='ocrx_word' id='word_1_793' title='bbox 2051 5009 2195 5064; x_wconf 91' lang='lat' dir='ltr'><strong>Scri-</strong></span> 
     </span>
    </p>
   </div>
   <div class='ocr_carea' id='block_1_95' title="bbox 604 5089 2191 5167">
    <p class='ocr_par' dir='ltr' id='par_1_95' title="bbox 604 5089 2191 5167">
     <span class='ocr_line' id='line_1_95' title="bbox 604 5089 2191 5167; baseline 0.008 -25"><span class='ocrx_word' id='word_1_794' title='bbox 604 5099 775 5158; x_wconf 72' lang='lat' dir='ltr'><strong>ptum</strong></span> <span class='ocrx_word' id='word_1_795' title='bbox 797 5089 988 5146; x_wconf 59' lang='lat' dir='ltr'><strong>divina:</strong></span> <span class='ocrx_word' id='word_1_796' title='bbox 1010 5109 1116 5149; x_wconf 92' lang='lat' dir='ltr'><strong>non</strong></span> <span class='ocrx_word' id='word_1_797' title='bbox 1141 5095 1400 5164; x_wconf 80' lang='lat' dir='ltr'><strong>permittit</strong></span> <span class='ocrx_word' id='word_1_798' title='bbox 1428 5096 1749 5162; x_wconf 84' lang='lat' dir='ltr'><strong>auctoritas;</strong></span> <span class='ocrx_word' id='word_1_799' title='bbox 1774 5098 2021 5167; x_wconf 90' lang='lat' dir='ltr'><strong>primitus</strong></span> <span class='ocrx_word' id='word_1_800' title='bbox 2046 5101 2191 5155; x_wconf 90' lang='lat' dir='ltr'><strong>enim</strong></span> 
     </span>
    </p>
   </div>
   <div class='ocr_carea' id='block_1_96' title="bbox 604 5182 2200 5261">
    <p class='ocr_par' dir='ltr' id='par_1_96' title="bbox 604 5182 2200 5261">
     <span class='ocr_line' id='line_1_96' title="bbox 604 5182 2200 5261; baseline 0.007 -26"><span class='ocrx_word' id='word_1_801' title='bbox 604 5182 671 5236; x_wconf 92' lang='lat' dir='ltr'><strong>ab</strong></span> <span class='ocrx_word' id='word_1_802' title='bbox 700 5183 806 5239; x_wconf 90' lang='lat' dir='ltr'><strong>illis</strong></span> <span class='ocrx_word' id='word_1_803' title='bbox 835 5184 1001 5240; x_wconf 89' lang='lat' dir='ltr'><strong>tribus</strong></span> <span class='ocrx_word' id='word_1_804' title='bbox 1031 5186 1212 5256; x_wconf 90' lang='lat' dir='ltr'><strong>pueris</strong></span> <span class='ocrx_word' id='word_1_805' title='bbox 1233 5187 1452 5257; x_wconf 80' lang='lat' dir='ltr'><strong>ponitur</strong></span> <span class='ocrx_word' id='word_1_806' title='bbox 1481 5206 1497 5240; x_wconf 86' lang='lat'><strong>:</strong></span> <span class='ocrx_word' id='word_1_807' title='bbox 1521 5188 1853 5243; x_wconf 86' lang='lat' dir='ltr'><strong>Benedictum</strong></span> <span class='ocrx_word' id='word_1_808' title='bbox 1881 5207 2063 5246; x_wconf 86' lang='lat' dir='ltr'><strong>nomen</strong></span> <span class='ocrx_word' id='word_1_809' title='bbox 2091 5193 2200 5261; x_wconf 90' lang='lat' dir='ltr'><strong>glo-</strong></span> 
     </span>
    </p>
   </div>
   <div class='ocr_carea' id='block_1_97' title="bbox 603 5273 2193 5352">
    <p class='ocr_par' dir='ltr' id='par_1_97' title="bbox 603 5273 2193 5352">
     <span class='ocr_line' id='line_1_97' title="bbox 603 5273 2193 5352; baseline 0.007 -27"><span class='ocrx_word' id='word_1_810' title='bbox 603 5273 697 5327; x_wconf 73' lang='lat' dir='ltr'><strong>riae</strong></span> <span class='ocrx_word' id='word_1_811' title='bbox 725 5283 848 5342; x_wconf 77' lang='lat' dir='ltr'><strong>tua&#39;,</strong></span> <span class='ocrx_word' id='word_1_812' title='bbox 871 5278 1006 5348; x_wconf 84' lang='lat' dir='ltr'><strong>quod</strong></span> <span class='ocrx_word' id='word_1_813' title='bbox 1025 5288 1101 5332; x_wconf 91' lang='lat' dir='ltr'><strong>est</strong></span> <span class='ocrx_word' id='word_1_814' title='bbox 1127 5289 1384 5346; x_wconf 88' lang='lat' dir='ltr'><strong>sanctum,</strong></span> <span class='ocrx_word' id='word_1_815' title='bbox 1405 5290 1454 5334; x_wconf 85' lang='lat' dir='ltr'><strong>et</strong></span> <span class='ocrx_word' id='word_1_816' title='bbox 1474 5280 1733 5335; x_wconf 89' lang='lat' dir='ltr'><strong>laudabile</strong></span> <span class='ocrx_word' id='word_1_817' title='bbox 1761 5291 1810 5334; x_wconf 88' lang='lat' dir='ltr'><strong>et</strong></span> <span class='ocrx_word' id='word_1_818' title='bbox 1836 5282 2117 5352; x_wconf 87' lang='lat' dir='ltr'><strong>gloriosum</strong></span> <span class='ocrx_word' id='word_1_819' title='bbox 2139 5285 2193 5336; x_wconf 88' lang='lat' dir='ltr'><strong>in</strong></span> 
     </span>
    </p>
   </div>
   <div class='ocr_carea' id='block_1_98' title="bbox 2301 4727 3836 4793">
    <p class='ocr_par' dir='ltr' id='par_1_98' title="bbox 2301 4727 3836 4793">
     <span class='ocr_line' id='line_1_98' title="bbox 2301 4727 3836 4793; baseline -0.007 -6"><span class='ocrx_word' id='word_1_820' title='bbox 2301 4748 2464 4787; x_wconf 91' lang='lat' dir='ltr'><strong>unam</strong></span> <span class='ocrx_word' id='word_1_821' title='bbox 2488 4747 2608 4788; x_wconf 90' lang='lat' dir='ltr'><strong>esse</strong></span> <span class='ocrx_word' id='word_1_822' title='bbox 2633 4732 2816 4788; x_wconf 90' lang='lat' dir='ltr'><strong>sedem</strong></span> <span class='ocrx_word' id='word_1_823' title='bbox 2845 4740 3043 4788; x_wconf 80' lang='lat' dir='ltr'><strong>sanctae</strong></span> <span class='ocrx_word' id='word_1_824' title='bbox 3072 4730 3352 4786; x_wconf 90' lang='lat' dir='ltr'><strong>Trinitatis</strong></span> <span class='ocrx_word' id='word_1_825' title='bbox 3381 4731 3630 4793; x_wconf 90' lang='lat' dir='ltr'><strong>insinuet,</strong></span> <span class='ocrx_word' id='word_1_826' title='bbox 3657 4727 3836 4781; x_wconf 88' lang='lat' dir='ltr'><strong>dicens:</strong></span> 
     </span>
    </p>
   </div>
   <div class='ocr_carea' id='block_1_99' title="bbox 2308 4813 3838 4892">
    <p class='ocr_par' dir='ltr' id='par_1_99' title="bbox 2308 4813 3838 4892">
     <span class='ocr_line' id='line_1_99' title="bbox 2308 4813 3838 4892; baseline -0.008 -14"><span class='ocrx_word' id='word_1_827' title='bbox 2308 4823 2426 4879; x_wconf 80' lang='lat' dir='ltr'><strong>Vidi</strong></span> <span class='ocrx_word' id='word_1_828' title='bbox 2452 4823 2728 4879; x_wconf 89' lang='lat' dir='ltr'><strong>Dominum</strong></span> <span class='ocrx_word' id='word_1_829' title='bbox 2756 4823 3012 4878; x_wconf 77' lang='lat' dir='ltr'><strong>sedentem</strong></span> <span class='ocrx_word' id='word_1_830' title='bbox 3036 4840 3190 4892; x_wconf 85' lang='lat' dir='ltr'><strong>super</strong></span> <span class='ocrx_word' id='word_1_831' title='bbox 3218 4823 3411 4877; x_wconf 88' lang='lat' dir='ltr'><strong>solium</strong></span> <span class='ocrx_word' id='word_1_832' title='bbox 3437 4821 3683 4877; x_wconf 73' lang='lat' dir='ltr'><strong>excelsum</strong></span> <span class='ocrx_word' id='word_1_833' title='bbox 3701 4826 3742 4870; x_wconf 92' lang='lat' dir='ltr'><strong>et</strong></span> <span class='ocrx_word' id='word_1_834' title='bbox 3761 4813 3838 4868; x_wconf 78' lang='lat' dir='ltr'><strong>ele-</strong></span> 
     </span>
    </p>
   </div>
   <div class='ocr_carea' id='block_1_100' title="bbox 2298 4903 3837 4986">
    <p class='ocr_par' dir='ltr' id='par_1_100' title="bbox 2298 4903 3837 4986">
     <span class='ocr_line' id='line_1_100' title="bbox 2298 4903 3837 4986; baseline -0.008 -16"><span class='ocrx_word' id='word_1_835' title='bbox 2298 4925 2466 4971; x_wconf 81' lang='lat' dir='ltr'><strong>uatum</strong></span> <span class='ocrx_word' id='word_1_836' title='bbox 2505 4913 2641 4986; x_wconf 85' lang='lat' dir='ltr'><strong>(Isa.</strong></span> <span class='ocrx_word' id='word_1_837' title='bbox 2671 4931 2746 4979; x_wconf 86' lang='lat' dir='ltr'><strong>vi,</strong></span> <span class='ocrx_word' id='word_1_838' title='bbox 2779 4913 2856 4985; x_wconf 79' lang='lat' dir='ltr'><strong>l).</strong></span> <span class='ocrx_word' id='word_1_839' title='bbox 2887 4912 3056 4981; x_wconf 88' lang='lat' dir='ltr'><strong>Quem</strong></span> <span class='ocrx_word' id='word_1_840' title='bbox 3087 4914 3411 4984; x_wconf 89' lang='lat' dir='ltr'><strong>Dominum,</strong></span> <span class='ocrx_word' id='word_1_841' title='bbox 3443 4911 3766 4970; x_wconf 89' lang='lat' dir='ltr'><strong>clamantibus</strong></span> <span class='ocrx_word' id='word_1_842' title='bbox 3787 4903 3837 4958; x_wconf 80' lang='lat' dir='ltr'><strong>ad</strong></span> 
     </span>
    </p>
   </div>
   <div class='ocr_carea' id='block_1_101' title="bbox 2298 4997 3840 5076">
    <p class='ocr_par' dir='ltr' id='par_1_101' title="bbox 2298 4997 3840 5076">
     <span class='ocr_line' id='line_1_101' title="bbox 2298 4997 3840 5076; baseline -0.008 -16"><span class='ocrx_word' id='word_1_843' title='bbox 2298 5007 2525 5062; x_wconf 89' lang='lat' dir='ltr'><strong>invicem</strong></span> <span class='ocrx_word' id='word_1_844' title='bbox 2551 5006 2838 5076; x_wconf 87' lang='lat' dir='ltr'><strong>Seraphin,</strong></span> <span class='ocrx_word' id='word_1_845' title='bbox 2868 5005 2940 5060; x_wconf 90' lang='lat' dir='ltr'><strong>ita</strong></span> <span class='ocrx_word' id='word_1_846' title='bbox 2990 5005 3267 5074; x_wconf 73' lang='lat' dir='ltr'><strong>praedicari</strong></span> <span class='ocrx_word' id='word_1_847' title='bbox 3297 5009 3718 5060; x_wconf 88' lang='lat' dir='ltr'><strong>commemorat:</strong></span> <span class='ocrx_word' id='word_1_848' title='bbox 3742 4997 3840 5052; x_wconf 48' lang='lat' dir='ltr'><strong>Son.</strong></span> 
     </span>
    </p>
   </div>
   <div class='ocr_carea' id='block_1_102' title="bbox 2299 5088 3840 5162">
    <p class='ocr_par' dir='ltr' id='par_1_102' title="bbox 2299 5088 3840 5162">
     <span class='ocr_line' id='line_1_102' title="bbox 2299 5088 3840 5162; baseline 0.003 -11"><span class='ocrx_word' id='word_1_849' title='bbox 2299 5109 2432 5162; x_wconf 85' lang='lat' dir='ltr'><strong>ctus,</strong></span> <span class='ocrx_word' id='word_1_850' title='bbox 2463 5107 2692 5162; x_wconf 89' lang='lat' dir='ltr'><strong>sanctus,</strong></span> <span class='ocrx_word' id='word_1_851' title='bbox 2737 5107 2950 5152; x_wconf 84' lang='lat' dir='ltr'><strong>sanctus</strong></span> <span class='ocrx_word' id='word_1_852' title='bbox 2977 5088 3227 5152; x_wconf 86' lang='lat' dir='ltr'><strong>Dominus</strong></span> <span class='ocrx_word' id='word_1_853' title='bbox 3257 5095 3403 5150; x_wconf 87' lang='lat' dir='ltr'><strong>Deus</strong></span> <span class='ocrx_word' id='word_1_854' title='bbox 3431 5095 3686 5154; x_wconf 78' lang='lat' dir='ltr'><strong>Sabaoth;</strong></span> <span class='ocrx_word' id='word_1_855' title='bbox 3722 5090 3840 5160; x_wconf 69' lang='grc' dir='ltr'><strong>ριεησ</strong></span> 
     </span>
    </p>
   </div>
   <div class='ocr_carea' id='block_1_103' title="bbox 2299 5179 3840 5260">
    <p class='ocr_par' dir='ltr' id='par_1_103' title="bbox 2299 5179 3840 5260">
     <span class='ocr_line' id='line_1_103' title="bbox 2299 5179 3840 5260; baseline -0.005 -17"><span class='ocrx_word' id='word_1_856' title='bbox 2299 5200 2376 5245; x_wconf 88' lang='lat' dir='ltr'><strong>est</strong></span> <span class='ocrx_word' id='word_1_857' title='bbox 2415 5192 2584 5244; x_wconf 84' lang='lat' dir='ltr'><strong>omnis</strong></span> <span class='ocrx_word' id='word_1_858' title='bbox 2607 5198 2743 5243; x_wconf 87' lang='lat' dir='ltr'><strong>terra</strong></span> <span class='ocrx_word' id='word_1_859' title='bbox 2770 5189 2938 5260; x_wconf 87' lang='lat' dir='ltr'><strong>gloria</strong></span> <span class='ocrx_word' id='word_1_860' title='bbox 2965 5190 3096 5260; x_wconf 86' lang='lat' dir='ltr'><strong>ejus.</strong></span> <span class='ocrx_word' id='word_1_861' title='bbox 3145 5189 3321 5258; x_wconf 87' lang='lat' dir='ltr'><strong>Ipsum</strong></span> <span class='ocrx_word' id='word_1_862' title='bbox 3374 5205 3506 5260; x_wconf 88' lang='lat' dir='ltr'><strong>ergo</strong></span> <span class='ocrx_word' id='word_1_863' title='bbox 3537 5197 3561 5225; x_wconf 80' lang='grc' dir='ltr'><strong>ἰ</strong></span> <span class='ocrx_word' id='word_1_864' title='bbox 3591 5197 3736 5241; x_wconf 91' lang='lat' dir='ltr'><strong>unum</strong></span> <span class='ocrx_word' id='word_1_865' title='bbox 3761 5179 3840 5232; x_wconf 81' lang='lat' dir='ltr'><strong>Do-</strong></span> 
     </span>
    </p>
   </div>
   <div class='ocr_carea' id='block_1_104' title="bbox 2300 5271 3838 5352">
    <p class='ocr_par' dir='ltr' id='par_1_104' title="bbox 2300 5271 3838 5352">
     <span class='ocr_line' id='line_1_104' title="bbox 2300 5271 3838 5352; baseline -0.003 -17"><span class='ocrx_word' id='word_1_866' title='bbox 2300 5281 2506 5335; x_wconf 86' lang='lat' dir='ltr'><strong>minum</strong></span> <span class='ocrx_word' id='word_1_867' title='bbox 2533 5281 2588 5336; x_wconf 91' lang='lat' dir='ltr'><strong>in</strong></span> <span class='ocrx_word' id='word_1_868' title='bbox 2626 5296 2736 5336; x_wconf 87' lang='lat' dir='ltr'><strong>uno</strong></span> <span class='ocrx_word' id='word_1_869' title='bbox 2763 5281 2957 5336; x_wconf 89' lang='lat' dir='ltr'><strong>throno</strong></span> <span class='ocrx_word' id='word_1_870' title='bbox 2985 5279 3262 5336; x_wconf 89' lang='lat' dir='ltr'><strong>sedentem</strong></span> <span class='ocrx_word' id='word_1_871' title='bbox 3292 5281 3567 5352; x_wconf 87' lang='lat' dir='ltr'><strong>propheta</strong></span> <span class='ocrx_word' id='word_1_872' title='bbox 3613 5271 3838 5344; x_wconf 78' lang='lat' dir='ltr'><strong>cognovit.</strong></span> 
     </span>
    </p>
   </div>
   <div class='ocr_carea' id='block_1_105' title="bbox 2299 5367 3840 5434">
    <p class='ocr_par' dir='ltr' id='par_1_105' title="bbox 2299 5367 3840 5434">
     <span class='ocr_line' id='line_1_105' title="bbox 2299 5367 3840 5434; baseline -0.005 -8"><span class='ocrx_word' id='word_1_873' title='bbox 2299 5371 2352 5426; x_wconf 89' lang='lat' dir='ltr'><strong>in</strong></span> <span class='ocrx_word' id='word_1_874' title='bbox 2382 5381 2718 5428; x_wconf 83' lang='lat' dir='ltr'><strong>sacramento</strong></span> <span class='ocrx_word' id='word_1_875' title='bbox 2762 5371 3038 5427; x_wconf 88' lang='lat' dir='ltr'><strong>Trinitatis</strong></span> <span class='ocrx_word' id='word_1_876' title='bbox 3087 5373 3245 5428; x_wconf 90' lang='lat' dir='ltr'><strong>tertio</strong></span> <span class='ocrx_word' id='word_1_877' title='bbox 3287 5373 3479 5434; x_wconf 87' lang='lat' dir='ltr'><strong>vocari</strong></span> <span class='ocrx_word' id='word_1_878' title='bbox 3524 5376 3775 5428; x_wconf 87' lang='lat' dir='ltr'><strong>sanctum,</strong></span> <span class='ocrx_word' id='word_1_879' title='bbox 3801 5367 3840 5414; x_wconf 75' lang='lat' dir='ltr'><strong>el</strong></span> 
     </span>
    </p>
   </div>
   <div class='ocr_carea' id='block_1_106' title="bbox 2297 5453 3838 5532">
    <p class='ocr_par' dir='ltr' id='par_1_106' title="bbox 2297 5453 3838 5532">
     <span class='ocr_line' id='line_1_106' title="bbox 2297 5453 3838 5532; baseline -0.005 -13"><span class='ocrx_word' id='word_1_880' title='bbox 2297 5465 2462 5519; x_wconf 89' lang='lat' dir='ltr'><strong>semel</strong></span> <span class='ocrx_word' id='word_1_881' title='bbox 2493 5464 2597 5520; x_wconf 91' lang='lat' dir='ltr'><strong>dici</strong></span> <span class='ocrx_word' id='word_1_882' title='bbox 2624 5465 2906 5519; x_wconf 92' lang='lat' dir='ltr'><strong>Dominum</strong></span> <span class='ocrx_word' id='word_1_883' title='bbox 2937 5463 3130 5530; x_wconf 90' lang='lat' dir='ltr'><strong>Deum,</strong></span> <span class='ocrx_word' id='word_1_884' title='bbox 3162 5465 3500 5519; x_wconf 88' lang='lat' dir='ltr'><strong>revelatione</strong></span> <span class='ocrx_word' id='word_1_885' title='bbox 3526 5462 3695 5532; x_wconf 71' lang='lat' dir='ltr'><strong>gratia:</strong></span> <span class='ocrx_word' id='word_1_886' title='bbox 3715 5453 3838 5526; x_wconf 73' lang='lat' dir='ltr'><strong>spiri-</strong></span> 
     </span>
    </p>
   </div>
   <div class='ocr_carea' id='block_1_107' title="bbox 2299 5555 3832 5644">
    <p class='ocr_par' dir='ltr' id='par_1_107' title="bbox 2299 5555 3832 5644">
     <span class='ocr_line' id='line_1_107' title="bbox 2299 5555 3832 5644; baseline -0.002 -36"><span class='ocrx_word' id='word_1_887' title='bbox 2299 5555 2420 5608; x_wconf 89' lang='lat' dir='ltr'><strong>talis</strong></span> <span class='ocrx_word' id='word_1_888' title='bbox 2441 5555 2661 5610; x_wconf 89' lang='lat' dir='ltr'><strong>audivit.</strong></span> <span class='ocrx_word' id='word_1_889' title='bbox 2705 5555 2833 5610; x_wconf 84' lang='lat' dir='ltr'><strong>lnde</strong></span> <span class='ocrx_word' id='word_1_890' title='bbox 2857 5555 3112 5644; x_wconf 61' lang='lat' dir='ltr'><strong>est.quod</strong></span> <span class='ocrx_word' id='word_1_891' title='bbox 3143 5571 3306 5611; x_wconf 91' lang='lat' dir='ltr'><strong>unum</strong></span> <span class='ocrx_word' id='word_1_892' title='bbox 3355 5572 3578 5630; x_wconf 89' lang='lat' dir='ltr'><strong>regnum</strong></span> <span class='ocrx_word' id='word_1_893' title='bbox 3609 5557 3832 5616; x_wconf 72' lang='lat' dir='ltr'><strong>unamque</strong></span> 
     </span>
    </p>
   </div>
   <div class='ocr_carea' id='block_1_108' title="bbox 2291 5643 3836 5720">
    <p class='ocr_par' dir='ltr' id='par_1_108' title="bbox 2291 5643 3836 5720">
     <span class='ocr_line' id='line_1_108' title="bbox 2291 5643 3836 5720; baseline -0.001 -20"><span class='ocrx_word' id='word_1_894' title='bbox 2291 5645 2471 5701; x_wconf 89' lang='lat' dir='ltr'><strong>sedem</strong></span> <span class='ocrx_word' id='word_1_895' title='bbox 2502 5647 2671 5702; x_wconf 83' lang='lat' dir='ltr'><strong>Patris</strong></span> <span class='ocrx_word' id='word_1_896' title='bbox 2700 5656 2755 5703; x_wconf 88' lang='lat' dir='ltr'><strong>et</strong></span> <span class='ocrx_word' id='word_1_897' title='bbox 2783 5647 2900 5703; x_wconf 87' lang='lat' dir='ltr'><strong>Filii</strong></span> <span class='ocrx_word' id='word_1_898' title='bbox 2928 5643 3223 5718; x_wconf 79' lang='lat' dir='ltr'><strong>apostolica</strong></span> <span class='ocrx_word' id='word_1_899' title='bbox 3251 5649 3547 5720; x_wconf 75' lang='lat' dir='ltr'><strong>prmdicare</strong></span> <span class='ocrx_word' id='word_1_900' title='bbox 3569 5663 3668 5703; x_wconf 89' lang='lat' dir='ltr'><strong>non</strong></span> <span class='ocrx_word' id='word_1_901' title='bbox 3695 5643 3836 5698; x_wconf 65' lang='lat' dir='ltr'><strong>cessi“</strong></span> 
     </span>
    </p>
   </div>
   <div class='ocr_carea' id='block_1_109' title="bbox 2289 5724 3834 5808">
    <p class='ocr_par' dir='ltr' id='par_1_109' title="bbox 2289 5724 3834 5808">
     <span class='ocr_line' id='line_1_109' title="bbox 2289 5724 3834 5808; baseline -0.006 -14"><span class='ocrx_word' id='word_1_902' title='bbox 2289 5740 2600 5796; x_wconf 85' lang='lat' dir='ltr'><strong>auctoritas.</strong></span> <span class='ocrx_word' id='word_1_903' title='bbox 2634 5740 2830 5808; x_wconf 81' lang='lat' dir='ltr'><strong>Beatus</strong></span> <span class='ocrx_word' id='word_1_904' title='bbox 2858 5740 2999 5795; x_wconf 88' lang='lat' dir='ltr'><strong>enim</strong></span> <span class='ocrx_word' id='word_1_905' title='bbox 3050 5739 3262 5806; x_wconf 87' lang='lat' dir='ltr'><strong>Paulus,</strong></span> <span class='ocrx_word' id='word_1_906' title='bbox 3293 5756 3463 5796; x_wconf 91' lang='lat' dir='ltr'><strong>unum</strong></span> <span class='ocrx_word' id='word_1_907' title='bbox 3510 5750 3714 5808; x_wconf 83' lang='lat' dir='ltr'><strong>regnum</strong></span> <span class='ocrx_word' id='word_1_908' title='bbox 3741 5724 3834 5786; x_wconf 77' lang='lat' dir='ltr'><strong>Filii</strong></span> 
     </span>
    </p>
   </div>
   <div class='ocr_carea' id='block_1_110' title="bbox 601 5370 2195 5441">
    <p class='ocr_par' dir='ltr' id='par_1_110' title="bbox 601 5370 2195 5441">
     <span class='ocr_line' id='line_1_110' title="bbox 601 5370 2195 5441; baseline 0.001 -15"><span class='ocrx_word' id='word_1_909' title='bbox 601 5371 795 5426; x_wconf 76' lang='lat' dir='ltr'><strong>swcula</strong></span> <span class='ocrx_word' id='word_1_910' title='bbox 833 5371 851 5440; x_wconf 90' lang='lat'><strong>(</strong></span> <span class='ocrx_word' id='word_1_911' title='bbox 875 5370 1146 5441; x_wconf 86' lang='lat' dir='ltr'><strong>Ibidem);</strong></span> <span class='ocrx_word' id='word_1_912' title='bbox 1193 5373 1330 5426; x_wconf 89' lang='lat' dir='ltr'><strong>istud</strong></span> <span class='ocrx_word' id='word_1_913' title='bbox 1361 5382 1541 5429; x_wconf 86' lang='lat' dir='ltr'><strong>autem</strong></span> <span class='ocrx_word' id='word_1_914' title='bbox 1575 5389 1770 5429; x_wconf 85' lang='lat' dir='ltr'><strong>nomen</strong></span> <span class='ocrx_word' id='word_1_915' title='bbox 1792 5383 2064 5441; x_wconf 84' lang='lat' dir='ltr'><strong>sanctum,</strong></span> <span class='ocrx_word' id='word_1_916' title='bbox 2084 5391 2195 5429; x_wconf 89' lang='lat' dir='ltr'><strong>non</strong></span> 
     </span>
    </p>
   </div>
   <div class='ocr_carea' id='block_1_111' title="bbox 603 5457 2191 5526">
    <p class='ocr_par' dir='ltr' id='par_1_111' title="bbox 603 5457 2191 5526">
     <span class='ocr_line' id='line_1_111' title="bbox 603 5457 2191 5526; baseline 0.005 -16"><span class='ocrx_word' id='word_1_917' title='bbox 603 5457 769 5512; x_wconf 86' lang='lat' dir='ltr'><strong>solius</strong></span> <span class='ocrx_word' id='word_1_918' title='bbox 800 5457 989 5526; x_wconf 83' lang='lat' dir='ltr'><strong>Patris,</strong></span> <span class='ocrx_word' id='word_1_919' title='bbox 1018 5463 1113 5516; x_wconf 76' lang='lat' dir='ltr'><strong>sed</strong></span> <span class='ocrx_word' id='word_1_920' title='bbox 1155 5478 1318 5517; x_wconf 92' lang='lat' dir='ltr'><strong>unum</strong></span> <span class='ocrx_word' id='word_1_921' title='bbox 1357 5463 1600 5518; x_wconf 76' lang='lat' dir='ltr'><strong>naturale</strong></span> <span class='ocrx_word' id='word_1_922' title='bbox 1628 5478 1823 5517; x_wconf 92' lang='lat' dir='ltr'><strong>nomen</strong></span> <span class='ocrx_word' id='word_1_923' title='bbox 1853 5471 1935 5517; x_wconf 85' lang='lat' dir='ltr'><strong>est</strong></span> <span class='ocrx_word' id='word_1_924' title='bbox 1956 5463 2191 5518; x_wconf 78' lang='lat' dir='ltr'><strong>Trinita-</strong></span> 
     </span>
    </p>
   </div>
   <div class='ocr_carea' id='block_1_112' title="bbox 606 5547 2191 5622">
    <p class='ocr_par' dir='ltr' id='par_1_112' title="bbox 606 5547 2191 5622">
     <span class='ocr_line' id='line_1_112' title="bbox 606 5547 2191 5622; baseline 0.007 -23"><span class='ocrx_word' id='word_1_925' title='bbox 606 5547 673 5600; x_wconf 88' lang='lat' dir='ltr'><strong>tis</strong></span> <span class='ocrx_word' id='word_1_926' title='bbox 692 5565 703 5600; x_wconf 90' lang='lat'><strong>:</strong></span> <span class='ocrx_word' id='word_1_927' title='bbox 722 5549 865 5619; x_wconf 90' lang='lat' dir='ltr'><strong>quod</strong></span> <span class='ocrx_word' id='word_1_928' title='bbox 887 5554 1132 5622; x_wconf 87' lang='lat' dir='ltr'><strong>superius</strong></span> <span class='ocrx_word' id='word_1_929' title='bbox 1159 5565 1239 5611; x_wconf 92' lang='lat' dir='ltr'><strong>est</strong></span> <span class='ocrx_word' id='word_1_930' title='bbox 1261 5571 1291 5609; x_wconf 92' lang='lat' dir='ltr'><strong>a</strong></span> <span class='ocrx_word' id='word_1_931' title='bbox 1334 5557 1489 5610; x_wconf 91' lang='lat' dir='ltr'><strong>nobis</strong></span> <span class='ocrx_word' id='word_1_932' title='bbox 1521 5553 1734 5611; x_wconf 77' lang='lat' dir='ltr'><strong>sancti]</strong></span> <span class='ocrx_word' id='word_1_933' title='bbox 1765 5554 1862 5607; x_wconf 80' lang='lat' dir='ltr'><strong>aia:</strong></span> <span class='ocrx_word' id='word_1_934' title='bbox 1885 5555 2191 5611; x_wconf 88' lang='lat' dir='ltr'><strong>testimonio</strong></span> 
     </span>
    </p>
   </div>
   <div class='ocr_carea' id='block_1_113' title="bbox 604 5635 2188 5716">
    <p class='ocr_par' dir='ltr' id='par_1_113' title="bbox 604 5635 2188 5716">
     <span class='ocr_line' id='line_1_113' title="bbox 604 5635 2188 5716; baseline 0.006 -25"><span class='ocrx_word' id='word_1_935' title='bbox 604 5635 1052 5711; x_wconf 86' lang='lat' dir='ltr'><strong>demonstratum,</strong></span> <span class='ocrx_word' id='word_1_936' title='bbox 1082 5646 1172 5715; x_wconf 90' lang='lat' dir='ltr'><strong>qui</strong></span> <span class='ocrx_word' id='word_1_937' title='bbox 1200 5646 1462 5716; x_wconf 86' lang='lat' dir='ltr'><strong>Seraphin</strong></span> <span class='ocrx_word' id='word_1_938' title='bbox 1493 5645 1558 5700; x_wconf 90' lang='lat' dir='ltr'><strong>ad</strong></span> <span class='ocrx_word' id='word_1_939' title='bbox 1589 5645 1816 5699; x_wconf 85' lang='lat' dir='ltr'><strong>invicem</strong></span> <span class='ocrx_word' id='word_1_940' title='bbox 1846 5645 1923 5698; x_wconf 93' lang='lat' dir='ltr'><strong>sic</strong></span> <span class='ocrx_word' id='word_1_941' title='bbox 1952 5644 2188 5700; x_wconf 88' lang='lat' dir='ltr'><strong>clamare</strong></span> 
     </span>
    </p>
   </div>
   <div class='ocr_carea' id='block_1_114' title="bbox 607 5734 2184 5803">
    <p class='ocr_par' dir='ltr' id='par_1_114' title="bbox 607 5734 2184 5803">
     <span class='ocr_line' id='line_1_114' title="bbox 607 5734 2184 5803; baseline 0.006 -23"><span class='ocrx_word' id='word_1_942' title='bbox 607 5741 994 5788; x_wconf 84' lang='lat' dir='ltr'><strong>commemorat</strong></span> <span class='ocrx_word' id='word_1_943' title='bbox 1041 5751 1054 5786; x_wconf 90' lang='lat'><strong>:</strong></span> <span class='ocrx_word' id='word_1_944' title='bbox 1104 5735 1346 5800; x_wconf 86' lang='lat' dir='ltr'><strong>Sanctus,</strong></span> <span class='ocrx_word' id='word_1_945' title='bbox 1403 5747 1634 5803; x_wconf 82' lang='lat' dir='ltr'><strong>sanctus,</strong></span> <span class='ocrx_word' id='word_1_946' title='bbox 1674 5743 1885 5790; x_wconf 87' lang='lat' dir='ltr'><strong>sanctus</strong></span> <span class='ocrx_word' id='word_1_947' title='bbox 1935 5734 2184 5790; x_wconf 89' lang='lat' dir='ltr'><strong>Dominus</strong></span> 
     </span>
    </p>
   </div>
   <div class='ocr_carea' id='block_1_115' title="bbox 679 5885 2382 5966">
    <p class='ocr_par' dir='ltr' id='par_1_115' title="bbox 679 5885 2382 5966">
     <span class='ocr_line' id='line_1_115' title="bbox 679 5885 2382 5966; baseline 0.002 -24"><span class='ocrx_word' id='word_1_948' title='bbox 679 5885 922 5942; x_wconf 77' lang='lat' dir='ltr'><strong>&#39;Florus</strong></span> <span class='ocrx_word' id='word_1_949' title='bbox 953 5887 1098 5956; x_wconf 85' lang='lat' dir='ltr'><strong>legit,</strong></span> <span class='ocrx_word' id='word_1_950' title='bbox 1126 5885 1379 5954; x_wconf 75' lang='lat' dir='ltr'><strong>Spiritum</strong></span> <span class='ocrx_word' id='word_1_951' title='bbox 1401 5906 1522 5956; x_wconf 83' lang='lat' dir='ltr'><strong>ergo</strong></span> <span class='ocrx_word' id='word_1_952' title='bbox 1647 5909 1790 5966; x_wconf 72' lang='lat' dir='ltr'><strong>quem</strong></span> <span class='ocrx_word' id='word_1_953' title='bbox 1823 5892 1872 5946; x_wconf 88' lang='lat' dir='ltr'><strong>in</strong></span> <span class='ocrx_word' id='word_1_954' title='bbox 1904 5907 2251 5959; x_wconf 76' lang='lat' dir='ltr'><strong>sacramento,</strong></span> <span class='ocrx_word' id='word_1_955' title='bbox 2282 5901 2382 5948; x_wconf 87' lang='lat' dir='ltr'><strong>etc.</strong></span> 
     </span>
    </p>
   </div>
  </div>
