4050 6454
241 381 363 437 821'
1289 377 1330 434 C
1375 376 1559 431 NTBA
1598 373 1945 429 FADIANUM
1987 369 2430 427 FRAGMENTA.

3386 375 3490 429 821

238 503 293 549 et
316 489 483 546 Patris
501 491 812 556 ostendens,
836 491 944 545 ait:
974 489 1086 552 Hoc
1105 488 1242 544 enim
1263 491 1442 544 scitote
1463 487 1802 558 intelligente:
1835 491 1876 548 Α
1908 484 2335 539 convocassent?
2381 483 2477 538 sed
2522 483 2625 538 hoc
2675 499 2995 554 quemquam
3060 487 3247 543 beatus
3298 487 3489 546 Petrus

237 581 367 654 quod
401 582 567 636 omnis
612 583 919 652 fornicator,
967 590 1056 634 aut
1101 580 1416 643 immundus,
1460 589 1549 632 aut
1597 595 1802 639 avarus,

236 672 366 746 quod
382 681 460 727 est
486 672 742 727 idolorum
764 674 999 735 servitus,
1025 688 1128 726 non
1158 669 1360 724 habebit
1381 669 1732 724 [nereditatem
1755 670 1805 722 in

239 779 392 834 regno
405 760 595 817 Christi
623 773 670 820 et
688 762 783 816 Dei
804 761 1018 832 (Ephes.
1035 779 1088 827 v,
1109 761 1392 832 5).Sedem
1417 775 1631 830 quoque
1649 775 1807 813 unam

235 867 352 908 esse
382 860 599 906 sanctus
627 850 859 906 Joannes
896 853 947 906 in
977 852 1297 923 Apocalypsi
1327 851 1596 905 evidenter
1629 858 1808 904 osten-

233 941 328 1005 dit,
379 941 561 997 dicens
587 942 656 996 de
684 943 874 1010 angelo
920 959 949 997 a
978 932 1086 1012 quo
1114 943 1213 998 sibi
1257 951 1497 997 sanctam
1537 942 1806 996 civitatem

235 1040 466 1086 testatur
486 1040 757 1087 ostensam
785 1049 796 1085 :
828 1032 896 1085 Et
917 1034 1136 1087 ostendit
1159 1033 1281 1086 mihi
1303 1033 1490 1101 [lumen
1521 1048 1667 1103 aquw
1688 1033 1808 1085 viva:

233 1124 510 1177 candidum
557 1126 704 1195 quasi
751 1125 1076 1195 crystallum,
1117 1126 1294 1180 exiens
1344 1125 1406 1178 de
1454 1124 1573 1178 sede
1614 1123 1712 1177 Dei
1759 1133 1807 1176 et

232 1214 384 1284 Agui.
413 1213 518 1269 Per
548 1216 769 1269 mediam
791 1217 1016 1286 plateam
1044 1217 1178 1286 ejus,
1207 1233 1272 1269 ea:
1298 1226 1512 1285 utraque
1537 1225 1684 1285 parte
1709 1215 1808 1284 [lu-

228 1307 401 1370 minis,
451 1307 642 1378 lignum
686 1309 822 1370 vitae,
865 1308 1087 1376 offerens
1137 1307 1404 1361 duodecim
1451 1309 1666 1378 fructus,
1717 1323 1807 1376 per

227 1395 458 1466 singulos
488 1413 685 1450 menses
712 1397 930 1450 reddens
955 1399 1176 1468 fructum
1192 1415 1357 1461 suum,
1375 1407 1424 1451 et
1447 1397 1575 1468 folia
1603 1398 1731 1468 ligni
1754 1399 1808 1450 in

225 1488 542 1540 curationem
571 1489 814 1558 gentium.
836 1486 1018 1560 Neque
1037 1488 1197 1542 ullum
1211 1489 1324 1559 jam
1347 1487 1673 1540 maledictum
1689 1489 1804 1552 erit,

224 1588 274 1632 et
298 1579 513 1634 thronus
547 1579 639 1634 Dei
669 1589 716 1633 et
737 1580 870 1651 Agni
896 1581 950 1634 in
979 1597 1040 1634 ea
1061 1582 1157 1634 erit
1186 1580 1368 1650 (Apoc.
1400 1596 1533 1647 xxu,
1559 1578 1613 1645 1,
1644 1577 1694 1644 2,
1724 1579 1801 1648 5).

224 1654 458 1727 Trinitas
508 1670 670 1739 igitur
713 1687 850 1726 unus
897 1672 1037 1726 Deus
1080 1671 1454 1738 intelligendus
1491 1679 1574 1725 est
1613 1672 1666 1724 in
1715 1670 1803 1723 illa

223 1760 384 1814 trium
416 1775 706 1830 puerorum
745 1760 1141 1830 benedictione,
1187 1761 1276 1815 ubi
1314 1761 1548 1816 dicitur:
1584 1759 1804 1815 Benedi-

1909 575 2132 646 eredere
2159 590 2266 630 non
2311 574 2593 644 permittit,
2643 574 2827 629 dicens
2859 592 2873 631 :
2917 574 3039 630 Non
3068 577 3204 629 etaim
3234 578 3490 632 voluntate

1912 667 2135 720 humana
2157 667 2321 720 allata
2341 676 2418 720 est
2437 683 2665 739 unquam
2706 667 2995 736 pr0phetia,
3022 668 3111 721 sed
3134 668 3332 738 Spiritu
3365 687 3488 724 san-

1909 769 1990 812 cto
2011 759 2115 812 acti
2141 758 2296 813 locuti
2321 768 2440 813 sunt
2465 761 2632 812 sancti
2655 759 2884 814 homines
2907 759 3002 812 Dei
3025 757 3116 825 (II
3144 759 3286 814 Petr.
3313 776 3347 825 ι,
3371 759 3485 830 21).

1911 849 2030 902 Alio
2051 863 2265 918 quoque
2295 849 2415 903 loco
2437 850 2505 903 de
2532 849 2721 904 iisdem
2747 851 3026 920 prophetis
3047 852 3160 906 hinc
3189 860 3484 908 memorat:

1911 937 2214 991 Scrutantes
2242 939 2293 990 in
2329 937 2507 1009 quibus
2539 939 2616 992 vel
2655 939 2804 1008 quale
2834 949 3028 1009 tempus
3057 937 3379 1012 signiﬁcaret
3402 945 3503 1011 qui

1907 1029 1961 1080 in
1991 1030 2066 1082 eis
2092 1039 2204 1082 erat
2243 1030 2468 1100 Spiritus
2516 1030 2707 1084 Christi
2750 1029 2801 1101 (1
2825 1030 2972 1085 Petr.
3018 1048 3053 1097 ι,
3102 1032 3211 1094 ll).
3256 1030 3489 1088 Proinde

1907 1119 2135 1191 Spiritus
2154 1130 2512 1190 sanctus,quo
2537 1122 2719 1191 utique
2742 1122 2848 1176 acti
2871 1121 3033 1177 locuti
3055 1131 3180 1178 sunt
3199 1124 3368 1178 saneti
3391 1123 3486 1178 bo-

1908 1210 2078 1264 mines
2090 1210 2206 1278 Dei,
2234 1210 2360 1279 sise
2385 1227 2493 1266 non
2515 1210 2797 1279 factorem,
2821 1212 2914 1266 sed
2937 1210 3136 1267 factum
3160 1213 3342 1276 sciret,
3368 1220 3422 1267 et
3441 1213 3487 1267 si

1906 1315 1965 1354 se
1982 1316 2087 1356 non
2105 1309 2446 1371 operatorem
2462 1301 2650 1367 Deum,
2671 1303 2766 1358 sed
2789 1320 2924 1374 opus
2941 1304 3033 1358 Dei
3058 1319 3176 1359 esse
3192 1318 3486 1373 cognosce-

1908 1397 2023 1455 ret,
2071 1398 2194 1444 ante
2242 1390 2329 1444 illa
2359 1391 2537 1446 omnia
2567 1408 2685 1462 quae
2732 1393 2870 1448 facta
2900 1399 3042 1458 sunt,
3075 1403 3130 1449 et
3173 1409 3290 1462 qua:
3319 1410 3483 1464 opera

1907 1481 2118 1538 Domini
2140 1485 2506 1555 nominantur,
2533 1487 2770 1558 seipsum
2799 1489 3044 1559 primitus
3065 1491 3182 1544 sine
3210 1491 3370 1544 dubio
3398 1507 3488 1560 po-

1907 1575 2103 1632 s'tu'sset
2128 1617 2143 1643 ,
2176 1586 2234 1631 ut
2256 1578 2322 1632 ab
2356 1578 2493 1648 ipso,
2524 1579 2574 1632 in
2602 1595 2709 1649 quo
2739 1581 3055 1635 excellentia
3103 1581 3266 1635 divini
3309 1581 3487 1652 Operis

1906 1676 2051 1723 esset
2095 1684 2204 1739 pne
2249 1671 2454 1740 angelis
2501 1672 2858 1741 agnoscenda,
2908 1674 3177 1743 operatori
3218 1673 3330 1729 Deo
3371 1675 3487 1730 laus

1906 1756 2173 1826 praecipua
2196 1757 2528 1813 redderetur.
2564 1758 2679 1814 Hoc
2705 1768 2887 1815 autem
2930 1760 3050 1816 ideo
3078 1777 3181 1816 non
3232 1761 3311 1829 lit,
3361 1748 3484 1831 quia

223 1861 411 1906 clusves
433 1869 600 1923 supra
638 1854 811 1908 sedem
843 1855 990 1924 regni
1022 1855 1093 1907 mi
1116 1871 1133 1907 .-
1157 1854 1280 1923 quia
1309 1854 1448 1930 sicut
1476 1869 1578 1907 una
1624 1853 1798 1916 sedes,
1837 1855 1876 1912 lt
1906 1862 2044 1903 unus
2074 1857 2157 1903 est
2177 1847 2318 1902 Deus
2347 1858 2563 1904 creator
2587 1851 2824 1904 omnium
2856 1866 3056 1918 rerum.
3110 1850 3270 1906 Pater
3317 1860 3371 1907 et
3401 1852 3484 1907 Fi-

221 1941 299 1996 sic
326 1958 490 1996 unum
516 1957 738 2013 regnum
760 1952 842 1998 est
868 1943 1040 1999 Patris
1059 1953 1114 1998 et
1133 1944 1250 1998 Filii
1278 1953 1332 1998 et
1353 1943 1583 2013 Spiritus
1610 1943 1799 1998 sancti.

221 2031 357 2087 Illud
389 2032 584 2089 deinde
611 2034 774 2103 quod,
802 2034 1061 2089 infertur:
1095 2035 1397 2089 Benedictus
1443 2052 1496 2088 es
1526 2035 1578 2088 in
1623 2035 1804 2104 firma-

221 2133 394 2179 mento
423 2125 558 2193 coeli,
589 2134 638 2180 et
677 2125 957 2179 laudabilis
981 2134 1030 2179 et
1057 2126 1311 2197 gloriosus
1334 2128 1385 2179 in
1415 2124 1605 2178 saecula
1637 2123 1798 2194 (Dan.

219 2228 296 2278 tu,
322 2216 438 2286 56),
459 2217 580 2286 quis
612 2235 719 2272 non
745 2217 922 2274 videat
943 2219 994 2272 in
1026 2218 1237 2273 laudem
1261 2218 1539 2274 Trinitatis
1563 2217 1803 2272 dictum?

221 2305 653 2376 quandoquidem
684 2307 854 2377 ipsum
886 2308 1276 2362 lii-mamentqu
1298 2308 1442 2374 cmli,
1485 2323 1648 2362 unum
1669 2321 1802 2376 opus

219 2403 305 2449 est
333 2395 646 2462 Trinitatis;
689 2397 871 2463 Verbo,
898 2399 1041 2452 enim
1063 2397 1275 2452 Domini
1303 2399 1413 2452 coeli
1437 2399 1632 2468 ﬁrmati
1659 2407 1797 2460 sunt,

220 2495 269 2539 et
303 2485 505 2560 Spiritu
543 2489 650 2542 oris
687 2490 798 2558 ejus
843 2492 1008 2544 omnis
1038 2492 1196 2544 virtus
1223 2507 1398 2544 eorum
1430 2489 1602 2558 (Psal.
1636 2506 1798 2552 xxx",

220 2573 302 2644 6).
356 2573 425 2628 Ut
471 2586 650 2631 autem
697 2576 980 2632 Dominum
1011 2579 1176 2632 Deum
1218 2586 1428 2648 patrum
1471 2588 1798 2640 nostrorum,

221 2677 336 2718 non
381 2665 553 2720 solum
585 2665 828 2732 Patrem,
871 2682 971 2722 nec
1017 2667 1190 2722 solum
1219 2668 1432 2724 Filium.
1483 2684 1584 2724 nec
1628 2669 1799 2722 solum

218 2751 486 2826 Spiritum
513 2765 792 2822 sanctum,
843 2759 937 2813 sed
978 2759 1137 2813 simul
1185 2768 1426 2813 sanctam
1463 2758 1798 2824 Trinitatem,
1845 2793 1847 2796 ι

222 2863 392 2902 unum
421 2847 704 2904 Dominum
733 2850 899 2906 Deum
926 2851 994 2904 ab
1022 2850 1272 2905 omnibus
1298 2850 1547 2920 Operibus
1574 2850 1685 2906 suis
1705 2849 1800 2904 be-

222 2939 600 3006 nedicendum,
654 2941 996 3008 laudandum,
1039 2951 1094 2998 et
1140 2941 1545 3011 glorilicandum
1576 2950 1686 2998 tres
1727 2943 1801 2996 illi

221 3029 324 3083 viri
357 3030 728 3098 ostenderent,
763 3033 886 3087 vide
918 3033 1058 3088 unde
1088 3032 1392 3088 divinorum
1437 3048 1659 3102 operum
1703 3034 1804 3088 ini-

219 3119 357 3174 tium
385 3122 747 3191 sumpserint:
783 3121 1022 3178 dicentes
1068 3123 1242 3190 enim,
1289 3123 1598 3188 Beuedicite,
1629 3126 1798 3178 omnia

1907 1937 2012 1992 lius
2038 1947 2093 1992 et
2130 1939 2360 2009 Spiritus
2385 1949 2607 1996 sanctus
2633 1959 2645 1994 :
2689 1942 2778 2011 qui
2806 1941 2873 1997 ab
2914 1943 3163 1999 omnibus
3188 1958 3307 2013 qua:
3336 1943 3482 2006 fecit,

1907 2027 2029 2083 ideo
2050 2027 2207 2098 digne
2233 2031 2494 2106 laudatur,
2529 2040 2584 2086 et
2607 2033 2673 2088 ab
2701 2034 2948 2088 omnibus
2987 2035 3240 2104 operibus
3273 2035 3384 2091 suis
3412 2037 3484 2090 nis

1905 2119 2192 2176 bitoniinus
2222 2120 2579 2188 benedicitur,
2610 2123 2733 2192 quia
2768 2123 2882 2192 ipse
2906 2132 3118 2179 creator
3144 2133 3306 2194 atque
3353 2141 3483 2194 0pc-

1904 2219 2054 2264 rator
2096 2226 2274 2265 rerum
2313 2213 2553 2268 omnium
2599 2212 2740 2268 Deus
2764 2213 3021 2268 Dominus
3052 2214 3338 2278 invenitur.
3367 2213 3482 2270 Una

1904 2314 2035 2368 ergo
2064 2299 2388 2366 benedictio,
2438 2318 2541 2356 una
2573 2303 2706 2368 laus,
2737 2319 2842 2358 una
2883 2303 3224 2378 glorilicatio,
3262 2306 3352 2362 uni
3373 2306 3483 2362 Deo

1907 2389 2156 2444 Trinitati
2194 2391 2420 2446 debetur
2459 2393 2530 2448 ab
2575 2394 2824 2450 omnibus
2870 2394 3124 2464 operibus
3169 2393 3315 2464 ejus;
3360 2397 3482 2464 quia

1905 2480 2066 2538 Pater
2110 2491 2164 2538 et
2191 2484 2358 2539 Filius
2395 2494 2450 2539 et
2505 2485 2734 2556 Spiritus
2761 2495 2998 2554 sanctus,
3043 2488 3189 2543 solus
3235 2487 3375 2543 Deus
3402 2485 3482 2542 fa-

1903 2581 2024 2627 ctor
2043 2574 2279 2629 omnium
2302 2575 2572 2631 invenitur
2594 2591 2733 2646 esse,
2758 2594 2862 2632 non
2888 2577 3084 2647 factus,
3107 2588 3161 2634 et
3178 2579 3326 2636 solus
3345 2578 3482 2635 Deus

1905 2670 2116 2717 creator
2144 2673 2247 2730 est,
2279 2681 2386 2720 non
2417 2677 2650 2720 creatus.

2334 2835 2808 2894 FRAGMENTUM
2846 2837 3044 2897 XXXV.

1905 2946 2064 3002 Puer
2084 2964 2186 3002 non
2209 2957 2285 3002 est
2306 2958 2486 3002 auctor
2509 2951 2660 3003 totius
2683 2949 2974 3013 Trinitatis.
3009 2953 3102 3006 sed
3129 2962 3330 3008 tantum
3358 2954 3481 3008 Filii

2432 3028 2480 3072 et
2511 3019 2736 3088 Spiritus
2757 3027 2942 3076 sancti.

1975 3129 2106 3194 Quis
2151 3139 2332 3184 autem
2387 3130 2532 3184 illam
2600 3131 2674 3186 tui
2723 3132 2985 3188 mendacii
3041 3150 3145 3188 non
3187 3135 3482 3190 detestetur

217 3228 380 3282 opera
405 3211 635 3277 Domini,
672 3212 949 3268 Dominum
979 3213 1143 3286 (Dan.
1172 3231 1250 3279 ιιι,
1291 3214 1411 3282 57),
1456 3215 1800 3270 ostenderant
1829 3228 1873 3291 ρ
1903 3217 2176 3289 ineptiam,
2199 3235 2301 3290 qua
2317 3235 2403 3275 me
2423 3220 2682 3290 contingis
2697 3221 2864 3277 Deum
2887 3220 3095 3279 Patrem
3121 3225 3285 3280 totius
3305 3224 3479 3279 Trini-

217 3315 330 3356 non
353 3302 552 3358 debere
579 3303 720 3358 inter
747 3319 911 3376 opera
943 3305 1152 3360 Domini
1181 3307 1481 3376 computari
1523 3307 1794 3375 quodcun-

214 3407 322 3462 que
348 3394 407 3449 in
435 3395 538 3450 bis.
562 3396 814 3465 operibus
852 3413 972 3467 qua:
1021 3398 1107 3453 hic
1135 3397 1664 3468 comprehenduntur
1691 3415 1798 3454 non

211 3484 420 3552 poterit
467 3485 714 3541 inveniri.
777 3487 982 3543 Deinde
1030 3489 1209 3543 omnia
1257 3504 1478 3558 prorsus
1515 3487 1636 3559 qua:
1677 3499 1800 3544 sunt

211 3588 388 3642 opera
418 3573 637 3630 Domini.
666 3575 780 3642 Dei,
811 3578 880 3632 ad
907 3577 1222 3646 obsequium
1251 3579 1445 3634 debita:
1469 3581 1800 3636 benedictio-

207 3663 292 3719 nis
312 3665 553 3720 creatori
581 3666 693 3722 Deo
715 3668 1066 3734 reddendum,
1090 3670 1192 3724 hoc
1221 3669 1449 3726 invitare
1470 3686 1800 3740 cognoscun-

205 3762 298 3811 tur
322 3755 557 3812 exordio
587 3775 601 3811 :
641 3757 954 3824 Benedicite,
984 3760 1118 3825 mli,
1150 3758 1430 3814 Dominum
1455 3761 1522 3832 (v.
1549 3760 1670 3831 59);
1704 3761 1799 3817 Be-

203 3849 465 3918 nedicite,
495 3851 692 3922 angeli,
731 3850 1014 3907 Dominum
1050 3855 1118 3922 (υ.
1151 3853 1243 3922 58)
1270 3869 1284 3918 ;
1316 3853 1626 3917 Benedicite,
1651 3871 1798 3926 aqua:

201 3957 393 3995 omnes
420 3957 534 4012 qua:
551 3958 710 4013 super
739 3945 890 3998 castos
921 3953 1060 4012 sunt,
1091 3943 1371 3999 Dominum
1403 3947 1470 4015 (ιε.
1499 3944 1610 4018 60),
1642 3945 1798 4000 Bene-

203 4032 384 4097 dicite,
424 4049 599 4088 omnes
639 4037 848 4090 virtutes
891 4035 1123 4101 Domini,
1156 4036 1434 4094 Dominum
1462 4041 1532 4110 (υ.
1563 4041 1688 4111 6i),
1740 4051 1797 4096 et

200 4131 428 4190 caetera,
461 4123 576 4179 sive
604 4141 723 4196 qua:
767 4126 819 4180 in
853 4127 1014 4200 651
1045 4128 1216 4192 uelis,
1263 4129 1378 4184 sive
1406 4144 1525 4199 qua:
1566 4129 1618 4185 in
1651 4139 1791 4186 terra

198 4226 352 4282 sunt,
387 4215 619 4272 visibilia
663 4226 718 4273 et
746 4218 1069 4274 invisibilia:
1112 4221 1165 4275 in
1191 4221 1386 4290 quibus
1407 4229 1585 4277 tamen
1615 4223 1792 4278 omni-

197 4302 302 4360 bus
321 4306 584 4376 operibus
610 4306 819 4363 Domini
850 4325 958 4364 non
987 4311 1256 4366 invenitur
1280 4312 1512 4382 Spiritus
1538 4324 1790 4381 sanctus;

197 4410 368 4466 quem
400 4396 585 4467 utique
623 4397 668 4451 si
697 4407 976 4468 oporteret
1013 4399 1154 4456 inter
1191 4401 1370 4456 divina
1419 4417 1582 4473 opera
1623 4403 1793 4473 depu-

197 4487 329 4556 tari,
386 4502 485 4543 nec
513 4486 774 4557 angelica,
826 4506 1002 4561 neque
1051 4493 1154 4547 alia
1180 4493 1433 4563 qualibet
1476 4503 1600 4550 ante
1640 4495 1789 4550 illum

1904 3311 2030 3365 tatis
2057 3319 2353 3378 auctorem,
2400 3311 2452 3365 in
2483 3311 2586 3366 illis
2628 3311 2795 3381 gestis
2823 3312 2968 3368 falsis
3015 3323 3177 3384 atque
3205 3313 3482 3370 fallacibus

1903 3403 2270 3472 nuncupasse?
2309 3402 2463 3472 Quod
2483 3403 2675 3473 utique
2705 3412 2908 3459 tantum
2936 3414 3018 3461 est
3043 3421 3072 3459 a
3115 3405 3215 3460 ﬁde
3241 3406 3482 3469 veritatis

1899 3496 2157 3563 alienum,
2199 3504 2456 3566 quantum
2504 3505 2584 3552 est
2612 3483 2814 3553 sancta:
2855 3497 3098 3568 religioni
3128 3497 3474 3552 contrarium.

1901 3583 2044 3640 Deus
2090 3585 2290 3655 quippe
2336 3585 2498 3640 Pater
2544 3603 2651 3641 non
2693 3599 2775 3642 est
2813 3597 3000 3642 auctor
3041 3586 3334 3652 Trinitatis,
3386 3589 3481 3642 sed

1899 3683 2089 3730 auctor
2109 3685 2193 3730 est
2221 3675 2338 3730 Filii
2363 3686 2418 3730 et
2444 3675 2675 3747 Spiritus
2695 3679 2886 3740 sancti,
2935 3678 2986 3731 in
3029 3693 3096 3732 eo
3125 3679 3266 3748 quod
3293 3678 3358 3732 de
3390 3680 3479 3732 illo

1899 3772 2060 3820 natus
2087 3773 2170 3820 est
2198 3764 2385 3834 Filius,
2409 3775 2464 3820 et
2493 3766 2562 3822 de
2594 3767 2685 3822 illo
2715 3768 2956 3838 procedit
2985 3769 3214 3836 Spiritus
3239 3777 3475 3824 sanctus.

1897 3854 2030 3909 Nam
2077 3855 2320 3926 quisquis
2366 3865 2514 3912 recte
2561 3857 2808 3926 intelligit
2858 3859 3095 3913 auctoris
3138 3859 3476 3918 vocabulum,

1897 3945 2175 4001 relationis
2199 3962 2394 4002 nomen
2423 3947 2680 4012 inveniet,
2711 3964 2818 4002 non
2854 3955 3079 4006 naturm.
3104 3948 3307 4002 Auctor
3333 3950 3475 4003 enim

1896 4053 2056 4092 nemo
2083 4039 2245 4109 652
2272 4053 2392 4094 esse
2420 4038 2616 4093 dicitur
2660 4039 2779 4104 sibi,
2827 4038 2920 4092 sed
2962 4038 3155 4091 alteri:
3189 4038 3329 4092 unde
3372 4055 3477 4092 non

1895 4126 1964 4180 ad
1991 4141 2050 4181 se
2077 4127 2268 4196 ipsum,
2298 4126 2391 4182 sed
2417 4126 2484 4180 ad
2511 4127 2739 4180 alterum
2769 4135 2957 4181 auctor
2986 4127 3249 4180 veraciter
3270 4142 3476 4181 nuncu-

1895 4226 2076 4288 patur.
2108 4217 2276 4272 Nemo
2304 4225 2486 4271 autem
2514 4215 2755 4286 quolibet
2783 4215 3007 4272 relativo
3039 4217 3254 4271 nomine
3275 4217 3352 4271 sic
3379 4234 3475 4286 po-

1895 4317 1999 4363 test
2025 4308 2092 4362 ad
2121 4324 2270 4362 suam
2288 4309 2425 4364 sicut
2446 4308 2512 4363 ad
2533 4308 2752 4363 alterius
2773 4307 2958 4378 referri
2991 4323 3302 4378 personam:
3327 4308 3470 4378 quod

1894 4399 2038 4453 enim
2067 4397 2134 4452 ad
2162 4414 2313 4453 suam
2343 4398 2569 4468 quisque
2610 4414 2895 4469 personam
2926 4397 3140 4462 dicitur,
3181 4400 3476 4454 secundum

1893 4489 2212 4544 relationem
2263 4489 2366 4544 dici
2415 4490 2720 4544 nullatenus
2765 4488 3054 4544 invenitur.
3083 4489 3248 4543 Deum
3296 4489 3478 4559 itaque

195 4586 454 4632 creatura
493 4578 755 4634 debuerat
796 4581 1084 4636 nominari.
1133 4583 1270 4649 Quid
1317 4593 1400 4638 est
1443 4599 1594 4653 ergo,
1645 4585 1790 4655 quod
1823 4609 1870 4666 υ
1899 4579 2133 4647 Patrem,
2183 4597 2290 4635 non
2338 4582 2501 4636 totius
2539 4581 2838 4644 Trinitatis,
2887 4581 2981 4636 sed
3011 4579 3128 4634 Filii
3173 4590 3227 4634 et
3251 4580 3476 4650 Spiritus

195 4663 439 4738 Spiritus
465 4679 681 4726 sanctus
710 4687 810 4727 nec
833 4672 974 4726 inter
997 4674 1174 4727 omnia
1205 4689 1323 4742 qua:
1343 4690 1374 4727 a
1399 4675 1624 4730 Domino
1647 4674 1786 4730 facta

190 4765 350 4824 sunt,
378 4757 656 4814 Dominum
703 4759 902 4824 laudat,
947 4777 1045 4816 nec
1071 4760 1240 4816 Deum
1283 4763 1422 4816 inter
1449 4765 1628 4817 omnia
1672 4765 1788 4832 ejus

195 4863 375 4918 opera
404 4848 707 4904 benedicit?
736 4851 816 4904 An
857 4850 996 4906 forte
1037 4852 1315 4921 preplictis
1357 4853 1625 4922 subrepsit
1654 4853 1789 4907 obli—

196 4937 309 4999 vio,
337 4935 646 5006 utSpiritus
673 4941 845 4994 sancti
875 4955 983 4994 non
1013 4941 1402 5008 meminissent,
1433 4958 1554 4996 cum
1586 4942 1651 4996 ad
1675 4943 1786 4996 lau-

193 5029 440 5084 dandum
471 5028 753 5084 Dominum
783 5033 961 5085 omnia
1005 5047 1123 5100 quae
1152 5048 1181 5086 a
1215 5032 1442 5087 Domino
1473 5033 1608 5087 facta
1639 5043 1785 5100 sunt,

193 5129 252 5174 et
282 5117 357 5173 ad
385 5117 809 5174 benedicendum
839 5122 1120 5176 Dominum
1161 5123 1339 5178 omnia
1384 5139 1546 5193 opera
1577 5124 1782 5180 Donum

1892 4672 2062 4727 sancti
2091 4673 2321 4726 fatemur
2349 4680 2626 4726 auctorem
2654 4689 2666 4724 :
2711 4671 2780 4726 de
2803 4687 2912 4741 quo
2933 4671 3125 4734 habet,
3146 4679 3200 4724 et
3229 4669 3474 4738 unigeni-

1895 4771 1980 4817 tus
2022 4762 2188 4817 Filius
2233 4771 2446 4817 aeterna:
2493 4763 2821 4824 nativitatis,
2879 4771 2933 4816 et
2980 4761 3209 4832 Spiritus
3260 4769 3476 4816 sanctus

1894 4863 2108 4910 :eterna:
2138 4855 2495 4925 processionis
2537 4854 2817 4924 originem.
2857 4852 3042 4908 Unitas
3090 4862 3272 4907 autem
3316 4860 3473 4906 natu-

1894 4947 2042 5014 ralis,
2093 4955 2391 5002 creatorem
2423 4946 2614 5000 Filium
2661 4946 2728 5000 de
2767 4953 3014 5001 creatore
3045 4943 3204 4998 Patre
3247 4940 3474 4996 naturali

1896 5038 2171 5092 nativitate
2203 5038 2434 5092 insinuat
2460 5037 2749 5101 exstitisse,
2799 5043 2855 5089 et
2893 5043 3191 5089 creatorem
3219 5031 3329 5102 Spit
3343 5032 3475 5085 itum

1891 5137 2143 5184 sanctum
2164 5127 2231 5184 de
2253 5127 2412 5183 Patre
2439 5127 2681 5196 Filioque
2713 5125 3025 5196 procedere.

194 5381 295 5429 εκ
326 5380 553 5428 ιιιιιιιο
582 5379 649 5427 Χ.
679 5380 801 5444 QUI
839 5378 1360 5426 DEFENSIONEM
1391 5377 1754 5426 CONTINET
1782 5379 1799 5426 ε

1901 5378 2108 5427 ωοιιι
2138 5377 2668 5427 Αιιοετοιιοιιυιη
2712 5374 3090 5425 Λυνειιευσ
3133 5371 3471 5422 ABIANOS.

620 5505 1090 5561 FRAGMENTUM
1133 5507 1364 5563 XXXVI.

197 5619 345 5683 Quid
372 5619 692 5691 Symbolum.
725 5619 806 5691 Ad
830 5635 994 5691 usum
1016 5619 1126 5687 ejus
1158 5619 1434 5691 legitimum
1467 5622 1796 5691 necessarius

271 5699 354 5743 est
403 5688 569 5744 rectus
611 5689 863 5742 credentis
905 5689 1126 5740 animus.
1173 5688 1320 5752 Quod
1361 5691 1414 5742 in
1462 5707 1534 5744 ce
1553 5689 1712 5742 Pater
1736 5702 1785 5742 et

271 5761 599 5827 omnipotens
620 5769 669 5812 et
697 5769 895 5812 creator
922 5757 1132 5819 dicitur,
1177 5764 1268 5811 hoc
1307 5760 1368 5811 de
1393 5769 1497 5814 tota
1533 5759 1784 5812 Trinitate

273 5831 662 5902 intelligendum
695 5834 790 5883 cit.
825 5827 1139 5898 lmnwrtulii
1174 5840 1247 5882 est
1284 5841 1330 5880 et
1372 5827 1637 5881 inrisiln'lis
1665 5829 1780 5881 Tri-

1967 5487 2104 5556 nitas
2136 5487 2240 5541 alia
2269 5489 2468 5541 ratione
2491 5501 2642 5556 quam
2662 5485 2897 5556 angelus
2925 5485 3000 5556 vel
3028 5484 3203 5539 anima
3231 5484 3470 5538 hominis.

1965 5554 2011 5608 Ε
2015 5567 2298 5610 narrantur
2322 5554 2766 5626 omnes—Symboli’
2784 5555 3007 5608 articuli.

1963 5646 2282 5702 Christiance
2304 5646 2423 5702 ﬁdei
2446 5645 2758 5717 Symbolum
2785 5645 2948 5713 (quod
2970 5643 3156 5700 Cra-co
3185 5641 3400 5714 eloquio
3421 5651 3474 5697 ct

1893 5747 2107 5808 pactum
2137 5740 2274 5794 solet
2312 5747 2368 5793 et
2405 5737 2624 5792 collatio
2654 5737 2974 5808 nuncupari)
3013 5744 3197 5791 sancte
3235 5735 3470 5806 quidem,

1892 5839 2186 5897 recteque,
2217 5837 2267 5882 ct
2316 5829 2532 5883 omnino
2579 5829 2851 5897 sapienter
2899 5827 3186 5883 secundum
3236 5825 3471 5896 regulam
