3996 6526
593 375 698 437 825

1606 379 1662 439 S.
1704 375 2066 438 FULGENTII
2107 373 2407 437 EPISCOPI
2447 373 2820 439 RUSPENSIS
3689 387 3760 447 θὲι

591 491 832 547 veritatis
856 496 939 546 est
966 491 1034 546 ab
1063 493 1319 564 apostolis
1346 493 1667 550 ordinatum.
1714 494 1970 548 Dominus
2000 494 2162 556 enim,
2200 496 2240 551 Δ
2274 501 2377 548 tur.
2423 493 2610 548 Nullus
2636 494 2780 550 enim
2809 501 3021 550 creatus
3049 484 3296 563 spiritus,
3333 490 3528 548 Patrem
3554 503 3600 551 et
3621 496 3759 556 Filium

585 584 678 653 qui
705 581 928 638 verbum
955 599 1334 641 consummans
1359 594 1413 639 et
1447 586 1695 640 brevians
1720 585 1846 640 fecit
1872 601 2035 655 super
2060 593 2169 639 ter-

584 689 720 738 ram,
753 672 895 729 sicut
921 673 975 728 in
998 674 1264 731 brevitate
1293 677 1678 731 consummavit
1699 677 1876 731 omnia
1901 685 2168 747 praecepta

583 763 714 833 legis
745 763 922 834 (Rom.
947 782 1023 834 rx,
1045 765 1158 838 28),
1188 766 1393 832 dicens,
1423 767 1474 822 in
1519 767 1622 822 illis
1651 769 1858 822 duobus
1887 770 2167 839 praeceptis

583 857 887 913 dilectionis
918 858 1009 914 Dei
1038 869 1095 913 et
1122 859 1352 929 proximi
1376 867 1540 913 totam
1565 859 1735 928 legem
1766 860 2165 930 praphetasque

580 947 818 1018 pendere
843 947 1056 1020 (Matth.
1088 963 1217 1012 xxii,
1252 949 1378 1022 40);
1425 951 1562 1006 sicut
1604 949 1765 1005 etiam
1811 953 1863 1005 in
1905 951 2165 1007 orationis

579 1037 845 1094 brevitate
891 1036 1130 1109 perfecit,
1163 1040 1421 1109 quidquid
1465 1039 1532 1094 ad
1559 1041 1836 1110 prtesentis
1865 1043 1987 1096 vitae
2011 1044 2164 1096 auxi-

579 1127 732 1193 lium,
765 1136 822 1185 et
849 1130 914 1184 ad
937 1130 1130 1185 futtIrar
1150 1131 1457 1201 pertinebat
1481 1129 1766 1197 eﬂectum;
1800 1133 1877 1186 sic
1914 1133 2077 1186 etiam
2108 1133 2161 1186 in

580 1219 822 1292 Symboii
851 1220 1133 1288 brevitate,
1185 1220 1480 1290 perfectum
1532 1221 1699 1275 voluit
1747 1236 1846 1291 per
1889 1223 2162 1292 apostolos

581 1329 710 1369 suos
741 1312 863 1369 fidei
889 1323 1088 1369 sanctae
1131 1314 1370 1370 ordinari
1420 1323 1682 1382 tenorem,
1731 1316 1821 1385 qui
1868 1325 2015 1371 recte
2044 1331 2161 1372 cre-

579 1405 830 1461 dentibus
857 1406 1143 1476 proliceret
1164 1405 1232 1460 ad
1257 1405 1506 1461 salutem.
1530 1404 1625 1460 Est
1645 1413 1822 1460 autem
1846 1405 2159 1477 Symbolum

575 1499 844 1569 quoddam
863 1515 1051 1556 verum
1096 1507 1314 1571 pactum
1361 1515 1597 1569 veraque
1639 1499 1856 1554 collatio
1907 1499 1958 1552 in
2007 1498 2158 1568 cujus

575 1589 837 1645 brevitate
866 1592 1032 1647 totius
1078 1591 1406 1646 credulitatis
1432 1589 1748 1644 Christianm
1795 1604 2000 1644 summa
2030 1605 2158 1644 con-

571 1684 730 1739 sistit.
780 1679 881 1739 Ubi
932 1691 1109 1740 tamen
1155 1683 1486 1738 necessarius
1532 1691 1615 1737 est
1660 1690 1840 1736 rectus
1889 1680 2156 1736 credentis

573 1775 809 1840 animus,
845 1791 911 1830 ne
941 1772 1084 1844 quod
1119 1774 1364 1845 auditfad
1393 1773 1580 1831 salutis
1609 1771 1878 1835 effectum,
1912 1773 2026 1842 ipse
2054 1772 2153 1825 sibi

2271 594 2326 639 et
2352 583 2610 654 Spiritum
2644 593 2886 641 sanctum
2925 584 3143 656 propria
3174 583 3419 640 facultate
3445 586 3603 653 videt,
3633 591 3669 645 si
3689 591 3759 650 hoc

2271 676 2410 732 Deus
2437 678 2550 749 ipse
2573 694 2680 732 non
2708 676 2892 732 donet.
2934 675 3165 731 Necesse
3193 685 3272 732 est
3296 685 3467 732 autem
3494 686 3546 733 ut
3569 696 3655 736 non
3676 701 3760 740 cor-

2270 783 2400 838 pore
2417 810 2430 832 ,
2464 769 2558 824 sed
2583 769 2775 840 spiritu
2802 768 2945 824 Deus
2974 767 3208 822 Trinitas
3232 767 3492 834 videatur,
3520 772 3559 825 si
3583 773 3665 829 hoc
3691 777 3759 831 bu.

2267 861 2451 915 uitatis
2477 876 2587 916 sua:
2614 875 2835 916 munere
2863 861 3120 930 largiatur
3150 879 3162 913 :
3193 861 3422 930 alioquin
3448 866 3678 932 quomodo
3700 885 3761 925 ve.

2265 968 2383 1036 rum
2411 953 2515 1008 erit
2537 953 2790 1022 quoniam
2819 953 2995 1022 angeli
3021 954 3192 1010 sancti
3213 969 3420 1024 semper
3440 956 3601 1012 vident
3625 959 3760 1019 faciem

2266 1042 2478 1099 Patris?
2506 1052 2562 1100 et
2587 1063 2598 1098 :
2626 1044 2774 1099 Beati
2813 1044 3006 1099 mundo
3047 1044 3222 1109 corde,
3263 1046 3496 1116 quoniam
3531 1049 3616 1118 ipsi
3645 1049 3761 1108 Deum

2263 1134 2504 1190 videbunt
2545 1133 2758 1209 (Matth.
2789 1154 2843 1205 v,
2871 1137 2968 1208 8)?
3015 1137 3250 1206 Angelus
3286 1139 3444 1207 igitur
3467 1148 3518 1194 et
3542 1144 3686 1197 anima
3707 1162 3763 1200 ra-

2265 1226 2516 1293 tionalis,
2563 1227 2817 1296 quoniam
2866 1228 3086 1297 spiritus
3131 1237 3256 1283 sunt
3299 1243 3331 1282 a
3374 1228 3480 1284 Deo
3513 1235 3666 1297 creati,
3691 1251 3762 1290 non

2262 1323 2488 1387 possunt
2515 1318 2684 1374 oculis
2719 1317 2886 1372 videri
2916 1319 3223 1390 corporeis;
3267 1318 3493 1375 Trinitas
3519 1330 3683 1387 autem,
3704 1329 3762 1393 qui

2262 1414 2345 1464 est
2393 1408 2535 1464 Deus
2581 1410 2949 1465 universorum
2991 1419 3235 1476 creator,
3277 1419 3332 1466 et
3372 1425 3494 1467 vere
3537 1412 3762 1479 invisibilis,

2261 1503 2448 1572 procul
2473 1501 2635 1558 dubio
2663 1503 2707 1557 si
2739 1503 2806 1558 ab
2837 1518 2903 1559 eo
2930 1503 3099 1572 gratia
3127 1519 3233 1558 non
3255 1504 3498 1570 donetur,
3526 1506 3661 1560 etiam
3684 1523 3765 1562 cor-

2260 1594 2342 1648 dis
2366 1593 2522 1650 oculo
2570 1609 2675 1648 non
2710 1593 2935 1649 videtur.
2990 1594 3132 1648 Deus
3161 1593 3304 1648 enim
3346 1593 3434 1648 lux
3462 1603 3539 1649 est
3560 1611 3763 1666 veraque

2261 1689 2524 1742 illuminat
2549 1703 2760 1744 omnem
2791 1688 3064 1743 hominem
3102 1689 3403 1743 venientem
3434 1688 3482 1742 in
3511 1689 3633 1744 hunc
3654 1707 3763 1745 mun-

2259 1780 2383 1833 dum
2431 1778 2610 1849 (Joan.
2639 1794 2674 1843 ι,
2706 1778 2761 1849 9)
2795 1797 2807 1832 :
2840 1779 3006 1848 gratis
3036 1779 3217 1846 itaque
3248 1778 3580 1833 illuminando
3616 1781 3766 1836 confert

573 1861 702 1919 velit
728 1861 793 1919 ad
819 1862 1006 1921 mortis
1048 1874 1359 1936 retorquere
1387 1865 1725 1936 snpplicium.
1759 1864 1891 1918 Nam
1919 1863 2050 1918 bona
2082 1874 2155 1918 est
2193 1884 2236 1944 Β
2262 1869 2698 1926 emundationcm
2725 1911 2741 1937 ,
2780 1878 2839 1924 ut
2877 1868 3087 1924 videndi
3120 1869 3320 1923 tribuat
3362 1870 3653 1925 facultatem.
3694 1871 3764 1925 imo

569 1965 619 2009 et
641 1957 748 2024 (ex,
794 1953 841 2010 si
865 1958 978 2028 quis
1019 1971 1081 2010 ea
1110 1956 1334 2028 legitime
1387 1965 1564 2010 utatur
1593 1955 1646 2026 (Ι
1672 1955 1804 2010 Tim.
1835 1971 1872 2018 1,
1904 1954 1979 2024 8).
2015 1955 2156 2023 Qua-

571 2056 795 2117 propter
857 2048 1088 2102 inaniter
1137 2048 1229 2102 tibi
1277 2049 1449 2102 visum
1500 2057 1618 2112 est,
1663 2047 1804 2103 male
1857 2048 2156 2116 intelligen-

570 2137 683 2202 do,
727 2137 794 2192 ad
853 2145 1000 2192 tuum
1051 2154 1267 2193 sensum
1315 2139 1451 2194 velle
1496 2138 1879 2194 rectitudinem
1918 2137 2155 2209 Symboli

570 2233 904 2294 retorquere,
943 2235 997 2280 et
1034 2226 1158 2280 inde
1199 2226 1542 2296 pnescribere
1571 2234 1772 2281 sancta:
1812 2226 1931 2280 lidei
1966 2227 2155 2282 catho-

569 2313 706 2376 liczc,
727 2315 851 2383 quia
882 2315 934 2369 in
966 2314 1222 2387 Symbolo
1255 2331 1360 2370 non
1385 2316 1565 2369 omnia
1594 2315 1736 2370 dicta
1761 2324 1885 2370 sunt
1911 2315 1976 2370 de
1999 2315 2154 2381 Filio,

569 2422 692 2477 qua:
713 2416 839 2462 sunt
857 2407 999 2463 dicta
1021 2409 1086 2462 de
1105 2407 1266 2462 Patre
1290 2427 1302 2462 :
1328 2424 1448 2464 cum
1473 2409 1656 2478 utique
1675 2417 1964 2478 propterea
1981 2409 2154 2479 pleni—

579 2495 709 2551 tudo
722 2496 1037 2566 divinitatis,
1051 2507 1309 2568 quantum
1329 2499 1613 2569 oportebat
1629 2498 1870 2553 debuerit
1885 2498 1936 2552 in
1951 2499 2160 2567 origine

569 2587 958 2653 commendari,
979 2589 1101 2660 quia
1124 2605 1230 2643 non
1255 2588 1438 2644 debuit
1458 2589 1612 2644 aliter
1631 2589 1684 2643 in
1706 2589 1857 2659 prole
1877 2588 2150 2656 cognosci.

569 2677 701 2731 Cum
733 2680 874 2734 enim
901 2681 1128 2750 quisque
1157 2696 1214 2735 se
1242 2680 1372 2735 dicit
1424 2679 1646 2735 credere
1685 2681 1845 2751 653
1883 2681 1935 2734 in
1984 2680 2150 2734 Deum

569 2768 782 2825 Patrem
833 2773 1296 2843 omnipotentem,
1349 2773 1452 2827 hoc
1497 2772 1669 2842 ipsum
1713 2772 1856 2840 quod
1899 2773 1952 2826 in
1983 2771 2151 2828 Deum

568 2859 782 2916 Patrem
806 2860 967 2927 dicit,
1016 2862 1154 2917 sicut
1183 2862 1236 2916 in
1265 2877 1331 2916 eo
1359 2862 1641 2917 veritatem
1673 2862 1931 2916 naturalis
1956 2861 2150 2917 divini-

567 2951 710 3016 tatis,
729 2952 800 3006 ita
825 2952 1104 3006 veritatem
1127 2952 1383 3006 naturalis
1407 2966 1622 3021 quoque
1635 2953 1991 3021 paternitatis,
2011 2961 2064 3007 et
2085 2969 2151 3007 ex

566 3043 666 3098 hac
713 3044 993 3098 veritatem
1025 3044 1283 3099 naturalis
1316 3045 1478 3098 etiam
1507 3045 1871 3112 generationis
1893 3047 2147 3101 ostendit.

566 3132 674 3189 Nec
714 3136 857 3190 enim
895 3135 1041 3190 Dens
1075 3136 1239 3192 Pater
1261 3137 1578 3191 naturaliter
1601 3135 1744 3192 Deus
1773 3147 1877 3205 est,
1905 3145 1960 3193 et
1992 3137 2152 3193 Pater

2263 1961 2509 2016 mortalis
2534 1976 2750 2030 quoque
2780 1977 2884 2016 non
2915 1976 2981 2016 eo
3009 1960 3172 2016 modo
3202 1960 3344 2015 Deus
3371 1959 3581 2025 dicitur,
3606 1977 3691 2029 quo
3711 1964 3766 2015 vel

2261 2053 2438 2106 anima
2477 2051 2561 2106 vel
2599 2051 2818 2118 angelus
2866 2051 3135 2105 invenitur
3165 2069 3177 2103 :
3209 2050 3460 2119 quoniam
3489 2057 3538 2104 et
3564 2049 3608 2104 in
3633 2053 3767 2118 angelo

2260 2143 2359 2198 etsi
2390 2158 2497 2198 non
2528 2151 2612 2198 est
2639 2141 2898 2196 naturalis
2931 2141 3237 2207 exstinctio,
3263 2148 3444 2210 potest
3475 2149 3634 2195 tamen
3659 2148 3768 2193 uatu-

2259 2235 2386 2289 ralis
2433 2235 2658 2288 inveniri
2700 2234 2926 2287 mutatio
2961 2232 3090 2287 :‘illa
3138 2247 3266 2288 vero
3318 2240 3503 2287 natura
3541 2232 3699 2302 recipit
3725 2248 3768 2286 ex

2256 2325 2616 2379 mutabilitate
2645 2323 2934 2394 quamdam
2965 2332 3192 2379 mortem
3212 2363 3227 2389 ,
3257 2339 3380 2393 qua:
3405 2324 3582 2394 recipit
3604 2325 3767 2394 qualita-

2259 2424 2384 2470 tem.
2415 2415 2521 2471 Nos
2549 2425 2728 2470 autem
2758 2415 2924 2470 Deum
2953 2416 3070 2470 sine
3091 2415 3353 2484 qualitate
3375 2414 3586 2470 dicimus
3604 2413 3766 2479 bonum,

2257 2507 2342 2560 cui
2367 2521 2471 2560 non
2494 2515 2576 2560 est
2597 2507 2741 2560 aliud
2765 2507 2930 2560 Deum
2953 2521 3092 2571 esse,
3110 2506 3254 2560 aliud
3275 2506 3474 2561 bonum
3497 2521 3602 2560 esse
3623 2520 3634 2558 :
3655 2505 3766 2568 unde,

2257 2613 2378 2652 cum
2397 2597 2692 2652 bonitatem
2715 2597 2960 2663 dicimus,
2986 2597 3154 2666 ipsam
3170 2595 3503 2650 divinitatem
3519 2595 3618 2665 ejus
3637 2604 3766 2650 osten-

2254 2691 2458 2756 dimus;
2504 2698 2558 2744 et
2586 2705 2706 2745 cum
2741 2689 3072 2744 divinitatem
3101 2688 3332 2744 dicimus
3353 2731 3368 2756 ,
3407 2689 3668 2743 bonitatem
3691 2689 3769 2742 sine

2253 2780 2416 2835 dubio
2445 2779 2892 2835 demonstramus.
2951 2779 3092 2834 Deus
3139 2791 3267 2848 ergo
3317 2786 3499 2833 noster
3524 2779 3573 2832 in
3605 2793 3658 2833 eo
3682 2793 3767 2831 rere

2257 2871 2570 2926 immortalis
2596 2871 2924 2941 agnoscitur,
2955 2869 3118 2942 655
3146 2870 3201 2924 in
3229 2885 3341 2939 quo
3384 2870 3673 2925 naturaliter
3695 2884 3768 2922 non

2256 2971 2490 3017 mutatur
2523 2980 2534 3015 :
2567 2961 2708 3030 quod
2751 2961 2895 3016 nulla
2935 2970 3176 3017 creatura
3219 2961 3396 3031 potuit
3426 2971 3514 3014 aut
3540 2966 3685 3031 potest
3704 2959 3770 3012 ba-

2255 3055 2382 3109 bere
2409 3069 2503 3124 per
2532 3063 2796 3117 naturam,
2829 3054 3071 3122 quamvis
3098 3054 3202 3108 hoc
3225 3053 3476 3123 quzedam
3501 3053 3770 3120 cognoscitur

2255 3146 2524 3215 accepisse
2555 3161 2650 3214 per
2678 3145 2925 3212 gratiam.
2955 3143 3139 3200 Omnis
3167 3144 3372 3215 quippe
3399 3161 3484 3200 res
3510 3159 3649 3214 quam
3672 3143 3770 3198 Deus

565 3225 882 3280 naturaliter
918 3241 1025 3280 non
1064 3236 1169 3295 est,
1227 3243 1355 3282 cum
1380 3229 1564 3298 utique
1593 3229 1851 3283 naturalis
1881 3229 1934 3282 in
1963 3243 2030 3284 eo
2058 3229 2146 3293 sit,
2177 3259 2220 3320 Ο
2253 3235 2414 3300 fecit,
2454 3236 2713 3302 originem
2744 3234 2889 3290 ducit
2934 3251 3001 3289 ex
3031 3235 3196 3290 nihilo
3230 3253 3242 3288 :
3277 3235 3422 3290 unde
3450 3244 3772 3305 consequenter

566 3326 621 3369 et
648 3316 826 3370 divina
857 3319 1149 3386 paternitas
1187 3328 1240 3373 et
1269 3327 1492 3388 paterna
1519 3318 1787 3373 divinitas.
1829 3319 2024 3375 Totum
2053 3322 2148 3388 igi-

567 3416 653 3461 tur
681 3409 732 3461 in
764 3423 824 3463 se
852 3409 1012 3464 habet
1041 3410 1129 3464 ilia
1159 3409 1444 3478 generatio
1463 3409 1638 3464 divina
1668 3430 1689 3477 ς
1723 3409 1984 3482 quidquid
2015 3412 2067 3466 in
2093 3427 2152 3468 se

567 3500 731 3554 habet
757 3499 851 3555 Dei
883 3492 1057 3556 Patris
1083 3509 1282 3556 (eterna
1312 3501 1627 3558 substantia.
1661 3501 1892 3557 Proinde
1918 3501 2150 3557 sufficie-

567 3592 660 3646 bat
690 3601 744 3646 ut
769 3593 1040 3649 diceretur
1061 3594 1128 3649 de
1157 3592 1315 3649 Patre
1339 3594 1457 3649 solo
1482 3593 1738 3663 quidquid
1766 3594 2044 3662 :equaliter
2071 3595 2154 3648 in-

567 3684 914 3754 telligendum
941 3693 1085 3743 esset
1128 3686 1183 3741 in
1229 3685 1391 3741 Filio.
1436 3685 1596 3741 Pater
1623 3686 1766 3741 enim
1794 3687 1872 3741 sic
1901 3686 2151 3755 omnipo-

561 3783 769 3833 tentem
799 3777 989 3833 Filium
1020 3778 1235 3848 genuit,
1267 3778 1406 3834 sicut
1434 3786 1516 3832 est
1552 3778 1667 3848 ipse
1710 3776 1868 3831 Pater
1907 3776 2153 3846 omnipo-

567 3878 715 3935 tens;
755 3871 834 3926 sic
862 3871 1231 3927 universorum
1261 3879 1561 3927 creatorem
1585 3912 1598 3937 ,
1628 3869 1764 3925 sicut
1795 3869 1908 3938 ipse
1939 3869 2150 3922 univer-

565 3973 750 4014 eorum
777 3969 994 4016 creator
1022 3970 1134 4027 est;
1175 3960 1253 4017 sic
1284 3959 1482 4029 Regem
1509 3958 1852 4026 smculorum,
1876 3959 2014 4013 sicut
2041 3959 2154 4026 ipse

479 4099 487 4108 .
566 4049 681 4105 Rex
712 4051 1032 4108 saeculorum
1067 4061 1181 4119 est;
1230 4053 1309 4109 sic
1339 4051 1696 4108 immortalem
1727 4058 1780 4105 et
1811 4049 2150 4114 invisibilem,

563 4144 702 4198 sicut
731 4146 844 4215 ipse
872 4146 1188 4200 immortalis
1216 4155 1300 4200 est
1333 4154 1388 4200 et
1426 4143 1722 4201 invisibilis.
1777 4140 1968 4197 Omnia
1997 4143 2157 4211 igitur

563 4248 684 4302 quae
711 4234 823 4290 Deo
853 4235 1000 4290 Patri
1028 4235 1223 4290 dantur
1252 4237 1303 4290 in
1327 4228 1602 4307 Symbolo,
1628 4236 1744 4306 ipso
1773 4249 1880 4290 uno
1909 4232 2030 4288 Filii
2057 4250 2157 4289 uo-

564 4325 712 4381 mine
738 4312 1051 4378 naturaliter
1077 4327 1382 4380 tribuuntur
1407 4334 1460 4379 et
1490 4322 1644 4380 Filio.
1693 4326 1826 4380 Nam
1876 4326 2155 4383 universo-

567 4431 688 4472 rum
721 4421 932 4470 creator
961 4423 1043 4472 est
1081 4413 1273 4482 Pater,
1310 4415 1402 4470 sed
1430 4419 1600 4470 omnia
1629 4436 1719 4486 per
1755 4418 1986 4473 Verbum
2015 4421 2153 4491 facta

564 4518 707 4575 lunt,
733 4518 784 4564 et
810 4509 919 4563 s‘inc
951 4511 1062 4580 ipso
1092 4511 1287 4580 factum
1312 4515 1392 4562 est
1410 4509 1541 4562 nihil
1571 4508 1749 4579 (Joan.
1782 4527 1820 4574 ι,
1845 4511 1932 4580 5);
1964 4520 2019 4565 et
2046 4529 2059 4563 :
2087 4509 2159 4565 In

563 4607 681 4674 ipso
706 4613 878 4659 creata
912 4615 1029 4659 sunt
1062 4605 1299 4658 universa
1336 4607 1389 4659 in
1425 4603 1562 4659 ἀεῶ
1585 4615 1633 4660 et
1662 4608 1714 4659 in
1746 4609 1900 4672 terra,
1932 4607 2150 4662 visibilia

565 4705 619 4750 et
660 4693 939 4752 invisibilia
969 4711 987 4748 :
1019 4696 1122 4749 sive
1169 4694 1364 4749 Tltroni
1387 4735 1402 4759 ,
1443 4697 1548 4750 sive
1583 4691 1974 4752 nominationes
2000 4739 2014 4764 ,
2053 4700 2154 4753 sive

573 4788 904 4861 l’rincipatus
929 4830 945 4856 ,
986 4790 1087 4842 sire
1119 4787 1405 4842 Potestates
1427 4827 1441 4851 ,
1483 4790 1665 4844 omnia
1698 4802 1790 4859 per
1819 4786 1985 4860 ipsum
2026 4799 2073 4842 et
2101 4791 2156 4844 in

569 4879 683 4947 ipso
714 4880 889 4933 crea'ta
916 4890 1066 4942 sunt,
1107 4887 1154 4933 et
1185 4879 1294 4950 ipse
1321 4888 1397 4933 est
1429 4888 1547 4934 ante
1575 4893 1791 4945 omnes,
1827 4889 1874 4934 et
1903 4881 2076 4935 omnia
2101 4883 2164 4935 in'

568 4971 660 5024 illo
684 4978 920 5026 constant
952 4968 1172 5042 (Coloss.
1207 4987 1242 5034 ι,
1276 4972 1363 5037 16,
1397 4970 1505 5041 l'i).
1543 4970 1689 5025 Unus
1711 4980 1786 5025 est
1815 4972 1996 5041 itaque
2020 4972 2160 5027 Deus

571 5060 753 5124 Pater,
780 5077 844 5115 ea:
871 5077 970 5132 quo
997 5062 1194 5127 omnia,
1224 5070 1270 5114 et
1294 5078 1384 5115 nos
1415 5063 1466 5115 in
1497 5063 1697 5132 ipsum;
1738 5070 1789 5115 et
1818 5078 1949 5116 unus
1980 5057 2158 5116 Domi.-

572 5168 668 5206 nus
696 5136 848 5206 Iesus
878 5151 1130 5217 Christus,
1162 5171 1254 5223 per
1281 5169 1430 5220 quem
1458 5157 1652 5218 omnia,
1678 5164 1728 5207 et
1758 5171 1849 5208 nos
1879 5171 1967 5223 per
1992 5155 2158 5226 ipsum

575 5240 631 5311 (Ι
654 5241 775 5297 Cor.
805 5259 920 5307 vm,
945 5244 1021 5313 li).
1076 5242 1191 5296 Rex
1220 5245 1540 5298 saeculorum
1581 5253 1662 5298 est
1705 5243 1896 5308 Pater,
1927 5244 2020 5299 sed
2051 5261 2158 5300 non

575 5335 754 5389 minus
781 5335 900 5390 Rex
927 5335 1196 5389 invenitur
1241 5343 1296 5389 ct
1339 5335 1378 5389 F
1384 5336 1502 5390 ilius
1526 5378 1545 5402 ,
1571 5336 1658 5391 cui
1684 5336 1813 5390 dicit
1841 5335 2108 5405 Propheta
2143 5355 2156 5390 :

579 5422 816 5494 Regnum
848 5433 988 5478 tuum
1011 5465 1028 5490 ,
1057 5442 1269 5496 regnum
1309 5427 1536 5480 omnium
1573 5427 1876 5480 stcrulorum
1935 5426 2158 5496 (Psalm.

579 5528 761 5576 cxuv,
792 5511 904 5578 15).
955 5511 1280 5568 Immortalis
1321 5530 1450 5568 vero
1488 5522 1542 5569 et
1575 5514 1854 5569 invisibilis
1891 5515 2048 5568 simul
2078 5524 2161 5569 est

581 5605 695 5668 ipsa
725 5603 990 5668 Trinitas,
1022 5604 1112 5671 qui
1153 5613 1238 5659 est
1264 5621 1430 5671 unus,
1459 5621 1652 5674 verus,
1683 5615 1737 5659 et
1772 5605 1946 5658 bonus
1979 5605 2156 5659 Deus;

581 5713 690 5751 non
719 5696 903 5765 utique
929 5695 1008 5753 sic
1036 5695 1352 5750 immortalis
1380 5705 1540 5766 atque
1576 5696 1874 5762 invisibilis,
1915 5696 2052 5751 sicut
2080 5703 2163 5750 est

585 5787 761 5844 anima
790 5787 1021 5841 humana
1047 5785 1132 5840 vel
1159 5785 1398 5856 angelus.
1430 5786 1568 5841 Deus
1589 5785 1731 5840 enim
1758 5786 1808 5838 in
1839 5800 1906 5839 eo
1933 5785 2164 5839 maxime

589 5877 871 5938 invisibilis
895 5876 1110 5942 dicitur,
1139 5878 1189 5931 in
1227 5893 1335 5947 quo
1365 5877 1463 5931 nisi
1503 5892 1598 5948 per
1625 5876 1854 5945 gratiam
1885 5892 1989 5932 non
2019 5875 2162 5932 vide-

2255 3329 2560 3396 agnoscitur
2587 3344 2616 3382 a
2647 3336 2796 3382 certo
2837 3327 2986 3382 initio
3013 3329 3240 3398 erupisse
3271 3343 3422 3393 esse,
3457 3336 3509 3383 et
3531 3329 3769 3399 priusquam

2253 3435 2373 3474 esse
2399 3418 2677 3488 inciperet,
2709 3435 2811 3471 non
2845 3417 3021 3473 fuisse.
3051 3416 3202 3472 Unde
3228 3420 3336 3474 hoc
3365 3419 3524 3474 habet
3549 3418 3692 3472 omnis
3713 3431 3772 3472 res

2254 3511 2405 3578 cujus
2434 3526 2540 3564 non
2569 3519 2655 3564 est
2683 3525 2786 3563 una
2814 3525 2934 3564 cum
2964 3509 3075 3564 Deo
3106 3508 3263 3565 Patre
3296 3517 3514 3574 natura,
3544 3518 3596 3564 ut
3619 3524 3696 3580 per
3715 3522 3771 3561 sc-

2255 3602 2538 3671 metipsam
2590 3600 2932 3654 mutabilitati
2979 3599 3258 3668 subjaceat
3290 3618 3303 3652 :
3337 3597 3772 3655 incommutabiliu-

2257 3700 2364 3746 tem
2411 3707 2540 3746 vero
2563 3733 2576 3755 ,
2623 3691 2763 3745 illius
2799 3699 3004 3744 natura:
3044 3690 3186 3745 dono
3215 3700 3599 3761 consequatur,
3635 3689 3674 3741 in
3701 3700 3772 3755 qua

2257 3782 2512 3836 naturalis
2551 3781 3061 3836 iucommutahilitas
3107 3781 3400 3835 invenitur.
3451 3781 3567 3836 Sola
3597 3794 3698 3831 vero
3719 3783 3774 3845 est

2254 3882 2448 3929 natura
2476 3871 2753 3926 Trinitatis
2783 3886 2903 3940 qua:
2944 3869 3262 3925 naturaliter
3291 3870 3485 3924 mutari
3514 3885 3609 3924 non
3635 3863 3773 3936 possit,

2255 3963 2379 4033 quia
2429 3972 2616 4016 natura
2666 3976 2784 4016 esse
2831 3977 2937 4015 non
2991 3962 3152 4030 carpit
3184 3977 3200 4014 :
3230 3962 3282 4015 in
3324 3962 3470 4016 omni
3507 3969 3664 4014 autem
3685 3957 3772 4011 sub-

2256 4055 2452 4110 stantia
2473 4069 2592 4123 quae
2613 4069 2733 4108 cum
2757 4053 2867 4107 Deo
2890 4051 3049 4106 Patre
3073 4062 3284 4106 nonest
3311 4054 3470 4107 unius
3499 4050 3775 4120 ejusdemque

2258 4153 2491 4208 natum,
2529 4145 2668 4199 sicut
2701 4144 2851 4214 origo
2877 4159 2943 4197 ex
2983 4143 3150 4198 nihilo
3187 4142 3350 4197 ducta
3381 4141 3703 4211 cognoscitur,
3728 4138 3776 4189 ita

2261 4237 2517 4291 naturalis
2550 4236 2878 4290 mutabilitas
2905 4235 3189 4290 invenitur.
3234 4233 3406 4300 Quam
3435 4233 3775 4288 mutabilitatem

2261 4325 2375 4380 sola
2425 4324 2703 4379 Trinitatis
2749 4325 2923 4379 divina
2976 4333 3161 4378 natura
3206 4339 3311 4378 non
3351 4325 3544 4386 habet,
3575 4336 3672 4390 qua:
3696 4331 3778 4371 esse

2261 4432 2366 4472 ncn
2397 4416 2579 4486 carpit,
2616 4424 2668 4470 et
2695 4430 2811 4484 qua:
2841 4414 3020 4468 omnia
3049 4429 3167 4482 quae
3195 4413 3338 4480 fecit,
3369 4431 3433 4468 ex
3479 4412 3629 4467 nihilo
3657 4408 3775 4463 fecit:

2257 4522 2484 4579 qumque
2529 4513 2814 4576 propterea
2860 4505 2911 4558 in
2956 4519 3014 4557 se
3063 4505 3434 4559 tantummodo
3463 4502 3600 4558 credi
3639 4497 3776 4556 voluit,

2232 4600 2381 4669 .quia
2425 4599 2503 4653 sic
2553 4597 2664 4652 sola
2713 4594 2906 4649 sul'licit
2935 4593 3000 4647 ad
3031 4595 3437 4648 renovationem
3479 4594 3692 4647 humana!
3714 4602 3778 4640 na-

2259 4699 2389 4744 tum
2413 4731 2427 4756 ,
2474 4689 2614 4743 sicut
2650 4687 2714 4741 ad
2755 4685 3082 4742 creationem
3115 4685 3351 4738 omnium
3393 4699 3565 4739 rerum
3592 4681 3685 4736 sola
3709 4675 3779 4732 sibi

2257 4781 2487 4835 naturali
2516 4780 2713 4833 virtute
2743 4794 2805 4832 ac
2847 4777 3087 4831 bonitate
3130 4773 3347 4830 sufﬁcit.
3397 4774 3454 4829 In
3498 4775 3628 4829 illam
3665 4771 3779 4839 igitur

2257 4882 2504 4929 naturam
2541 4877 2738 4925 sancta:
2775 4868 3049 4922 Trinitatis
3073 4866 3217 4934 juste
3262 4882 3325 4922 ac
3352 4867 3628 4921 salubriter
3650 4859 3776 4917 credio

2259 4977 2414 5025 mus,
2453 4975 2614 5029 quam
2663 4970 2717 5014 et
2763 4961 3226 5030 omnipotentem,
3271 4967 3326 5014 et
3373 4975 3546 5014 rerum
3595 4953 3778 5011 omnium

2258 5055 2593 5118 ereatricem,
2621 5059 2677 5108 et’
2696 5067 2900 5122 regem,
2927 5061 2982 5107 et
3012 5066 3230 5121 regnum
3261 5054 3498 5108 omnium
3526 5048 3778 5105 saeculorum

2261 5147 2604 5216 singulariter
2631 5144 2991 5215 possidentem
3018 5185 3031 5209 ,
3072 5154 3128 5199 et
3166 5145 3484 5200 invisibilem
3527 5137 3780 5211 corporibus

2262 5247 2424 5307 atque
2453 5237 2729 5308 spiritibus
2756 5253 2855 5306 per
2897 5245 3140 5292 naturam
3157 5277 3172 5303 ,
3203 5238 3462 5293 visibilem
3488 5251 3607 5290 vero
3629 5227 3780 5302 spiriti—

2261 5331 2360 5385 bus
2383 5330 2543 5398 justis
2571 5345 2668 5400 per
2695 5331 2980 5398 gratuitam
3016 5331 3241 5398 gratiam
3267 5369 3282 5393 ,
3314 5328 3650 5385 immortalem
3681 5334 3780 5389 quo-

2265 5437 2370 5491 que
2419 5437 2517 5492 per
2563 5421 2919 5476 aeternitatem
2961 5421 3245 5492 _naturalis
3302 5410 3781 5477 incommutabilitatis

2264 5513 2621 5582 agnoscimus.
2653 5511 2994 5581 Quapropter
3021 5526 3142 5566 cum
3173 5510 3288 5566 haec
3313 5512 3487 5564 omnia
3515 5515 3781 5564 commemo-

2264 5611 2514 5658 rarentur
2539 5603 2591 5656 in
2619 5600 2798 5663 Patre,
2830 5602 2883 5655 in
2906 5616 3012 5669 quo
3041 5602 3402 5672 principaliter
3424 5587 3780 5654 commendanda

2266 5701 2386 5747 erat
2412 5692 2591 5746 divina
2623 5700 2832 5757 natura,
2856 5690 3049 5745 suflicit
3078 5691 3268 5745 Filium
3292 5690 3406 5759 ejus
3434 5690 3629 5744 unicum
3649 5677 3781 5736 Domi.

2267 5800 2394 5839 num
2444 5793 2686 5844 nostrum
2751 5782 2931 5838 Jesum
2982 5783 3254 5838 Christum
3301 5781 3490 5838 deinde
3531 5769 3778 5834 nominari.

2269 5876 2704 5948 uuandoquidem
2736 5876 2850 5947 ipso
2881 5876 3022 5932 unici
3055 5875 3170 5931 Filii
3197 5873 3484 5935 vocabulo,
3511 5871 3646 5943 plena
3673 5866 3780 5918 im‘ev
