4050 6464
971 339 1030 351 ν’.-

236 401 340 465 825

1289 349 1565 459 caurus
1595 392 1940 459 FABIANUM
1980 391 2421 458 meum“.

3395 407 3500 464 826

237 520 381 575 nitur
405 513 578 568 Patris
610 520 667 569 et
700 505 820 568 Filii
859 511 1116 568 naturalis
1157 512 1453 582 significata
1481 515 1810 570 communio.
1845 517 1891 576 Α
1919 513 2077 569 Patre
2104 529 2208 568 una
2236 514 2488 570 divinitas
2517 510 2790 568 naturalis.
2821 512 3064 572 Christus
3093 519 3253 587 enim,
3281 522 3371 590 qui
3401 538 3496 580 γε-

235 605 468 662 Alterius
495 611 676 658 autem
705 603 1132 674 omnipotentite,
1163 605 1563 670 dominationis,
1597 605 1817 659 immor-

233 695 458 752 talitatis
502 701 663 762 atque
708 693 1125 760 invisibilitatis,
1170 691 1326 750 Jesus
1366 694 1612 750 Christus
1655 695 1816 763 digne

231 785 564 852 crederetur,
585 785 630 839 si
652 800 760 838 non
781 784 874 839 Dei
899 784 1072 839 Patris
1101 784 1290 840 unicus
1309 784 1474 840 Filius
1501 786 1773 841 diceretur
1800 803 1812 839 :

234 876 422 931 unicus
450 883 630 929 autem
668 875 900 939 dicitur,
941 875 1066 944 quia
1103 875 1250 930 solus
1290 890 1446 930 verus
1483 883 1567 931 est
1605 875 1770 930 Filius
1801 895 1814 930 :

230 968 378 1023 solus
405 974 490 1023 est
515 974 696 1022 autem
728 982 883 1022 verus
913 965 1078 1022 Filius
1103 1007 1117 1034 ,
1157 967 1282 1036 quia
1331 967 1398 1022 de
1427 977 1618 1022 natura
1645 967 1819 1024 Patris

232 1060 381 1116 solus
404 1066 489 1114 est
511 1067 687 1114 natus.
711 1058 920 1113 Veritas
947 1058 1127 1127 itaque
1153 1058 1446 1113 nativitatis
1473 1057 1633 1126 illius,
1659 1065 1818 1112 natu.

232 1151 401 1208 ralem
429 1149 817 1221 plenitudinem
845 1149 914 1204 de
942 1147 1101 1204 Patre
1129 1148 1468 1205 demonstrat
1494 1149 1546 1203 in
1577 1148 1731 1215 Filio,
1765 1147 1820 1204 in

232 1257 340 1313 quo
370 1255 438 1297 ex
475 1241 703 1296 naturali
746 1241 1129 1310 generatione,
1162 1247 1399 1310 paterna:
1447 1249 1649 1294 natura:
1693 1256 1819 1310 per-

231 1341 420 1388 manet
444 1331 742 1403 plenitudo.
783 1331 1124 1401 Congruebat
1163 1339 1344 1387 autem
1381 1341 1578 1387 nostrae
1605 1332 1730 1389 fidei
1756 1348 1821 1389 ac

230 1425 411 1494 saluti,
437 1439 543 1479 non
569 1423 744 1479 solum
768 1424 1076 1490 creationis,
1098 1439 1284 1479 verum
1313 1424 1476 1478 etiam
1499 1424 1823 1498 redemptio-

230 1517 316 1572 nis
350 1515 662 1587 mysterium
689 1514 956 1570 conflteri.
985 1514 1043 1569 ln
1073 1515 1320 1569 omnibus
1345 1515 1488 1570 enim
1516 1531 1636 1585 qua:
1663 1531 1823 1586 supe-

230 1609 344 1665 rius
373 1608 439 1663 de
471 1603 633 1663 Patre
660 1608 801 1663 dicta
830 1615 972 1675 sunt,
1006 1609 1291 1680 praedicata
1318 1617 1401 1664 est
1427 1609 1684 1679 majestas
1707 1611 1823 1679 ejus

229 1713 336 1770 qua
368 1715 467 1754 nos
497 1698 644 1766 fecit,
673 1699 769 1754 sed
796 1714 902 1753 non
932 1706 1014 1754 est
1049 1708 1262 1755 ostensa
1292 1700 1504 1755 bonitas
1532 1715 1638 1770 qua
1668 1701 1823 1756 rede-

231 1790 332 1845 mit
359 1807 372 1843 :
395 1797 450 1844 et
472 1788 724 1858 quoniam
750 1788 854 1844 hoc
881 1789 1137 1844 collatum
1165 1797 1248 1846 est
1271 1790 1443 1856 nobis,
1475 1788 1691 1860 dignum
1721 1789 1822 1845 fuit

1919 605 2050 658 ritas
2075 612 2178 671 est,
2208 606 2344 660 sicut
2373 612 2455 660 est
2480 619 2638 658 verus
2667 605 2830 660 homo
2855 606 2923 662 de
2953 617 3140 664 natura
3181 615 3384 680 matris,
3425 616 3502 672 sic

1918 709 2076 748 verus
2116 695 2257 749 Deus
2295 702 2376 749 est
2411 696 2570 749 etiam
2610 695 2677 750 de
2715 696 3015 753 substantia
3055 697 3268 757 Patris:
3300 706 3383 761 cui
3408 703 3505 762 sic-

1920 798 2027 838 non
2050 791 2132 838 est
2151 785 2432 839 diversitas
2453 785 2645 840 divina:
2669 795 2872 841 natura:
2892 804 3012 843 cum
3035 789 3215 858 Patre,
3238 794 3373 849 sicut
3396 811 3501 851 non

1919 881 2003 928 est
2018 874 2277 930 naturalis
2295 875 2581 932 diversitas
2605 877 2794 930 animae
2816 879 3098 950 carnisque
3120 897 3239 935 cum
3262 883 3501 954 Virgine.

1920 961 2182 1028 Proinde,
2211 965 2336 1034 quia
2365 975 2591 1020 mortem
2620 969 2846 1022 veritate
2873 971 3048 1025 carnis
3077 973 3311 1042 accepit,
3341 991 3504 1045 quam

1919 1052 2148 1108 veritate
2179 1053 2472 1110 divinitatis
2500 1057 2814 1126 absorbuit,
2857 1059 2979 1115 ideo
3008 1061 3238 1118 fatemur
3263 1066 3388 1132 quia
3417 1081 3506 1121 se-

1920 1145 2123 1215 pultus,
2155 1144 2243 1200 die
2269 1148 2426 1201 tertia
2455 1151 2767 1204 resurrexit.
2809 1149 2924 1206 Hoc
2951 1153 3092 1207 enim
3124 1154 3188 1208 ad
3219 1154 3504 1210 confirma-

1923 1235 2125 1291 tionem
2160 1237 2274 1306 spei
2304 1246 2498 1292 nostrae
2527 1249 2746 1308 operata
2777 1249 2860 1295 est
2887 1242 3064 1298 divina
3094 1243 3414 1314 benignitas,
3444 1257 3501 1303 ut
3544 1261 3552 1268 '

1922 1329 1976 1384 in
2005 1345 2112 1400 quo
2138 1330 2451 1386 vincebatur
2484 1334 2672 1388 mortis
2701 1342 2898 1389 nostra:
2935 1337 3271 1406 supplicium,
3306 1339 3357 1393 in
3386 1339 3506 1408 ipso

1921 1420 2212 1491 refulgeret
2241 1432 2434 1477 nostrre
2463 1425 2873 1479 resurrectionis
2901 1428 3206 1496 exemplum
3241 1447 3252 1481 :
3286 1437 3340 1482 et
3379 1431 3506 1498 quia

1922 1509 2156 1566 Christus
2178 1528 2450 1584 resurgens
2478 1529 2508 1566 a
2531 1515 2746 1567 mortuis
2762 1515 2875 1583 jam
2897 1531 3001 1570 non
3027 1519 3264 1582 moritur,
3288 1527 3341 1571 et
3365 1536 3508 1574 mors

1921 1604 1968 1656 ei
1988 1602 2128 1656 ultra
2150 1620 2252 1657 non
2279 1601 2628 1658 dominabitur
2657 1603 2834 1674 (Rom.
2862 1621 2932 1668 Vl,
2958 1603 3043 1674 9);
3075 1607 3210 1661 sicut
3233 1624 3506 1678 nunquam

1922 1694 2184 1748 morietur
2210 1693 2409 1749 Christi
2437 1710 2564 1750 caro
2594 1709 2752 1758 vera,
2794 1695 2866 1749 ita
2907 1706 3087 1750 nostra
3135 1712 3348 1769 quoque
3385 1715 3508 1754 cor-

1923 1803 2055 1858 pora
2099 1788 2512 1842 resurrectionis
2557 1789 2860 1844 aeternitate
2907 1789 3189 1846 credamus
3235 1791 3350 1846 sine
3401 1791 3513 1848 fine

232 1887 291 1934 ut
317 1879 620 1935 sufficiente
665 1879 784 1934 solo
821 1878 940 1934 Filii
968 1879 1186 1936 nomine
1211 1879 1278 1934 ad
1305 1879 1818 1935 demonstrationem
1851 1888 1894 1943 lt
1922 1879 2149 1933 victura.
2188 1877 2389 1933 Deinde
2419 1889 2596 1932 autem
2626 1877 2854 1932 fatemur
2880 1877 3150 1934 Christum
3200 1881 3515 1937 ascendisse

231 1971 530 2042 majestatis
551 1969 742 2026 divinae
764 1987 866 2041 qua
891 1971 1058 2027 creati
1087 1983 1290 2036 sumus,
1325 1970 1520 2026 deimie
1543 1979 1569 2009 ι
1598 1971 1821 2027 verbum

229 2064 428 2129 crucis,
449 2063 592 2133 quod
623 2063 970 2134 pereuntibus
998 2063 1212 2132 quidem
1235 2061 1464 2118 stultitia
1491 2070 1591 2129 est,
1617 2062 1700 2117 his
1728 2078 1823 2117 au-

231 2162 343 2209 tem
375 2156 465 2226 qui
495 2155 626 2210 salvi
660 2154 792 2209 fiunt
819 2155 989 2209 virtus
1017 2155 1111 2208 Dei
1141 2162 1224 2210 est
1249 2155 1300 2226 (Ι
1323 2155 1443 2210 Cor.
1475 2171 1516 2223 ι,
1549 2153 1658 2226 l8).
1705 2154 1822 2222 Quo

231 2247 406 2316 magis
453 2245 520 2302 ad
562 2246 888 2302 credendum
950 2245 1167 2302 difficile
1227 2246 1527 2302 videbatur.
1598 2245 1823 2303 Difficile

231 2338 437 2408 quippe
484 2353 590 2393 non
638 2337 737 2391 fuit
777 2337 999 2392 credere
1042 2337 1235 2392 Filium
1282 2338 1442 2393 unius
1470 2345 1674 2392 natura:
1703 2353 1825 2394 cum

233 2425 418 2494 Patre,
449 2437 504 2483 et
531 2443 598 2483 ex
627 2429 732 2484 hoc
759 2429 939 2484 omnia
968 2443 1087 2498 quae
1121 2438 1419 2486 memorata
1447 2438 1594 2499 sunt,
1621 2431 1826 2486 unitate

233 2518 466 2572 naturali
493 2534 614 2572 cum
644 2519 887 2588 genitore
913 2520 1151 2588 genitum
1181 2519 1456 2589 possidere
1482 2538 1494 2572 :
1521 2528 1574 2575 et
1601 2521 1670 2576 ob
1699 2521 1824 2588 hoc,

234 2605 305 2658 ad
347 2605 664 2673 sapientiam
713 2605 897 2660 mundi
954 2606 1168 2675 penitus
1231 2606 1649 2672 destruendam,
1700 2609 1825 2678 quia

235 2693 484 2749 Christus
530 2694 815 2749 crucifixus
856 2693 1054 2750 Judzeis
1097 2694 1313 2765 quidem
1361 2696 1670 2752 scandalum
1724 2707 1826 2764 est,

235 2786 488 2855 gentibus
513 2794 692 2842 autem
735 2785 996 2854 stultitia,
1041 2787 1169 2857 ipsis
1213 2802 1344 2842 vero
1390 2789 1594 2843 vocatis
1636 2786 1830 2844 Iudicis

237 2885 401 2946 atque
428 2875 631 2932 Gmcis
656 2916 671 2941 ,
717 2876 961 2938 Christus
989 2875 1084 2932 Dei
1127 2877 1299 2932 virtus
1339 2886 1394 2933 et
1435 2878 1528 2934 Dei
1570 2880 1828 2949 sapientia

240 2969 299 3041 (I
321 2967 442 3024 Cor.
478 2986 516 3035 ι,
547 2969 675 3039 93);
717 2972 787 3025 ob
827 2970 933 3027 hoc
972 2972 1072 3026 fuit
1112 2972 1368 3028 intentius
1405 2981 1460 3028 et
1496 2974 1707 3043 penitus
1749 2974 1832 3028 in-

239 3059 590 3129 culcandum,
621 3061 788 3116 Deum
830 3077 1017 3116 verum
1042 3104 1055 3128 ,
1102 3062 1198 3116 Dei
1228 3061 1400 3117 Patris
1425 3064 1828 3134 omnipotentis,

245 3151 564 3206 immortalis
585 3192 599 3217 ,
633 3161 687 3208 et
716 3153 996 3208 invisibilis
1023 3154 1299 3226 proprium
1325 3155 1484 3226 655
1514 3164 1676 3227 atque
1708 3157 1830 3212 uni-

1925 1972 1978 2026 in
2005 1971 2197 2027 coelum
2224 2013 2239 2038 ,
2280 1979 2336 2026 et
2363 1971 2486 2026 inde
2511 1980 2796 2026 venturum
2822 1970 3063 2040 judicare
3090 1973 3241 2027 vivos
3273 1981 3327 2026 et
3363 1990 3509 2028 mor-

1927 2071 2048 2118 tuos
2077 2081 2089 2116 :
2121 2062 2282 2116 Pater
2325 2064 2461 2116 enim
2509 2079 2613 2116 non
2649 2063 2853 2133 judicat
2881 2080 3198 2134 quemquam,
3231 2065 3320 2118 sed
3359 2081 3515 2119 omne

1918 2155 2176 2226 judicium
2195 2155 2336 2209 dedit
2356 2154 2517 2220 Filio,
2539 2166 2592 2209 ut
2612 2173 2783 2215 omnes
2806 2156 3141 2226 honori/icent
3162 2156 3208 2208 F
3213 2158 3354 2211 ilium
3379 2159 3514 2212 sicut

1927 2247 2274 2317 honorificam
2307 2246 2515 2302 Patrem
2555 2247 2733 2318 (Joan.
2763 2263 2813 2312 v,
2843 2246 2956 2319 22).
3004 2247 3235 2302 Proinde
3264 2264 3400 2304 unus
3427 2258 3513 2305 est

1927 2340 2103 2394 honor
2125 2339 2267 2394 Patri
2291 2349 2345 2395 et
2371 2340 2508 2395 Filio
2538 2339 2884 2405 deferendus,
2918 2339 3042 2408 quia
3071 2337 3249 2405 Pater,
3283 2342 3372 2410 qui
3405 2357 3517 2397 non

1921 2430 2126 2499 judicat
2161 2445 2481 2500 quemquam
2505 2472 2520 2498 ,
2552 2431 2645 2486 sed
2687 2447 2849 2487 omne
2873 2430 3132 2500 judicium
3169 2432 3317 2487 dedit
3353 2432 3516 2499 Filio,

1928 2538 2093 2576 unum
2123 2520 2514 2578 demonstravit
2560 2538 2680 2579 esse
2727 2539 2882 2578 suum
2929 2523 3156 2593 Filiique
3195 2523 3452 2593 judicium
3497 2511 3545 2577 τ’

1929 2613 2074 2681 quod
2109 2611 2230 2668 ideo
2259 2613 2393 2668 Filio
2422 2613 2606 2680 dedit,
2643 2621 2702 2668 ut
2728 2631 2916 2670 omnes
2939 2615 3295 2671 honorificent
3322 2615 3516 2673 Filium

1930 2702 2072 2758 sicut
2113 2703 2472 2781 honorificam
2499 2703 2733 2761 Patrem.
2775 2707 2855 2760 Ad
2895 2708 3281 2762 removendam
3321 2709 3519 2780 quippe

1933 2792 2288 2848 differentiam
2335 2795 2596 2860 honoris,
2644 2805 2859 2851 ostensa
2898 2785 2981 2852 esi
3024 2800 3201 2853 unitas
3223 2799 3520 2868 judiciaria)

1931 2885 2212 2955 potestatis
2246 2904 2257 2938 :
2293 2892 2350 2940 ut
2378 2885 2582 2941 scilicet
2609 2885 2763 2951 Filio,
2788 2887 2870 2941 cui
2901 2903 2932 2941 a
2959 2886 3118 2943 Patre
3146 2888 3327 2943 datum
3359 2905 3520 2947 omne

1929 2976 2187 3046 judicium
2217 2976 2481 3041 novimus,
2513 2977 2773 3046 aequalem
2797 2978 2952 3033 simul
2973 2992 3094 3049 cum
3119 2978 3277 3034 Patre
3297 2980 3519 3036 honori-

1936 3069 2208 3126 ficentiam
2238 3069 2572 3134 deferamus;
2618 3086 2718 3125 nec
2758 3086 3072 3141 separemus
3111 3071 3332 3126 honoris
3359 3074 3521 3128 obse-

1936 3162 2140 3233 quium,
2167 3161 2255 3214 uhi
2279 3169 2583 3232 separatum
2604 3161 2861 3230 judicium
2883 3179 2992 3218 non
3010 3163 3269 3220 videmus.
3297 3163 3522 3236 Expleta

242 3240 484 3308 genitum
513 3241 704 3297 Filium
731 3285 747 3310 ,
787 3244 948 3298 etiam
979 3251 1162 3298 natum
1191 3245 1259 3299 de
1303 3242 1507 3315 Spiritu
1549 3255 1737 3301 sancto
1766 3262 1833 3301 ex
1863 3259 1906 3320 (ἶ
1937 3266 2067 3306 vero
2101 3251 2440 3306 confessione
2473 3266 2616 3307 verae
2645 3252 2968 3319 divinitatis,
2999 3269 3245 3324 veraeque
3276 3255 3524 3310 humani-

242 3329 463 3402 Virgine
490 3331 679 3400 Maria,
711 3333 855 3404 quod
885 3334 1017 3388 nihil
1064 3342 1149 3388 est
1188 3334 1328 3389 aliud
1358 3350 1518 3405 quam
1555 3337 1622 3390 de
1661 3340 1831 3406 gratia

241 3419 356 3490 Dei,
391 3431 446 3478 et
473 3439 539 3478 ex
569 3433 724 3480 utero
752 3424 1018 3494 virginali.
1072 3424 1210 3492 Quid
1239 3435 1419 3482 autem
1451 3428 1744 3485 mirabilius
1773 3430 1862 3486 ac'

241 3515 513 3574 salubrius
537 3557 552 3584 ,
591 3532 754 3588 quam
794 3531 1121 3586 cognoscere
1158 3518 1324 3574 Deum
1357 3520 1683 3590 unigenitum
1713 3565 1728 3590 ,
1769 3522 1836 3579 de

249 3621 448 3666 natura
478 3607 653 3664 Patris
680 3609 796 3664 sine
824 3608 977 3663 initio
1005 3617 1188 3664 natum
1215 3649 1230 3674 ,
1269 3617 1321 3664 et
1360 3607 1503 3663 Patri
1543 3610 1652 3666 Deo
1682 3619 1839 3665 natu-

245 3702 437 3757 raliter
486 3707 834 3765 coaeternum,
881 3715 990 3754 non
1040 3713 1150 3753 sua:
1192 3699 1452 3765 utilitatis,
1498 3699 1590 3754 sed
1643 3709 1838 3756 nostrae

243 3791 438 3849 salutis
463 3790 687 3846 obtentu
719 3789 915 3845 factum
955 3803 1080 3864 esse
1117 3788 1260 3858 quod
1297 3787 1451 3854 fecit;
1491 3798 1838 3859 crcatumque

243 3880 568 3937 mirabiliter
616 3895 680 3936 ac
728 3877 1150 3934 misericorditer
1179 3919 1194 3945 ,
1249 3885 1309 3932 ut
1355 3878 1643 3934 redimeret
1695 3879 1840 3949 quod

242 3973 486 4030 creavit?
514 3970 713 4026 Verum
743 3971 868 4040 quia
895 3969 1036 4024 idem
1065 3968 1316 4040 proprius
1345 3976 1504 4038 atque
1533 3970 1721 4025 unicus
1742 3971 1840 4026 Dei

245 4064 447 4129 Patris,
477 4061 636 4118 simul
669 4071 914 4118 naturam
943 4070 1182 4117 nostram
1216 4075 1536 4132 poenamque
1562 4063 1796 4133 suscepit
1822 4106 1837 4132 ,

243 4159 337 4228 qui
369 4156 653 4211 veritatem
685 4156 737 4210 in
765 4169 824 4211 se
850 4155 1041 4210 anima:
1075 4155 1321 4210 humana:
1350 4154 1428 4208 sic
1456 4154 1842 4212 demonstravit

243 4257 301 4305 et
324 4250 526 4316 carnis,
557 4257 615 4302 ut
641 4249 922 4302 veritatem
947 4247 1176 4302 tristitia:
1196 4247 1521 4318 suscepisset
1543 4257 1598 4302 et
1615 4248 1836 4313 mortis;

181 4348 186 4354 '
247 4341 392 4395 unde
421 4339 542 4393 ait:
577 4339 762 4393 Tristis
803 4347 878 4392 est
925 4340 1100 4392 anima
1149 4356 1261 4392 mea
1307 4355 1463 4412 usque
1511 4338 1580 4392 ad
1625 4347 1842 4392 mortem

247 4431 469 4500 (Matth.
521 4446 685 4498 xxvr,
733 4430 860 4499 3'5);
923 4439 1210 4500 propterea
1258 4431 1311 4485 in
1361 4429 1619 4502 Symbolo
1667 4430 1840 4500 ipsum

248 4526 468 4580 unicum
501 4523 596 4578 Dei
631 4522 843 4589 Filium,
874 4538 1035 4592 quem
1064 4523 1130 4578 de
1159 4522 1359 4592 Spiritu
1387 4533 1572 4579 sancto
1595 4532 1652 4578 et
1675 4521 1843 4577 Maria

1939 3331 2063 3396 tatis
2091 3341 2234 3397 unici
2271 3341 2392 3397 Filii
2431 3341 2556 3405 Dei,
2598 3343 2920 3398 confitemur
2947 3359 3045 3399 nos
3074 3345 3293 3400 credere
3323 3346 3374 3400 in
3403 3344 3524 3416 Spi-

1936 3433 2097 3487 ritum
2128 3441 2404 3502 sanctum,
2445 3433 2533 3504 qui
2565 3442 2649 3488 est
2677 3450 2813 3490 unus
2841 3433 3070 3505 Spiritus
3103 3433 3277 3490 Patris
3304 3444 3358 3491 et
3385 3435 3524 3503 Filii,

1937 3523 2004 3582 de
2026 3523 2185 3580 Patre
2210 3525 2452 3595 Filioque
2480 3527 2798 3596 procedens,
2826 3528 2878 3581 in
2909 3526 3069 3583 Patrc
3098 3527 3340 3598 Filioque
3365 3529 3530 3600 656

1938 3601 2256 3669 naturaliter
2284 3615 2387 3686 (af.
2420 3615 2681 3686 fideliter)
2713 3633 2937 3673 manens
2973 3635 2985 3670 :
3019 3618 3085 3673 de
3114 3617 3272 3672 Patre
3299 3635 3362 3674 ac
3391 3619 3529 3676 Filio

1937 3705 2141 3760 habens
2161 3705 2454 3760 divinitatis
2475 3709 2758 3775 originem,
2786 3725 2906 3763 cum
2931 3708 3090 3763 Patre
3119 3724 3183 3764 ac
3217 3709 3352 3764 Filio
3374 3712 3530 3766 unius

1937 3795 2153 3850 deitatis
2173 3795 2377 3851 habens
2397 3797 2714 3852 naturaliter
2732 3799 3033 3853 veritatem.
3059 3797 3111 3852 in
3130 3798 3328 3868 Spiritu
3351 3809 3530 3856 autem

1938 3898 2126 3942 sancto
2168 3885 2294 3956 quid
2333 3887 2565 3958 amplius
2611 3886 2677 3942 ad
2725 3888 3109 3959 perfectionem
3140 3888 3331 3944 divinae
3360 3891 3531 3959 maje-

1939 3977 2092 4035 statis
2118 3978 2293 4048 potuit
2321 3985 2411 4032 aut
2438 3978 2622 4033 debuit
2652 3979 2952 4048 praedicari,
2978 3994 3138 4048 quam
3169 3995 3289 4033 cum
3319 3979 3385 4035 de
3407 3979 3531 4050 Spi-

1940 4069 2044 4123 ritu
2075 4078 2260 4123 sancto
2289 4084 2355 4123 ex
2387 4068 2550 4124 Maria
2575 4069 2791 4139 Virgine
2819 4079 2974 4124 natus
3004 4070 3097 4125 Dei
3128 4069 3289 4124 Filius
3314 4070 3528 4133 dicitur,

1942 4158 2056 4230 ipse
2085 4159 2265 4228 opifex
2315 4159 2456 4215 illius
2503 4161 2674 4215 sancti
2721 4163 2960 4231 corporis
2999 4162 3299 4216 invenitur?
3339 4162 3395 4216 In
3423 4178 3566 4232 quo.

1941 4267 2071 4320 ergo
2098 4251 2256 4321 digne
2285 4253 2460 4307 minor
2489 4251 2649 4309 Patre
2675 4253 2760 4308 vel
2787 4253 2924 4308 Filio
2952 4254 3054 4308 dici
3085 4263 3284 4324 potest,
3314 4255 3403 4322 qui
3451 4262 3533 4308 est

1942 4343 2109 4414 ipsius
2138 4344 2279 4399 unici
2310 4343 2430 4399 Filii
2466 4345 2560 4399 Dei
2597 4345 2887 4400 secundum
2928 4361 3144 4400 carnem
3174 4354 3388 4400 creator
3417 4360 3534 4399 om-

1942 4433 2232 4504 nipotens?
2275 4433 2401 4490 limo
2430 4444 2515 4490 est
2543 4435 2777 4491 Trinitas
2806 4452 2944 4491 unus
2972 4435 3112 4490 Deus
3131 4475 3146 4501 ,
3177 4435 3328 4504 cujus
3356 4451 3534 4491 sacra-

1945 4535 2184 4580 mentum
2215 4535 2404 4581 sancto
2430 4527 2688 4598 Symbolo
2713 4527 3037 4590 continetur,
3061 4535 3282 4596 propter
3309 4526 3452 4597 quod
3483 4526 3534 4581 in

249 4614 470 4684 Virgine
500 4623 684 4668 natum
715 4612 945 4667 fatemur
967 4650 982 4675 ,
1026 4613 1338 4668 crucifixum
1370 4629 1585 4684 quoque
1615 4612 1844 4669 dicimus
1874 4627 1923 4686 ι)
1947 4618 2164 4672 nomine
2202 4615 2376 4672 Patris
2402 4656 2416 4680 ,
2451 4626 2500 4671 ct
2532 4616 2684 4682 Filii,
2717 4625 2772 4671 et
2801 4617 3032 4687 Spiritus
3075 4617 3244 4670 sancti
3292 4624 3535 4671 sanctum

249 4715 305 4762 et
347 4706 617 4777 sepultum
657 4723 670 4758 :
717 4712 774 4759 ut
830 4705 883 4758 in
933 4719 1000 4758 eo
1048 4704 1204 4758 simul
1263 4713 1584 4774 agnoscatur
1643 4705 1843 4760 veritas

255 4801 535 4869 utriusque
557 4808 761 4852 naturte
785 4838 798 4862 ,
843 4811 1000 4867 quem
1031 4795 1168 4851 sicut
1198 4811 1381 4850 verum
1411 4795 1580 4850 Deum
1611 4796 1846 4851 ostendit

252 4890 550 4946 divinitatis
579 4899 794 4944 aeternae
823 4887 1097 4956 majestas,
1129 4886 1200 4939 ita
1230 4901 1414 4940 verum
1444 4886 1714 4940 hominem
1743 4886 1842 4940 dos

255 4990 342 5034 cet
376 4979 568 5034 divina:
596 4978 942 5047 benignitatis
984 4975 1274 5030 humilitas.
1325 4973 1468 5030 Deus
1512 4975 1710 5045 quippe
1756 4975 1846 5029 ille

255 5074 343 5142 qui
373 5080 460 5128 est
492 5071 558 5126 de
595 5070 754 5126 Patre
785 5077 998 5124 creator
1027 5067 1266 5122 omnium
1307 5082 1514 5133 rerum,
1555 5066 1727 5122 factus
1767 5076 1849 5122 est

256 5161 322 5217 de
347 5160 570 5232 Virgine
616 5161 881 5216 mediator
929 5158 1022 5214 Dei
1068 5167 1122 5212 et
1170 5157 1468 5212 hominum.
1517 5157 1634 5228 ipse
1665 5167 1847 5213 autem

259 5256 526 5310 mediator
554 5271 660 5310 non
701 5254 874 5318 fieret,
904 5253 949 5308 si
981 5253 1032 5306 in
1062 5267 1120 5307 se
1151 5266 1258 5305 uno
1285 5250 1568 5305 veritatem
1613 5257 1850 5321 paternm

259 5355 627 5417 materiaeque
658 5343 972 5399 substantiae
1002 5358 1107 5396 non
1139 5341 1378 5396 haberet.
1434 5339 1588 5394 Sicut
1625 5341 1764 5395 enim
1798 5341 1850 5394 in

262 5449 328 5490 eo
355 5452 540 5493 sumus
566 5434 896 5491 reconciliati
926 5449 1022 5503 per
1050 5441 1275 5486 mbrtem
1301 5429 1417 5484 Filii
1443 5429 1577 5500 ejus,
1606 5431 1728 5499 quia
1760 5431 1851 5486 ille

264 5525 526 5580 tnediator
546 5541 726 5581 veram
750 5524 802 5578 in
823 5539 882 5578 se
900 5522 1087 5577 habuit
1111 5536 1350 5589 carnem,
1373 5521 1665 5576 secundum
1689 5538 1848 5593 quam

263 5617 560 5688 susciperet
581 5631 763 5672 veram
787 5621 1046 5677 mortem;
1076 5612 1154 5667 sic
1183 5613 1234 5665 in
1258 5628 1324 5666 eo
1351 5612 1503 5667 nobis
1529 5611 1847 5667 beneficium

264 5707 490 5762 contulit
543 5722 686 5762 verre
730 5701 1212 5768 reconciliationis,
1256 5703 1308 5758 in
1352 5717 1460 5773 quo
1499 5712 1581 5760 est
1617 5704 1687 5759 illi
1727 5721 1847 5760 cum

338 5895 363 5925 ⁸
401 5843 622 5949 Videtur
649 5887 736 5943 hic
763 5884 1281 5944 deesse‘adderetut.

1947 4711 2210 4782 baptisma
2248 4710 2425 4765 datur.
2479 4709 2741 4764 Remissio
2785 4725 2911 4764 vero
2940 4719 3279 4778 peccatorum
3307 4751 3321 4775 ,
3362 4709 3537 4763 carnis

1946 4803 2270 4857 resurrectio
2297 4844 2312 4870 ,
2354 4810 2408 4857 et
2445 4800 2552 4854 vita
2589 4809 2790 4855 :eterna
2817 4839 2832 4865 ,
2867 4807 3153 4870 propterea
3200 4799 3251 4852 in
3283 4797 3537 4868 Symbolo

1946 4902 2069 4963 post
2096 4891 2662 4947 commemorationem
2686 4899 2883 4945 sancta:
2907 4888 3186 4943 Trinitatis
3210 4887 3538 4966 adjung‘itur,

1951 4993 2010 5038 ut
2039 4982 2180 5037 illius
2208 4981 2559 5036 confessionis
2587 4981 2813 5048 utilitas,
2843 4979 3001 5048 hujus
3026 4977 3288 5033 mercedis
3317 4975 3538 5044 subjun-

1951 5075 2131 5130 ctione
2160 5080 2512 5126 monstretur.
2562 5071 2642 5126 Ad
2671 5071 2774 5126 hoc
2813 5070 2956 5125 enim
2989 5069 3132 5122 utilis
3157 5078 3238 5120 est
3274 5067 3404 5120 fides
3436 5066 3540 5120 l’a-

1955 5163 2071 5226 tris,
2103 5169 2158 5217 et
2184 5159 2321 5230 Filii,
2355 5170 2410 5214 et
2435 5158 2664 5232 Spiritus
2689 5161 2880 5225 sancti,
2913 5159 3070 5213 unius
3097 5157 3305 5212 scilicet
3333 5157 3541 5220 aeterni,

1952 5253 2086 5320 veri,
2120 5260 2175 5307 et
2201 5253 2327 5307 boni
2375 5252 2468 5307 Dei
2495 5293 2508 5318 ,
2541 5261 2598 5306 ut
2628 5251 2994 5307 remissionem
3027 5255 3371 5318 peccatorum
3401 5248 3543 5300 acci-

1952 5344 2194 5415 piamus.
2227 5350 2280 5397 et
2309 5342 2361 5396 in
2393 5343 2491 5397 ista
2523 5358 2685 5398 carne
2716 5343 2766 5395 in
2804 5356 2907 5409 qua
2939 5355 3080 5394 nunc
3109 5337 3338 5392 vivimus
3367 5353 3520 5392 resur
3541 5370 3556 5378 -

1953 5443 2172 5504 gentes,
2205 5435 2257 5488 in
2287 5442 2546 5488 aeternum
2578 5433 2734 5487 beate
2772 5433 3031 5485 vivamus.
3086 5429 3202 5500 ipsa
3242 5438 3323 5484 est
3351 5431 3524 5500 pictas
3545 5471 3558 5488 .

1954 5541 2072 5596 qua:
2102 5525 2170 5578 ad
2199 5525 2374 5580 omnia
2414 5524 2557 5577 utilis
2602 5533 2710 5583 est.
2752 5524 3143 5586 promissionem
3191 5509 3388 5576 habens
3432 5523 3544 5575 νὶίω

1955 5617 2226 5687 ρνωδεηιὶε
2253 5624 2300 5669 et
2341 5617 2530 5685 futura:
2578 5613 2632 5685 (1
2656 5613 2788 5670 Tim.
2817 5631 2886 5680 Iv,
2910 5613 3000 5684 8);
3047 5613 3325 5684 praesentis
3365 5612 3514 5680 utiqu

1955 5707 2127 5772 bonas,
2156 5719 2210 5762 et
2239 5705 2426 5760 futurae
2450 5713 2662 5759 aeterna:
2691 5722 2752 5762 ac
2778 5706 2966 5761 beatae.
2991 5705 3342 5775 Suhjungitur
3365 5712 3543 5764 autem
