4050 6474
590 365 711 422 827ο

588 487 644 534 et
668 483 853 534 sancta
882 475 1139 542 Ecclesia,
1170 484 1225 532 ut
1269 485 1588 546 agnoscatur
1612 493 1732 547 qua:
1761 479 1830 533 sit
1853 479 2046 534 domus
2072 479 2166 534 Dei

587 569 880 625 conditoris
903 610 922 639 ,
964 577 1163 625 mterna
1189 569 1376 625 civitas
1421 569 1792 638 Redemptoris
1826 588 1838 623 :
1866 570 1981 624 sine
2010 569 2162 638 cujus

588 658 848 714 societate
894 667 1055 730 atque
1102 660 1307 726 unitate
1353 659 1596 713 remissio
1660 667 2004 728 peccatorum
2053 675 2161 714 non

587 750 919 819 acquiritur,
966 761 1022 805 et
1066 767 1163 822 per
1215 751 1660 805 resurrectionem
1705 750 1881 804 carnis
1935 765 2041 804 non
2095 749 2161 804 ad

585 847 802 894 aeterna:
831 841 951 895 vita:
978 840 1164 909 gaudia
1191 881 1205 905 ,
1238 841 1331 894 sed
1358 840 1425 893 ad
1451 848 1664 894 mterna:
1691 840 1877 894 mortis
1902 839 2160 909 supplicia

587 931 912 1000 pervenitur.
952 928 1184 985 Proinde
1210 925 1283 984 illi
1313 938 1554 984 sanctum
1583 929 1892 1000 Symbolum
1919 930 2156 1000 prodest,

587 1019 678 1086 qui
727 1017 940 1074 Patrem
987 1028 1042 1073 et
1087 1018 1276 1073 Filium
1316 1027 1369 1074 et
1407 1019 1660 1088 Spiritum
1705 1027 1948 1074 sanctum
1996 1035 2159 1075 unum

588 1109 755 1164 Deum
782 1110 1095 1165 naturaliter
1121 1110 1292 1164 credit
1319 1127 1331 1164 :
1365 1111 1477 1180 ipse
1504 1111 1644 1164 enim
1675 1111 2038 1167 remissionem
2065 1127 2159 1168 ac-

586 1202 731 1271 cepit
759 1210 1139 1272 peccatorum,
1171 1211 1227 1257 et
1260 1218 1356 1273 per
1383 1203 1827 1258 resurrectionem
1858 1203 2010 1258 istius
2037 1220 2158 1259 car-

585 1291 670 1346 nis
694 1292 748 1344 in
774 1307 879 1361 qua
901 1307 1042 1346 nunc
1066 1293 1201 1346 bene
1226 1293 1376 1359 vivit,
1396 1293 1558 1346 vitam
1580 1301 1833 1346 aeternam
1861 1293 1975 1348 sine
1999 1293 2160 1348 dubio

586 1381 910 1451 possidebit;
961 1397 1068 1436 non
1107 1390 1286 1436 autem
1316 1383 1392 1437 sic
1418 1382 1684 1437 credimus
1712 1382 1767 1435 in
1794 1383 2159 1437 remissionem

584 1480 951 1541 peccatorum,
993 1472 1045 1526 in
1091 1474 1266 1527 carnis
1311 1473 1758 1528 resurrectionem
1802 1480 1858 1527 et
1903 1473 1955 1527 in
1996 1473 2158 1527 vitam

579 1571 858 1626 aeternam,
872 1564 1010 1618 sicut
1038 1563 1300 1618 credimus
1323 1564 1373 1618 in
1396 1563 1649 1633 Spiritum
1671 1572 1936 1618 sanctum.
1952 1563 2162 1618 Discre-

581 1655 732 1710 tione
759 1654 955 1724 quippe
984 1655 1249 1722 largitoris
1295 1655 1661 1724 largitatisque
1700 1662 1930 1718 servata,
1962 1655 2015 1708 in
2056 1653 2159 1707 Pa-

582 1755 721 1802 trem
745 1755 802 1801 et
830 1747 882 1800 in
913 1746 1102 1800 Filium
1131 1754 1187 1801 et
1215 1747 1268 1800 in
1292 1747 1547 1816 Spiritum
1577 1755 1819 1801 sanctum
1847 1746 2112 1800 credimus
2143 1763 2156 1799 :

583 1837 952 1893 remissionem
989 1853 1117 1892 vero
1157 1846 1497 1906 peccatorum
1526 1877 1541 1902 ,
1584 1837 1760 1891 carnis
1804 1836 2160 1891 resurrectio-

582 1941 737 1995 nem,
766 1935 822 1982 et
851 1928 1014 1980 vitam
1050 1934 1336 1992 aeternam,
1369 1943 1398 1980 a
1431 1928 1587 1980 Patre
1625 1934 1680 1980 et
1716 1925 1850 1980 Filio
1879 1935 1932 1980 et
1958 1926 2159 1996 Spiritu

576 2025 766 2071 sancto
794 2017 965 2071 danda
998 2017 1152 2072 nobis
1178 2016 1440 2072 credimus
1468 2025 1522 2070 et
1546 2032 1841 2086 speramus.
1886 2016 2016 2070 Nam
2047 2015 2159 2085 ipse

578 2105 827 2160 Salvator
852 2115 1051 2169 noster,
1079 2105 1129 2158 in
1160 2121 1266 2175 quo
1295 2105 1447 2160 nobis
1474 2104 1801 2160 credendum
1827 2105 1915 2170 sit,
1939 2104 2158 2160 eviden-

579 2201 661 2248 ter
682 2194 933 2259 ostendit,
959 2195 1142 2250 dicens
1170 2195 1440 2264 discipulis
1468 2195 1578 2250 suis
1612 2213 1624 2247 :
1659 2193 1759 2262 Ile,
1789 2195 1964 2250 docete
1983 2213 2160 2250 omnes

579 2296 788 2358 gentes,
829 2287 1153 2356 baptizantes
1189 2303 1276 2340 eos
1304 2286 1357 2340 in
1387 2285 1591 2340 nomine
1630 2284 1826 2353 Patris,
1859 2296 1908 2340 et
1936 2285 2084 2353 Filii,
2113 2296 2163 2340 et

579 2374 810 2445 Spiritus
852 2377 1017 2430 sancti
1065 2374 1277 2445 (Matth.
1311 2392 1496 2443 xxvm,
1523 2377 1634 2444 i9).
1685 2375 1742 2428 In
1774 2373 1931 2429 Patre
1959 2383 2157 2442 autem,

580 2473 638 2520 et
683 2465 839 2534 Filio,
878 2473 934 2520 et
969 2464 1171 2535 Spiritu
1218 2473 1442 2530 sancto,
1494 2479 1842 2535 personarum
1889 2463 1987 2518 fuit
2027 2463 2157 2519 insi-

576 2554 786 2608 nuanda
814 2555 1143 2625 proprietas,
1188 2571 1255 2610 ne
1283 2555 1336 2608 in
1386 2553 1646 2610 Trinitate
1674 2554 1806 2621 Deo,
1836 2554 1889 2608 in
1919 2568 2026 2623 quo
2054 2570 2157 2608 una

575 2652 766 2698 natura
813 2644 1164 2700 saluberrime
1210 2643 1484 2710 creditur,
1532 2659 1635 2699 una
1673 2659 1886 2712 quoque
1931 2659 2158 2714 persona

577 2735 1026 2806 perniciosissime
1062 2735 1391 2791 crederetur.
1439 2735 1603 2790 Miror
1628 2745 1806 2790 autem
1836 2743 1888 2791 te
1917 2735 2159 2792 conﬁteri

579 2829 704 2898 quia
726 2829 793 2884 de
815 2829 924 2885 Deo
949 2830 1077 2884 nihil
1101 2829 1243 2885 aliud
1264 2830 1408 2885 nasci
1432 2838 1640 2899 poterat
1658 2831 1759 2884 nisi
1783 2831 1949 2898 Deus;
1973 2838 2028 2886 et
2052 2846 2157 2885 non

579 2918 856 2975 attendere
880 2959 895 2985 ,
937 2919 1003 2974 in.
1032 2920 1144 2990 ipsa
1167 2931 1375 2983 .natura
1414 2929 1470 2976 et
1496 2923 1710 2976 nomine
1740 2922 1832 2977 Dei
1861 2922 2040 2977 omnia
2071 2922 2158 2976 illa

577 3025 699 3079 quae
723 3009 790 3065 de
818 3009 929 3066 Deo
973 3009 1132 3066 Patre
1161 3012 1301 3066 dicta
1342 3021 1465 3066 sunt
1507 3012 1790 3068 contineri.
1840 3011 1895 3067 Si
1923 3013 2064 3068 enim
2091 3011 2158 3068 de

576 3101 687 3157 Deo
709 3101 839 3157 nihil
864 3101 1005 3157 aliud
1035 3102 1179 3159 nasci
1205 3112 1418 3173 poterat
1446 3104 1545 3158 nisi
1567 3104 1726 3173 Deus,
1751 3105 1934 3176 utique
1957 3103 2024 3160 dc
2047 3104 2158 3160 Deo

576 3192 941 3262 omnipotente
969 3194 1100 3247 nihil
1129 3194 1270 3249 aliud
1312 3195 1456 3252 nasci
1485 3205 1697 3266 poterat
1737 3197 1838 3252 nisi
1867 3197 2007 3252 Deus
2041 3212 2156 3252 om—

574 3284 823 3354 nipotens
846 3325 861 3349 ,
893 3284 959 3340 de
986 3285 1096 3340 Deo
1121 3287 1506 3342 .universorum
1545 3295 1792 3342 creatore
1836 3288 1966 3342 nihil
2008 3288 2160 3343 nasci

574 3381 788 3444 poterat
816 3373 916 3429 nisi
943 3369 1084 3430 Deus
1112 3376 1480 3430 universorum
1509 3382 1740 3441 creator,
1772 3375 1839 3430 de
1868 3376 1978 3432 Deo
2007 3376 2153 3446 Rege
2199 3395 2205 3401 '

574 3463 886 3518 saeculorum
910 3464 1037 3518 nihil
1067 3464 1206 3519 aliud
1235 3465 1378 3520 nasci
1408 3473 1620 3535 poterat
1649 3465 1747 3520 nisi
1795 3465 1909 3520 Rex
1931 3467 2154 3522 smculo-

573 3563 690 3606 rum
717 3592 730 3616 ,
763 3551 830 3607 de
858 3552 970 3609 Deo
999 3555 1285 3610 immortali
1314 3555 1447 3610 nihil
1473 3555 1613 3610 aliud
1643 3555 1790 3610 nasci
1816 3564 2023 3626 poterat
2051 3557 2151 3612 nisi

572 3637 715 3694 Deus
743 3639 1079 3710 immortalis,
1109 3642 1177 3698 de
1201 3641 1312 3698 Deo
1340 3642 1587 3698 invisibili
1614 3643 1745 3697 nihil
1767 3643 1913 3699 nasci
1941 3653 2153 3717 poterat

572 3727 673 3782 nisi
704 3729 842 3784 Deus
870 3731 1165 3812 invisibilis.
1207 3731 1469 3798 Quoniam
1495 3746 1623 3802 ergo
1651 3732 1718 3788 de
1747 3732 1858 3788 Deo
1887 3741 2041 3788 natus
2070 3743 2154 3788 est

572 3817 746 3883 Deus,
777 3821 844 3876 de
873 3821 1033 3878 Patre
1065 3823 1225 3894 657
1255 3823 1421 3880 Filius
1442 3864 1456 3890 ,
1487 3824 1555 3880 de
1582 3825 1950 3894 omnipotente
1977 3827 2151 3880 omni-

570 3917 761 3978 potens
782 3952 797 3978 ,
838 3911 908 3968 de
934 3914 1302 3970 universorum
1329 3926 1574 3970 creatore
1603 3915 1972 3970 universorum
2000 3931 2150 3971 crea-

572 4007 674 4064 tor,
704 4002 771 4057 de
798 4002 942 4074 Rege
966 4005 1282 4061 stcculorum
1311 4005 1428 4061 Rex
1454 4006 1773 4061 saeculorum
1793 4047 1808 4073 ,
1838 4005 1906 4061 de
1931 4006 2149 4062 immor-

572 4092 662 4146 tali
684 4093 1016 4163 immortalis,
1041 4097 1107 4153 de
1131 4098 1376 4154 invisibili
1402 4098 1680 4154 invisibilis
1697 4140 1712 4164 ,
1737 4099 1862 4169 quid
1883 4101 2145 4169 reliquum

570 4191 654 4238 est
680 4184 781 4239 nisi
809 4193 867 4240 ut
895 4185 1038 4242 Patri
1059 4187 1223 4243 Filius
1250 4205 1348 4260 per
1367 4189 1815 4244 omnia'credatur
1838 4191 2092 4261 :rzqualis‘.l

964 4296 1436 4354 FRAGMENTUM
1475 4299 1736 4354 XXXVII.

573 4361 733 4438 PII-{0:
758 4377 870 4438 igere
895 4364 1148 4438 Dominus
1175 4377 1269 4432 est,
1298 4378 1347 4422 et
1376 4370 1610 4438 Christus
1638 4387 1750 4424 vere
1780 4370 2010 4438 Deus,,et
2042 4381 2145 4426 tota

636 4429 863 4511 Trinitas
909 4451 1024 4511 vere
1061 4429 1496 4511 Dominitspeus.
1529 4436 1794 4511 Quomodo
1824 4429 2146 4511 baptizamnr

639 4501 694 4577 in
715 4503 920 4577 nomine
934 4502 1126 4577 Patris
1152 4514 1202 4558 et
1219 4505 1350 4560 Filii
1375 4515 1425 4560 et
1447 4501 1674 4577 Spiritus
1695 4501 1953 4575 sancti,'et
1976 4521 2142 4564 tamen

639 4573 692 4624 in
735 4571 843 4650 solo
883 4573 1072 4650 Christi
1097 4577 1306 4650 nomine
1342 4571 1619 4650 sattvamur.
1651 4579 1730 4632 An
1762 4571 1920 4634 bonus
1950 4579 2145 4650 baptis-

640 4658 750 4695 mus
771 4644 825 4696 in
851 4644 1057 4700 nomine
1082 4643 1114 4698 Ι
1119 4662 1208 4699 esu
1239 4645 1445 4701 Christi.

639 4731 818 4803 Neque
863 4736 1005 4790 enim
1053 4735 1291 4808 Symboli
1331 4746 1486 4794 tenor
1513 4740 1612 4796 soli
1644 4738 1790 4795 Patri
1823 4741 2006 4796 tribuit
2035 4740 2148 4795 dei-

568 4831 754 4892 tatem,
779 4824 872 4879 scd
915 4825 964 4878 in
999 4824 1111 4880 Deo
1158 4825 1316 4882 Patre
1355 4828 1652 4884 naturalem
1695 4828 1814 4883 Filii
1843 4837 1897 4883 et
1917 4828 2148 4897 Spiritus

566 4914 737 4968 sancti
782 4914 1016 4969 ostendit
1061 4917 1360 4984 originem:
1416 4917 1470 4974 in
1525 4935 1632 4990 quo
1679 4919 1863 4988 utique
1916 4919 2146 4973 demon-

566 5002 781 5058 stranda
811 5012 925 5058 erat
952 5004 1204 5062 divinitas
1230 5023 1359 5063 vera
1380 5025 1477 5080 per
1497 5011 1900 5082 omnipotentiae
1928 5025 2144 5078 nomen,

565 5093 690 5162 quia
723 5094 862 5149 Dens
891 5111 997 5150 non
1028 5103 1192 5162 esset,
1223 5098 1268 5152 si
1293 5099 1636 5170 omnipotens
1664 5115 1772 5155 non
1801 5099 1988 5156 fuisset
2017 5117 2031 5152 :
2062 5099 2147 5154 de-

567 5188 911 5242 monstranda
946 5195 1059 5243 erat
1091 5193 1254 5244 etiam
1282 5205 1403 5245 vera
1430 5190 1706 5260 generatio
1735 5191 1949 5246 nomine
1970 5199 2148 5262 pater-

567 5276 746 5330 nitatis
768 5318 784 5342 ,
835 5285 894 5332 ut
940 5277 1114 5334 Patris
1158 5289 1212 5336 et
1239 5281 1358 5335 Filii
1389 5295 1514 5336 vere
1542 5280 1930 5348 signiﬁcaretur
1957 5290 2150 5336 natura

564 5369 885 5422 communis.
920 5368 986 5422 Et
1013 5372 1135 5438 quia
1185 5371 1297 5426 Deo
1335 5371 1594 5440 competit
1621 5370 1937 5424 naturaliter
1967 5370 2146 5426 Domi-

565 5472 692 5509 num
715 5472 832 5511 esse
862 5459 1098 5512 omnium
1139 5476 1346 5525 rerum;
1371 5461 1424 5514 in
1451 5477 1516 5515 eo
1546 5461 1690 5531 quod
1721 5468 1876 5514 tenor
1903 5458 2141 5529 Symboli

561 5546 831 5602 Christum
888 5545 1022 5599 dixit
1074 5549 1386 5616 Dominum,
1436 5549 1704 5605 veraciter
1748 5548 2036 5603 insinuavit
2089 5555 2145 5602 et

566 5632 748 5688 Deum.
798 5634 1081 5703 Proprium
1127 5639 1323 5709 quippe
1351 5645 1432 5694 est
1460 5655 1522 5694 ac
1552 5637 1794 5692 naturale
1819 5651 1948 5691 vero
1993 5635 2103 5690 Deo
2123 5672 2137 5698 ,

564 5739 670 5776 non
699 5724 841 5778 aliud
869 5737 989 5777 esse
1009 5738 1166 5791 quam
1192 5727 1504 5794 Dominum;
1531 5736 1586 5782 et
1602 5743 1733 5782 vero
1754 5727 2008 5791 Domino,
2034 5741 2140 5781 non

565 5812 704 5866 aliud
731 5826 851 5867 esse
885 5825 1046 5878 quam
1075 5815 1260 5872 Deum.
1291 5817 1417 5874 Inde
1445 5827 1527 5875 est
1549 5818 1693 5888 quod
1716 5827 1772 5876 et
1794 5819 1980 5876 beatus
2006 5817 2142 5872 Pau-

1495 351 1498 354 ’
1595 365 1645 422 s.
1683 357 2036 422 rutcenrn
2109 355 2410 422 EPlSCOPl
2449 363 2822 424 RUSPENSIS

3692 371 3774 432 823

2193 482 2241 540 Α
2268 477 2352 533 lus
2372 478 2650 547 apostolus
2669 483 2746 533 sic
2773 479 2850 532 ait
2875 496 2887 531 :
2918 476 3082 531 Nobis
3113 487 3275 532 tamen
3307 492 3434 533 unus
3453 489 3527 534 est
3552 479 3667 540 Deus
3694 488 3775 544 Pa.

2263 574 2340 621 ter
2359 605 2374 630 ,
2405 585 2471 621 ex
2509 584 2608 638 quo
2648 569 2821 621 omnia
2839 606 2854 631 ,
2885 577 2935 620 et
2963 584 3054 622 nos
3083 569 3135 622 in
3175 569 3318 638 ipso;
3347 577 3401 622 et
3427 584 3549 626 unus
3576 572 3775 636 Dominus

2261 655 2414 710 Jesus
2437 655 2691 719 Christus,
2718 674 2808 724 per
2835 672 2978 727 quem
3024 658 3216 721 omnia,
3261 667 3310 710 et
3331 675 3420 712 nos
3456 677 3542 729 per
3572 663 3712 728 ipsum
3734 669 3774 734 (I

2262 745 2381 801 Cor.
2413 763 2522 812 vnt,
2542 745 2628 816 ,6).
2653 745 2723 800 Ut
2742 748 2879 800 sicut
2903 747 3012 801 Deo
3045 745 3189 801 Patri
3217 764 3322 802 non
3344 749 3533 804 ademit
3546 750 3651 819 jura
3669 771 3777 811 verm

2263 837 2664 901 dominationis,
2692 838 2770 892 sic
2793 853 2891 891 nec
2911 836 3138 891 Domino
3164 836 3300 892 Filio
3315 850 3667 906 agnosceretur
3689 846 3776 898 uni-

2261 935 2425 982 tatem
2458 929 2773 984 subtrahere
2801 929 3033 982 deitatis.
3088 927 3261 984 Unum
3317 930 3455 984 enim
3503 932 3641 988 nobis
3683 934 3776 988 licet

2260 1019 2425 1074 Deum
2474 1036 2744 1090 unumque
2799 1021 3080 1076 Dominum
3119 1023 3382 1076 conﬁteri.
3415 1021 3526 1078 Una
3564 1040 3636 1079 est
3666 1029 3776 1082 enim

2261 1108 2554 1164 dominatio
2602 1111 2758 1166 unius
2803 1110 3094 1165 divinitatis
3118 1151 3132 1174 ,
3180 1121 3236 1165 et
3266 1128 3368 1166 una
3397 1112 3628 1170 divinitas
3659 1118 3778 1173 unius

2259 1199 2662 1267 dominationis,
2707 1209 2760 1256 et
2787 1201 2864 1257 sic
2893 1209 3086 1271 praeter
3114 1219 3274 1256 unum
3303 1202 3572 1258 Dominum
3600 1221 3688 1259 non
3712 1219 3776 1262 est

2260 1291 2396 1345 alius
2447 1291 2740 1356 Dominus,
2782 1291 2922 1346 sicut
2948 1301 3145 1362 praeter
3187 1309 3352 1347 unum
3405 1293 3562 1349 Deum
3606 1308 3779 1351 nonest

2261 1381 2396 1437 alius
2422 1381 2580 1437 Deus.
2617 1382 2784 1438 Unius
2822 1398 2951 1453 ergo
2993 1385 3084 1439 Dei
3131 1401 3233 1439 una
3281 1384 3567 1440 dominatio
3609 1388 3655 1440 in
3699 1405 3776 1441 una

2261 1472 2376 1542 ejus
2403 1473 2690 1528 divinitate
2723 1474 3094 1542 cognoscitur;
3134 1482 3188 1528 et
3210 1475 3367 1529 unius
3396 1474 3591 1528 Domini
3614 1491 3699 1529 una
3719 1476 3779 1530 di-

2260 1565 2456 1619 vinitas
2483 1565 2535 1619 in
2570 1581 2673 1620 una
2723 1565 2840 1635 ejus
2877 1566 3245 1621 dominatione
3292 1567 3593 1622 naturaliter
3615 1569 3776 1623 iureni-

2262 1659 2368 1705 tur.
2394 1649 2597 1706 Praeter
2630 1667 2793 1706 unum
2832 1653 2998 1708 Deum
3028 1652 3241 1707 Patrem
3273 1669 3380 1708 non
3408 1663 3487 1710 est
3513 1655 3634 1709 alius
3658 1655 3778 1719 Deus,

2263 1751 2319 1795 et
2348 1749 2542 1810 praeter
2571 1758 2734 1796 unum
2782 1742 3065 1797 Dominum
3109 1742 3292 1797 Jesum
3331 1742 3589 1798 Christum
3614 1761 3700 1799 non
3721 1754 3780 1800 est

2191 1837 2239 1897 Β
2265 1830 2522 1887 Dominus
2563 1833 2716 1888 alius.
2771 1833 2877 1888 Sed
2922 1850 3020 1889 nec
3050 1834 3188 1888 Deus
3211 1834 3374 1888 Pater
3409 1835 3522 1890 sine
3560 1835 3656 1890 Deo
3680 1835 3780 1889 Filio

2260 1938 2398 1978 unus
2427 1935 2508 1978 est
2536 1922 2697 1987 Deus,
2741 1939 2839 1978 nec
2877 1923 3133 1978 Dominus
3171 1924 3419 1979 Christus
3447 1924 3556 1980 sine
3601 1925 3780 1980 Domino

2259 2013 2422 2070 Patre
2454 2031 2592 2070 unus
2634 2024 2715 2070 est
2755 2015 3029 2070 Dominus.
3065 2015 3198 2082 Quia
3228 2016 3372 2071 Deus
3401 2014 3553 2070 Pater
3577 2025 3622 2070 et
3643 2016 3780 2070 Domi-

2261 2121 2364 2160 nus
2405 2104 2560 2160 Jesus
2607 2104 2851 2162 Christus
2896 2107 3208 2162 naturaliter
3258 2124 3399 2178 unus
3452 2116 3530 2162 est
3575 2107 3781 2163 Dominus

2258 2197 2400 2252 Deus
2433 2215 2444 2250 :
2491 2197 2872 2267 plenitudinem
2918 2198 3132 2252 deitatis
3177 2199 3492 2253 naturaliter
3529 2199 3704 2254 habens
3735 2200 3772 2253 in

2257 2288 2590 2359 plenitudine
2617 2289 3012 2354 dominationis,
3039 2298 3093 2344 et
3116 2289 3497 2360 plenitudinem
3514 2289 3777 2344 dominatio-

2259 2379 2344 2433 nis
2396 2377 2600 2432 habens
2651 2377 2705 2432 in
2761 2378 3088 2448 plenitudine
3143 2378 3378 2432 deitatis.
3423 2377 3544 2432 lnde
3569 2380 3772 2446 estquod

2257 2467 2448 2522 beatus
2471 2465 2636 2520 David
2664 2466 2794 2522 dicit
2823 2485 2834 2519 :
2871 2464 2996 2530 Quis
3032 2466 3166 2521 Deus
3201 2476 3394 2536 prteter
3417 2465 3689 2530 Dominum,
3713 2476 3778 2518 aut

2257 2558 2369 2628 quis
2403 2557 2538 2611 Deus
2565 2567 2753 2628 prwter
2781 2557 2944 2612 Deum
2973 2568 3204 2612 nostrum
3228 2556 3400 2628 (Psal.
3427 2574 3546 2622 xvu,
3568 2557 3678 2627 52)?
3703 2557 3779 2611 Te-

2264 2664 2364 2702 nor
2393 2649 2555 2717 igitur
2576 2647 2815 2719 Symboli
2843 2648 2896 2702 in
2918 2647 3076 2702 Patre
3093 2656 3147 2702 et
3171 2647 3309 2702 Filio
3339 2648 3588 2702 unitatem
3611 2646 3783 2700 deitatis

2257 2755 2321 2796 ac
2348 2740 2728 2796 dominationis
2753 2740 3024 2806 ostendit,
3055 2739 3272 2809 quando
3321 2747 3377 2794 et
3415 2738 3631 2800 Patrem,
3658 2752 3780 2806 quem

2259 2830 2426 2886 Deum
2454 2831 2606 2896 dixit,
2635 2846 2743 2886 non
2774 2830 2914 2886 aliud
2936 2845 3098 2900 quam
3119 2828 3442 2894 Dominum;
3471 2836 3524 2883 et
3541 2826 3780 2892 Christum,

2258 2935 2416 2990 quem
2448 2919 2730 2975 Dominum
2776 2919 2952 2983 dixit,
2985 2934 3092 2973 non
3123 2917 3265 2972 aliud
3297 2932 3457 2986 quam
3496 2917 3646 2971 Deum
3671 2922 3782 2969 recte

2259 3009 2600 3064 credentibus
2631 3008 2913 3063 intimavit.
2945 3008 3022 3063 De
3047 3023 3154 3063 uno
3183 3007 3330 3062 enim
3362 3007 3471 3062 Deo
3491 3007 3639 3077 658
3663 3002 3782 3056 Patre

2260 3108 2416 3155 natus
2444 3117 2582 3156 unus
2621 3101 2763 3156 Deus
2798 3099 2951 3156 Jesns
2992 3099 3260 3171 Christus,
3312 3115 3420 3154 non
3470 3098 3604 3153 aliud
3649 3098 3784 3167 putuit

2186 3195 2230 3257 C
2261 3189 2406 3244 nasci
2426 3205 2586 3258 quam
2612 3189 2754 3245 Deus
2787 3207 2798 3240 :
2828 3190 2920 3260 qui
2945 3198 3122 3244 tamen
3159 3205 3301 3244 unus
3341 3187 3590 3243 Dominus
3615 3194 3782 3240 natura-

2257 3278 2381 3333 liter
2408 3295 2516 3334 non
2540 3287 2702 3346 esset,
2733 3279 2776 3334 si
2804 3289 2960 3334 natus
2989 3279 3056 3335 de
3084 3278 3317 3334 Domino
3338 3294 3443 3334 non
3461 3275 3649 3332 fuisset.
3664 3273 3783 3329 Pater

2255 3369 2436 3438 itaque
2464 3369 2625 3437 Deus,
2658 3371 2750 3439 qui
2777 3369 3059 3426 Dominum
3086 3370 3293 3439 genuit,
3317 3385 3479 3425 verus
3497 3367 3782 3438 cognoscitur

2255 3458 2543 3525 Dominus;
2570 3467 2626 3514 et
2654 3459 2898 3516 Christus
2917 3460 3174 3516 Dominus
3197 3461 3266 3516 de
3289 3461 3402 3516 Deo
3427 3460 3640 3530 genitus,
3664 3471 3783 3512 verus

2252 3549 2593 3619 cognoscitur
2616 3549 2785 3616 Deus;
2818 3559 2874 3606 et
2901 3550 3132 3622 Spiritus
3160 3559 3412 3616 sanctus,
3436 3566 3566 3605 unus
3585 3548 3783 3617 idemque

2253 3641 2427 3697 Patris
2456 3650 2511 3697 et
2549 3642 2668 3697 Filii
2699 3641 2928 3712 Spiritus
2954 3684 2971 3711 ,
3010 3643 3134 3713 quia
3167 3642 3329 3698 unius
3373 3649 3570 3697 natura:
3603 3646 3674 3695 est
3690 3650 3782 3692 cum

2255 3731 2415 3789 Patre
2442 3742 2496 3788 et
2525 3734 2696 3802 Filio,
2726 3750 2887 3790 verus
2915 3743 2998 3790 est
3022 3733 3281 3790 Dominus
3310 3734 3472 3790 Deus.
3504 3732 3610 3788 Una
3629 3731 3786 3800 quippe

2251 3825 2328 3880 illi
2359 3834 2442 3882 est
2465 3826 2782 3882 naturaliter
2794 3842 2914 3882 cum
2937 3825 3165 3882 Domino
3188 3825 3304 3881 Deo
3326 3825 3504 3890 Patre,
3527 3833 3579 3878 et
3604 3820 3787 3876 Domino

2249 3917 2362 3974 Deo
2386 3917 2524 3973 Filio
2547 3959 2563 3984 ,
2595 3909 2853 3974 et‘deitas
2877 3933 3020 3972 verte
3047 3916 3432 3972 dominationis
3450 3957 3465 3982 ,
3495 3923 3548 3970 et
3574 3926 3695 3967 verm
3710 3909 3783 3964 do-

2248 4011 2473 4064 minatio
2501 4009 2738 4065 deitatis.
2769 4008 2904 4064 Hinc
2925 4016 3008 4064 est
3035 4007 3180 4077 quod
3208 4007 3571 4078 unusquisque
3596 3998 3782 4058 catholi-

2247 4116 2344 4156 cus
2387 4099 2760 4165 Christianus,
2820 4115 2944 4155 cum
2997 4097 3158 4153 fuerit
3205 4098 3594 4167 interrogatus,
3645 4101 3783 4147 utrum

2246 4190 2389 4246 Deus
2435 4189 2596 4246 Pater
2633 4190 2897 4246 Dominus
2940 4189 3038 4255 sit,
3086 4197 3142 4244 et
3179 4197 3361 4243 utrum
3399 4186 3643 4242 Dominus
3666 4181 3786 4236 Jesus

2247 4280 2490 4336 Christus
2535 4280 2676 4335 Deus
2703 4280 2813 4346 sit,
2845 4289 3130 4348 utrumque
3172 4279 3290 4333 sine
3333 4278 3495 4333 dubio
3522 4273 3782 4334 conﬁtetur;

2247 4385 2349 4424 nec
2379 4377 2560 4424 tamen
2579 4369 2807 4425 duorum
2834 4367 3078 4434 deorum,
3108 4377 3200 4421 aut
3219 4366 3448 4422 duorum
3469 4365 3780 4420 dominorum,

2247 4459 2344 4514 sed
2371 4460 2529 4514 unius
2548 4459 2758 4514 Domini
2784 4458 2880 4514 Dei
2908 4458 3224 4529 praedicator
3249 4456 3514 4512 veridicus
3534 4451 3776 4509 invenitur.

2179 4553 2227 4611 D
2251 4550 2390 4617 Quid
2418 4551 2560 4605 enim
2599 4557 2768 4606 restat
2796 4549 2872 4604 illi
2899 4549 2986 4605 cui
3014 4547 3148 4603 duos
3175 4547 3308 4602 deos
3326 4588 3342 4615 ,
3373 4553 3466 4601 aut
3490 4543 3616 4600 duos
3638 4535 3777 4593 domi-

2257 4656 2354 4696 nos
2380 4640 2676 4711 praedicare
2705 4655 2812 4694 non
2841 4638 3004 4703 licet,
3039 4638 3138 4692 nisi
3169 4643 3228 4692 ut
3257 4636 3623 4704 interrogatus,
3653 4627 3783 4682 Deum

2254 4731 2466 4787 Patrem
2495 4740 2551 4787 et
2578 4731 2862 4786 Dominum
2899 4728 3172 4784 Christum
3203 4743 3368 4782 unum
3389 4725 3655 4781 Dominum
3680 4734 3783 4775 con-

2253 4822 2469 4877 ﬁteatur
2514 4821 2845 4892 intrepidus?
2893 4835 2994 4876 nec
3035 4819 3178 4875 aliud
3208 4819 3392 4887 utique
3418 4813 3712 4885 respondeat
3734 4806 3782 4860 de

2251 4913 2452 4982 Spiritu
2488 4920 2699 4979 sancto,
2757 4911 2882 4980 quia
2933 4925 3068 4966 unus
3113 4917 3196 4963 est
3241 4907 3498 4962 Dominus
3529 4903 3656 4956 Deus
3688 4909 3780 4982 cunt

2254 4981 2412 5059 Patre
2439 5013 2494 5058 et
2523 5001 2659 5058 Filio
2685 5043 2700 5068 ,
2732 5002 2822 5071 qui
2849 5015 2987 5056 unus
3015 5009 3098 5056 est
3125 4997 3357 5069 Spiritus
3385 4993 3552 5050 Patris
3576 4999 3625 5046 et
3663 4981 3783 5041 Filii?

2253 5093 2406 5161 Quod
2440 5093 2681 5164 quisquis
2709 5107 2892 5147 verum
2921 5105 3040 5147 esse
3067 5097 3158 5145 aut
3180 5096 3337 5156 negat
3361 5095 3450 5141 aut
3477 5082 3682 5142 dubitat,
3704 5088 3778 5129 ne-

2250 5199 2402 5240 cesse
2428 5193 2510 5239 est
2539 5192 2598 5239 ut
2618 5190 2710 5238 aut
2734 5181 2906 5237 solum
2927 5180 3068 5236 dicat
3088 5179 3373 5236 colendum
3404 5176 3563 5231 Deum
3584 5169 3774 5226 Patrem.

2250 5281 2342 5328 aut
2371 5277 2601 5344 seipsum
2629 5273 2947 5344 proliteatur
2976 5257 3239 5326 creatoris
3260 5275 3611 5334 creatumque
3634 5256 3774 5314 culto-

2248 5380 2382 5420 rem.
2411 5364 2514 5418 Sed
2542 5363 2672 5418 ﬁdes
2691 5362 2992 5417 Christiana
3021 5361 3144 5415 ideo
3165 5374 3324 5415 unum
3355 5355 3620 5411 Dominum
3639 5347 3772 5400 Deum

2247 5453 2502 5525 praedicat
2548 5452 2762 5507 Patrem
2816 5459 2872 5507 et
2919 5450 3110 5516 Filium
3141 5458 3195 5506 et
3233 5448 3484 5519 Spiritum
3530 5445 3771 5497 sanctum.

2245 5544 2382 5612 quia
2398 5558 2498 5597 nec
2524 5541 2660 5597 duos
2688 5541 2772 5595 vel
2803 5550 2914 5595 tres
2950 5540 3206 5596 dominos
3225 5547 3313 5593 aut
3351 5537 3480 5591 deos
3503 5532 3575 5586 fas
3593 5534 3663 5583 est
3679 5535 3770 5578 οη-

2244 5633 2391 5698 dere,
2449 5647 2549 5687 nec
2600 5627 2898 5686 creaturam
2944 5645 3065 5684 cum
3120 5627 3373 5684 Creatore
3412 5614 3768 5680 licet'cuiquam

2244 5723 2442 5786 colere,
2475 5736 2575 5776 nec
2594 5721 2708 5775 sine
2727 5720 2932 5778 cultura
2955 5719 3074 5773 Filii
3099 5727 3190 5773 aut
3210 5717 3436 5788 Spiritus
3458 5706 3611 5768 sancti
3628 5704 3766 5772 potest

2247 5813 2377 5869 ﬁdes
2413 5809 2716 5868 Christiana
2766 5818 3035 5867 constare.
3069 5809 3219 5866 Unus
3247 5815 3327 5864 est
3353 5805 3507 5877 igitur
3537 5791 3762 5884 Densacl
