3996 6594
1355 351 1625 412 CONTRA
1665 351 2010 410 FABIANCM
2051 352 2498 413 FRAGMENTA.

3455 361 3576 424 παῖ

313 469 569 527 Dominus
596 466 832 524 omnium
861 483 1037 523 rerum
1061 506 1077 533 ,
1110 466 1265 522 Pater
1291 477 1344 523 et
1382 469 1544 524 Filius
1571 478 1626 524 et
1649 469 1885 540 Spiritus
1918 479 1954 532 Α
1987 483 2137 526 cesso
2177 478 2262 524 est
2283 469 2429 524 dicas
2456 483 2575 524 esse
2603 468 2916 526 mendacem
2938 508 2953 537 ,
2984 470 3029 527 si
3055 488 3166 528 non
3195 474 3355 530 talem
3383 475 3558 546 Spiri-

313 567 546 617 sanctus.
571 557 712 612 Deus
725 557 864 612 enim
895 572 1000 611 non
1032 556 1196 612 solius
1222 557 1538 612 vocabulum
1569 556 1759 624 Patris,
1791 557 1886 612 sed

313 663 504 706 unum.
533 647 888 704 communiter
934 647 1176 701 naturale
1224 662 1419 701 nomen
1464 656 1546 702 est
1589 647 1884 702 Trinitatis.

313 732 440 792 Ideo
467 734 715 791 Salvator
740 742 922 789 noster
943 735 1194 804 prmeepit
1215 733 1489 803 discipulis
1515 736 1646 802 suis,
1667 735 1882 789 dicens:

316 824 424 893 Ite,
449 827 624 881 docete
666 841 841 880 omnes
878 834 1069 896 gentes,
1119 824 1439 895 baptizantes
1480 843 1567 880 eos
1597 827 1649 878 in
1680 825 1888 879 nomine

315 916 493 972 Patris
519 926 568 970 et
598 916 722 972 Filii
750 925 798 970 et
827 917 1057 986 Spiritus
1083 915 1250 970 sancti
1285 915 1498 988 (Matth.
1523 931 1680 970 xxvttt
1706 955 1721 980 ,
1775 915 1882 986 l9).

320 1005 450 1060 Vide
478 1005 608 1076 quid
631 1005 952 1075 respondeas
972 1005 1129 1060 beato
1148 1003 1325 1071 Petro,
1357 1005 1446 1074 qui
1475 1005 1526 1059 in
1554 1006 1670 1062 solo
1692 1005 1888 1060 Christi

316 1099 534 1154 nomine
557 1097 634 1152 sic
658 1097 942 1152 collocavit
967 1097 1210 1151 humana:
1233 1097 1418 1152 salntis
1446 1095 1690 1152 effectum
1709 1136 1724 1161 ,
1750 1105 1805 1149 ut
1834 1096 1888 1150 itt

314 1189 463 1246 nullo
477 1190 583 1244 alio
607 1205 703 1244 nos
724 1197 986 1244 assereret
1009 1203 1168 1258 posse
1193 1189 1409 1243 salvari.
1441 1187 1498 1243 ln
1528 1189 1664 1243 libro
1690 1189 1888 1258 quippe

313 1281 541 1336 Actuum
570 1279 967 1350 apostolorum,
1011 1289 1290 1349 postquam
1323 1279 1413 1334 ille
1450 1288 1664 1334 sanatus
1689 1289 1771 1334 est
1798 1280 1888 1348 qui

314 1378 430 1426 erat
481 1368 700 1425 claudus
730 1385 796 1424 ex
840 1381 994 1425 utero
1023 1370 1210 1424 matris
1255 1384 1402 1435 suat,
1455 1386 1576 1425 cum
1617 1369 1808 1426 Petrus
1835 1379 1891 1426 et

313 1463 548 1519 Joannes
581 1478 612 1516 a
658 1462 987 1534 principibus
1032 1462 1370 1518 sacerdotum
1409 1462 1885 1530 interrogarentur,

313 1555 495 1624 inqua
532 1555 730 1609 virtute
763 1563 855 1607 aut
881 1554 932 1608 in
971 1569 1079 1622 quo
1120 1554 1336 1608 nomine
1379 1553 1484 1624 hoc
1514 1551 1781 1620 fecissent,
1813 1555 1886 1608 ita

311 1646 565 1714 scriptum
603 1653 731 1700 est:
785 1643 925 1698 Tunc
962 1643 1148 1698 Petrus
1196 1644 1416 1715 repletus
1462 1644 1660 1715 Spiritu
1707 1656 1886 1701 sancto

310 1737 443 1790 dixit
467 1737 535 1789 ad
554 1753 638 1790 eos
669 1749 696 1790 :‘
724 1735 986 1806 Principes
1009 1735 1184 1807 populi
1211 1745 1259 1790 et
1280 1738 1525 1802 seniores,
1556 1738 1602 1790 si
1622 1754 1715 1792 nos
1736 1737 1888 1792 hodie

1991 565 2100 611 tntn
2131 558 2277 614 misit
2311 558 2524 628 qualem
2553 559 2817 628 promisit.
2844 558 2902 614 Si
2943 561 3087 616 enim
3115 563 3552 632 [medicationem

1987 646 2133 700 illam
2181 648 2324 702 beati
2364 647 2507 702 Petri
2561 663 2805 703 veracem
2850 663 2968 706 esse
3022 652 3331 718 negaveris,
3382 653 3573 724 ipsum

1987 734 2255 790 Christum
2286 735 2364 808 (id
2413 745 2496 791 est
2533 736 2846 808 Veritatem)
2897 753 3118 794 necesse
3163 747 3245 793 est
3291 740 3560 798 mendacii

1987 825 2205 880 fatearis
2229 835 2505 881 auctorem
2533 847 2546 904 ε
2573 827 2685 897 ipse
2723 827 2866 881 enim
2893 829 2990 894 ait,
3021 829 3243 898 loquens
3263 829 3330 884 de
3355 830 3559 900 Spiritu

1985 924 2173 970 sancto
2205 933 2218 968 :
2246 914 2368 970 Non
2396 919 2531 970 enim
2568 919 2798 988 loquetur
2826 935 2858 971 a
2887 920 3182 990 semetipso,
3211 920 3302 974 sed
3321 937 3564 992 quacun-

1987 1022 2082 1078 que
2124 1007 2297 1060 audiet
2321 1008 2552 1078 loquetur
2574 1048 2589 1073 ,
2619 1020 2668 1062 et
2695 1025 2809 1079 qua:
2848 1020 3059 1063 ventura
3090 1021 3206 1065 sunt
3235 1013 3562 1068 annuntiabit

1988 1094 2142 1149 vobis.
2170 1095 2269 1149 Ille
2296 1113 2376 1150 me
2402 1098 2740 1168 clari/icabit,
2769 1100 2890 1169 quia
2918 1100 2981 1153 de
3014 1116 3122 1155 meo
3147 1103 3361 1172 accipiet
3387 1112 3436 1159 et
3457 1121 3558 1158 an-

1988 1186 2244 1238 nuntiabit
2287 1187 2425 1240 vobis
2473 1187 2650 1257 (Joan.
2700 1204 2807 1253 xw,
2862 1189 2946 1256 l3,
3001 1189 3124 1261 14η.
3153 1190 3210 1245 Si
3249 1193 3317 1248 de
3343 1193 3560 1250 Christo

1988 1279 2132 1347 quod
2172 1279 2373 1334 diceret
2423 1279 2654 1352 Spiritus
2700 1291 2916 1338 sanctus
2960 1283 3198 1352 accepit,
3250 1293 3306 1339 et
3336 1285 3559 1340 menda-

1989 1343 2130 1423 cium
2150 1368 2316 1437 dixit,
2339 1343 2731 1438 ergo-Cliristus
2757 1370 2979 1441 Spiritui
3007 1343 3197 1430 sancto
3223 1374 3560 1430 mendacium

1989 1459 2154 1515 dedit.
2191 1460 2295 1515 Sed
2325 1464 2369 1516 si
2394 1461 2494 1516 hoc
2521 1477 2552 1516 a
2582 1460 2796 1518 Christo
2824 1479 2930 1518 non
2959 1465 3188 1534 accepit,
3209 1465 3303 1520 sed
3330 1465 3562 1536 Spiritus

1989 1559 2206 1604 sanctus
2246 1549 2455 1605 locutus
2477 1559 2558 1606 est
2585 1566 2615 1604 a
2654 1552 2945 1621 semetipso
2973 1553 3116 1623 quod
3161 1569 3267 1608 non
3295 1555 3502 1624 accepit
3529 1570 3576 1608 a'

1989 1637 2224 1705 Christo,
2257 1655 2406 1710 ergo,
2430 1641 2720 1697 secundum
2748 1645 3070 1698 sententiam
3093 1651 3255 1709 tuam,
3275 1653 3367 1699 aut
3387 1646 3564 1701 sciens

1989 1738 2081 1783 aut
2110 1730 2322 1798 ignarus
2341 1733 2597 1787 mentitus
2621 1743 2704 1788 est
2729 1733 2993 1804 Christus,
3020 1737 3110 1806 qui
3139 1738 3232 1802 ait,
3264 1735 3385 1792 Non
3425 1739 3571 1792 enim

310 1826 660 1905 dijudicamur
703 1828 755 1880 in
796 1825 1060 1895 benefacta
1082 1827 1300 1880 hominis
1330 1829 1526 1898 inﬁrmi
1547 1869 1563 1895 ,
1593 1829 1646 1882 in
1674 1846 1770 1900 quo
1792 1829 1886 1882 iste
1917 1843 1962 1901 Β
1989 1821 2223 1892 loquetur
2268 1839 2299 1874 α
2321 1825 2622 1891 semetipso,
2663 1825 2752 1878 sed
2783 1842 3099 1899 quacunque
3125 1828 3296 1882 audiet
3326 1829 3562 1900 loquetur

310 1920 479 1974 salvus
520 1921 688 1990 factus
727 1927 838 1984 est;
880 1928 1054 1972 notum
1084 1920 1150 1974 sit
1189 1919 1422 1974 omnibus
1461 1920 1600 1974 vobis
1647 1928 1694 1973 et
1748 1921 1886 1974 omni

308 2008 442 2078 plebi
488 2006 675 2070 Israel,
723 2007 843 2078 quia
879 2008 933 2060 in
970 2008 1174 2061 nomine
1215 2007 1339 2062 Jesu
1386 2007 1578 2062 Christi
1621 2007 1886 2062 Nazareni

307 2114 455 2167 quem
476 2113 560 2152 vos
584 2098 914 2166 cruciﬁxistis
934 2139 947 2161 ,
969 2114 1114 2166 quem
1143 2097 1282 2153 Deus
1302 2099 1562 2152 suscitavit
1589 2115 1621 2151 a
1649 2099 1882 2166 mortuis,

307 2190 362 2242 in
385 2189 478 2243 hoc
510 2190 604 2242 iste
645 2198 781 2243 astat
826 2207 998 2244 coram
1030 2189 1169 2242 vobis
1209 2207 1386 2243 sanus.
1416 2189 1518 2243 llic
1545 2201 1620 2244 est
1649 2191 1778 2258 lupis
1799 2191 1885 2262 qui
1934 2239 1943 2249 ,

227 2342 236 2350 η
305 2277 606 2348 reprobatus
636 2289 710 2332 est
752 2297 784 2332 a
805 2278 946 2333 vobis
975 2278 1352 2349 aediﬁcantibus
1377 2319 1392 2348 ,
1421 2282 1506 2352 qui
1533 2283 1697 2352 factus
1726 2291 1802 2335 est
1831 2283 1884 2335 in

305 2377 459 2437 caput
487 2368 698 2438 anguli,
723 2376 770 2420 et
803 2384 907 2420 non
925 2379 1001 2422 est
1022 2369 1076 2422 in
1106 2369 1208 2422 alio
1231 2369 1401 2441 aliqua
1430 2369 1591 2424 salus.
1615 2368 1727 2424 Nec
1748 2371 1881 2424 enim

305 2475 488 2513 nomen
500 2467 576 2512 est
588 2458 732 2512 aliud
744 2457 835 2512 sub
851 2457 974 2512 caelo
990 2459 1164 2512 datum
1179 2457 1467 2512 hominibus
1481 2461 1532 2512 itt
1544 2477 1642 2530 quo
1654 2467 1882 2530 oporteat

303 2565 400 2602 nos
447 2550 614 2602 salvos
643 2549 758 2619 ﬁeri
787 2549 925 2620 (Act.
952 2564 1003 2602 tv
1029 2587 1042 2612 ,
1076 2547 1109 2602 8
1143 2560 1192 2602 et
1215 2567 1301 2620 seq
1327 2548 1365 2618 ).
1399 2548 1539 2605 Ecce
1580 2554 1764 2605 Petrus
1794 2567 1881 2605 re-

303 2637 478 2708 pletus
503 2636 705 2708 Spiritu
730 2647 915 2692 sancto
943 2636 1108 2703 dicit,
1137 2639 1213 2693 sic
1237 2654 1336 2693 nos
1357 2639 1409 2693 in
1442 2640 1657 2696 nomine
1682 2639 1880 2695 Christi

301 2727 495 2783 salvari
521 2769 536 2796 ,
564 2735 624 2781 ιιι
649 2743 756 2782 non
781 2727 848 2780 sit
879 2727 1022 2781 aliud
1051 2743 1245 2782 nomen
1274 2728 1373 2782 sub
1403 2729 1540 2784 caelo
1569 2728 1747 2784 datum
1780 2729 1880 2784 ho-

301 2819 556 2887 minibus,
607 2817 659 2872 in
707 2833 816 2887 quo
867 2823 1120 2889 oporteat
1166 2833 1264 2872 nos
1311 2817 1488 2872 salvos
1517 2817 1651 2873 lieri.
1685 2816 1884 2873 Confer

235 2903 248 2909 ’
303 2926 446 2965 nunc
475 2909 601 2964 illud
629 2915 954 2980 przeceplnm
983 2908 1181 2963 Christi
1210 2924 1316 2978 quo
1344 2909 1596 2980 praecepit
1622 2907 1879 2978 baptizari

299 3007 490 3068 ge..tes
534 2999 587 3053 in
634 2999 850 3053 nomine
894 2997 1068 3053 Patris
1101 3007 1155 3053 et
1191 2997 1312 3052 Filii
1349 3006 1404 3052 et
1430 2998 1662 3068 Spiritus
1688 2998 1877 3066 sancti,

298 3105 421 3146 cum
450 3090 552 3146 isto
573 3090 716 3145 beati
733 3088 878 3144 Petri
901 3104 1175 3158 sermone,
1204 3105 1310 3158 quo
1339 3089 1415 3144 sic
1439 3090 1492 3143 in
1518 3089 1634 3144 solo
1663 3088 1880 3145 nomine

298 3180 496 3235 Christi
524 3179 688 3252 659
712 3180 938 3236 salutem
960 3180 1246 3234 humanam
1269 3177 1641 3244 commendat,
1671 3187 1729 3233 ut
1756 3194 1876 3234 om-

1989 1911 2096 1966 Sed
2139 1912 2263 1980 quia
2305 1928 2405 1968 nec
2439 1913 2681 1970 Christus
2709 1916 2882 1985 potuit
2923 1917 3134 1972 mentiri
3161 1959 3176 1982 ,
3206 1932 3306 1973 nec
3333 1917 3561 1988 Spiritus

1987 2011 2224 2072 sanctus,
2272 2005 2396 2073 quia
2439 2005 2553 2075 ipsa
2595 2015 2780 2062 sancta
2820 2006 3052 2064 Trinitas
3105 2009 3418 2064 naturaliter
3456 2024 3560 2064 una

1987 2102 2071 2148 est
2115 2095 2332 2161 veritas,
2365 2096 2794 2165 quandoquidem
2832 2098 2971 2152 sicut
3014 2098 3291 2154 veritatem
3340 2098 3560 2154 coalito-

1986 2199 2107 2238 ntur
2126 2199 2245 2240 esse
2267 2184 2432 2238 Deum
2455 2183 2687 2253 Patrem,
2715 2187 2794 2241 sic
2820 2188 2979 2241 etiam
3009 2187 3048 2241 F
3053 2188 3201 2241 ilium
3230 2196 3284 2242 et
3305 2187 3580 2258 Spiritum

1985 2281 2229 2328 sanctum
2282 2274 2597 2330 naturaliter
2643 2277 3015 2344 cognoscimus
3045 2279 3358 2343 veritatem;
3401 2277 3560 2336 Filius

1985 2364 2184 2434 quippe
2220 2363 2288 2419 de
2315 2365 2493 2434 seip,o
2518 2366 2645 2421 dicit
2678 2384 2690 2419 :
2723 2366 2837 2437 Ego
2866 2384 2977 2420 sum
3007 2371 3105 2432 via,
3137 2372 3322 2422 veritas
3348 2410 3365 2438 ,
3389 2380 3438 2424 et
3460 2371 3559 2426 vita

1986 2453 2166 2524 (Joan.
2223 2471 2328 2521 xtv,
2385 2454 2481 2527 6);
2520 2454 2776 2527 Spiritum
2829 2473 3043 2528 quoque
3094 2460 3336 2518 veritatis
3374 2461 3559 2520 beatus

1982 2542 2218 2598 Joannes
2248 2545 2526 2600 veritatem
2555 2561 2673 2602 esse
2702 2555 2947 2616 testatur,
2976 2549 3158 2604 dicens
3190 2569 3203 2602 :
3236 2550 3304 2604 Et
3335 2551 3557 2621 Spiritus

1983 2646 2058 2689 est
2079 2637 2163 2707 qui
2183 2637 2506 2706 testiﬁcatur,
2527 2638 2643 2708 quia
2668 2637 2890 2707 Spiritus
2910 2649 2986 2692 est
3014 2643 3199 2694 veritas
3215 2653 3236 2676 ἰ
3257 2641 3310 2712 (1
3321 2641 3479 2697 Joan.
3503 2659 3555 2709 ν,

1984 2723 2070 2797 6);
2095 2727 2347 2794 quoniam
2379 2727 2537 2794 igitur
2557 2729 2714 2782 l'atcr
2743 2729 2958 2794 veritas,
2981 2738 3035 2784 et
3066 2729 3229 2786 Filius
3255 2734 3472 2798 veritas,
3503 2741 3554 2788 et

1983 2813 2164 2886 Spiritt
2186 2830 2213 2869 s
2238 2824 2456 2871 sanctus
2478 2817 2708 2886 veritas,
2740 2833 2845 2872 non
2874 2828 2998 2874 sunt
3025 2829 3130 2874 tres
3149 2822 3424 2890 veritates,
3462 2824 3554 2878 sed

1984 2904 2098 2974 ipsa
2125 2917 2311 2961 sancta
2369 2905 2602 2962 Trinitas
2630 2923 2735 2962 una
2765 2917 2846 2962 est
2885 2910 3200 2965 naturaliter
3239 2912 3465 2978 veritas;
3502 2921 3553 2970 ct

1982 2993 2234 3064 quidquid
2250 2996 2418 3051 sancti
2431 2996 2660 3066 apostoli
2673 2997 2988 3062 docuerunt,
3006 2999 3150 3069 pleni
3161 3001 3387 3056 veritate
3399 3002 3552 3056 dixe-

1981 3095 2108 3139 runt
2136 3103 2150 3140 :
2181 3100 2403 3142 necesse
2435 3097 2516 3142 est
2545 3093 2600 3141 ut
2641 3103 2826 3143 verum
2854 3089 2926 3143 sit
2951 3097 3006 3144 et
3029 3089 3172 3158 quod
3211 3088 3429 3144 Petrum
3455 3089 3576 3145 dot

1981 3179 2092 3233 cuit
2118 3177 2360 3234 Christus
2384 3219 2400 3249 ,
2430 3187 2484 3234 et
2523 3179 2668 3249 quod
2714 3181 2903 3252 plenus
2930 3180 3130 3250 Spiritu
3165 3189 3351 3236 sancto
3375 3181 3551 3240 docuit

304 3227 496 3235 --η----
712 3227 938 3236 --------
960 3227 1246 3234 "mm---"
1273 3227 1641 3244 -----------_--,
1677 3227 1727 3233 _-
1760 3227 1844 3234 --π
1987 3227 2091 3233 ν---
2126 3227 2357 3234 rm---"
2384 3227 2400 3249 ,
2433 3227 2483 3234 μ
2526 3227 2668 3249 τ---
2751 3227 2902 3236 --π-ν
2930 3227 3130 3250 Ὕπη-
3165 3227 3347 3236 ﬂ---"
3378 3227 3551 3240 πη..

299 3270 428 3326 sino
455 3227 845 3340 neze‘tntiomen
874 3269 1020 3326 aliud
1049 3284 1169 3326 esse
1196 3269 1296 3326 sub
1325 3269 1461 3326 coelo
1485 3269 1668 3323 datum
1698 3269 1876 3324 homi-
1903 3227 1948 3290 ϐ
1978 3256 2191 3324 Petrus.
2246 3269 2402 3338 Nam,
2433 3271 2570 3326 sicut
2620 3227 2780 3327 nemo
2835 3271 3071 3329 salvatur
3114 3271 3216 3326 nisi
3253 3270 3551 3342 baptizatus

297 3361 455 3418 nihns
484 3361 540 3416 in
565 3377 672 3432 quo
701 3369 950 3431 oporteat
974 3377 1073 3416 nos
1099 3360 1275 3416 salvos
1304 3358 1437 3414 ﬁeri.
1470 3356 1668 3415 Confer
1695 3359 1876 3429 itaque

296 3468 439 3508 nunc
460 3467 737 3508 sermones
757 3451 956 3507 Christi
981 3467 1100 3506 cum
1125 3451 1463 3509 sermonibus
1493 3448 1666 3517 Petri;
1689 3451 1876 3507 confer

293 3544 596 3599 doctrinam
643 3542 884 3608 magistri
924 3557 1045 3597 cum
1084 3541 1327 3597 doctrina
1368 3541 1640 3611 discipuli;
1685 3540 1875 3597 confer

292 3633 438 3703 quod
466 3632 659 3688 Petrus
688 3633 886 3687 audivit
909 3647 940 3687 a
964 3631 1198 3697 Christo,
1230 3640 1284 3687 et
1311 3633 1452 3703 quod
1483 3633 1618 3687 dixit
1641 3634 1873 3704 repletus

291 3724 496 3796 Spiritu
547 3731 756 3778 sancto.
801 3723 1045 3778 Christus
1074 3723 1328 3794 prsccepit
1365 3723 1418 3776 in
1460 3723 1674 3778 nomine
1699 3723 1872 3778 Patris

289 3825 345 3873 et
371 3813 490 3870 Filii
517 3823 572 3870 et
595 3813 826 3885 Spiritus
847 3815 1015 3869 sancti
1043 3814 1331 3883 baptizari;
1364 3813 1553 3870 Petrus
1581 3830 1710 3870 vero
1736 3814 1870 3869 dixit

287 3907 460 3961 solum
488 3919 686 3959 nomen
711 3901 910 3958 Christi
940 3903 1120 3957 datum
1150 3903 1454 3958 hominibus
1482 3902 1533 3956 in
1557 3916 1665 3970 quo
1705 3918 1868 3972 opor-

287 4003 402 4050 teat
427 4010 522 4050 nos
551 3995 729 4050 salvos
754 3993 890 4048 ﬁeri.
915 3991 1011 4046 Dic
1039 4005 1166 4061 ergo
1196 4001 1372 4046 utrum
1402 3991 1688 4047 conveniat
1715 3991 1864 4061 quod

287 4083 478 4141 Petrus
521 4101 553 4140 a
596 4084 812 4141 Christo
859 4084 1103 4151 audivit,
1149 4092 1203 4139 et
1229 4083 1372 4154 quod
1400 4083 1636 4153 repletus
1659 4082 1864 4153 Spiritu

285 4184 472 4230 sancto
516 4173 845 4245 prcedicavit.
892 4173 950 4228 Si
979 4173 1120 4228 enim
1148 4171 1400 4227 convenit
1428 4179 1730 4241 utrumque,
1764 4186 1863 4226 ne-

284 4281 436 4322 cesse
463 4275 547 4321 est
567 4282 731 4321 unum
761 4280 957 4321 nomen
984 4279 1104 4320 esse
1143 4262 1317 4318 Patris
1337 4270 1391 4318 et
1423 4261 1539 4317 Filii
1561 4271 1616 4318 et
1635 4262 1864 4332 Spiritus

282 4359 484 4425 sancti,
513 4367 568 4414 et
595 4358 702 4415 hoc
725 4359 899 4416 solum
923 4371 1119 4412 nomen
1146 4356 1329 4411 datum
1350 4355 1656 4410 hominibus
1681 4354 1732 4408 in
1755 4369 1862 4424 quo

282 4457 531 4518 oporteat
576 4464 674 4503 nos
719 4449 898 4505 salvos
946 4447 1080 4502 ﬁeri.
1115 4447 1170 4501 Si
1210 4462 1341 4502 vero
1381 4446 1537 4500 istam
1562 4445 1859 4500 doctrinam

281 4537 428 4595 Petri
474 4542 543 4596 ab
586 4541 678 4595 illo
735 4546 1004 4609 praecepto
1051 4537 1248 4594 Christi
1293 4537 1492 4592 dixeris
1532 4535 1856 4606 discrepare,

1973 3362 2135 3418 fuerit
2158 3362 2211 3416 in
2242 3362 2458 3418 nomine
2484 3361 2658 3418 Patris
2680 3371 2735 3418 et
2753 3362 2872 3418 Filii
2900 3371 2954 3418 et
2978 3362 3210 3433 Spiritus
3245 3364 3448 3428 sancti;
3475 3364 3549 3420 sic

1972 3461 2200 3524 excepto
2228 3452 2424 3508 Christi
2469 3454 2686 3509 nomine
2703 3492 2717 3518 ,
2742 3469 2849 3509 non
2877 3462 2959 3509 est
2979 3455 3121 3508 aliud
3147 3468 3343 3508 nomen
3367 3453 3548 3509 datum

1970 3542 2276 3598 hominibus
2320 3544 2482 3616 660
2531 3545 2586 3597 in
2609 3558 2718 3613 quo
2763 3552 3014 3615 oporteat
3059 3559 3158 3598 nos
3203 3535 3383 3600 salvos
3411 3541 3547 3599 lieri.

1973 3629 2147 3687 Unum
2197 3633 2341 3687 enim
2384 3633 2626 3688 naturale
2677 3648 2873 3688 nomen
2918 3641 3002 3688 est
3050 3634 3220 3688 Patris
3257 3642 3311 3689 et
3347 3633 3464 3688 Filii
3495 3642 3546 3690 et

1969 3721 2198 3791 Spiritus
2223 3722 2412 3788 sancti,
2443 3721 2586 3792 quod
2613 3730 2694 3776 est
2720 3722 2891 3788 Deus;
2922 3730 2976 3777 et
3005 3721 3109 3777 hoc
3137 3730 3219 3776 est
3241 3723 3415 3777 solum
3443 3722 3545 3778 ho-

1969 3811 2201 3866 minibus
2225 3810 2410 3865 datum
2440 3826 2656 3877 nomen,
2688 3811 2741 3865 in
2769 3826 2876 3881 quo
2896 3811 2986 3882 qui
3014 3821 3165 3867 recte
3185 3813 3428 3877 credunt,
3451 3827 3544 3882 per

1966 3910 2358 3956 sacramentum
2408 3901 2744 3972 baptismatis
2799 3903 3119 3972 perveniunt
3181 3903 3247 3956 ad
3293 3903 3542 3958 salutem.

1967 3991 2308 4064 Quapropter
2335 3995 2379 4048 si
2431 4010 2539 4049 non
2579 3995 2632 4049 itt
2660 4011 2766 4048 uno
2795 3995 3091 4064 eodemque
3133 3995 3371 4062 nomine,
3399 3997 3541 4064 quod

1965 4092 2050 4138 est
2079 4084 2394 4138 naturaliter
2421 4082 2565 4139 Patri
2604 4093 2659 4139 et
2681 4084 2817 4140 Filio
2846 4093 2901 4140 et
2927 4084 3148 4156 Spiritui
3173 4095 3362 4140 sancto
3387 4101 3540 4142 com-

1964 4188 2160 4238 nune,
2215 4182 2458 4229 sanctum
2497 4175 2762 4245 baptisma
2790 4175 3072 4232 credentes
3115 4177 3414 4247 accipiunt;
3444 4169 3539 4235 sed
3580 4209 3585 4220 -

1965 4263 2125 4336 (sicut
2158 4272 2214 4318 tu
2243 4265 2418 4336 putas)
2450 4265 2504 4318 itt
2547 4264 2715 4319 tribus
2752 4265 2978 4322 diversis
3017 4265 3321 4322 nominibus
3358 4268 3538 4340 bapti-

1963 4361 2172 4421 santur,
2193 4355 2430 4422 quando,
2450 4353 2740 4409 secundum
2766 4355 3004 4424 regulam
3026 4355 3225 4414 Christi
3244 4359 3538 4414 Salvatoris

1961 4443 2187 4512 imperio
2211 4443 2580 4511 constitutam,
2604 4443 2655 4497 in
2685 4445 2902 4501 nomine
2923 4444 3096 4521 Patris
3121 4456 3176 4503 et
3195 4447 3315 4502 Filii
3336 4457 3391 4504 et
3414 4447 3536 4518 Spi-

1960 4535 2096 4590 ritus
2144 4535 2315 4590 sancti
2359 4535 2450 4604 qui
2479 4536 2806 4590 crediderint
2852 4538 3191 4610 baptizantur
3228 4541 3536 4612 :responde

279 4631 386 4687 hoc
407 4632 502 4687 tibi
526 4599 789 4700 reliquum
817 4599 928 4696 est;
952 4638 1012 4684 ut
1039 4646 1145 4684 non
1176 4639 1281 4683 tam
1305 4628 1519 4684 Petrum
1540 4599 1857 4698 quam-Spi;
1885 4599 1936 4659 θ
1961 4627 2118 4682 nobis
2136 4666 2150 4691 ,
2183 4636 2358 4682 utrum
2386 4627 2658 4683 subtracto
2682 4630 2764 4683 vel
2791 4599 2966 4686 Patris
2993 4631 3078 4686 vel
3105 4631 3223 4685 Filii
3254 4632 3336 4686 vel
3357 4599 3534 4702 Spiri-

279 4724 439 4778 ritum
484 4732 725 4779 sanctum
773 4721 923 4778 dicas
958 4736 1077 4776 esse
1122 4720 1423 4775 mentitum.
1474 4720 1673 4790 Spiritu
1715 4721 1858 4775 enim
1960 4727 2048 4774 tus
2071 4719 2240 4775 sancti
2269 4720 2522 4785 nomine,
2562 4721 2732 4789 possit
2773 4721 2826 4776 in
2870 4723 3078 4778 duobus
3105 4723 3412 4779 nominibus
3434 4724 3530 4778 ba-

278 4823 467 4871 sancto
521 4815 762 4885 repletus
813 4814 915 4870 hoc
969 4813 1122 4878 dixit,
1172 4820 1227 4866 et
1263 4811 1330 4865 ab
1368 4811 1483 4882 ipso
1509 4813 1690 4882 otique
1717 4809 1857 4882 quod
1959 4813 2152 4882 ptisma
2194 4813 2374 4868 datum
2427 4813 2727 4869 Christiana
2767 4817 3018 4872 ﬁrmitate
3065 4826 3332 4873 constare.
3375 4817 3528 4885 Quod

278 4906 596 4977 pmdicaret
647 4904 872 4960 audivit.
905 4903 1036 4958 Cum
1068 4910 1247 4956 autem
1289 4901 1343 4955 in
1391 4900 1670 4955 mendacio
1713 4899 1858 4954 Petri
1958 4904 2143 4973 utique
2171 4905 2472 4960 nullatenus
2498 4905 2676 4962 dicere
2703 4908 2941 4975 audebis,
2988 4910 3110 4980 quia
3140 4910 3243 4965 hoc
3274 4920 3327 4966 te
3351 4911 3528 4967 dicere

224 4974 232 4981 l
275 4974 586 5053 mendacem
616 4995 817 5052 dixeris
845 4993 1102 5064 Spiritum
1131 4999 1394 5056 sanctum,
1425 4991 1678 5046 continuo
1699 5005 1851 5045 men-

277 5089 465 5145 dacem
509 5087 824 5159 prtedicabis
851 5095 905 5141 et
933 5084 1221 5140 Christum.
1261 5082 1378 5154 lpse
1407 5083 1550 5138 enim
1592 5081 1848 5152 Spiritum

277 5179 519 5234 veritatis
547 5194 578 5233 a
605 5194 664 5233 se
690 5177 933 5248 promisit
961 5174 1276 5231 mittendum
1307 5189 1424 5230 esse
1449 5173 1719 5244 discipulis
1743 5213 1757 5238 ,
1789 5181 1849 5228 ut

275 5289 398 5330 eunt
427 5271 680 5342 Spiritum
707 5270 796 5340 qui
835 5269 954 5323 illos
974 5269 1195 5322 doceret
1222 5265 1274 5320 in
1302 5281 1514 5321 omnem
1543 5266 1843 5320 veritatem.

272 5361 425 5429 Quod
453 5363 498 5417 si
527 5377 622 5416 eos
663 5361 715 5415 in
759 5357 971 5428 aliquod
998 5357 1342 5430 jmendacium
1383 5357 1610 5426 Spirittts
1635 5365 1848 5412 sanctus

273 5451 503 5518 induxit,
532 5466 638 5504 non
663 5449 834 5504 solum
861 5447 1031 5516 ipsum
1061 5447 1338 5502 mentitum
1369 5447 1565 5500 asseris
1585 5487 1600 5512 ,
1629 5446 1719 5516 qui
1751 5462 1845 5501 ve-

274 5540 420 5594 ritati
450 5539 648 5608 aliquid
676 5537 998 5594 contrarium
1029 5537 1243 5604 docuit;
1266 5536 1358 5592 sed
1387 5545 1441 5591 et
1463 5535 1729 5590 Christum
1753 5552 1844 5591 ne-

1953 4996 2259 5065 prohihebit
2306 4997 2470 5066 ipsius
2524 5001 2788 5054 sententia
2846 4999 3114 5056 Veritatis.
3171 5001 3308 5070 Quid
3364 5003 3526 5073 igitur

1952 5093 2120 5139 restat
2139 5084 2240 5138 nisi
2269 5093 2324 5138 ut
2346 5087 2670 5156 respondeas
2688 5131 2706 5157 ,
2729 5089 2856 5143 illud
2885 5105 3002 5144 esse
3031 5090 3293 5158 integrum
3318 5091 3524 5162 baptis-

1951 5175 2110 5228 matis
2138 5185 2551 5244 sacramentum,
2578 5177 2722 5246 quod
2749 5179 3037 5233 secundum
3060 5189 3378 5251 praeceptum
3408 5181 3519 5237 Do-

1951 5265 2082 5319 mini
2103 5265 2259 5319 datur
2284 5265 2337 5319 in
2362 5268 2576 5322 nomine
2597 5268 2770 5323 Patris
2795 5277 2850 5323 et
2877 5268 2994 5323 Filii
3015 5280 3068 5325 et
3081 5269 3312 5340 Spiritus
3325 5275 3523 5328 sancti.

1951 5352 2101 5408 Nunc
2121 5353 2298 5408 veniat
2319 5355 2371 5408 in
2393 5365 2627 5410 mentem
2655 5357 2779 5412 libet
2806 5358 3032 5412 Actuum
3055 5361 3440 5429 apostolorum,
3463 5365 3525 5418 in

1949 5458 2056 5513 quo
2087 5444 2271 5499 heatns
2300 5442 2489 5500 Petrus
2518 5447 2787 5501 invenitur
2813 5449 3011 5504 dixisse
3049 5448 3244 5509 Judteis
3287 5471 3300 5507 :
3340 5453 3522 5508 Pani-

1951 5536 2161 5589 tentiam
2203 5535 2368 5606 agite,
2412 5545 2460 5590 et
2503 5535 2785 5607 baptizetur
2834 5540 3173 5612 unusquisque
3210 5554 3424 5598 uestrum
3463 5545 3524 5598 in

339 5743 446 5830 Ita.
513 5743 677 5816 Syrus
714 5751 767 5798 et
819 5741 1027 5805 Grzecus
1057 5749 1378 5830 textus,'et
1419 5740 1657 5796 nonnulli
1706 5743 1908 5814 antiqui
1949 5743 2152 5802 Patres.
2213 5746 2267 5800 ln
2327 5745 2564 5816 Vulgatts
2616 5747 2846 5804 habetur
2876 5787 2892 5816 ,
2943 5748 3078 5812 Quia
3146 5749 3377 5804 Christus
3440 5758 3523 5806 est

273 5815 473 5867 veritas.
