3996 6578
3228 308 3311 317 -οΑ

501 414 600 472 881
1524 405 1581 465 3.
1622 398 1985 463 FUIAJEN'I'II
2027 398 2100 457 ΕΡ

2201 391 2323 456 ΖΟΡῙ
2358 400 2448 456 Ill.‘
2457 397 2730 456 SPENSIS
3631 391 3717 452 83!

501 524 707 586 nomine
746 517 869 583 Iesu
898 523 1087 582 Chrisli
1112 558 1127 593 ,
1168 525 1220 578 in
1249 525 1598 579 remissionem
1626 529 1947 593 peccatorum
1968 532 2076 571 ves-
2103 513 2150 579 Α
2179 516 2477 572 certissime
2507 514 2676 570 credit
2710 519 2764 569 et
2794 511 3160 566 indubitanter
3179 509 3382 564 fatetur
3410 526 3563 564 unum
3586 523 3713 570 natu-

506 633 553 676 tr
587 637 700 675 rum
722 661 739 688 ,
767 628 815 673 et
842 618 1104 689 accipietis
1132 617 1322 671 donum
1374 613 1601 683 Spiritus
1625 612 1792 667 sancti
1821 610 1960 681 (Art.
2006 624 2077 674 η,
2178 606 2292 664 rale
2339 624 2538 663 nomen
2580 621 2699 661 esse
2726 603 2901 660 Patris
2941 613 2997 658 et
3025 602 3145 657 Filii
3186 611 3242 658 et
3291 600 3526 672 Spiritus
3562 608 3720 662 sancti.

506 709 578 765 38
607 749 621 765 .
677 709 880 765 Deinde
898 707 1201 765 ‘considera
1247 705 1373 776 quia
1415 705 1471 759 in
1516 703 1705 759 eodem
1745 702 2082 758 contineatur
2179 699 2521 770 Quapropter
2543 713 2764 754 necesse
2790 704 2892 765 est,
2920 703 2980 750 ut
3007 702 3098 750 aut
3124 695 3176 749 in
3200 710 3313 749 uno
3344 695 3557 751 nomine
3580 695 3724 754 Trim-

507 801 669 868 Iibro,
698 800 789 855 ubi
833 800 1090 871 scriptum
1116 806 1199 854 est
1231 815 1245 851 :
1297 795 1423 851 Cum
1464 805 1633 849 autem
1660 794 1925 847 audissent
1951 807 2081 861 apa-
2181 793 2308 847 tatis
2328 792 2444 848 dari
2470 798 2714 847 sanctum
2743 789 3008 859 baptisma
3038 788 3286 849 fatearis;
3321 797 3418 842 aut
3438 804 3621 844 nomen
3643 790 3725 846 Pa-

506 892 629 947 stoli
672 893 760 963 qui
809 901 962 946 erant
1002 889 1399 960 Hierosolymis,
1438 889 1559 957 quia
1603 887 1792 953 recepit
1838 884 2083 938 Samaria
2182 885 2301 952 tris,
2331 892 2387 939 et
2417 898 2615 939 nomen
2644 879 2876 953 Spiritus
2912 880 3085 935 sancti
3113 879 3484 935 necessarium
3512 896 3727 941 essenon

506 981 715 1035 uerbum
758 981 871 1044 Dei,
920 982 1168 1035 miserunt
1220 979 1287 1031 ad
1329 977 1453 1031 illos
1502 976 1708 1029 Petrum
1735 983 1784 1027 et
1804 972 2079 1027 Joannem.

2201 975 2372 1032 :redas
2391 975 2458 1029 ad
2484 974 2710 1030 salutem
2740 973 3049 1037 humanam,
3065 980 3120 1026 et
3138 987 3203 1026 ex
3232 972 3345 1027 hoc
3364 972 3731 1030 saluberrimam

514 1067 616 1134 Qui
664 1088 780 1125 cum
816 1072 1065 1125 venissent
1090 1108 1106 1132 ,
1136 1077 1408 1122 orarerunt
1434 1083 1528 1137 pro
1557 1067 1683 1135 ipsis
1703 1073 1759 1117 ut
1798 1064 2088 1134 acciperent
2185 1065 2383 1122 Christi
2431 1065 2643 1122 coneris
2693 1079 2959 1119 evacuare
3008 1062 3337 1118 doctrinam.
3395 1061 3503 1118 Sed
3551 1065 3730 1122 attende

514 1162 769 1235 Spiritum
805 1172 1061 1219 sanctum.
1108 1159 1355 1217 Nondum
1383 1161 1520 1213 enim
1556 1158 1610 1211 in
1637 1171 1937 1227 quemquam
1964 1154 2084 1207 illo-
2185 1156 2314 1226 quid
2341 1155 2535 1211 dixerit
2555 1154 2818 1219 Christus,
2865 1152 3016 1223 cujus
3057 1153 3367 1208 doctrinam
3394 1154 3647 1210 veraciter
3667 1166 3731 1211 te-

513 1271 630 1309 rum
675 1265 882 1309 venerat
929 1254 1155 1325 Spiritus
1184 1262 1411 1317 sanctus,
1459 1249 1549 1305 sed
1593 1246 1842 1317 baptizati
1888 1252 2086 1298 tantum
2189 1245 2304 1325 nuit
2330 1243 2541 1301 Petrus.
2572 1244 2630 1300 In
2652 1244 2872 1299 nomine
2899 1244 3098 1314 quippe
3128 1242 3309 1300 Patris
3337 1252 3396 1298 et
3422 1243 3542 1298 Filii
3568 1252 3618 1300 et
3640 1244 3732 1317 Spi-

513 1354 666 1398 erant
691 1346 746 1400 in
775 1322 981 1399 nomine
1019 1343 1228 1397 Domini
1253 1340 1377 1395 Jesu
1406 1340 1547 1415 (Act,
1584 1353 1697 1401 vin,
1729 1335 1797 1387 I4
1839 1342 1888 1389 et
1931 1335 2084 1405 seq.).
2188 1322 2324 1392 ritus
2357 1335 2550 1399 sancti,
2598 1342 2787 1403 gentes
2813 1333 3081 1404 baptizari
3106 1333 3309 1388 debere
3356 1335 3621 1403 praecepit.
3648 1334 3733 1393 Iloc

516 1434 649 1491 Item
680 1436 733 1491 in
755 1436 945 1493 eodem
968 1434 1127 1501 libro,
1152 1449 1272 1489 cum
1305 1431 1492 1486 Petrus
1519 1428 1794 1500 apostolus
1811 1426 2003 1483 missus
2022 1424 2090 1480 ab
2188 1436 2517 1498 praeceptum
2559 1424 2752 1481 Petrus
2796 1424 3137 1480 tenacissime
3181 1423 3506 1490 custodivit,
3538 1425 3629 1482 bac
3661 1428 3734 1484 do-

515 1525 718 1597 Spiritu
744 1533 933 1582 sancto
957 1568 973 1595 ,
1003 1539 1254 1594 magnum
1287 1521 1498 1593 pictatis
1543 1518 1858 1590 praedicaret
1904 1524 2091 1572 centu-
2189 1516 2363 1573 ctrina
2392 1531 2521 1571 oves
2559 1514 2757 1571 Christi
2805 1530 2975 1584 usque
3021 1515 3089 1570 ad
3129 1514 3461 1571 effusionem
3506 1521 3737 1587 sanguinis

517 1616 657 1672 rioni
688 1615 945 1672 Cornelio
973 1621 1369 1670 sacramentum
1396 1654 1411 1678 ,
1442 1619 1497 1665 et
1524 1609 1698 1683 adhuc
1735 1622 1802 1662 eo
1835 1606 2091 1675 loquente
2193 1609 2357 1679 pavit.
2399 1606 2715 1662 Christianae
2742 1606 2939 1677 quippe
2980 1604 3103 1661 ﬁdei
3131 1605 3732 1679 custodiensveritalem,

518 1723 683 1779 super
709 1722 900 1763 omnes
927 1707 1019 1777 qui
1056 1705 1344 1761 audiebant
1374 1702 1594 1757 verbum
1620 1699 1851 1770 Spiritus
1877 1703 2093 1751 sanctus
2194 1705 2249 1752 et
2296 1698 2472 1753 sciens
2535 1711 2702 1751 unum
2757 1711 2877 1751 esse
2924 1711 3122 1752 nomen
3177 1695 3493 1771 Trinitatis;
3545 1706 3596 1753 et
3640 1700 3745 1757 illud

521 1796 831 1864 cecidisset,
865 1805 992 1852 tunc
1038 1804 1283 1852 sanctum
1310 1792 1611 1863 apostolum
1651 1788 1865 1844 Petrum
1909 1787 1982 1842 ita
2007 1799 2093 1840 re-
2194 1804 2379 1843 verum
2426 1788 2578 1855 dixit,
2627 1787 2787 1859 quia,
2817 1796 3043 1858 excepto
3067 1789 3283 1844 nomine
3316 1788 3545 1858 Christi,
3568 1802 3749 1848 nonest

521 1888 804 1960 spondisse
864 1895 1161 1945 memorata
1213 1886 1487 1956 Scriptura
1539 1889 1783 1944 testatur,
1836 1876 2089 1949 Nunquid
2120 1880 2162 1937 Β
2191 1882 2335 1937 aliud
2392 1897 2588 1938 nomen
2639 1880 2739 1936 sub
2790 1881 2928 1937 coelo
2981 1880 3162 1935 datum
3203 1881 3519 1938 hominibus
3569 1884 3616 1938 in
3655 1900 3756 1954 quos

1002 342 1067 350 οεο-

521 1994 706 2050 aquam
732 1981 846 2050 quis
866 1977 1333 2049 prohiberepotest,
1356 1984 1411 2030 ut
1441 1992 1544 2030 non
1569 1973 1891 2043 baptizentur
1926 1969 1980 2023 lii
2008 1969 2092 2040 qui

522 2065 776 2139 Spiritum
802 2078 1036 2123 sanctum
1062 2075 1364 2135 acceperunt
1393 2066 1521 2120 sicut
1566 2073 1617 2118 et
1660 2063 1795 2117 nos?
1831 2059 1902 2114 Et
1937 2060 2097 2131 jussit

523 2172 612 2212 eos
639 2158 694 2211 in
732 2158 938 2212 nomine
957 2156 1083 2211 Iesu
1105 2154 1295 2211 Christi
1322 2155 1574 2226 baptizari
1608 2153 1746 2224 (Act.
1778 2168 1832 2216 ι,
1857 2149 1945 2213 47,
1976 2148 2091 2218 48).

526 2242 679 2303 Illum
706 2262 921 2319 quoque
951 2249 1125 2305 locum
1155 2249 1209 2304 in
1252 2247 1442 2303 eodem
1484 2248 1621 2302 libro
1658 2243 1936 2302 considera
1958 2284 1974 2309 ,
2006 2242 2095 2298 ubi

525 2337 724 2395 dicitur
751 2356 765 2393 :
796 2337 1020 2394 Factum
1039 2347 1115 2393 est
1148 2349 1320 2393 autem
1341 2355 1454 2392 cum
1481 2337 1665 2408 Apollo
1691 2344 1824 2392 esset
1843 2335 2096 2401 Corinthi,

515 2439 579 2485 ιιι
637 2429 854 2498 Paulus,
898 2431 1184 2503 peragratis
1213 2429 1557 2501 superioribus
1603 2426 1851 2499 partibus,
1882 2429 2103 2483 uenisset

531 2520 791 2593 Ephesum
815 2562 829 2585 ,
852 2531 901 2577 et
930 2523 1206 2576 invenisset
1249 2520 1499 2592 quosdam
1524 2519 1821 2591 discipulos,
1870 2519 2004 2573 dixit
2033 2520 2102 2573 ad

531 2629 617 2667 eos
639 2628 659 2667 :
688 2612 751 2667 Si
772 2612 1024 2682 Spiritum
1038 2621 1277 2666 sanctum
1304 2610 1571 2682 accepistis
1600 2611 1906 2665 credentes?
1933 2611 2001 2662 At
2024 2609 2101 2663 illi

532 2701 775 2757 dixerunt
814 2702 884 2755 ad
908 2718 1021 2757 eum
1051 2718 1070 2757 :
1108 2701 1215 2758 Sed
1256 2718 1417 2772 neque
1451 2702 1495 2755 si
1541 2699 1767 2771 Spiritus
1795 2709 2003 2754 sanctus
2027 2709 2103 2753 est

532 2793 837 2869 audiuimus.
876 2792 978 2848 Ille
1005 2810 1121 2848 vero
1150 2794 1263 2847 ait:
1294 2792 1359 2847 In
1393 2809 1490 2863 quo
1530 2808 1651 2863 ergo
1675 2790 1920 2857 baptizati
1948 2791 2105 2845 estis?

538 2868 661 2953 Qui.
684 2887 927 2941 dixerunt
955 2904 974 2942 :
1026 2872 1094 2941 In
1135 2887 1355 2942 Joannis
1404 2887 1728 2957 baptismate.
1764 2882 1909 2938 Dixit
1936 2894 2105 2937 autem

537 2977 736 3033 Paulus
764 2995 782 3032 :
808 2978 1039 3033 Joannes
1069 2979 1271 3051 quidem
1291 2978 1569 3050 baptizavit
1614 2977 1917 3047 baptismate
1944 2976 2108 3044 paeni-

535 3071 710 3125 tentia:
736 3071 1011 3141 populum,
1042 3070 1237 3137 dicens,
1279 3071 1333 3123 in
1370 3085 1485 3122 eum
1516 3069 1602 3140 qui
1630 3075 1865 3122 venturus
1893 3074 1969 3119 est
1992 3076 2111 3141 post

536 3162 707 3229 ipsum
745 3169 802 3215 ut
845 3161 1132 3225 crederent,
1163 3161 1258 3214 hoc
1304 3168 1381 3215 est
1419 3162 1473 3215 in
1518 3157 1713 3214 Iesum.
1764 3156 1864 3211 His
1892 3156 2104 3223 auditis,

2193 1981 2441 2044 oporteat
2468 1989 2567 2029 nos
2598 1973 2779 2029 salvos
2808 1972 2942 2038 ﬁeri;
2969 1980 3024 2027 et
3050 1973 3193 2041 quod
3222 1972 3414 2029 docuit
3441 1971 3676 2043 baptizari
3698 1976 3757 2030 iu~

2193 2066 2408 2120 nomine
2429 2064 2554 2121 Iesu
2571 2063 2798 2132 Christi,
2828 2067 2882 2119 in
2902 2081 3010 2120 uno
3041 2064 3339 2137 baptizavit
3367 2067 3579 2123 nomine
3606 2067 3738 2125 Patris

2194 2163 2251 2211 et
2294 2153 2411 2211 Filii
2453 2162 2507 2210 et
2553 2152 2785 2225 Spiritus
2836 2155 3030 2211 sancti.
3081 2155 3235 2210 Nulla
3280 2164 3368 2211 est
3395 2157 3534 2211 enim
3564 2158 3610 2212 in
3651 2158 3740 2212 Tri-

2196 2247 2363 2302 nitate
2391 2246 2671 2303 diversitas
2689 2247 2948 2303 naturalis
2979 2247 3229 2315 nominis,
3242 2247 3338 2303 ubi
3367 2256 3452 2304 est
3477 2249 3581 2319 ipsa
3603 2251 3737 2305 unitas

2197 2337 2483 2393 naturalis.‘

2591 2453 3072 2510 FRAGMENTUM
3112 2453 3394 2509 XXXVIII.
3414 2498 3424 2502 -

2200 2542 2369 2600 Filius
2399 2557 2476 2600 est
2503 2548 2821 2618 omniparens
2846 2547 3022 2667 .sicutp
3036 2536 3218 2612 Pater,
3249 2556 3303 2600 et
3331 2549 3408 2601 sic
3439 2546 3581 2600 habet
3606 2550 3760 2601 omnis-

2814 2624 2943 2667 stcut
3025 2625 3154 2667 ater.

2839 2624 2943 2669 icut
2980 2624 3154 2671 Pater.

2281 2705 2457 2769 Addis,
2492 2715 2545 2759 et
2575 2704 2708 2759 dicis
2734 2722 2745 2757 :
2780 2703 2925 2758 «Ἔδῑ
2953 2718 3082 2773 ergo
3109 2703 3277 2759 Filius
3304 2706 3649 2777 omnipotens,
3671 2706 3743 2761 sed

2205 2814 2310 2851 non
2359 2797 2498 2852 sicut
2546 2795 2742 2864 Pater,
2791 2796 2915 2865 quia
2956 2792 3092 2851 Filio
3133 2797 3305 2867 ipsam
3348 2797 3737 2867 omnipotentiam

2206 2889 2366 2943 Pater
2403 2888 2549 2943 dedit
2588 2896 2645 2943 et
2668 2888 2925 2951 contulit;
2958 2886 3105 2942 Patri
3132 2897 3316 2944 autem
3346 2889 3739 2959 omnipotentiae

2206 2980 2385 3035 nullus
2425 2979 2653 3036 contulit
2702 2995 2876 3048 neque
2919 2979 3082 3036 dedit.
3121 3000 3139 3031 ι
3175 2979 3315 3036 Cum
3364 2982 3545 3052 utique
3570 2996 3628 3036 ex
3660 2980 3738 3036 hoc

2208 3070 2377 3138 magis
2403 3075 2721 3138 agnoscatur
2742 3067 2907 3123 Filius
2933 3069 3153 3139 aequalis
3173 3066 3346 3137 Patri,
3373 3072 3499 3140 quia
3519 3070 3647 3140 quod
3660 3079 3737 3133 est,

2210 3175 2318 3214 non
2349 3158 2512 3215 habet
2532 3158 2774 3225 aliunde,
2800 3158 2899 3213 sed
2927 3158 2993 3214 de
3033 3157 3191 3215 Patre
3217 3177 3231 3214 :
3265 3176 3372 3216 nec
3399 3168 3481 3215 est
3505 3159 3569 3215 de
3593 3159 3736 3221 nihilo.

538 3249 785 3320 baptizati
814 3259 932 3304 sunt
973 3251 1028 3304 in
1056 3251 1262 3304 nomine
1295 3249 1499 3304 Domini
1530 3246 1656 3302 Iesu
1686 3263 1704 3301 :
1732 3255 1781 3300 et
1800 3261 1913 3299 cum
1940 3246 2109 3316 impo—
2138 3239 2183 3303 C
2213 3249 2311 3306 sed
2335 3249 2401 3306 dc
2429 3249 2674 3318 genitore
2694 3249 2935 3305 subsistit
2954 3250 3124 3321 662.
3141 3258 3369 3306 :eterno.
3401 3250 3628 3308 Servavit
3644 3262 3739 3317 ergo

540 3340 727 3394 suisset
772 3340 877 3394 illis
919 3355 1130 3394 manum
1178 3338 1403 3401 Paulus,
1458 3338 1595 3391 venit
1635 3334 1864 3407 Spiritus
1903 3344 2113 3389 sanctus
2215 3337 2358 3409 quod
2387 3354 2539 3393 suum
2570 3347 2653 3393 est
2682 3348 2870 3393 natura
2897 3336 3074 3393 Patris
3120 3339 3173 3393 in
3220 3338 3384 3407 Filio,
3414 3341 3534 3410 quia
3563 3339 3738 3393 nihilex

540 3447 693 3501 super
714 3446 825 3498 eos,
855 3440 903 3484 et
922 3431 1255 3502 loquebantur
1275 3430 1462 3501 linguis
1491 3438 1539 3483 et
1574 3426 1947 3499 prophetabant
1976 3427 2111 3499 (Act.
2217 3445 2276 3486 se
2308 3431 2483 3500 potuit
2528 3428 2770 3501 proferre
2814 3429 3039 3485 diversa:
3080 3429 3380 3484 divinitatis
3411 3431 3496 3485 illa
3519 3426 3739 3501 generatio

540 3532 650 3587 uix,
678 3519 703 3572 ι
738 3530 788 3573 et
815 3519 966 3593 seq.).
1001 3520 1138 3577 Ecce
1168 3528 1247 3575 tot
1276 3521 1410 3576 locis
1449 3518 1858 3583 attestantibus,
1908 3519 2115 3574 inveni-
2220 3520 2498 3576 naturalis.
2527 3520 2684 3575 Dedit
2711 3528 2890 3575 autem
2919 3520 3099 3587 omnia
3128 3518 3293 3575 Pater
3315 3520 3471 3587 Filio,
3494 3535 3585 3575 nec
3610 3519 3650 3573 ei
3672 3516 3740 3569 ali-

542 3625 664 3665 mus
682 3611 945 3680 quosdam
974 3612 1026 3666 in
1049 3612 1264 3668 nomine
1294 3611 1502 3667 Domini
1531 3609 1659 3667 Iesu
1685 3608 1904 3677 Christi,
1929 3619 2116 3666 aucto-
2217 3609 2344 3681 quid
2370 3609 2613 3679 negavit,
2643 3609 2695 3665 in
2735 3624 2842 3680 quo
2882 3617 3050 3664 totam
3095 3618 3345 3666 naturam
3373 3627 3522 3667 suam
3548 3607 3740 3664 incllahi-

542 3699 705 3755 ritate
751 3702 1046 3771 apostolica
1075 3702 1390 3773 baptizatos.
1441 3701 1537 3757 Dic
1585 3715 1713 3770 ergo
1759 3700 1889 3756 mihi
1937 3708 2114 3756 utrum
2220 3703 2341 3757 liter
2368 3702 2569 3772 genuit.
2624 3700 2778 3768 Quod
2820 3718 2951 3773 ergo
2979 3703 3126 3758 dedit
3154 3702 3316 3759 Pater
3357 3700 3742 3773 omnipotentiam

545 3789 623 3845 illi
651 3791 744 3862 qui
766 3792 1019 3864 baptizati
1048 3794 1299 3850 dicuntur
1328 3796 1379 3850 in
1410 3794 1626 3850 nomine
1651 3792 1779 3851 Jesu
1806 3795 2024 3864 Christi,
2065 3795 2117 3850 in
2222 3793 2375 3860 Filio,
2408 3795 2460 3849 in
2488 3794 2604 3849 sola
2634 3804 2717 3848 est
2760 3794 2964 3863 origine
2988 3836 3002 3860 ,
3038 3811 3142 3850 non
3192 3797 3243 3850 in
3274 3796 3579 3851 diversitate
3619 3791 3748 3861 ipsius

547 3883 766 3938 nomine
794 3899 1008 3956 quoque
1049 3885 1221 3941 Patris
1247 3894 1302 3941 et
1329 3885 1558 3956 Spiritus
1603 3886 1777 3943 sancti
1804 3885 2002 3942 fuerint
2026 3887 2122 3942 ba-
2226 3887 2632 3956 omnipotentiae
2659 3885 2743 3941 vel
2793 3894 3018 3940 naturae.
3067 3886 3178 3941 Illic
3217 3887 3429 3943 dedisse
3471 3886 3556 3955 qui
3581 3881 3754 3954 quaariI,

544 3972 750 4043 ptizati,
766 3990 832 4030 an
849 3976 954 4032 hoc
973 3977 1293 4033 omnimodis
1311 3992 1492 4047 neges.
1512 3977 1667 4045 Quod
1682 3977 1727 4032 si
1748 3976 1947 4033 dixeris
1964 3977 2121 4033 inillo
2221 3995 2329 4034 non
2375 3979 2517 4033 aliud
2547 3993 2708 4049 quam
2737 3979 2983 4047 genuisse
3009 3980 3261 4048 reperiet.
3304 3977 3583 4034 Generatio
3607 3981 3744 4028 autem

546 4062 705 4136 661
727 4063 852 4121 .Iesu
875 4064 1069 4123 Christi
1100 4068 1339 4136 nomine,
1367 4068 1522 4122 simul
1544 4075 1599 4122 ct
1623 4065 1796 4123 Patris
1810 4076 1865 4123 et
1893 4066 2123 4138 Spiritus
2226 4072 2336 4137 illa,
2369 4086 2489 4141 qua:
2538 4071 2856 4125 naturaliter
2892 4071 3069 4125 divina
3111 4079 3193 4126 cst
3235 4082 3290 4126 et
3326 4080 3545 4134 (eterna,
3588 4066 3632 4120 in
3666 4078 3744 4132 quo

546 4152 718 4208 sancti
741 4170 937 4212 nomen
958 4156 1343 4226 accipiendum,
1367 4156 1553 4226 procul
1574 4155 1736 4211 dubio
1763 4172 1926 4210 unum
1950 4154 2124 4211 Patris
2223 4163 2606 4237 plenitudinem
2635 4164 2871 4218 omnium
2914 4178 3034 4233 quas
3079 4163 3241 4219 habet
3267 4162 3503 4218 ostendit
3540 4158 3657 4214 Filio
3676 4154 3741 4208 de-

549 4254 605 4301 et
631 4246 750 4301 Filii
779 4255 836 4302 et
862 4248 1094 4318 Spiritus
1139 4248 1310 4304 sancti
1338 4248 1677 4304 conﬁteberis
1704 4263 1931 4315 nomen;
1964 4256 2020 4303 et
2057 4263 2125 4303 ex
2224 4255 2366 4311 disse
2392 4253 2625 4317 Patrem,
2658 4254 2712 4307 in
2736 4269 2802 4308 eo
2833 4252 2977 4308 Patri
3001 4254 3193 4309 Filium
3228 4253 3541 4308 naturaliter
3572 4248 3744 4302 demon-

550 4350 660 4390 uno
687 4338 923 4401 nomine,
958 4354 1120 4392 unum
1150 4338 1319 4394 Deum
1349 4354 1566 4394 necesse
1594 4347 1676 4393 est
1712 4348 1951 4395 sanctam
1996 4355 2128 4394 con-
2227 4353 2361 4401 strat
2400 4343 2681 4414 mqualem.
2726 4342 2817 4398 Sic
2852 4358 2982 4410 ergo
3011 4344 3173 4398 habet
3212 4344 3391 4397 omnia
3432 4341 3605 4404 Filius,
3642 4335 3743 4388 sicut

554 4424 757 4497 titearis
779 4427 1034 4481 continuo
1050 4426 1385 4481 Trinitatem.
1406 4426 1461 4481 Si
1486 4442 1613 4481 vero
1635 4426 1934 4496 baptizatos
1954 4427 2006 4482 in
2030 4443 2128 4482 no—
2230 4436 2390 4490 Pater
2421 4453 2434 4488 :
2464 4435 2587 4505 quia
2620 4435 2707 4489 ubi
2752 4435 3029 4503 generatio
3075 4435 3331 4490 naturalis
3378 4430 3670 4502 agnoscitur,
3693 4423 3744 4476 ibi

553 4514 834 4571 minelesu
850 4516 2128 4588 Christi,dixerisnonessebaptizatosinnomine
2230 4525 2486 4595 genitoris
2525 4535 2582 4580 et
2626 4524 2790 4595 geniti
2834 4524 2977 4578 nulla
3025 4524 3282 4580 naturalis
3329 4521 3595 4580 diversitas
3631 4517 3741 4569 inrc-

555 4608 731 4665 Patris
757 4618 809 4665 et
838 4608 1068 4680 Spiritus
1092 4613 1286 4679 sancti,
1313 4613 1440 4682 quid
1468 4619 1634 4668 restat
1658 4612 1759 4667 nisi
1787 4620 1845 4667 ut
1873 4611 1998 4666 illud
2027 4613 2124 4667 ba-
2155 4608 2201 4668 ο
2227 4615 2389 4669 nitur.

553 4700 745 4770 ptisma
779 4718 960 4756 verum
983 4718 1101 4758 esse
1130 4718 1235 4757 non
1258 4710 1436 4775 putes,
1465 4703 1559 4758 sed
1587 4703 1729 4775 ipsos
1756 4711 1971 4760 sanctos
1991 4719 2126 4774 apo-
2648 4722 3123 4779 FRAGMENTUM
3157 4722 3367 4778 XXXIX

552 4792 1220 4889 stolas-praevaricationis
1255 4811 1381 4851 reos
1410 4811 1529 4852 esse
1572 4798 1926 4866 pronunties?
1973 4796 2127 4864 Quod
2227 4814 2458 4889 spiram
2495 4806 2701 4872 una“,
2760 4834 2893 4870 unus
2932 4825 3008 4872 εει
3047 4817 3355 4871 “(auruum
3394 4830 3503 4870 cum
3544 4812 3678 4864 Patre
3710 4811 3742 4855 tt

554 4898 678 4938 cum
721 4884 938 4950 dixeris,
968 4887 1088 4942 vide
1129 4889 1575 4956 quemadmodum
1619 4896 1672 4944 te
1718 4890 1939 4945 audebis
1977 4890 2129 4946 Chri-
2276 4884 2286 4889 ⁷
2722 4885 2862 4941 Filio
2892 4886 3142 4941 Dominus
3165 4887 3319 4941 Deus.

555 4975 788 5031 stianum
816 4977 1014 5043 dicere,
1027 4994 1147 5033 cum
1171 4981 1399 5050 cmperis
1422 4974 1636 5035 Christo
1665 4982 1717 5035 in
1747 4982 1855 5037 suis
1877 4984 2135 5052 apostolis
2304 4979 2575 5033 Memento
2619 4978 2799 5048 itaque
2839 4977 3087 5033 omnibus
3128 4978 3235 5033 tuis
3279 4971 3641 5047 objectionibus
3674 4976 3745 5015 nos

556 5082 875 5138 repugnare,
906 5086 1065 5140 quem
1105 5073 1232 5143 ipsis
1254 5075 1509 5144 apostolis
1542 5075 1739 5132 dixisse
1785 5093 1891 5131 non
1938 5079 2136 5148 nescis,
2237 5070 2466 5125 Domino
2488 5069 2775 5139 adjuvante
2811 5069 3027 5125 dedisse
3069 5085 3383 5140 responsum
3415 5075 3504 5123 :et
3537 5059 3630 5117 noli
3658 5068 3742 5148 crc-

561 5156 664 5222 οιιὶ
682 5176 769 5215 vos
791 5163 972 5232 recipit
986 5179 1070 5217 me
1087 5165 1297 5235 recipit;
1328 5172 1401 5231 et,
1428 5163 1527 5228 Qui
1550 5168 1634 5219 v’os
1655 5168 1869 5237 spernit,
1888 5184 1964 5220 me
1989 5144 2136 5238 ψεῖ-ξ
2236 5161 2367 5217 dere
2395 5161 2652 5231 Spiritum
2695 5170 2942 5217 sanctum
2988 5161 3286 5231 subjectum
3314 5168 3404 5214 aut
3448 5156 3671 5212 minorem
3705 5144 3740 5195 in

559 5251 636 5303 nit
666 5250 880 5321 (Matth.
912 5268 968 5321 x,
993 5252 1091 5320 40;
1124 5253 1251 5309 Luc.
1280 5271 1337 5321 κ,
1368 5254 1476 5325 16).
1510 5255 1646 5310 Audi
1680 5272 1808 5325 ergo
1833 5273 2100 5312 sermone:

2238 5252 2434 5308 divinis
2463 5253 2691 5324 eloquiis
2711 5253 2939 5308 inveniri
2967 5270 2980 5306 :
3012 5268 3113 5308 nec
3143 5251 3259 5321 ejus
3285 5251 3574 5307 missionem
3599 5250 3741 5295 carna-

560 5342 936 5410 apostolicum,
977 5353 1032 5398 et
1077 5344 1333 5400 doctrina:
1379 5355 1539 5417 atque
1582 5347 1730 5416 operi
1773 5347 2136 5418 apostolorum
2239 5344 2363 5399 liter
2390 5344 2621 5414 cogites,
2655 5360 2755 5400 nec
2797 5344 3021 5399 Iocalem
3049 5353 3242 5416 putes,
3275 5359 3374 5400 nec
3400 5342 3448 5397 ei
3489 5329 3740 5401 obsequium

561 5444 871 5485 reverenter
895 5436 1251 5490 obedientiam
1273 5438 1471 5506 praibe.
1501 5436 1593 5491 Ille
1617 5437 1797 5504 itaque
1824 5436 1874 5491 in
1905 5438 1987 5492 his
2008 5442 2139 5510 apo-
2240 5434 2448 5490 servilis
2474 5433 2797 5490 conditionis
2834 5434 3094 5501 assignes.
3125 5432 3223 5488 Est
3263 5435 3403 5489 enim
3430 5428 3630 5500 Spiritus
3650 5431 3740 5510 ξεὶη·

561 5520 685 5575 stoli
710 5520 853 5575 Petri
879 5524 1052 5579 verbis
1075 5527 1273 5581 nullam
1303 5528 1502 5597 patitur
1523 5525 1910 5595 dillicultatem,
1939 5508 2137 5596 quiau-
2244 5533 2361 5579 ctus
2388 5539 2509 5580 cum
2557 5522 2714 5579 Patre
2752 5532 2808 5578 et
2834 5522 2971 5579 Filio
3015 5524 3333 5579 naturaliter
3374 5535 3502 5578 unus
3543 5508 3740 5570 Dominus

563 5607 717 5664 diens
740 5610 1011 5666 Christum
1040 5616 1438 5684 pmcipientem
1469 5617 1728 5682 baptizari
1752 5625 1937 5684 gentes
1958 5617 2010 5671 in
2035 5632 2134 5687 no-
2243 5613 2404 5668 Deus.
2457 5613 2611 5681 Quod
2658 5614 2935 5670 evidenter
2976 5615 3311 5686 agnoscitur,
3346 5622 3400 5669 et
3442 5612 3491 5665 in
3528 5598 3740 5693 ἐτεθείθξιθ

564 5698 709 5754 mine
735 5699 910 5757 Patris
938 5710 993 5756 et
1018 5703 1135 5757 Filii
1162 5715 1218 5759 et
1244 5704 1474 5775 Spiritus
1500 5706 1701 5771 sancti;
1730 5706 1952 5760 audiens
1974 5706 2137 5760 etiam
2244 5705 2481 5760 omnium
2503 5719 2703 5769 rerum,
2746 5713 2801 5759 et
2828 5705 2883 5759 in
2911 5702 3540 5783 redemptionelidelium.
3565 5690 3611 5746 Si

566 5789 781 5845 beatum
811 5791 1026 5849 Petrum
1056 5771 1343 5863 dicentem,
1370 5805 1600 5865 excepto
1646 5797 1866 5853 nomine
1911 5797 2132 5862 Christi,
2243 5795 2388 5851 Deus
2416 5812 2519 5850 non
2551 5804 2713 5864 esset,
2745 5797 3046 5852 communia
3078 5771 3242 5866 opera
3272 5772 3391 5852 cum
3421 5790 3561 5846 Patre
3579 5771 3741 5837 εῑῖίίίθ

568 5880 773 5939 nullum
794 5900 989 5941 nomen
1018 5902 1135 5941 esse
1163 5887 1216 5941 in
1238 5903 1344 5956 (μμ
1372 5896 1619 5956 oporteat
1652 5903 1749 5941 nos
1771 5890 1949 5945 salvos
1982 5888 2094 5945 licri
2121 5906 2131 5941 :
2247 5870 2353 5945 non
2385 5888 2637 5958 haberet;
2670 5889 2713 5945 si
2756 5888 2896 5945 Deus
2936 5906 3041 5945 non
3083 5898 3248 5956 esset,
3281 5889 3512 5945 virtutem
3538 5874 3737 5934 εωιοειιω
