3996 6596
1269 376 1328 386 ο--

348 427 453 480 835

1579 422 1946 482 ΒΕΒΜΟΝΕΒ
1986 421 2125 483 DUO
2164 422 2431 482 lNEDl'I‘l.

3501 420 3606 477 834

349 561 453 599 non
487 543 598 613 ipse
644 541 904 608 ﬁrmaret;
936 542 982 597 si
1007 542 1150 597 Deus
1195 555 1303 597 non
1346 551 1508 606 esset,
1541 545 1715 612 angeli
1765 545 1832 600 ad
1871 551 1930 600 Se
1957 562 2002 615 Α
2033 545 2178 614 plum
2207 551 2390 598 nostra
2410 554 2637 611 corpora
2665 554 2771 595 non
2795 539 3049 604 haberet;
3077 538 3122 594 si
3144 537 3285 594 Deus
3313 551 3421 592 non
3441 543 3606 602 esset,

321 633 774 702 prospiciendum
829 649 936 687 non
1002 632 1476 702 concupiscerent;
1524 634 1570 688 si
1625 634 1767 688 Deus
1810 650 1919 690 non

335 733 505 790 esset,
536 738 698 794 super
723 722 905 778 Jesum
951 723 1279 792 baptizatum
1323 723 1628 778 nullatenus
1667 724 1922 779 advenis-

341 824 457 881 se};
486 816 532 870 si
572 815 712 870 Deus
732 829 839 868 non
867 820 1034 875 esset,
1065 829 1229 867 unum
1259 829 1456 868 nomen
1496 828 1618 869 cum
1658 812 1824 868 Patre
1864 822 1921 868 et

339 907 484 962 Filio
498 927 602 966 non
648 909 898 969 haberet;
923 906 968 960 si
997 905 1140 959 Deus
1168 922 1276 960 non
1307 914 1478 968 esset,
1510 905 1815 974 adoptionis
1841 904 1923 958 dt-

342 998 477 1052 vinze
501 1000 722 1066 gratiam
753 1012 861 1052 non
889 994 1155 1060 dedisset;
1197 998 1242 1050 si
1272 994 1416 1048 Deus
1445 1010 1554 1049 non
1582 1002 1751 1062 esset,
1781 1005 1891 1048 tem

339 1118 3394 1145 W

2025 638 2270 692 Christus
2291 637 2344 690 in
2388 635 2479 690 illo
2505 633 2764 689 daemonia
2795 648 2902 687 non
2932 629 3212 700 ejecisset;
3253 631 3298 684 si
3326 628 3467 684 Deus
3496 643 3606 682 non

2028 736 2193 794 esset,
2223 726 2418 781 caelum
2443 732 2496 778 et
2523 733 2716 778 terram
2747 723 3054 778 nullatenus
3101 721 3450 790 implevisset.
3479 717 3606 773 llaec

2029 818 2190 885 igitur
2215 824 2271 871 et
2293 816 2376 870 his
2403 814 2599 869 similia
2619 815 2664 868 si
2681 822 2826 868 recte
2849 811 3195 880 cogitaveris,
3219 817 3420 864 rectam
3445 807 3604 863 ﬁdem

2026 909 2092 964 de
2120 918 2306 964 sancto
2336 907 2535 978 Spiritu
2565 922 2692 961 mox
2721 905 2962 960 habebis.

785 1219 910 1280 EX
961 1218 1233 1279 LIBRO
1285 1216 1368 1277 Ill
1412 1212 1873 1274 HINCMARI
1927 1209 2630 1270 ARCHIEPISCOPI
2675 1208 3216 1279 RHEMENSIS,

917 1359 1238 1402 Λονειιευε
1283 1356 1559 1399 ΟΒΠΞΟΤΑ
1601 1353 1988 1405 GBECORUM,
2039 1354 2122 1394 AD
2149 1351 2410 1394 ODONEM
2459 1351 3023 1405 BELLOVACLNSBM;

355 1484 497 1540 NEC
539 1482 671 1539 NON
710 1483 800 1538 EX
857 1481 1056 1537 ΠΒΗο
1113 1482 1177 1536 Ill
1227 1478 1535 1534 RATRAMI
1580 1475 2020 1533 CORBEIENSIS
2075 1474 2380 1530 MONACHI
2421 1475 2693 1530 CONTRA
2745 1475 3150 1533 GRECOBUM
3208 1475 3552 1532 OPPOSITA.

1818 1615 2130 1628 ..ι-

411 1701 570 1769 663
596 1698 898 1770 Fulgentius
915 1699 1200 1767 episcopus,
1223 1696 1507 1748 litterarum
1523 1693 1706 1747 studiis
1731 1694 1916 1747 admo-

2026 1694 2301 1764 accipere,
2345 1709 2466 1748 cum
2516 1710 2629 1764 .pse
2671 1701 2901 1766 Spiritus
2931 1708 3147 1754 sanctus
3175 1713 3250 1753 suc
3291 1702 3543 1768 procedat
3568 1716 3600 1756 a

341 1793 460 1844 dum
482 1791 738 1851 eruditus,
769 1798 817 1842 et
849 1791 961 1842 vita:
982 1789 1256 1840 sanctitate
1285 1787 1601 1856 perspicuus,
1626 1783 1688 1836 ab
1714 1786 1919 1838 Ariani:
1957 1811 1997 1868 Β
2028 1787 2333 1850 Filio,siCut
2373 1788 2612 1856 procedit
2639 1804 2668 1841 a
2693 1788 2868 1854 Patre,
2889 1791 3029 1844 etsic
3059 1791 3257 1844 detnra
3278 1791 3430 1858 Filio,
3463 1794 3602 1848 sicut

340 1901 534 1955 quoque
581 1900 672 1952 pro
719 1882 972 1935 catholica
1002 1880 1105 1949 ﬁde
1157 1879 1317 1932 multa
1361 1893 1651 1947 perpessus,
1700 1879 1754 1930 in
1792 1877 1922 1932 libro

344 1971 695 2036 Qusestionum
720 1971 782 2024 de
809 1969 1037 2040 Spiritus
1065 1969 1232 2023 sancti
1259 1967 1582 2038 processione
1609 1967 1682 2018 sic
1712 1967 1812 2019 ait:

410 2062 499 2117 Sic
530 2071 700 2116 totutn
729 2061 870 2130 quod
905 2068 989 2115 est
1032 2060 1146 2129 ipsa
1178 2067 1390 2124 natura,
1421 2071 1706 2112 commune
1753 2057 1891 2110 tribu

340 2153 608 2207 invenitur
634 2168 750 2206 esse
780 2152 1042 2221 personis,
1076 2161 1133 2204 ut
1161 2150 1357 2218 aliquid
1382 2157 1559 2202 tamen
1590 2149 1912 2212 inveniatur,

334 2259 447 2312 quo
477 2242 690 2312 proprie
736 2255 1068 2308 unaquaeque
1098 2253 1323 2308 persona
1354 2245 1632 2292 noscatur:
1664 2236 1806 2306 quod
1837 2245 1917 2290 ta-

339 2350 462 2388 men
489 2348 588 2388 nec
619 2333 919 2386 inveniatur
949 2331 1268 2400 separabile,
1286 2345 1384 2383 nec
1413 2329 1584 2398 possit
1620 2344 1738 2382 esse
1765 2343 1916 2382 com-

339 2439 517 2478 mune.
547 2422 680 2476 Nam
708 2423 981 2492 proprium
1012 2420 1185 2474 Patris
1237 2419 1461 2474 dicimus
1505 2433 1624 2472 esse
1650 2417 1794 2486 quod
1823 2433 1918 2487 ge-

336 2516 491 2579 nuit;
548 2515 822 2585 proprium
868 2513 1093 2568 dicimus
1116 2511 1233 2566 Filii
1283 2527 1439 2576 esse,
1492 2511 1633 2580 quod
1682 2511 1828 2566 solus
1857 2510 1923 2565 de

337 2605 455 2658 solo
485 2603 643 2658 Patre
671 2613 824 2657 natus
851 2609 966 2667 est;
995 2601 1271 2671 proprium
1300 2601 1532 2671 Spiritus
1559 2600 1750 2663 sancti,
1779 2599 1921 2670 quod

337 2695 405 2747 de
455 2692 614 2748 Patre
659 2692 903 2762 Filioque
960 2691 1220 2760 procedit.
1269 2690 1328 2744 ln
1374 2691 1458 2744 his
1504 2705 1634 2744 vero
1689 2691 1922 2758 propriis

341 2782 483 2836 nulla
512 2791 595 2836 est
623 2792 827 2836 natura:
855 2781 1129 2850 separatio
1155 2821 1170 2846 ,
1221 2779 1312 2834 sed
1352 2777 1591 2848 quindam
1621 2778 1922 2848 personalis

339 2875 565 2945 agnitio.
1423 2867 1430 2876 ’

789 2963 922 3016 Item
950 2980 1003 3016 tn
1029 2962 1470 3034 consequentibus.

412 3052 528 3108 Non
572 3068 700 3122 ergo
744 3053 919 3124 potuit
955 3053 1222 3122 Spiritum.
1247 3062 1489 3106 sanctum
1519 3049 1768 3104 divinitas
1799 3049 1916 3102 Filii

2025 1877 2181 1931 datur
2205 1892 2234 1930 a
2257 1874 2436 1930 Patre.
2464 1876 2572 1931 Nec
2597 1877 2680 1930 illa
2710 1888 2896 1931 natura
2918 1920 2932 1942 ,
2971 1880 3108 1933 unde
3135 1879 3366 1948 Spiritus
3387 1892 3603 1936 sanctus

2027 1968 2187 2022 habet
2201 1969 2483 2035 originem,
2501 1969 2676 2038 potuit
2690 1969 2770 2022 vel
2788 1979 3122 2039 exspectare,
3136 1971 3216 2025 vel
3235 1973 3476 2042 accipere
3499 1973 3602 2026 lar-

2023 2057 2260 2124 gitatem.
2289 2057 2521 2127 Spiritus
2545 2059 2633 2112 ille
2656 2068 2800 2114 totus
2828 2070 2909 2114 est
2943 2060 3129 2126 Patris,
3169 2071 3310 2116 totus
3338 2072 3421 2116 est
3447 2063 3598 2117 Filii:

2022 2149 2146 2216 quia
2178 2164 2314 2203 unus
2339 2150 2654 2203 naturaliter
2673 2149 2728 2220 S,
2751 2152 2904 2206 iritus
2929 2162 3009 2206 est
3036 2151 3206 2206 Patris
3235 2161 3290 2206 et
3317 2153 3454 2208 Filii.
3472 2153 3603 2208 Pro-

2026 2237 2146 2291 inde
2174 2246 2319 2292 totus
2347 2238 2414 2293 de
2451 2238 2607 2292 Patre
2648 2242 2890 2308 procedit
2918 2249 2970 2294 et
2999 2242 3154 2308 Filio,
3187 2251 3330 2297 totus
3360 2244 3412 2297 in
3441 2243 3602 2299 Patro

2023 2336 2205 2381 manet
2228 2343 2292 2382 ac
2319 2328 2484 2383 Filio:
2509 2331 2631 2398 quia
2670 2333 2747 2386 sic
2778 2343 2957 2386 manet
2988 2342 3043 2387 ut
3074 2333 3346 2402 procedat,
3371 2335 3448 2388 sic
3472 2350 3602 2404 pro-

2025 2423 2167 2477 cedit
2208 2432 2266 2478 ut
2295 2434 2527 2478 maneat.
2565 2424 2714 2480 Unde
2743 2427 3050 2480 naturaliter
3095 2427 3233 2480 hanc
3273 2426 3434 2481 habet
3480 2441 3602 2482 cum

2027 2509 2184 2566 Patre
2213 2528 2276 2568 ac
2301 2512 2437 2566 Filio
2469 2515 2688 2568 unitatis
2717 2516 3122 2586 plenitudinem,
3174 2525 3227 2571 et
3257 2518 3602 2586 plenitudinis

2027 2606 2307 2670 unitatem,
2355 2615 2413 2660 ut
2440 2614 2584 2662 totus
2625 2623 2655 2660 a
2685 2607 2863 2674 Patre,
2908 2616 3053 2663 totus
3077 2610 3340 2664 habeatur
3366 2625 3395 2662 a
3443 2609 3600 2664 Filio.

2026 2695 2142 2748 Non
2189 2709 2316 2761 ergo
2348 2697 2555 2764 accepit
2603 2695 2860 2765 Spiritum
2912 2706 3157 2752 sanctum
3186 2698 3435 2752 divinitas
3459 2698 3600 2760 Filii,

2024 2804 2145 2842 cum
2167 2802 2270 2854 qua
2299 2788 2456 2840 unius
2477 2793 2559 2841 est
2589 2796 2788 2841 naturae
2809 2786 3040 2857 Spiritus
3067 2795 3302 2852 sanctus,
3334 2798 3389 2842 et
3415 2803 3479 2842 ex
3497 2804 3598 2857 qua

2025 2875 2187 2928 habet
2215 2875 2469 2943 quidquid
2499 2875 2681 2941 habet,
2711 2876 2818 2928 imo
2844 2875 2910 2928 de
2939 2889 3041 2944 qua
3068 2883 3150 2928 est
3178 2875 3282 2928 hoe
3319 2876 3461 2943 quod
3495 2884 3597 2942 est,

2025 2967 2150 3034 quia
2177 2964 2324 3034 quod
2356 2965 2669 3020 naturaliter
2698 2965 2878 3032 habet,
2911 2966 3014 3020 hoc
3039 2974 3139 3019 est.

1651 3267 2275 3340 ADMONITIO

1353 3417 1413 3457 ΙΝ
1461 3416 1788 3458 8ΕΒΜΟΝΕ5
1845 3416 2004 3459 DL‘OS
2043 3415 2149 3468 ρυι
2201 3414 2592 3467 εερυυΝτυη.

411 3521 574 3593 6641
593 3521 866 3576 Sermones
887 3523 1038 3575 hosce
1057 3521 1184 3574 duos
1206 3521 1448 3574 hactenus
1475 3521 1755 3586 ineditos,e
1776 3519 1920 3573 Vati-
1947 3523 1993 3586 ρ
2024 3537 2131 3573 cem
2159 3536 2368 3589 operum
2388 3519 2499 3589 ejus
2523 3534 2796 3589 apponere.
2827 3516 2876 3571 Η
2879 3535 3024 3572 orum
3047 3527 3216 3572 autem
3243 3520 3463 3589 priorem
3477 3536 3601 3579 .118"

325 3630 470 3668 .cano
483 3615 654 3666 codice
669 3630 700 3665 α
715 3614 819 3666 riro
835 3614 1122 3666 clarissimo
1136 3611 1274 3664 Luca
1291 3611 1335 3662 Η
1345 3613 1558 3664 olstenio
1578 3612 1701 3665 olim
1722 3612 1920 3665 descri-

326 3715 477 3775 ptos,
503 3713 552 3758 et
577 3703 639 3756 ab
659 3705 1062 3758 eminentissimo
1091 3703 1357 3756 cardinale
1369 3701 1652 3756 Barberino
1681 3704 1777 3755 huc
1806 3705 1924 3757 mis-

348 3808 450 3857 sos,
482 3794 600 3862 quia
620 3809 733 3845 cum
754 3794 953 3845 caeteris
985 3793 1151 3845 sancti
1192 3790 1458 3862 Fulgentii
1480 3791 1796 3845 sermonibus
1823 3809 1913 3846 suo

331 3884 521 3937 ordine
539 3885 593 3936 in
613 3885 774 3936 lucent
803 3884 951 3937 edere
983 3900 1085 3936 non
1117 3883 1290 3949 licuit,
1321 3882 1482 3936 visum
1519 3892 1594 3935 est
1615 3883 1696 3935 Iu'c
1718 3883 1785 3934 ad
1809 3883 1919 3936 cal—

2024 3610 2288 3682 Fulgentii
2337 3627 2447 3664 esse
2483 3613 2566 3664 via:
2608 3610 2932 3672 dubitamus;
2967 3613 3242 3681 posteriori
3278 3630 3392 3667 vero
3419 3625 3601 3669 anclo~

2023 3717 2131 3754 rem
2159 3701 2336 3763 alium,
2369 3708 2417 3752 et
2459 3700 2592 3752 hunc
2621 3700 2822 3769 quidem
2852 3700 3141 3770 probatum,
3170 3701 3286 3755 licet
3314 3704 3445 3772 forte
3471 3703 3601 3757 πται.

2022 3792 2193 3862 gentia
2221 3789 2556 3860 posteriorem
2577 3790 2941 3842 uindicandum
2963 3790 3294 3845 arbitramur.
3330 3791 3456 3854 Quis
3486 3809 3600 3846 vero

2022 3883 2089 3934 sit
2113 3881 2198 3934 ille
2226 3881 2470 3934 hactenus
2493 3897 2596 3933 non
2626 3881 2984 3949 comperimus.

1365 4109 1490 4222 So
1575 4105 2574 4222 PULGENTII

779 4304 1029 4408 DUO
1110 4297 1798 4405 SERMONES
1878 4291 2561 4397 HACTENUS
2642 4294 3163 4398 INEDITI.

1843 4463 2110 4478 h—

847 4528 1075 4584 SERMO
1113 4526 1386 4581 PRIMUS.

750 4619 813 4674 In
843 4621 1227 4673 circumcisione
1257 4617 1487 4671 Domini.
1534 4663 1537 4667 .

408 4714 457 4767 i.
497 4710 887 4767 lncarnationis
936 4709 1129 4762 divina:
1184 4708 1496 4778 mysterium
1522 4745 1537 4770 ,
1584 4715 1782 4761 nostra:
1821 4720 1910 4758 re-

2024 4528 2168 4584 runt,
2211 4527 2270 4574 ut
2297 4517 2610 4588 Unigenitus
2638 4518 2778 4574 Deus
2808 4520 2968 4574 homo
2997 4519 3110 4575 ﬁeri
3163 4520 3494 4591 dignaretur,
3543 4533 3600 4584 ut

2021 4613 2324 4670 Altissimus
2366 4611 2765 4672 humiliaretur,
2824 4621 2882 4665 ut
2933 4612 3242 4668 indeﬁciens
3286 4616 3598 4682 angelormn

2018 4705 2174 4774 panis
2197 4703 2442 4758 femineis
2470 4703 2723 4758 uberibus
2753 4703 3064 4765 iactaretur,
3091 4713 3150 4757 ut
3170 4719 3261 4758 rex
3283 4707 3597 4762 saaculorum

333 4798 1021 4867 conciliationisegregium
1047 4804 1461 4860 sacramentum,
1485 4797 1555 4848 ob
1577 4795 1682 4849 hoc
1703 4809 1732 4846 a
1756 4793 1913 4848 nobis
1945 4829 1990 4887 υ
2018 4793 2356 4849 contumeliis
2383 4791 2706 4853 afﬁceretur,
2736 4801 2795 4847 ut
2819 4795 2928 4848 vita
2975 4803 3176 4846 aeterna
3207 4795 3342 4848 mori
3389 4796 3596 4861 patien-

331 4909 508 4948 annua
529 4892 862 4947 revolutione
881 4890 1182 4944 celebratur
1205 4896 1259 4941 et
1283 4888 1499 4953 colitur,
1523 4896 1582 4941 ut
1604 4888 1734 4940 tanti
1761 4903 1910 4940 com-

333 4982 650 5037 memoratio
696 4979 940 5034 beneﬁcii
980 4978 1107 5046 quid
1137 4976 1292 5032 nobis
1341 4975 1571 5044 indignis
1609 4976 1908 5044 impensum

331 5071 596 5132 ostendat,
620 5079 676 5124 et
702 5069 828 5138 quid
873 5077 1033 5122 tanta:
1061 5065 1246 5135 glorim
1285 5065 1578 5120 debeamus
1599 5065 1906 5119 admoneat.

330 5159 578 5223 Proinde,
610 5160 822 5227 fratres,
845 5167 1046 5228 quanto
1087 5157 1254 5225 magis
1302 5157 1600 5211 audivimus
1623 5157 1906 5211 Dominum

327 5251 507 5306 Jesum
530 5252 796 5304 Christum
815 5265 912 5318 pro
935 5248 1088 5302 nobis
1109 5247 1530 5302 misericorditer
1552 5247 1903 5308 humiliatum,

329 5349 481 5395 tanto
506 5341 674 5407 magis
697 5353 1048 5408 agnoscamus
1071 5336 1410 5392 ineﬁ‘abiliter
1433 5337 1744 5404 gloriosum.
1765 5335 1820 5388 ln
1844 5351 1909 5390 eo

327 5443 558 5500 namque
579 5445 726 5484 suam
749 5431 889 5483 circa
914 5444 1012 5482 nos
1037 5429 1449 5497 insuperabilem
1470 5429 1751 5482 caritatem
1769 5428 1911 5481 Deus

327 5522 641 5589 Unigcnitus
667 5519 944 5574 evidenter
972 5521 1230 5584 ostendit,
1260 5521 1312 5574 in
1342 5535 1450 5588 quo
1491 5535 1590 5588 pro
1621 5519 1775 5574 nobis
1806 5521 1908 5574 hu-

326 5613 608 5666 militatem
632 5625 768 5664 vera:
808 5610 983 5663 carnis
1029 5625 1280 5682 veraeque
1307 5610 1514 5673 mortis,
1547 5625 1655 5662 non
1687 5619 1908 5664 coactus

326 5703 667 5766 necessitate,
716 5699 810 5754 sed
853 5699 1091 5774 bonitate
1120 5706 1406 5766 miseratus
1433 5700 1736 5768 assumpsit.
1770 5700 1905 5767 Quid

325 5794 467 5847 etaim
517 5793 646 5878 boui
709 5790 1034 5880 feceramus,
1083 5809 1329 5876 fratres,
1385 5798 1443 5842 ut
1497 5797 1704 5842 tantum
1756 5792 1910 5846 nobis

325 5873 636 5938 betietieium
663 5873 1184 5995 praestaretun'dum
1211 5888 1395 5944 nostra
1425 5879 1563 5940 bona
1586 5881 1779 5938 merita
1802 5881 1914 5938 fue-

2017 4883 2223 4939 tissime
2247 4883 2600 4951 dignaretur?

2089 4976 2142 5030 2.
2173 4973 2404 5029 Attende
2448 4973 2628 5041 igitur,
2667 4989 2701 5028 ο
2730 4974 2913 5038 homo,
2947 4982 3107 5029 tanta:
3146 4975 3488 5043 benignitatis
3516 4975 3595 5031 dt-

2017 5069 2346 5136 gnationem,
2392 5074 2450 5119 ut
2478 5066 2744 5121 actionem
2793 5068 3068 5136 persolvas
3096 5068 3370 5122 humiliter
3398 5069 3596 5136 gratia~

2015 5174 2154 5212 rum.
2181 5156 2329 5212 Scito
2358 5167 2536 5212 autem
2559 5166 2611 5213 te
2642 5175 2747 5213 non
2779 5158 3262 5227 honoriﬁcentiam,
3292 5159 3385 5214 sed
3408 5169 3602 5213 contu~

2016 5251 2231 5306 meliam
2274 5249 2466 5305 divinae
2491 5251 2676 5319 gratia:
2726 5251 2974 5316 reddere,
3003 5252 3047 5304 si
3096 5252 3323 5320 cmperis
3366 5250 3432 5304 de
3461 5251 3596 5306 tanti

2014 5340 2259 5394 benelicii
2279 5339 2646 5408 magnitudine
2674 5341 2937 5395 dubitare.
2959 5339 3070 5395 lmo
3094 5341 3180 5394 illa
3195 5342 3374 5396 omnia
3399 5339 3595 5411 qumde

2012 5432 2314 5486 humilitate
2336 5441 2498 5500 atque
2510 5431 2839 5484 humanitate.
2851 5430 3059 5484 Domini
3076 5429 3368 5487 Salvatoris
3384 5432 3592 5486 audivi-

2011 5538 2148 5584 mus,
2175 5536 2298 5576 vera
2329 5537 2449 5576 esse
2476 5522 2592 5574 sine
2621 5521 2796 5588 aliqua
2827 5521 3168 5575 luesitatione
3199 5522 3499 5576 credamus.
3527 5521 3594 5574 Et

2015 5613 2136 5666 ideo
2166 5613 2334 5679 magis
2355 5625 2572 5678 agamus
2601 5611 2820 5678 gratias,
2851 5609 3058 5674 fratres,
3089 5611 3180 5680 qui
3208 5629 3327 5665 cum
3357 5626 3593 5667 merere-

2015 5719 2134 5756 mur
2162 5716 2393 5770 prunam,
2424 5701 2761 5769 percepimus
2782 5701 3040 5767 gratiam:
3068 5717 3171 5769 qua
3194 5703 3362 5770 gratia
3393 5702 3590 5756 factum

2015 5803 2095 5846 est
2130 5801 2185 5844 ut
2233 5790 2358 5844 dum
2383 5790 2526 5856 jnste
2567 5805 2714 5844 mors
2762 5789 2987 5844 debetur
3014 5790 3258 5858 perditis,
3289 5791 3396 5844 vita
3427 5789 3592 5857 gratis

2015 5883 2305 5939 donaretur
2334 5879 2580 5949 indignis.
2611 5881 2773 5951 665
2807 5865 3058 5934 Altissimi
3089 5894 3317 5949 namque
3346 5879 3591 5934 Salvato-
