4050 6484
557 441 664 500 835

1578 443 1635 500 S.
1674 440 2033 498 FULGENTII
2064 439 2366 498 EPISCOPI
2407 440 2774 498 RUSPENSIS
3287 428 3290 431 ’
3672 448 3755 501 836

556 557 630 612 ris
657 553 927 611 humilitas
971 569 1078 610 non
1127 552 1226 625 ipsi
1273 553 1488 624 aliquod
1518 554 1696 609 intulit
1723 553 2128 621 detrimentum,
2157 559 2203 616 Α
2231 568 2458 623 corpore
2504 552 2692 607 fecerit
2737 549 3038 606 celebrari?
3063 547 3172 604 Cur
3199 557 3376 605 autem
3400 563 3503 605 non
3534 551 3624 607 sibi
3643 553 3757 610 Deus

553 645 648 703 sed
694 646 1078 701 incrementum
1132 645 1284 700 nobis
1312 644 1538 699 contulit
1583 656 1834 711 magnum
1863 659 1878 706 ;
1911 657 2010 696 nec
2036 658 2132 696 ex-

554 734 730 791 celsos
748 732 960 803 dejecit,
979 733 1072 791 sed
1096 733 1330 802 dejectos
1362 733 1553 787 erexit.
1580 730 1650 786 Ut
1678 733 1822 786 enim
1851 731 1944 787 Dei
1968 732 2132 787 Filius

555 825 776 894 plenum
803 832 1119 893 operaretur
1145 823 1527 892 redemptionis
1580 831 1780 876 nostrae
1832 822 2128 890 negotium,

557 931 663 968 non
689 914 863 968 solum
888 913 1131 981 dignatus
1152 921 1236 968 est
1253 913 1415 966 totius
1436 912 1610 968 carnis
1629 920 1860 976 creator,
1883 911 1950 965 de
1969 926 2132 966 carne

553 1005 784 1073 Virginis
811 1005 1100 1061 secundum
1122 1005 1400 1058 veritatem
1429 1003 1606 1058 carnis
1629 1003 1942 1056 naturaliter
1963 1001 2130 1068 nasci,

557 1105 612 1152 et
637 1096 778 1150 Deus
808 1096 979 1150 factor
998 1096 1245 1159 hominis,
1274 1095 1435 1149 homo
1467 1110 1624 1150 verus
1643 1110 1711 1148 ex
1736 1095 1955 1149 homine
1984 1094 2129 1160 fieri;

556 1187 685 1257 quin
715 1188 876 1242 etiam
914 1187 1104 1257 pannis
1133 1187 1350 1252 involvi,
1383 1188 1435 1241 in
1467 1187 1840 1254 angustissimo
1869 1186 2131 1256 praesepio

557 1278 844 1342 collocari,
903 1287 1095 1332 octavo
1151 1277 1238 1332 die
1280 1279 1628 1343 circumcidi,
1660 1278 1824 1334 et-ad
1873 1279 2131 1347 templum

557 1382 712 1420 suum
761 1367 1006 1422 humanis
1047 1369 1295 1421 manibus
1341 1369 1586 1436 bajulari.
1642 1367 1686 1421 Ο
1714 1368 2130 1423 clementissrma

559 1456 653 1510 Dei
683 1456 1006 1525 benignitas!
1033 1459 1305 1512 oexcelsa
1328 1459 1569 1512 altissimi
1593 1458 1685 1513 Dei
1714 1459 2015 1512 humilitas!
2039 1459 2134 1514 llle

556 1561 587 1600 a
634 1554 806 1600 matre
856 1548 1190 1602 nutriebatur
1242 1548 1570 1614 infantulus,
1619 1551 1709 1618 qui
1758 1558 1984 1604 matrem
2030 1551 2130 1626 sibi

556 1635 759 1691 creavit
824 1637 1132 1692 immensus.
1206 1638 1326 1707 Ipse
1379 1655 1410 1693 a
1463 1641 1776 1708 parentibus
1840 1641 1906 1694 ad
1976 1657 2130 1696 suum

556 1727 813 1795 templum
889 1743 1024 1796 puer
1090 1729 1346 1796 parvulus
1413 1731 1764 1799 portabatur,
1823 1731 1933 1800 qui
1989 1729 2133 1786 Deus

555 1832 778 1886 magnus
808 1819 859 1873 in
889 1819 1076 1874 eodem
1127 1823 1325 1890 templo
1358 1835 1387 1874 a
1417 1823 1618 1877 sanctis
1646 1823 1949 1877 hominibus
1977 1839 2133 1892 roga-

2235 652 2420 699 noster
2447 643 2720 713 praeterito
2749 651 2991 710 tempore
3018 641 3273 710 populum
3313 641 3604 697 Judaeorum
3637 646 3755 714 typi-

2234 749 2326 790 cas
2343 733 2589 803 jussisset
2611 734 2855 788 victimas
2871 733 3046 786 carnis
3067 733 3279 796 offerre,
3301 734 3511 802 quando
3530 734 3633 804 ipse
3643 735 3758 794 Deus

2231 827 2396 898 666
2432 825 2749 896 Unigenitus
2772 841 2837 880 ex
2867 824 3065 879 Judaeis
3094 826 3462 895 temporaliter
3498 837 3657 891 natus,
3683 845 3754 884 se-

2233 915 2407 986 ipsum
2437 932 2535 986 pro
2565 917 2762 971 nostris
2808 914 3046 984 peccatis
3067 915 3357 968 secundum
3378 930 3585 970 carnem
3605 917 3758 984 digna-

2233 1013 2320 1061 tus
2341 1015 2424 1063 est
2452 1005 2754 1060 immolari?
2783 1004 3036 1058 Attendat
3080 1005 3238 1073 igitur
3265 1003 3578 1060 Manichmus
3597 1011 3760 1061 utrius-

2233 1112 2336 1168 que
2365 1096 2694 1151 Testamenti
2724 1094 3209 1148 manifestissimam
3237 1103 3294 1148 et
3324 1094 3756 1150 eoncordissima

2234 1188 2545 1250 veritatem,
2576 1195 2631 1240 et
2685 1186 2975 1240 vanitatem
3021 1200 3314 1239 conversus
3361 1184 3571 1253 abjiciat
3617 1202 3758 1242 suam.

2238 1278 2424 1334 Videat
2447 1279 2499 1332 in
2528 1278 2709 1332 Veteri
2734 1276 3078 1332 Testamento
3106 1276 3546 1346 significationem
3587 1279 3760 1335 futuro-

2233 1386 2373 1434 rum,
2397 1369 2449 1423 in
2481 1367 2630 1423 Novo
2661 1369 3049 1438 pneteritorum
3075 1368 3460 1423 revelationem
3486 1385 3500 1434 ;
3529 1367 3758 1424 Christum

2233 1468 2410 1513 autem
2460 1459 2626 1513 Deum
2683 1459 2962 1513 amborum
3009 1457 3494 1525 Testamentorum,
3536 1459 3583 1510 in
3618 1457 3762 1514 Veteri

2234 1549 2577 1604 Testamento
2605 1549 2748 1617 quod
2777 1549 3110 1603 exhibiturus
3158 1548 3333 1602 fuerat
3379 1549 3758 1618 promittentem,

2239 1639 2292 1692 in
2323 1638 2474 1693 Novo
2500 1637 2846 1691 exhibentem
2894 1636 3034 1705 quod
3083 1636 3404 1705 promiserat
3439 1653 3451 1688 :
3478 1652 3570 1690 nec
3594 1637 3638 1690 in
3665 1653 3762 1706 pro-

2234 1730 2489 1783 missione
2517 1727 2853 1792 mendacem,
2882 1741 2982 1782 nec
3012 1725 3254 1782 fallacem
3287 1727 3340 1780 in
3357 1726 3666 1792 donatione;
3691 1727 3764 1781 sed

2233 1818 2430 1886 ubique
2455 1817 2675 1881 bonum,
2703 1815 2897 1884 ubique
2921 1814 3143 1884 justum,
3175 1816 3372 1884 ubique
3400 1824 3647 1877 sanctum,
3670 1817 3763 1870 ubi-

554 1904 728 1961 batur.
763 1906 828 1961 Et
856 1907 997 1962 idem
1035 1925 1134 1980 pro
1169 1925 1228 1965 se
1273 1909 1593 1967 sacrificium
1635 1915 1884 1984 praecepit
1925 1913 2125 1979 offerri,
2162 1925 2205 1984 ις
2233 1924 2336 1978 qut-
2363 1916 2655 1978 potentem,
2689 1907 2887 1974 ubique
2931 1905 3254 1960 clementem
3289 1906 3380 1960 :in
3421 1905 3593 1961 Veteri
3617 1906 3766 1962 Testa-

554 1999 644 2067 qui
666 1999 782 2054 sine
809 2009 1032 2069 peccato
1059 2017 1156 2071 pro
1172 2002 1368 2056 nostris
1391 2012 1610 2058 venerat
1639 2005 2002 2073 impietatibus
2029 2005 2130 2059 im-

555 2089 764 2144 molari.
797 2091 1086 2146 Considera
1119 2092 1295 2160 igitur,
1328 2093 1509 2160 homo,
1540 2095 1666 2163 quid
1695 2095 1892 2150 debeas
1916 2096 2131 2151 excelso

555 2189 716 2250 atque
744 2183 1026 2239 humiliato
1056 2200 1154 2254 pro
1178 2193 1262 2250 te;
1292 2186 1506 2241 excelso
1547 2185 1792 2242 Creatori
1821 2196 1932 2252 tuo,
1955 2187 2134 2243 humi-

556 2270 687 2326 liato
717 2272 1063 2344 Redemptori
1097 2286 1211 2330 tuo.

625 2362 678 2416 3.
706 2363 1104 2429 Verumtamen,
1136 2365 1418 2431 carissimi,
1451 2365 1557 2422 hoc
1582 2381 1795 2436 semper
1819 2366 2135 2421 Christianae

555 2452 677 2508 fidei
706 2463 891 2509 tenere
918 2457 1199 2510 consuevit
1224 2456 1524 2524 integritas,
1548 2465 1606 2510 ut
1633 2457 1678 2511 si
1707 2457 1834 2527 quid
1861 2473 1891 2511 a
1920 2457 2134 2512 Christo

555 2546 846 2601 secundum
895 2549 1206 2603 canonicam
1254 2548 1713 2617 Evangelistarum
1763 2551 2130 2606 narrationem

555 2637 753 2691 factum
807 2637 1031 2708 legimus
1086 2639 1168 2694 vel
1222 2639 1558 2705 audivimus;
1589 2641 1870 2696 historiam
1905 2642 2132 2710 primum

555 2741 736 2781 veram
758 2742 876 2782 esse
900 2728 1014 2782 sine
1035 2728 1372 2784 dubitatione
1397 2731 1704 2794 credamus,
1727 2730 1920 2784 deinde
1943 2732 1994 2784 in
2031 2731 2138 2785 his-

553 2819 724 2873 torica
771 2819 998 2875 veritate
1037 2821 1332 2890 spiritalem
1371 2836 1586 2892 quoque
1622 2823 2026 2890 intelligentiam
2052 2838 2139 2878 re-

536 2912 846 2979 ~quiramus.
875 2913 1008 2967 Cum
1064 2913 1208 2968 enim
1261 2914 1455 2969 divinae
1502 2923 1680 2970 textus
1720 2915 1955 2969 historize
1981 2931 2138 2970 verus

556 3016 673 3056 esse
700 3003 953 3067 creditur,
981 3001 1303 3058 Manichmus
1333 3004 1383 3058 in
1409 3019 1504 3058 sua
1535 3005 1824 3059 severitate
1853 3003 2134 3058 confundi-

557 3100 644 3146 tur
675 3110 687 3145 :
718 3093 806 3162 qui
837 3093 963 3148 dum
995 3094 1050 3148 in
1070 3093 1284 3149 Christo
1314 3094 1407 3148 Dei
1429 3093 1566 3149 Filio
1587 3095 1870 3149 veritatem
1893 3110 2000 3148 non
2029 3110 2142 3149 σει

555 3181 634 3235 dit
678 3183 871 3246 carnis,
905 3183 1196 3254 Scripturis
1241 3185 1443 3238 sanctis
1494 3193 1549 3239 et
1595 3187 1867 3252 veteribus
1903 3194 1958 3240 et
1987 3187 2139 3241 novis

2233 2007 2415 2052 mento
2441 1998 2616 2053 carnis
2637 2007 2796 2067 atque
2823 1997 3012 2052 anima:
3033 1997 3465 2066 potentissimum
3489 2006 3765 2066 creatorem,

2234 2086 2286 2142 in
2315 2087 2463 2142 Novo
2484 2086 2719 2156 ejusdem
2745 2087 2921 2142 carnis
2944 2094 3103 2155 atque
3124 2086 3317 2140 anima:
3336 2087 3762 2143 clementissimum

2232 2184 2626 2246 susceptorem;
2658 2192 2722 2232 ac
2760 2177 2837 2232 sic
2876 2177 3050 2247 primo
3079 2177 3256 2232 carnis
3305 2179 3595 2251 animatque
3621 2181 3766 2234 salva-

2234 2280 2426 2326 torem.
2470 2270 2592 2326 Hznc
2635 2269 2956 2325 Manichaaus
2995 2270 3198 2333 audiat,
3223 2271 3487 2337 conferat,
3523 2282 3759 2341 agnoscat,

2235 2369 2290 2416 et
2316 2363 2521 2427 credat,
2543 2361 2872 2430 credensque
2927 2361 2993 2415 ad
3044 2362 3342 2417 Ecclesiam
3386 2364 3684 2419 catholicam
3708 2379 3767 2418 re-

2195 2521 2198 2524 ,
2235 2452 2378 2519 deat,
2408 2453 2461 2507 in
2489 2467 2594 2521 qua
2617 2451 2935 2507 beneficium
2963 2467 3102 2507 verte
3132 2453 3324 2509 salutis
3348 2454 3595 2509 inveniat.

2305 2542 2358 2596 5.
2393 2542 2495 2598 Per
2519 2544 2631 2598 haec
2656 2552 2835 2598 autem
2864 2559 2983 2612 qua:
3025 2543 3286 2599 Dominus
3317 2545 3483 2612 gessit
3509 2545 3558 2599 in
3579 2559 3767 2614 corpore

2235 2633 2577 2699 constitutus,
2608 2649 2716 2688 non
2747 2633 2921 2688 solum
2951 2633 3228 2703 utriusque
3258 2632 3594 2689 Testamenti
3614 2634 3766 2701 digna-

2238 2731 2321 2777 tus
2347 2731 2431 2779 est
2454 2723 2796 2779 concordiam
2824 2723 3218 2791 demonstrare,
3236 2740 3428 2780 verum
3459 2726 3610 2780 etiam
3645 2724 3768 2780 Clui-

2239 2816 2504 2870 tianorum
2553 2831 2732 2871 mores
2788 2817 3080 2872 informare
3142 2818 3440 2873 salubriter
3482 2818 3639 2873 voluit
3684 2825 3772 2870 :ut

2239 2905 2381 2974 quod
2421 2905 2474 2958 in
2503 2905 2596 2960 illo
2624 2921 2722 2976 pro
2751 2905 2927 2960 salute
2955 2915 3138 2961 nostra
3166 2917 3382 2976 gestum
3411 2923 3525 2963 esse
3558 2921 3772 2976 corpora-

2241 2997 2363 3051 liter
2407 2997 2704 3063 intuemur,
2749 2997 3021 3052 imitemur
3068 3014 3167 3053 nos
3215 3014 3435 3068 quoque
3484 2999 3772 3069 spiritaliter.

2239 3084 2363 3138 Ideo
2410 3100 2639 3154 namque
2686 3086 2939 3155 parvulus
2969 3088 3020 3141 in
3052 3094 3198 3142 terra
3230 3097 3392 3144 natus
3423 3102 3505 3144 est
3549 3087 3772 3149 Christus,

2242 3183 2300 3227 ιιι
2346 3175 2700 3231 humilitatem
2749 3176 2982 3233 disceret
3028 3176 3390 3235 Christianus.
3429 3180 3506 3236 0b
3536 3181 3627 3235 hoc
3647 3181 3774 3234 etiam

555 3270 756 3324 crimen
780 3271 964 3326 nititur
986 3272 1260 3341 imponere
1291 3273 1702 3327 falsitatis.Nam
1727 3273 1934 3328 Veteris
1957 3275 2138 3330 Tcsta-
2169 3294 2206 3352 ε
2241 3268 2551 3338 parentibus
2574 3271 2752 3324 carnis
2793 3285 2903 3324 sum
2928 3272 3171 3326 Subditus
3199 3281 3340 3334 erat.
3375 3281 3431 3326 ut
3463 3270 3775 3327 honoriﬁcen-

556 3360 722 3412 menti
763 3359 1006 3415 deificam
1049 3363 1212 3417 miser
1239 3373 1549 3418 exsecratur
1575 3365 1871 3432 historiam,
1903 3367 1954 3420 in
1985 3366 2136 3422 Novo

556 3447 905 3513 Testamento
957 3453 1070 3521 ipse
1115 3453 1215 3507 sibi
1271 3453 1504 3521 denegat
1561 3456 1743 3524 utique
1792 3457 2133 3512 medicinam.

558 3535 673 3592 Non
699 3539 812 3592 vult
838 3539 979 3594 enim
1003 3529 1288 3595 humanam
1320 3543 1540 3598 credere
1563 3560 1778 3599 carnem
1803 3561 1832 3599 a
1856 3545 1965 3601 Deo
1997 3547 2140 3617 plas-

559 3635 778 3694 matam,
805 3645 979 3699 neque
1008 3631 1466 3687 circumcisionem
1522 3636 1698 3690 carnis
1745 3629 2058 3706 imperatam
2107 3653 2137 3692 a

558 3717 669 3773 Deo
707 3720 904 3774 nostris
932 3721 1132 3774 sanctis
1161 3721 1403 3791 patribus
1425 3761 1440 3783 ,
1483 3737 1585 3777 nec
1616 3724 1888 3778 victimam
1919 3725 1985 3779 de
2015 3740 2138 3778 car-

559 3810 715 3866 nibus
740 3811 1047 3866 animalium
1079 3813 1187 3867 Deo
1213 3813 1333 3867 vivo
1363 3821 1418 3867 et
1438 3829 1567 3868 vero
1594 3815 1783 3884 priscis
1809 3816 2141 3884 temporibus

559 3901 905 3967 immolatum,
930 3917 1030 3957 nec
1057 3903 1337 3956 sabbatum
1367 3919 1430 3958 ex
1457 3904 1550 3960 Dei
1574 3913 1845 3974 praecepto
1867 3920 1930 3960 ac
1952 3906 2140 3960 volun-

558 3997 669 4044 tate
715 3999 1004 4054 servatum,
1038 4006 1139 4045 nec
1195 3989 1519 4046 fabricatum
1578 3992 1806 4048 Domino
1860 3993 2136 4063 templum,

556 4077 776 4146 iubente
804 4079 931 4134 Deo.
957 4077 1140 4148 itaque
1168 4079 1292 4134 dum
1323 4081 1376 4135 in
1427 4081 1718 4152 Scripturis
1770 4084 1972 4138 sanctis
2028 4099 2138 4138 non

556 4167 815 4223 discernit
861 4179 1162 4239 temporum
1215 4171 1555 4239 qualitatem,
1587 4174 1794 4242 spernit
1819 4182 1876 4229 et
1912 4174 2140 4245 despicit

555 4257 957 4312 saluberrimam
976 4261 1256 4314 veritatem
1272 4261 1552 4316 dominicae
1576 4264 1975 4319 incarnationis.
1992 4265 2136 4332 Qua-

558 4354 780 4422 propter
827 4358 884 4400 ut
930 4347 1253 4404 Manichatus
1281 4352 1684 4408 evidentissima
1718 4356 1926 4409 ratione
1952 4357 2137 4411 vinca-

558 4443 647 4488 tur
710 4445 765 4488 et
830 4446 1210 4506 convertatur,
1266 4442 1465 4494 utinam
1519 4444 1688 4498 victus
1745 4460 1812 4498 ex
1875 4446 2133 4502 hodierna

555 4526 868 4593 evangelica
913 4527 1166 4592 lectione,
1206 4531 1486 4596 veritatem
1543 4532 1868 4588 Testamenti
1924 4536 2134 4594 Veteris

2245 3365 2372 3417 tiam
2402 3377 2613 3432 semper
2641 3361 2780 3431 patri
2809 3370 2864 3416 et
2894 3363 3048 3415 matri
3079 3364 3259 3418 omnis
3311 3363 3635 3418 Christianus
3657 3361 3774 3415 exhi-

2242 3456 2383 3510 beat.
2415 3453 2540 3507 ldeo
2576 3461 2755 3507 autem
2801 3453 3046 3510 Christus
3079 3455 3274 3510 vilibus
3319 3457 3509 3526 pannis
3554 3454 3776 3509 involutus

2240 3555 2341 3611 est,
2374 3554 2433 3600 ut
2459 3544 2794 3600 Christianus
2837 3561 2944 3600 non
2973 3545 3340 3600 delectaretur
3363 3547 3591 3600 vestibus
3617 3543 3776 3613 pretio-

2241 3637 2334 3692 sis.
2363 3635 2652 3704 Propterea
2686 3651 2818 3689 vero
2860 3635 3102 3690 Christus
3149 3637 3203 3690 in
3257 3645 3400 3691 terra
3429 3651 3623 3706 pauper
3647 3631 3778 3688 voluit

2240 3741 2520 3796 apparere,
2546 3733 2603 3779 ut
2632 3725 2824 3780 divites
2846 3725 3139 3780 Christiani
3170 3726 3448 3782 discerent
3479 3738 3696 3781 terrenas
3719 3723 3780 3776 di-

2244 3819 2404 3873 vitias
2429 3835 2537 3873 non
2561 3833 2743 3872 amare
2768 3834 2783 3882 ;
2813 3817 2905 3872 scd
2929 3817 3327 3889 eleemosynam
3355 3818 3661 3888 pauperibus
3683 3828 3778 3870 em.-

2241 3909 2434 3978 gando,
2467 3916 2690 3979 possent
2711 3923 2836 3963 suas
2857 3907 3072 3962 divitias
3100 3908 3152 3962 in
3185 3909 3326 3964 casio
3349 3924 3579 3964 servare.
3607 3905 3675 3960 0b
3696 3905 3777 3957 hoc

2242 3999 2417 4054 fuitin
2451 4007 2679 4067 angusto
2710 3999 2970 4068 praesepio
3001 3998 3208 4067 positus
3228 3997 3494 4060 Christus,
3525 3998 3607 4068 qui
3636 3994 3769 4048 totius

2241 4092 2292 4146 in
2325 4091 2605 4146 latitudine
2629 4107 2735 4144 non
2767 4087 2947 4143 finitur
2975 4091 3169 4145 mentis
3195 4105 3306 4144 sum
3339 4110 3352 4145 ε
3386 4100 3444 4146 ut
3474 4091 3523 4146 in
3546 4103 3658 4144 cum
3682 4100 3776 4140 cre-

2238 4182 2428 4236 dentes
2455 4183 2694 4251 spiritale
2728 4181 2987 4234 haberent
3015 4181 3287 4250 pabulum,
3315 4192 3370 4237 et
3397 4180 3665 4236 Christiani
3689 4177 3776 4230 dis-

2237 4279 2430 4326 cerent
2469 4289 2575 4326 non
2605 4272 2812 4326 inhiare
2839 4269 3084 4324 dantibus
3115 4280 3206 4326 aut
3231 4273 3646 4341 possessionibus
3671 4267 3771 4321 allo-

2238 4377 2377 4416 rum.
2400 4361 2494 4416 Cui
2526 4363 2669 4417 enim
2719 4361 3024 4418 Christiano
3053 4364 3449 4432 quantumlibet
3469 4363 3584 4418 vilis
3601 4361 3776 4418 domuS.

2239 4457 2324 4510 vel
2347 4456 2669 4526 possibilitas
2689 4455 2905 4525 propria
2935 4472 3040 4510 non
3071 4455 3323 4524 sufficiat,
3354 4455 3566 4528 quando
3593 4453 3770 4506 Christo

2240 4545 2334 4600 Dei
2361 4545 2493 4599 Filio
2517 4545 2710 4600 modici
2741 4546 2983 4616 prmsepii
3011 4545 3221 4601 suffecit
3249 4547 3536 4616 angustia?

554 4619 929 4686 defendamus,
959 4629 1016 4675 ut
1043 4637 1109 4676 ex
1144 4623 1248 4678 hoc
1278 4623 1486 4679 Veteris
1525 4634 1580 4681 et
1616 4624 1750 4680 Novi
1780 4627 1945 4682 Deum
1973 4644 2134 4683 unum
2164 4671 2210 4725 α
2312 4639 2363 4690 6.
2397 4637 2500 4691 Per
2538 4637 2997 4692 circumcisionem
3043 4653 3174 4693 vero
3219 4654 3380 4708 quam
3427 4638 3518 4692 Dei
3563 4635 3708 4691 Filius
3737 4631 3777 4684 in

558 4711 996 4767 manifestissime
1016 4715 1426 4783 comprobemus
1445 4717 1458 4768 !

631 4800 682 4854 4.
717 4800 856 4858 Ecce
909 4813 1098 4858 sancto
1148 4805 1436 4874 Evangelio
1489 4817 1739 4864 narrante
1788 4811 2138 4880 cognovimus

552 4889 825 4946 Christum
876 4892 971 4948 Dei
1024 4894 1213 4950 Filium
1269 4898 1534 4953 veraciter
1582 4900 1970 4966 circumcisum,
2034 4917 2132 4971 pro

550 4983 764 5038 Christo
795 4983 889 5039 Dei
915 4983 1052 5040 Filio
1079 4986 1400 5044 sacrificium
1433 4989 1500 5044 de
1529 4992 1798 5059 carnibus,
1830 4993 2130 5049 secundum

549 5089 754 5129 morem
781 5083 908 5130 tunc
934 5076 1128 5132 divinae
1157 5079 1505 5136 institutionis
1557 5082 1795 5137 oblatum
1829 5102 1841 5136 :
1871 5085 1984 5140 sive
2031 5101 2127 5140 au-

549 5169 655 5216 tem
678 5163 1016 5220 circumcisio
1046 5167 1242 5232 carnis,
1285 5169 1398 5223 sive
1420 5171 1714 5225 carnalium
1744 5172 2128 5230 sacrificiorum

547 5253 730 5321 regula
778 5255 830 5309 in
871 5255 1053 5311 Veteri
1103 5257 1453 5315 Testamento
1494 5264 1837 5330 cognoscitur
1866 5265 2130 5321 instituta.

543 5339 653 5396 Cur
675 5343 856 5412 igitur,
876 5345 1233 5411 dilectissimi,
1259 5365 1365 5404 non
1382 5351 1616 5406 credatis
1633 5351 1929 5420 iustissime
1957 5357 2010 5411 in
2033 5357 2139 5411 Ve-

546 5433 650 5487 teri
675 5432 1045 5504 Testamento,
1070 5441 1324 5508 quoniam
1351 5441 1443 5496 Dei
1473 5443 1721 5496 manibus
1742 5443 2035 5512 plasmatus
2058 5455 2142 5500 est

543 5521 740 5588 homo,
770 5527 990 5596 quando
1020 5529 1074 5583 in
1103 5528 1252 5584 Novo
1282 5529 1646 5600 Testamento,
1674 5541 1733 5586 ut
1772 5549 1878 5588 non
1909 5533 1960 5588 in
1986 5542 2140 5589 aeter-

543 5627 670 5666 num
699 5616 898 5684 periret
930 5619 1125 5683 homo,
1159 5621 1274 5690 ipse
1304 5618 1625 5690 Unigenitus
1655 5623 1795 5679 Deus
1842 5639 1941 5693 pro
1983 5625 2138 5680 nobis

545 5699 714 5760 factus
741 5715 821 5762 est
842 5724 1005 5765 verus
1034 5710 1197 5766 homo
1220 5712 1244 5764 ?
1271 5710 1380 5766 Cur
1405 5727 1514 5768 non
1535 5711 1786 5768 credatur
1805 5713 1948 5769 Deus
1972 5715 2133 5770 etiam

543 5797 1124 5862 circumcisionem-ad
1171 5806 1374 5878 aliquid
1424 5807 1836 5875 signilicandum
1894 5821 2132 5876 congruo

549 5898 790 5952 tempore
821 5897 1048 5972 jussisse
1098 5897 1245 5966 fieri,
1277 5913 1402 5954 cum
1444 5913 1568 5953 eam
1620 5899 1715 5954 Dei
1745 5897 1910 5955 Filius
1951 5900 2003 5954 in
2033 5914 2131 5955 suo

2239 4741 2401 4781 carne
2447 4727 2704 4796 suscepit,
2731 4728 2897 4782 nostri
2925 4727 3101 4783 cordis
3132 4729 3593 4784 c'rcumcisionem
3616 4727 3661 4779 in
3686 4721 3771 4791 spi-

2239 4817 2346 4870 ritu
2401 4817 2849 4886 prznmonstravit.
2902 4818 3074 4883 Quam
3139 4819 3594 4873 circumcisionem
3645 4831 3674 4868 n
3707 4812 3769 4866 bis

2232 4921 2412 4961 sermo
2458 4907 2644 4975 legalis
2695 4907 2897 4970 indicit,
2933 4907 3147 4962 dicente
3183 4908 3365 4980 Moyse
3394 4928 3406 4962 :
3439 4904 3764 4962 Circumcidite

2230 4998 2533 5068 praeputium
2563 4996 2734 5050 cordis
2773 4997 2945 5063 vestri,
2974 5006 3022 5049 et
3050 4997 3474 5051 circumcidintini
3513 4996 3612 5049 Deo
3643 5000 3774 5046 ωηο

2236 5086 2415 5158 (Deut.
2435 5103 2490 5151 χ,
2515 5085 2626 5156 16).
2651 5087 2748 5140 Cui
2771 5095 3040 5156 prascepto
3060 5088 3356 5143 concordat
3379 5090 3562 5142 beatus
3585 5087 3775 5155 Aposto-

2237 5179 2340 5241 lus,
2363 5177 2546 5232 dicens
2577 5194 2588 5228 :
2621 5175 2744 5231 Non
2767 5179 2906 5231 enim
2939 5179 3025 5248 qui
3072 5180 3125 5232 in
3172 5180 3454 5248 manifesto
3479 5188 3551 5231 est
3573 5175 3772 5234 Iudaeus,

2241 5283 2400 5337 neque
2419 5283 2532 5338 qua:
2558 5269 2613 5320 in
2640 5269 2917 5339 ntanifesto
2955 5271 3010 5322 in
3058 5285 3214 5323 carne
3242 5270 3587 5332 circumcisio;
3613 5264 3692 5320 sed
3707 5260 3772 5331 qui

2243 5356 2298 5407 in
2320 5353 2618 5408 abscondito
2650 5364 2726 5409 est
2758 5355 2972 5411 Judwus
3004 5367 3052 5410 et
3081 5359 3400 5412 circumcisio
3429 5357 3591 5411 cordis
3613 5356 3661 5408 in
3684 5351 3770 5419 spi-

2247 5446 2369 5508 ritu,
2399 5460 2500 5497 non
2527 5445 2734 5510 littera;
2763 5450 2909 5516 cujus
2939 5447 3052 5500 laus
3082 5464 3185 5502 non
3207 5466 3272 5503 ex
3297 5447 3594 5509 hominibus,
3622 5442 3700 5497 sed
3720 5455 3769 5492 es

2249 5530 2356 5586 Deo
2384 5542 2460 5586 est
2492 5533 2667 5602 (Rom.
2714 5551 2771 5599 ιι,
2812 5533 2900 5597 28,
2933 5533 3046 5604 29).
3082 5534 3312 5591 Proinde
3353 5533 3768 5590 circumcisionem

2245 5622 2299 5676 in
2349 5637 2578 5691 corpore
2628 5622 2818 5677 habuit
2845 5623 3109 5693 Christus,
3139 5634 3199 5679 ut
3227 5625 3530 5695 spiritaliter
3560 5624 3606 5677 in
3633 5617 3764 5676 corde

2243 5713 2438 5768 habeat
2460 5713 2814 5770 Christianus.
2847 5712 2928 5768 0b
2956 5716 3059 5770 hoc
3083 5731 3312 5787 namque
3333 5716 3439 5779 ille,
3467 5715 3554 5784 qui
3595 5710 3763 5767 nullum

2241 5803 2440 5859 habere
2491 5804 2668 5873 potuit
2704 5804 2923 5858 omnino
2971 5812 3272 5873 peccatum,
3313 5805 3548 5876 deposuit
3587 5815 3761 5874 prmpu-

2239 5896 2371 5951 tium
2393 5896 2570 5951 carnis
2592 5935 2607 5962 ,
2656 5904 2713 5949 ut
2759 5911 2857 5951 nos
2884 5895 3193 5965 abjiciamus
3221 5896 3478 5956 desideria
3505 5891 3756 5969 pravitatis.
