3996 6594
238 437 341 495 8‘57

1484 427 1843 486 SERHONBS
1883 426 2018 484 DUO
2047 424 2318 485 lNEDlTl.

2632 367 2687 393 .'.

3387 426 3490 484 838

235 547 480 604 Christus
509 544 669 615 igitur
697 541 944 598 manibus
969 549 1054 599 est
1079 547 1322 614 portatus
1345 542 1410 596 ad
1441 542 1721 611 templum,
1754 549 1814 594 ut
1843 553 1890 609 Α
1917 542 1986 596 de
2010 541 2259 610 gignente
2284 584 2300 611 ,
2352 540 2582 611 Spiritus
2619 546 2835 597 sanctus
2876 538 3119 612 procedit
3163 539 3230 597 de
3275 555 3496 613 perma-

236 635 569 692 Christianus
614 634 771 690 bonis
816 632 1069 702 operibus
1119 630 1450 688 conscendat
1491 631 1545 685 in
1588 631 1806 686 caelum.

236 724 570 782 Sacriﬁcium
597 737 694 793 pro
714 738 773 778 se
793 721 973 778 offerri
998 721 1168 776 voluit
1188 721 1454 788 Christus,
1477 727 1535 775 ut
1561 718 1628 773 ad
1650 719 1824 773 altare

239 813 454 869 Domini
481 828 540 869 se
566 811 758 867 olferat
804 809 1159 867 Christianus.
1185 809 1416 865 Maxime
1463 817 1643 863 autem
1687 809 1826 864 bene

237 906 471 960 vivendo
499 905 735 974 seipsum
781 902 977 958 offerre
1017 901 1254 959 festinet.
1284 902 1341 956 Si
1372 917 1500 957 vero
1524 901 1828 956 delectatur

239 997 502 1051 mundum
528 994 846 1050 sacriﬁcium
874 993 1068 1048 divinis
1095 992 1350 1047 exhibere
1379 991 1676 1054 obtutibus,
1707 989 1827 1059 ipso

127 1123 134 1129 -
237 1087 404 1159 657
433 1101 648 1157 quoque
675 1099 874 1153 genere
902 1085 1042 1138 illius
1068 1083 1318 1152 sacriﬁcii,
1355 1081 1624 1153 quoddam
1651 1080 1814 1150 spiri-

247 1178 354 1232 tale
382 1176 701 1233 saeriﬁcium
738 1175 892 1230 nobis
933 1176 1270 1244 agnoscimus
1299 1173 1520 1228 indicari
1553 1189 1567 1225 :
1592 1172 1702 1226 Par
1724 1171 1830 1246 (in-

247 1266 382 1334 quit)
413 1273 688 1331 turturum,
712 1273 764 1318 et
805 1265 932 1318 duo:
975 1255 1144 1335 pullos
1185 1263 1535 1318 columbarum
1583 1261 1734 1332 (Luc.
1769 1279 1825 1326 ll,

249 1353 362 1424 28).
395 1353 452 1407 ln
499 1353 603 1408 hoc
643 1366 841 1421 genere
869 1355 1066 1419 avium,
1097 1352 1426 1408 dilectissimi
1467 1349 1680 1416 fratres,
1711 1367 1829 1405 ma-

251 1455 416 1511 gnum
445 1442 598 1497 vobis
620 1442 1029 1498 commendatur
1055 1441 1334 1497 catholicae
1379 1439 1501 1496 ﬁdei
1528 1455 1832 1496 sacramen-

243 1539 387 1586 tum.
415 1529 473 1585 In
495 1532 745 1588 columba
779 1534 922 1589 enim
949 1533 1146 1588 caritas
1171 1533 1500 1600 agnoscitur,
1533 1533 1586 1586 in
1621 1541 1831 1586 turture

253 1623 474 1677 castitas
503 1623 788 1678 invenitur.
830 1623 1029 1678 Turtur
1056 1639 1288 1693 namque
1314 1624 1688 1678 intemeratam
1712 1638 1831 1678 ser-

246 1721 350 1768 ~vat
376 1712 466 1767 uni
493 1714 610 1768 viro
658 1710 852 1780 ﬁdem;
883 1713 1129 1769 columba
1167 1728 1296 1769 vero
1336 1713 1564 1767 aliarum
1613 1712 1834 1766 cohabi-

242 1804 483 1858 cautium
547 1819 656 1858 non
732 1803 929 1859 deserit
979 1804 1260 1858 unitatem.
1304 1802 1614 1858 Catholicns
1670 1802 1833 1871 igitur

1925 641 2106 686 nente.
2137 631 2247 687 Nec
2294 639 2473 686 tamen
2513 628 2680 686 Filius
2717 631 2898 686 divisit
2943 627 3158 685 Patrem
3201 635 3496 702 nascendo,

1925 736 2024 776 nec
2049 722 2285 790 Spiritus
2311 722 2479 776 Deum
2507 721 2696 776 minuit
2725 721 3084 792 procedendo,
3124 722 3248 791 quia
3279 739 3380 779 nec
3410 741 3503 780 au-

1925 819 2015 878 get
2041 811 2314 866 haerendo.
2360 809 2499 880 Ergo
2530 827 2628 867 nec
2667 811 2936 868 nascendo
2961 819 3044 867 est
3070 811 3236 869 Filius
3261 814 3498 870 minora-

1926 907 2033 968 tus,
2065 915 2164 955 nec
2207 899 2551 970 procedendo
2595 900 2825 971 Spiritus
2864 911 3162 972 separatus.
3207 902 3326 972 Ipse
3355 905 3498 959 enim

1924 989 2086 1043 beata
2132 988 2365 1044 Trinitas
2393 990 2483 1044 illa
2526 997 2844 1061 permanet,
2892 993 3015 1061 quia
3056 991 3130 1046 ibi
3175 992 3500 1049 substantia-

1927 1080 1995 1136 lis
2023 1083 2200 1137 unitas
2227 1090 2508 1152 permanet
2541 1100 2554 1134 :
2585 1090 2641 1136 et
2681 1083 2937 1153 quoniam
2967 1083 3100 1138 nihil
3128 1095 3209 1139 est
3237 1085 3290 1139 in
3322 1084 3502 1140 Trini-

1929 1169 2056 1224 tatis
2083 1169 2362 1224 divinitate
2391 1177 2632 1225 creatum
2656 1207 2671 1234 ,
2721 1180 3004 1242 pr0pterea
3031 1171 3104 1226 ibi
3134 1173 3264 1227 nihil
3285 1182 3368 1229 est
3397 1175 3503 1229 uti-

1927 1275 2034 1330 que
2062 1269 2385 1330 separatum.

2001 1351 2054 1404 9.
2088 1334 2244 1415 Haec,
2263 1351 2595 1406 dilectissimi
2623 1349 2832 1417 fratres,
2859 1349 3086 1408 ﬁdeliter
3113 1361 3312 1420 tenete,
3342 1354 3394 1409 in
3419 1355 3503 1410 his

1925 1439 2132 1509 jugiter
2161 1448 2492 1510 permanete.
2523 1439 2650 1496 Haec
2674 1442 2742 1496 sit
2769 1441 2822 1495 in
2850 1443 3013 1497 corde
3033 1444 3304 1512 cogitatio,
3332 1453 3388 1500 et
3408 1461 3504 1501 ore

1931 1528 2221 1584 confessio.
2267 1528 2470 1586 Tenete
2522 1530 2679 1586 ﬁdem
2719 1546 2883 1600 quam
2913 1534 3078 1603 663
3124 1534 3408 1604 accepistis
3451 1535 3505 1589 in

1932 1619 2150 1674 nomine
2177 1618 2476 1675 Trinitatis.
2507 1620 2732 1676 Servate
2763 1622 3020 1676 unitatem
3050 1624 3270 1693 spiritus
3313 1624 3368 1678 in
3395 1625 3508 1679 vin-

1932 1711 2057 1767 culo
2085 1713 2252 1782 pacis,
2285 1721 2342 1768 et
2371 1714 2614 1782 turturis,
2663 1721 2717 1769 et
2745 1715 3006 1770 columbae
3035 1733 3048 1769 :
3080 1724 3139 1770 ut
3165 1716 3429 1787 spiritales
3453 1717 3507 1772 in

1934 1801 2098 1858 domo
2137 1801 2233 1858 Dei
2275 1813 2489 1874 semper
2515 1819 2633 1860 esse
2661 1805 2893 1874 possitis.
2925 1805 3076 1872 Quod
3105 1806 3218 1877 ipse
3256 1817 3510 1878 praestare

255 1888 591 1949 Christianus
643 1903 770 1949 tunc
810 1909 939 1950 vere
986 1895 1244 1966 spiritalis
1293 1901 1469 1948 turtur
1512 1893 1759 1958 eflieitur,
1792 1893 1836 1948 si
1868 1903 1915 1962 Β
1941 1890 2215 1960 dignetur,
2267 1893 2359 1962 qui
2409 1909 2529 1948 cum
2574 1893 2735 1949 Patre
2780 1902 2836 1949 et
2880 1893 3015 1950 Filio
3060 1896 3191 1950 vivit
3226 1905 3282 1951 et
3323 1904 3513 1966 regnat

245 1997 439 2038 veram
461 1983 735 2038 Trinitatis
763 1983 920 2038 fidem
943 1982 1092 2038 ﬁrma
1105 1981 1420 2040 credulitate
1441 1990 1742 2048 conservet,
1775 1991 1832 2038 et

243 2071 522 2128 .haereticae
563 2074 848 2144 pravitatis
893 2088 1130 2137 sensum,
1163 2080 1417 2143 tanquam
1453 2070 1834 2126 fornicationis

243 2163 660 2232 inquinamenta
711 2161 980 2233 repudiet.
1011 2161 1161 2217 Tune
1199 2176 1325 2216 vero
1356 2161 1459 2216 erit
1487 2160 1756 2226 columba,
1790 2161 1836 2216 si

245 2250 634 2318 .longanimiter
681 2267 845 2320 usque
886 2250 942 2305 in
991 2250 1152 2305 ﬁnem
1197 2251 1252 2304 in
1285 2250 1548 2305 catholica
1571 2251 1836 2306 societate

161 2341 172 2346 ’
247 2351 591 2412 ,permaneat,
618 2351 672 2397 et
690 2351 886 2399 contra
913 2342 1240 2398 tentationes
1269 2349 1323 2396 et
1350 2340 1602 2396 scandala
1634 2341 1830 2397 immo-

251 2432 355 2486 .bili
398 2432 650 2487 ﬁrmitate
691 2433 945 2503 persistat
973 2449 990 2484 :
1024 2440 1082 2487 ut
1122 2446 1222 2486 nec
1267 2431 1516 2486 haeretica
1552 2429 1838 2487 fornicatio

249 2531 572 2592 corrumpat
623 2523 676 2576 in
730 2522 895 2578 corde
943 2520 1066 2577 ﬁdei
1117 2521 1421 2577 castitatem
1445 2562 1461 2588 ,
1513 2535 1612 2575 nec
1655 2536 1836 2577 amara

261 2611 530 2666 dissensio
573 2611 952 2666 ecclesiasticx
999 2609 1262 2666 castitatis
1303 2609 1516 2665 deserat
1555 2600 1834 2666 unitatem:

254 2703 388 2758 Haec
414 2712 497 2759 est
525 2704 667 2759 enim
697 2702 933 2772 legitima
966 2699 1209 2757 Ecclesia
1247 2716 1366 2772 quae
1395 2698 1551 2755 ﬁdem
1580 2701 1673 2755 uni
1700 2702 1834 2768 Deo,

255 2802 515 2863 tanquam
531 2793 778 2861 legitimo
801 2791 918 2848 viro
955 2799 1154 2858 servat,
1188 2799 1242 2847 et
1270 2791 1741 2860 congregationem
1773 2794 1836 2845 li-

258 2885 456 2940 liornm
481 2885 535 2938 in
564 2885 789 2940 caritate
818 2882 1158 2953 multiplicat.

340 2977 390 3031 7.
425 2980 478 3031 In
507 2977 607 3046 hac
637 2984 844 3030 turture
884 2983 939 3030 et
966 2974 1232 3040 columba,
1263 2973 1593 3029 dilectissimi
1623 2973 1836 3040 fratres,

259 3068 491 3124 sollicite
519 3076 852 3138 permanete,
875 3066 1018 3122 hanc
1037 3066 1176 3121 votis
1198 3064 1446 3121 omnibus
1475 3066 1758 3130 custodite,
1781 3072 1840 3120 ut

257 3173 384 3214 eam
425 3173 524 3213 nec
572 3157 801 3211 Arianus
830 3158 1032 3222 violet,
1077 3172 1178 3212 nec
1221 3156 1496 3212 Donatista
1534 3157 1838 3221 conculcet,

267 3266 367 3306 nec
413 3249 733 3306 Manichacus
777 3249 1040 3324 inquinet.
1073 3248 1112 3302 li
1152 3249 1316 3314 enim,
1365 3249 1514 3304 velut
1560 3249 1842 3318 accipitres
1869 3265 1915 3330 ο

260 3340 412 3406 mali,
455 3341 712 3394 unitatem
741 3339 1001 3395 columbae
1029 3338 1252 3408 cupiunt
1277 3338 1556 3408 dissipare,
1601 3347 1656 3394 et
1683 3339 1846 3394 casti-

258 3441 432 3488 tatem
477 3433 701 3487 turturis
745 3431 1053 3487 desiderant
1079 3431 1304 3486 violare.
1349 3430 1482 3485 Nam
1525 3430 1848 3486 Manichacus

266 3537 451 3585 veram
479 3524 533 3576 in
576 3523 791 3577 Christo
832 3537 940 3589 non
986 3522 1158 3576 credit
1194 3535 1410 3576 carnem
1439 3563 1454 3588 ,
1494 3523 1725 3577 Arianus
1753 3537 1843 3576 ve-

267 3627 381 3668 ram
419 3613 473 3666 in
501 3628 568 3668 eo
605 3613 837 3667 minorat
882 3612 1218 3666 divinitatem
1245 3651 1260 3676 ,
1312 3611 1594 3666 Donatista
1634 3624 1850 3680 quoque

268 3703 496 3773 dissipat
531 3702 783 3758 catholici
812 3701 1057 3772 corporis
1098 3702 1380 3755 unitatem.
1410 3700 1734 3756 Manichacus
1759 3717 1850 3757 sa-

262 3803 603 3853 cramentum
632 3810 740 3850 non
777 3795 924 3850 videt
960 3793 1359 3868 Redemptoris,
1388 3791 1620 3846 Arianus
1648 3795 1854 3862 magni-

274 3887 515 3942 tudinem
543 3900 646 3940 non
677 3885 878 3954 cogitat
901 3884 1213 3949 Salvatoris,
1246 3883 1522 3939 Donatista
1552 3898 1701 3950 vero,
1731 3894 1852 3939 tan-

271 3993 436 4050 quam
478 3992 644 4047 rapax
686 3977 864 4047 lupus,
893 3991 1001 4030 non
1030 3975 1294 4030 dubitavit
1343 3974 1600 4043 dissipare
1639 3988 1854 4044 gregem

280 4067 412 4122 boni
461 4066 717 4121 Pastoris.
760 4065 816 4120 Si
846 4068 1003 4136 (forte
1041 4063 1130 4135 lli)
1159 4077 1328 4132 ergo,
1372 4063 1510 4118 sicut
1551 4063 1680 4130 dixi,
1739 4073 1854 4119 tan-

275 4173 445 4229 quam
475 4159 761 4228 accipitres
788 4158 936 4225 mali,
976 4157 1207 4214 miseros
1255 4164 1310 4211 et
1339 4156 1591 4210 vanitatis
1611 4157 1853 4228 cupidos,

277 4257 372 4303 aut
399 4249 641 4304 veritatis
670 4249 902 4318 ignaros,
930 4247 1178 4304 occidere
1197 4247 1493 4317 cupientes,
1522 4262 1856 4317 persequun-

266 4346 361 4391 tur
385 4337 646 4392 columbae
673 4338 952 4393 caritatem
977 4378 994 4405 ,
1043 4346 1397 4393 exsecrantur
1442 4338 1666 4393 turturis
1689 4339 1854 4393 casti-

273 4436 458 4493 tatem,
491 4436 547 4483 et
571 4428 616 4482 si
646 4443 783 4498 quos
805 4435 1049 4498 possunt,
1077 4435 1172 4482 aut
1200 4441 1295 4482 ore
1321 4427 1606 4494 devorant,
1646 4436 1740 4483 aut
1760 4444 1858 4483 un-

268 4517 462 4586 guibus
489 4517 746 4572 lacerant.
771 4516 880 4572 Vos
900 4530 1052 4584 ergo,
1085 4517 1412 4572 sanctissimi
1434 4516 1645 4582 fratres,
1673 4519 1726 4574 in
1755 4517 1859 4575 ﬁde

1939 1978 2099 2036 Deus.

2563 2102 2789 2159 SERMO
2841 2104 2883 2159 Il
3110 2163 3114 2168 .

2246 2213 2318 2274 (ut
2339 2211 2537 2262 habetur
2554 2211 2604 2262 in
2625 2227 2738 2275 ηιι..
2761 2191 2849 2265 etsi
2864 2215 3015 2272 dubio
3031 2214 3207 2279 titulo).

2155 2311 2221 2368 In
2254 2313 2634 2383 Puriﬁcatione
2653 2315 2816 2369 beata:
2844 2314 3072 2387 Virginis
3093 2315 3299 2373 Moriar.

2011 2427 2062 2482 ί.
2093 2428 2151 2484 Si
2179 2428 2446 2485 subtiliter
2467 2445 2499 2484 a
2528 2428 2771 2486 ﬁdelibus
2798 2431 2958 2501 hujus
2983 2432 3088 2488 diei
3107 2433 3366 2490 festivitas
3392 2451 3513 2506 per-

1937 2519 2236 2590 pendatur,
2285 2535 2352 2577 eo
2377 2521 2680 2578 devotionis
2719 2522 2911 2579 affectu
2960 2525 3097 2580 hanc
3139 2527 3514 2582 celebrandam

1938 2612 2270 2682 suscipiant,
2315 2628 2423 2682 quo
2452 2612 2742 2670 Dominicae
2786 2614 3110 2684 Nativitatis,
3140 2614 3516 2673 Circumcisio-

1947 2701 2052 2767 nis,
2094 2708 2258 2770 atque
2296 2702 2662 2772 Apparitionis
2703 2703 2962 2758 solemnia
2991 2713 3116 2760 sunt
3143 2706 3330 2760 secuti.
3374 2705 3516 2762 Illius

1941 2797 2023 2844 est
2037 2790 2181 2844 enim
2203 2791 2304 2846 ista
2327 2791 2656 2858 solemnitas,
2691 2793 2843 2862 cujus
2871 2803 2922 2848 et
2948 2796 3057 2863 illa,
3090 2797 3182 2851 sed
3210 2813 3308 2852 nee
3341 2799 3517 2853 minor

1940 2889 2024 2936 est
2050 2881 2149 2936 ista
2176 2896 2337 2952 quam
2361 2883 2470 2938 illa.
2501 2882 2655 2950 Quod
2683 2886 2866 2955 utique
2894 2887 2945 2940 in
2967 2887 3070 2942 hoc
3095 2903 3342 2944 sermone
3363 2904 3517 2960 aper-

1945 2971 2011 3026 tis
2038 2973 2454 3028 monstrabimus
2482 2974 2836 3052 documentis.
2867 2975 3034 3046 llujus
3069 2979 3270 3048 quippe
3294 2977 3397 3033 diei
3423 2994 3516 3033 so-

1941 3061 2188 3117 lemnitas
2213 3103 2228 3129 ,
2268 3063 2407 3119 sicut
2446 3079 2477 3118 a
2505 3064 2821 3133 quibusdam
2863 3065 3182 3121 Christianis
3219 3069 3518 3136 ignoratur,

1941 3151 2021 3206 sic
2041 3166 2070 3206 a
2090 3151 2271 3208 multis
2295 3168 2404 3222 prae
2442 3154 2651 3209 caeteris
2677 3155 2802 3208 anni
2829 3156 3253 3212 solemnitatibus
3283 3159 3516 3214 honora-

1943 3243 2052 3298 tior
2087 3243 2330 3300 habetur.
2363 3243 2592 3301 Maxime
2644 3255 2821 3302 autem
2853 3263 2918 3304 eo
2947 3249 3068 3305 loco
3097 3265 3204 3320 quo
3231 3251 3519 3321 primatum

1948 3335 2185 3392 Ecclesia
2213 3337 2476 3392 catholica
2505 3337 2558 3392 in
2599 3335 2820 3393 Pastore
2849 3339 3039 3394 sortita
3068 3348 3168 3406 est,
3199 3341 3250 3395 in
3281 3349 3427 3396 tanta
3459 3357 3521 3400 ea

1948 3428 2248 3482 reverentia
2277 3427 2344 3482 ab
2368 3427 2471 3482 illis
2495 3427 2742 3494 habetur,
2783 3437 2840 3482 ut
2868 3444 2930 3492 ea
2960 3429 3047 3484 die
3074 3438 3263 3486 cuncta
3295 3431 3523 3486 civitatis

1951 3518 2103 3572 turba
2134 3518 2186 3571 in
2213 3534 2374 3572 unum
2415 3519 2659 3585 collecta,
2702 3520 2973 3575 immensis
3003 3536 3278 3577 cereorum
3308 3523 3524 3576 lumini-

1949 3610 2049 3664 bus
2086 3624 2409 3678 coruscans,
2454 3610 2737 3665 tnissarum
2788 3613 3050 3667 solemnia
3103 3614 3520 3670 concelebrent:

1953 3701 2232 3770 nullusque
2261 3701 2459 3755 aditum
2497 3703 2724 3772 publicae
2746 3705 2993 3758 stationis
3020 3705 3201 3768 intret,
3234 3706 3325 3774 qui
3346 3706 3525 3761 lumen

1953 3806 2115 3844 manu
2171 3805 2276 3844 non
2321 3792 2553 3846 tenuerit
2583 3810 2595 3844 :
2631 3801 2882 3862 tanquam
2913 3794 3122 3849 scilicet
3160 3795 3440 3850 Dominum
3471 3797 3524 3849 in

1953 3879 2153 3949 templo
2197 3881 2448 3946 oblaturi,
2501 3881 2608 3936 imo
2633 3883 2794 3936 etiam
2825 3882 3167 3955 Suscepturi;
3199 3882 3320 3939 ﬁdei
3348 3885 3527 3941 lumen

1953 3985 2062 4039 quo
2083 3970 2305 4025 interius
2327 3969 2549 4038 fulgent,
2576 3972 2812 4026 exterius
2835 3972 3119 4028 oblationis
3140 3989 3250 4027 suae
3272 3975 3529 4042 religione

1953 4062 2341 4117 demonstrent.
2366 4061 2534 4118 Hodie
2557 4079 2803 4133 namque,
2824 4064 2974 4134 juxta
2998 4066 3168 4135 legem
3190 4075 3352 4136 atque
3372 4081 3529 4120 evan-

1954 4152 2171 4222 geliutn,
2194 4153 2425 4222 peractis
2454 4168 2484 4207 a
2509 4153 2795 4209 Nativitate
2815 4155 3011 4210 Christi
3040 4155 3388 4226 quadraginta
3417 4155 3529 4212 die~

1955 4245 2073 4308 bus,
2090 4244 2141 4298 in
2162 4244 2363 4314 templo
2380 4252 2461 4300 est
2490 4261 2518 4300 a
2532 4246 2841 4316 parentibus
2869 4247 3008 4302 idem
3029 4248 3284 4304 Dominus
3307 4265 3531 4320 praesen-

1959 4342 2121 4389 tatus.
2139 4334 2308 4390 Hodie
2319 4351 2350 4390 a
2369 4344 2556 4392 sancto
2572 4335 2823 4392 Simeone
2835 4347 3129 4409 susceptus,
3145 4339 3394 4410 Patrique
3409 4357 3530 4396 cum

1956 4425 2124 4480 sacris
2138 4425 2449 4480 muneribus
2468 4425 2700 4481 oblatus.
2718 4425 2888 4482 Hodie
2909 4429 3334 4499 redemptionem
3363 4429 3528 4486 Israel

1958 4516 2392 4586 exspectantibus
2420 4517 2488 4571 ab
2530 4517 2719 4572 eodem
2767 4517 3017 4574 Simeone
3045 4529 3098 4574 et
3146 4520 3294 4573 Anna
3325 4523 3532 4590 publica

271 4608 538 4662 custodite
565 4607 884 4662 catholicam
931 4607 1216 4662 veritatem
1241 4647 1256 4672 ,
1308 4607 1361 4661 in
1391 4610 1618 4665 caritate
1645 4621 1857 4667 servate
1885 4623 1936 4685 ο
1961 4607 2296 4678 praedicatur.
2326 4605 2370 4659 Ο
2392 4622 2550 4676 quam
2581 4608 2725 4676 pium
2773 4609 3158 4678 spectaculum,
3189 4625 3294 4677 quo
3324 4612 3532 4667 nonnisi

271 4698 596 4754 catholicam
623 4712 835 4767 pacem.

347 4790 401 4845 8.
429 4790 522 4845 llle
556 4789 712 4845 olfert
753 4787 1076 4844 sacrificium
1105 4797 1318 4856 gratum
1353 4791 1466 4846 Deo
1491 4791 1582 4859 qui
1613 4806 1733 4846 cum
1764 4807 1856 4846 ca-

275 4882 435 4936 ritate
463 4879 698 4935 fraterna
729 4893 916 4933 verum
957 4877 1236 4933 catholicae
1284 4879 1408 4934 ﬁdei
1439 4881 1734 4935 servaverit
1775 4897 1861 4936 sa-

256 4978 632 5062 ,cramentum.
682 4966 782 5022 Ubi
829 4983 967 5022 unus
996 4967 1137 5022 Deus
1160 5008 1175 5033 ,
1229 4983 1336 5022 una
1369 4968 1604 5024 Trinitas
1631 4969 1858 5036 colitur;

256 5057 378 5166 inec
419 5060 580 5116 Pater
604 5060 778 5128 major
823 5059 980 5125 Filio,
1012 5073 1114 5114 nec
1161 5057 1322 5114 Patre
1351 5060 1528 5114 minor
1564 5060 1856 5116 secundum

255 5153 610 5255 idivinitatem
639 5153 806 5209 Filius
833 5153 1181 5224 praedicatur;
1212 5167 1313 5255 nec
1341 5153 1409 5208 ab
1437 5154 1517 5255 eis
1537 5153 1858 5209 discernitur

279 5247 575 5302 substantia
605 5246 776 5301 sancti
821 5245 1054 5316 Spiritus
1082 5286 1097 5312 ,
1147 5243 1240 5313 qui
1276 5260 1397 5300 cum
1440 5243 1602 5300 Patre
1631 5260 1694 5300 ac
1723 5244 1858 5300 Filio

280 5337 594 5393 naturaliter
621 5351 760 5390 unus
797 5343 881 5390 est
924 5334 1081 5389 Deus.
1119 5332 1234 5388 Una
1282 5343 1366 5390 est
1393 5335 1539 5389 enim
1581 5334 1858 5389 Trinitatis

280 5435 479 5485 sanctae
517 5426 779 5497 potentia,
810 5423 933 5492 quia
977 5423 1031 5477 in
1061 5422 1231 5480 tribus
1265 5423 1511 5494 personis
1538 5437 1645 5478 una
1674 5430 1858 5477 manet

282 5517 576 5574 substantia
605 5514 895 5579 naturalis;
927 5528 1033 5569 una
1062 5523 1146 5571 est
1182 5523 1448 5588 potestas,
1495 5515 1619 5585 quia
1646 5528 1753 5567 una
1781 5522 1864 5568 est

283 5608 564 5677 maiestas;
615 5620 720 5659 una
765 5603 1072 5674 aeternitas,
1122 5609 1252 5685 quia
1282 5619 1388 5661 una
1433 5602 1718 5668 divinitas;
1758 5619 1863 5656 una

286 5699 556 5756 Creatoris
603 5696 916 5762 dominatio,
948 5697 1072 5766 quia
1124 5717 1234 5769 una
1285 5702 1548 5753 creaturae
1604 5692 1862 5748 conditio.

288 5788 552 5885 Quidquid
579 5788 719 5885 enim
748 5788 1168 5885 Pater‘creayj“
1205 5805 1308 5885 per
1337 5785 1530 5885 Filium
1560 5781 1863 5885 fabricavit,

1959 4697 2031 4766 pii
2060 4697 2310 4751 delectari
2339 4697 2660 4764 probantur!
2685 4695 2939 4751 Stathinc
2959 4698 3108 4764 virgo
3137 4706 3191 4751 et
3220 4705 3531 4764 mater,non

1961 4786 2239 4856 cujusque,
2273 4785 2366 4839 sed
2397 4785 2489 4840 Dei
2524 4802 2537 4837 :
2569 4787 2854 4856 suscipitur
2881 4788 3004 4842 hinc
3035 4787 3285 4859 parvulus
3314 4789 3534 4858 virginis

1964 4876 2129 4940 filius,
2156 4875 2308 4944 cujus
2350 4875 2681 4931 divinitatem
2724 4893 2829 4930 non
2878 4878 3022 4948 capit
3059 4877 3306 4932 mundus.
3330 4876 3566 4934 Occur--

1961 4973 2088 5019 runt
2131 4965 2257 5020 hinc
2296 4963 2419 5018 inde
2451 4966 2750 5034 prophetae,
2798 4974 2959 5035 atque
2995 4965 3061 5020 de
3107 4981 3275 5034 puero
3305 4975 3534 5034 uterque

1962 5069 2122 5110 sexus
2166 5053 2471 5124 prophetat.
2527 5052 2760 5108 Offertur
2796 5054 2996 5110 oblatio
3042 5070 3140 5124 pro
3195 5068 3389 5123 puero,
3422 5071 3529 5109 non

1963 5152 2142 5199 tamen
2170 5159 2289 5213 quae
2315 5143 2512 5199 delicta
2529 5145 2806 5209 emundet,
2829 5144 2920 5200 sed
2942 5158 3060 5212 quae
3088 5153 3419 5198 sacramenta
3440 5147 3534 5200 de-

1958 5233 2145 5290 claret.

2030 5325 2085 5381 2.
2133 5325 2200 5380 Et
2223 5327 2344 5396 quia
2372 5326 2532 5397 hujus
2557 5326 2660 5380 die:
2712 5324 3036 5394 praeconium
3064 5323 3311 5379 attollere
3351 5326 3531 5394 cupio,

1961 5419 2091 5474 libet
2111 5417 2277 5488 ipsam
2293 5417 2666 5486 Evangelicam
2684 5415 2968 5469 lectionem
2981 5413 3336 5482 colloquendo
3355 5423 3532 5469 trans-

1963 5524 2198 5574 currere,
2227 5509 2278 5563 in
2307 5523 2411 5577 qua
2441 5508 2540 5562 ista
2595 5505 2799 5558 narrari
2829 5518 3102 5573 cognosco
3135 5521 3147 5557 :
3179 5513 3441 5573 quatenus
3470 5506 3538 5560 ad

1966 5616 2030 5655 ea
2050 5616 2169 5670 quae
2190 5600 2314 5654 dico
2335 5599 2424 5652 illa
2454 5597 2814 5666 respondeat;
2838 5595 2945 5650 imo
2973 5597 3041 5650 ad
3070 5611 3132 5652 ea
3154 5613 3272 5666 quae
3295 5598 3383 5650 illa
3408 5614 3537 5651 nar-

1969 5700 2070 5756 rat,
2101 5706 2204 5744 vox
2234 5687 2622 5744 exhortationis
2646 5701 2779 5742 meae
2803 5687 3142 5756 respondeat.
3166 5687 3406 5756 Denique
3437 5687 3540 5742 Lu-

1971 5797 2060 5837 cas
2086 5781 2410 5850 evangelista
2439 5778 2681 5834 veritatis
2705 5777 2981 5832 historiam
3032 5777 3098 5833 de
3122 5778 3319 5832 Christi
3364 5779 3539 5834 incar-

290 5889 342 5935 et
375 5882 425 5934 in
456 5879 654 5948 Spiritu
683 5885 865 5931 sancto
893 5869 1127 5984 firmam:
1142 5869 1357 5958 'F-ilius
1386 5881 1568 5931 autem
1598 5880 1759 5930 natus
1789 5883 1870 5934 est
1974 5873 2189 5930 natione
2217 5871 2424 5943 plenius
2452 5878 2612 5941 atque
2641 5869 2937 5926 ordinatius
2961 5869 3172 5924 caeteris
3200 5871 3541 5940 cvangelistis
