3996 6596
291 363 384 424 811

1488 357 1850 418 εειυιυχεε
1887 359 2025 418 DUO
2063 358 2335 421 INEDITI.

3444 359 3548 417 852

289 484 411 540 a'um
427 482 565 556 quod
585 480 777 536 dic-nim
794 489 872 534 est
898 481 953 534 in
972 479 1084 550 lege
1104 476 1336 546 Domini,
1363 495 1460 550 par
1480 486 1735 533 turturum
1777 486 1866 532 aut
1896 479 1950 539 Α
1970 480 2144 536 sancti
2172 481 2603 550 promissionem,
2623 479 2813 536 videre
2837 479 2893 536 in
2915 493 3081 536 carne
3099 477 3544 550 Redemptoran

287 576 419 630 duos
462 573 630 645 pullas
658 570 1010 626 columbarum
1037 569 1187 640 (Luc.
1211 585 1268 633 ιι,
1290 567 1404 642 26).
1441 568 1772 640 Γιοωουριιιῐῐι
1789 569 1869 622 si—

284 667 502 738 quidem
532 664 665 733 legis
706 661 899 727 fuerat,
922 669 982 714 ut
1007 662 1094 716 cui
1135 658 1274 714 forte
1320 673 1487 729 agnus
1514 658 1790 722 defuisset,
1817 667 1873 712 ct

285 773 451 812 unum
481 753 762 822 horum,id
791 761 875 808 est
898 763 991 807 aut
1018 768 1113 823 par
1137 759 1418 815 turturum,
1437 761 1528 804 aut
1548 749 1684 804 duos
1707 747 1867 820 671

282 847 461 916 pullos
492 845 860 900 columbarum
891 843 1204 909 invenisset,
1232 839 1345 896 Deo
1383 842 1438 895 in
1459 839 1740 896 oblatione
1770 834 1868 893 ﬁlii

281 937 524 1004 oﬁerret;
552 953 650 992 nec
667 935 1100 1007 praejudicaretur
1116 950 1184 990 ex
1204 934 1500 1003 altero,qui
1521 949 1686 988 unum
1704 933 1873 1002 quod-

281 1029 414 1086 libet
451 1027 644 1082 horum
698 1026 996 1080 obtulisset.
1043 1023 1287 1095 Denique
1341 1025 1396 1079 in
1442 1026 1545 1079 hac
1592 1023 1870 1078 oblatione

285 1118 486 1181 avium,
531 1117 620 1172 illa
663 1114 1105 1186 prmﬁgurabatur
1149 1114 1352 1170 oblatio
1400 1129 1522 1184 quas
1567 1129 1667 1184 pro
1695 1113 1869 1169 salute

281 1210 464 1265 mundi
492 1210 672 1265 oblata
713 1216 799 1264 est
831 1222 1058 1278 vespere
1077 1207 1205 1291 die},
1235 1206 1448 1262 Domini
1473 1207 1718 1263 videlicet
1745 1221 1870 1276 pas-

279 1300 385 1369 sio,
414 1315 512 1372 per
531 1315 692 1369 quam
712 1314 895 1354 sumus
919 1298 1032 1354 Deo
1059 1298 1412 1354 reconciliati.
1441 1297 1518 1353 De
1540 1299 1641 1352 hac
1665 1298 1867 1368 quippe

281 1392 458 1448 hostia
499 1407 594 1461 per
621 1389 842 1444 Paulum
866 1388 1110 1443 ﬁdelibus
1137 1387 1333 1443 dicitur
1359 1406 1374 1442 :
1414 1387 1687 1442 Ambulare
1709 1389 1765 1442 in
1787 1387 1870 1440 di-

279 1485 517 1548 lectione,
546 1484 676 1537 sicut
702 1491 752 1535 et
771 1479 1005 1535 Christus
1025 1479 1205 1534 dilexit
1234 1495 1347 1542 nos,
1373 1489 1422 1532 et
1445 1478 1664 1532 tradidit
1688 1487 1870 1533 semet-

279 1578 448 1646 ipsum
473 1591 567 1646 pro
595 1574 744 1628 nobis
767 1571 1080 1627 oblationem
1099 1581 1148 1626 et
1176 1572 1397 1625 hostiam
1418 1569 1552 1637 Deo,
1582 1571 1638 1622 in
1658 1569 1868 1624 odorem

284 1670 557 1725 suauitatis
590 1665 808 1740 (Ephes.
836 1681 888 1727 ν,
921 1664 1012 1734 2);
1061 1672 1116 1718 et
1143 1677 1354 1717 rursum
1381 1680 1393 1715 :
1428 1660 1531 1726 Qui
1557 1661 1739 1714 dilexit
1763 1675 1865 1724 me,

277 1761 472 1832 inquit,
493 1771 544 1814 et
573 1759 788 1814 tradidit
807 1759 1030 1830 seipsum
1057 1773 1152 1828 pro
1180 1773 1261 1810 me
1290 1753 1432 1827 (Gal.
1458 1770 1517 1822 ιι,
1545 1753 1661 1822 20).

1975 570 2103 638 Qua:
2131 580 2380 642 putamus
2399 571 2836 627 fuerit’instantia
2855 569 3115 625 orationis
3141 569 3276 637 ejus,
3315 583 3434 638 qua:
3455 568 3549 624 di-

1975 663 2101 719 vino
2142 677 2402 734 responso
2441 663 2636 718 meruit
2678 661 2881 718 ﬁrmari
2919 662 2987 717 de
3027 661 3110 716 his
3151 674 3272 730 qua:
3295 661 3551 730 petebat?

1975 753 2104 821 Quae
2128 763 2282 808 erant
2307 754 2423 823 ejus
2442 755 2731 820 gemituum
2761 753 3073 809 continuata
3101 751 3264 807 verba
3293 751 3347 806 in
3366 761 3550 806 sancta

1973 844 2387 917 praedicatione?
2421 845 2539 900 Non
2568 846 2711 900 enim
2741 845 2794 900 in
2825 844 3054 914 petendo
3083 843 3334 907 cessavit,
3362 856 3557 911 usque-

1971 951 2082 1007 quo
2105 952 2420 1007 responsum
2447 938 2716 1007 acciperet
2743 951 2906 1008 super
2931 935 3016 989 his
3040 949 3159 1002 qua:
3182 933 3459 1003 poscebat.

2045 1027 2132 1084 10.
2191 1027 2428 1083 Fuerunt
2473 1027 2734 1097 siquidem
2781 1027 2839 1080 in
2882 1025 3177 1080 retroactis
3223 1022 3552 1094 temporibus

1973 1121 2125 1177 multi
2153 1119 2312 1174 simili
2340 1118 2606 1174 desiderio
2630 1119 2863 1185 accensi,
2891 1117 3120 1172 Domino
3167 1122 3457 1170 attestante
3485 1113 3550 1169 ad

1973 1218 2285 1287 discipulos,
2334 1217 2426 1286 qui
2467 1216 2581 1270 ait:
2612 1214 2769 1268 Multi
2809 1230 2953 1285 reges
2994 1213 3156 1284 672
3196 1220 3246 1265 et
3293 1210 3552 1281 propheta

1972 1311 2238 1363 voluerunt
2265 1308 2435 1362 videre
2457 1323 2571 1379 qua:
2610 1323 2694 1360 vos
2721 1306 2920 1368 videtis,
2969 1315 3018 1358 et
3051 1321 3153 1358 non
3193 1305 3460 1368 uiderunt;
3503 1315 3550 1356 et

1973 1399 2154 1452 audire
2179 1415 2293 1469 qum
2320 1415 2406 1453 vos
2432 1398 2644 1463 auditis,
2670 1406 2720 1451 et
2747 1413 2854 1451 non
2878 1397 3154 1450 audierunt
3181 1394 3330 1464 (Luc.
3357 1410 3414 1462 x,
3435 1392 3548 1464 24).

1974 1491 2080 1544 Sed
2108 1506 2176 1544 ex
2205 1489 2309 1543 illis
2337 1489 2440 1544 huc
2467 1488 2555 1543 isti
2585 1488 2688 1542 soli
2715 1502 3029 1542 concessum
3059 1494 3141 1540 est
3177 1485 3268 1554 qui
3297 1485 3351 1538 in
3378 1483 3552 1554 pleni-

1974 1581 2159 1636 tudine
2187 1581 2442 1650 temporis
2464 1580 2656 1634 horum
2686 1578 2903 1633 ultimus
2931 1577 3200 1648 apparuit.
3228 1574 3334 1630 Sed
3355 1575 3401 1629 si
3421 1575 3551 1641 vigi-

1975 1673 2104 1727 lanti
2155 1671 2333 1727 studio
2379 1671 2816 1740 subsequentium
2872 1677 3179 1724 sanctorum
3231 1667 3552 1722 attendimus

1975 1763 2319 1828 desiderium,
2367 1763 2561 1832 quibus
2588 1759 2832 1816 Christus
2859 1761 3042 1814 vivere
3088 1767 3171 1814 est
3197 1767 3254 1813 et
3288 1758 3425 1812 mori
3470 1759 3538 1812 Iu-

347 1857 402 1911 8.
432 1855 567 1924 Quia
595 1869 726 1910 vero
767 1866 956 1908 omnes
992 1847 1152 1904 electi
1187 1845 1429 1902 membra
1466 1855 1590 1898 sunt
1627 1843 1849 1907 Christi,

1964 1869 2106 1909 crum
2138 1854 2359 1926 (Philip.
2386 1871 2426 1922 ι,
2455 1853 2547 1923 2|)
2566 1895 2581 1919 ,
2620 1854 2920 1910 invenimus
2949 1867 3044 1906 eos
3069 1868 3176 1906 non
3208 1850 3434 1905 minoris
3457 1865 3546 1904 au~

279 1948 335 2003 in
361 1953 572 2002 turture
596 1945 801 2001 scilicet
829 1950 1082 2004 turtures,
1113 1947 1275 2008 atque
1304 1938 1358 1993 in
1386 1936 1634 1992 columba
1659 1936 1860 1992 colum-

276 2039 396 2105 bte,
417 2037 664 2106 designat
689 2036 852 2090 etiam
891 2033 1006 2088 haec
1043 2031 1222 2086 avium
1258 2027 1461 2084 oblatio
1485 2025 1860 2081 mortiﬁcatio-

277 2144 400 2185 nem
427 2128 748 2194 electorum,
775 2125 970 2196 quibus
1000 2132 1096 2196 per
1122 2121 1373 2179 eumdem
1401 2122 1705 2194 apostolum
1732 2119 1863 2176 dici-

279 2232 401 2276 tur:
432 2219 656 2274 Obsecro
676 2235 762 2273 nos
784 2234 878 2289 per
901 2215 1308 2270 misericordiam
1332 2211 1448 2277 Dei,
1489 2223 1545 2266 ut
1573 2210 1859 2268 exhibeatis

273 2325 495 2381 corpora
510 2316 679 2364 uestra
699 2308 918 2362 hostiam
944 2309 1208 2370 viventem,
1240 2315 1500 2372 sanctam,
1517 2303 1627 2358 Deo
1648 2307 1854 2374 placen-

273 2409 378 2456 tem
400 2399 581 2470 (Rom.
616 2414 708 2464 xit,
741 2398 817 2470 1).
846 2396 956 2454 Sed
983 2397 1129 2453 nulla
1155 2404 1334 2469 potest
1359 2411 1482 2452 esse
1509 2404 1727 2466 accepta
1747 2393 1859 2450 Deo

271 2490 704 2549 mortiﬁcationis
754 2489 979 2555 oblatio,
1036 2488 1092 2543 in
1129 2488 1326 2557 quibus
1366 2503 1472 2543 non
1513 2484 1674 2541 fuerit
1717 2501 1859 2541 vene

273 2585 398 2641 ﬁdei
425 2584 669 2652 castitas,
694 2597 836 2638 vera:
863 2581 1129 2638 castitatis
1151 2579 1460 2636 concordia.
1491 2577 1723 2636 Proinde
1750 2594 1858 2634 non

271 2676 391 2733 sine
417 2689 580 2732 causa
607 2673 927 2731 sacriﬁcium
959 2671 1106 2744 quod
1131 2686 1230 2742 pro
1259 2671 1487 2726 Domino
1512 2671 1738 2741 mystice
1763 2669 1860 2725 ob-

273 2767 442 2823 latum
467 2765 802 2838 perhibetur,
852 2780 920 2821 ex
965 2764 1260 2820 turturibus
1296 2771 1354 2819 et
1389 2763 1652 2818 columbis
1696 2762 1859 2818 fuisse

271 2868 539 2916 narratur.
581 2857 644 2914 In
689 2866 898 2914 turture
924 2857 1068 2914 enim
1105 2857 1328 2914 castitas
1372 2856 1668 2922 invenitur,
1718 2863 1777 2911 et
1803 2856 1859 2910 in

270 2951 521 3009 columba
547 2950 727 3006 unitas
750 2947 1176 3006 commendatur.
1225 2945 1429 3002 Turtur
1452 2959 1686 3015 namque
1712 2945 1856 3002 inte-

271 3048 534 3098 meratam
556 3048 740 3096 servat
764 3039 856 3093 uni
900 3038 1018 3094 viro
1046 3037 1227 3103 ﬁdem,
1267 3035 1518 3094 columba
1563 3051 1694 3092 vero
1721 3035 1858 3092 alio-

272 3146 393 3189 rum
419 3130 848 3187 cohabitantium
873 3143 987 3186 non
1011 3127 1216 3184 deserit
1241 3127 1525 3183 unitatem.
1547 3125 1858 3182 Catholicus

1967 1948 2182 2003 xietatis
2207 1947 2400 2003 ardore
2421 1947 2755 2003 divinitatem
2775 1936 3012 2014 ejusdem
3036 1943 3333 1998 Salvaturis
3357 1943 3552 1996 intueri

1965 2038 2132 2103 velle;
2163 2053 2326 2108 quam
2349 2038 2438 2093 ille
2463 2038 2772 2109 concupivit
2790 2036 3108 2106 conspicere
3129 2036 3180 2089 in
3205 2048 3388 2088 carne.
3415 2032 3551 2086 llinc

1965 2125 2162 2196 Paulus
2181 2127 2311 2180 dicit
2335 2144 2348 2178 :
2372 2124 2536 2197 Cupio
2564 2126 2775 2180 dissolui
2796 2135 2846 2179 et
2871 2142 2982 2179 esse
3000 2141 3116 2178 cum
3139 2123 3363 2178 Christo.
3383 2122 3551 2176 Multo

1963 2203 2132 2270 autem
2160 2216 2340 2270 melius
2371 2214 2556 2286 (Ibid.,
2584 2215 2699 2285 23).
2751 2214 2885 2269 Hinc
2916 2213 3197 2268 Psalmista
3224 2229 3289 2268 ex
3320 2229 3548 2282 persona

1963 2322 2059 2361 sua
2089 2308 2254 2363 dicit:
2283 2306 2460 2362 Sitivit
2479 2309 2656 2360 anima
2683 2323 2799 2360 mea
2829 2307 2898 2359 ad
2925 2306 3085 2360 Deum
3107 2307 3290 2360 uirum.
3334 2306 3552 2368 Quando

1963 2403 2165 2456 veniam
2205 2410 2255 2456 et
2294 2401 2554 2473 apparebo
2601 2411 2722 2455 ante
2760 2402 2946 2472 faciem
2985 2399 3080 2453 Dei
3113 2398 3284 2470 (Psal.
3321 2415 3430 2459 xu,
3460 2397 3553 2466 5)?

1963 2491 2094 2560 Quis
2121 2506 2251 2561 ergo
2279 2492 2440 2546 etiam
2471 2490 2597 2546 hinc
2619 2491 2801 2546 videat
2825 2491 2879 2545 in
2913 2505 3020 2544 uno
3047 2488 3303 2544 Simeone
3333 2489 3548 2553 multos,

1963 2598 2061 2654 per
2109 2597 2271 2638 unum
2319 2581 2609 2651 signiﬁcari
2658 2591 2882 2638 cunctos
2923 2581 3152 2647 electos;
3191 2580 3283 2650 qui
3329 2595 3471 2635 nunc
3498 2588 3556 2634 et

1959 2674 2090 2743 justi
2117 2687 2186 2728 ex
2210 2671 2314 2728 ﬁde
2341 2681 2503 2741 atque
2531 2673 2868 2743 operatione,
2921 2679 2980 2727 et
3014 2671 3249 2726 timorati
3279 2685 3345 2724 ex
3375 2669 3550 2724 futura

1963 2762 2407 2837 exspectatione,
2456 2771 2513 2817 et
2560 2762 2777 2817 attoniti
2823 2761 3170 2817 inveniuntur
3213 2775 3284 2814 ex
3325 2769 3549 2815 ventura

1964 2855 2372 2913 consolatione?
2392 2853 2454 2910 In
2481 2854 2674 2924 quibus
2695 2854 2858 2909 etiam
2879 2853 3110 2924 Spiritus
3131 2861 3348 2909 sanctus
3376 2853 3552 2909 inesse

1963 2945 2309 3014 cognoscitur
2329 2984 2345 3011 ,
2379 2947 2506 3016 quia
2529 2954 2586 3001 et
2613 2960 2711 3015 per
2737 2945 3056 3016 Apostolum
3078 2944 3277 3000 dicitur
3300 2963 3313 2996 :
3346 2942 3552 2998 Caritas

1963 3037 2063 3092 Dei
2091 3037 2286 3108 diﬂ'usa
2325 3045 2401 3092 est
2429 3038 2486 3091 in
2521 3035 2762 3092 cordibus
2792 3037 2985 3091 nostris
3015 3054 3108 3106 per
3142 3036 3395 3108 Spiritum
3423 3053 3544 3090 san-

1962 3137 2120 3195 ctum,
2142 3130 2227 3199 qui
2253 3128 2406 3184 datus
2433 3138 2512 3183 est
2535 3127 2681 3184 nobis
2711 3127 2888 3200 (Rom.
2914 3143 2965 3192 v,
2991 3125 3077 3198 5);
3104 3135 3159 3182 et
3180 3141 3388 3182 rursum
3418 3127 3548 3180 ﬁde-

270 3222 432 3291 igitur
456 3219 794 3278 Christianus
817 3228 949 3276 tunc
967 3233 1097 3276 vere
1121 3218 1379 3290 spiritalis
1405 3226 1580 3275 turtur
1605 3216 1852 3284 efﬁcitur,
1884 3227 1930 3292 ο
1965 3219 2104 3275 libus
2130 3219 2325 3275 dicitur
2349 3237 2360 3272 :
2393 3217 2625 3290 Corpora
2667 3228 2834 3273 vestra
2870 3220 3113 3287 templum
3159 3227 3278 3272 sunt
3318 3218 3547 3288 Spiritus

269 3313 317 3369 si
343 3327 526 3368 veram
552 3311 828 3367 Trinitatis
873 3309 1035 3366 ﬁdem
1080 3308 1231 3364 ﬁrma
1271 3307 1588 3366 credulitate
1633 3322 1854 3363 conser-

270 3414 382 3470 vet,
423 3414 481 3461 et
528 3405 795 3461 haeretica:
838 3403 1119 3474 pravitatis
1156 3417 1392 3465 sensum,
1441 3410 1697 3471 tanquam
1743 3400 1854 3456 for-

269 3497 556 3552 nicationis
600 3495 1006 3563 inquinamenta
1050 3493 1316 3564 repudiet.
1376 3491 1529 3548 Tunc
1579 3507 1704 3548 vere
1748 3493 1855 3548 erit

269 3585 540 3655 columba,
567 3585 612 3640 si
635 3584 1010 3654 longanimiter
1038 3599 1207 3654 usque
1231 3585 1298 3640 ad
1321 3581 1483 3641 ﬁnem
1508 3585 1562 3640 in
1582 3584 1849 3641 catholica

269 3677 530 3736 societate
551 3683 885 3749 permaneat,
931 3684 989 3730 et
1030 3685 1218 3731 contra
1262 3676 1576 3730 tentationis
1602 3674 1851 3732 scandala

269 3765 530 3824 immobili
557 3764 810 3821 ﬁrmitate
836 3765 1092 3838 persistat
1122 3782 1136 3818 :
1165 3773 1226 3820 ut
1259 3781 1362 3821 nec
1388 3765 1639 3822 hmretica
1685 3765 1852 3819 fornio

267 3859 413 3916 catio
432 3864 746 3927 corrumpat
771 3856 825 3910 in
847 3857 1014 3911 corde
1043 3852 1166 3910 ﬁdei
1187 3857 1512 3921 castitatem,
1540 3871 1641 3910 nec
1666 3869 1848 3910 amara

267 3947 531 4004 dissensio
570 3945 950 4004 ecclesiastica:
991 3945 1257 4002 castitatis
1301 3945 1524 4019 dissipet
1567 3947 1846 4001 unitatem.

269 4039 395 4096 Haec
421 4047 506 4096 est
530 4039 674 4095 enim
703 4037 939 4095 Ecclesia
977 4037 1243 4094 catholica
1271 4053 1390 4110 quae
1419 4035 1578 4094 ﬁdem
1621 4037 1712 4093 uni
1744 4036 1850 4092 Do-

267 4133 415 4209 mino
436 4138 692 4200 tanquam
720 4129 959 4198 legitimo
981 4129 1099 4184 viro
1128 4137 1437 4197 conservat,
1475 4137 1530 4184 et
1556 4142 1848 4199 congrega-

267 4222 470 4278 tionem
495 4221 786 4277 multorum
816 4222 870 4276 in
895 4219 997 4277 ﬁde
1024 4219 1367 4292 multiplicat.

335 4309 391 4367 9.
420 4309 710 4380 Sequitur:
750 4309 823 4367 Et
849 4326 966 4366 ecce
993 4311 1144 4368 homo
1168 4320 1282 4366 erat
1320 4311 1376 4365 in
1404 4309 1731 4367 Hierusalem
1765 4313 1850 4366 cui

266 4417 450 4457 nomen
477 4400 718 4466 Simeon;
757 4412 808 4456 et
830 4402 981 4458 homo
1006 4401 1104 4456 iste
1130 4402 1316 4468 iustus,
1345 4410 1397 4456 et
1422 4403 1718 4470 timoratus,
1755 4419 1847 4456 ea:-

266 4499 502 4564 spectans
529 4493 931 4549 consolationem
954 4491 1145 4558 Israel,
1175 4502 1226 4546 et
1253 4492 1485 4564 Spiritus
1503 4503 1715 4548 sanctus
1735 4503 1848 4548 erat

1961 3313 2156 3380 sancti,
2204 3328 2353 3384 quem
2382 3311 2579 3365 habetis
2601 3327 2667 3364 ea:
2697 3309 2808 3365 Deo
2839 3310 2889 3381 (1
2921 3309 3040 3364 Cor.
3065 3327 3136 3374 vr,
3187 3309 3298 3376 19).
3337 3309 3512 3380 Quiqu

1958 3419 2278 3474 responsum
2307 3403 2579 3474 accipiunt
2605 3419 2634 3457 a
2661 3403 2862 3473 Spiritu
2892 3413 3078 3458 sancto
3105 3418 3210 3456 non
3237 3417 3296 3456 se
3324 3402 3500 3457 visura

1957 3504 2189 3550 mortem
2241 3494 2341 3550 nisi
2371 3495 2522 3564 prius
2568 3495 2784 3548 videant
2820 3493 3090 3548 Christum
3139 3493 3351 3548 Domini
3383 3494 3547 3562 :quia

1959 3586 2014 3641 in
2040 3586 2141 3641 hac
2169 3585 2345 3640 adhuc
2372 3585 2708 3654 corruptibili
2737 3585 2870 3652 vita,
2901 3583 3143 3652 ejusdem
3169 3584 3403 3654 Spiritus
3424 3600 3548 3640 san-

1955 3679 2031 3736 cti
2057 3678 2227 3748 gratia
2257 3677 2562 3740 revelante,
2580 3676 2781 3746 apertis
2810 3675 2981 3730 oculis
3010 3675 3155 3738 ﬁdei,
3201 3690 3324 3730 eum
3364 3677 3454 3747 qui
3485 3692 3545 3731 se

1954 3785 2076 3826 cum
2131 3768 2235 3824 illis
2287 3782 2455 3836 usque
2499 3767 2551 3822 in
2598 3767 2758 3822 tinem
2819 3768 2999 3823 saeculi
3051 3783 3361 3823 mansurum
3417 3783 3540 3824 esse

1957 3859 2171 3931 (Matth.
2193 3874 2374 3923 xxviii,
2393 3857 2484 3927 20)
2503 3858 2808 3928 repromisit
2834 3859 3119 3929 aspiciunt.
3139 3874 3245 3913 non
3263 3859 3373 3928 jam
3387 3875 3547 3916 carne

1953 3953 2255 4024 parvulum,
2289 3951 2384 4007 sed
2413 3951 2694 4006 divinitate
2725 3953 3064 4005 immensum.
3097 3950 3198 4017 Qui
3229 3952 3388 4005 etiam
3419 3969 3539 4006 cum

1953 4045 2215 4115 Apostolo
2243 4044 2462 4098 dicunt:
2495 4040 2607 4096 Etsi
2637 4057 2938 4095 noveramus
2968 4040 3227 4095 Christum
3258 4042 3540 4096 secundum

1953 4149 2183 4198 carnem,
2229 4133 2323 4187 sed
2357 4132 2474 4204 jam
2500 4148 2637 4186 nunc
2675 4147 2779 4184 non
2809 4131 3040 4185 novimus
3080 4128 3172 4200 (Il
3193 4128 3313 4184 Cor.
3342 4147 3395 4196 v,
3422 4130 3536 4200 16).

1951 4228 2210 4286 Habitant
2236 4230 2398 4286 etiam
2432 4227 2520 4284 isti
2557 4229 2612 4284 in
2641 4225 2994 4290 Hierusalem,
3044 4233 3206 4294 atque
3250 4226 3309 4280 in
3338 4223 3541 4294 Spiritu

1951 4321 2007 4378 in
2033 4321 2293 4393 templum
2339 4334 2450 4389 quo
2476 4318 2724 4374 Christus
2769 4315 3126 4372 introducitur
3153 4316 3392 4371 veniunt.
3436 4316 3540 4384 Ipsi

1950 4413 2095 4468 enim
2150 4423 2277 4469 sunt
2317 4411 2649 4468 Hierusalem
2691 4409 2783 4478 qui
2812 4408 3059 4464 habitant
3087 4408 3140 4462 in
3169 4408 3534 4468 Hierusalem;

1948 4502 2054 4572 ipsi
2079 4510 2137 4558 et
2161 4502 2416 4572 templum
2439 4501 2530 4570 qui
2560 4500 2782 4556 veniunt
2810 4500 2863 4554 in
2885 4499 3165 4569 templum,
3191 4499 3246 4556 in
3272 4499 3466 4569 quibus
3488 4507 3544 4554 et

263 4585 322 4636 in
356 4598 417 4638 eo
438 4599 457 4637 :
495 4592 548 4638 et
582 4598 885 4653 responsum
932 4592 1200 4654 acceperat
1227 4602 1260 4637 α
1292 4583 1492 4654 Spiritu
1534 4594 1714 4639 sancto
1742 4601 1846 4640 non
1879 4611 1930 4670 Β
1954 4610 1987 4649 3
2014 4595 2213 4665 quibus
2241 4595 2492 4649 Christus
2511 4591 2796 4662 excipitur.

261 4673 490 4754 nisurum
525 4689 583 4727 se
619 4680 839 4728 mortem
867 4673 968 4728 nisi
995 4673 1203 4735 videret.
1218 4671 1482 4728 Christum
1510 4673 1743 4729 Domini.
1777 4673 1850 4728 Et

267 4765 398 4819 venit
419 4765 473 4818 in
505 4762 706 4835 Spiritu
725 4765 778 4818 in
800 4764 1042 4835 templum
1064 4763 1216 4835 (Luc.
1249 4781 1304 4831 ll,
1331 4764 1424 4832 25,
1453 4765 1543 4834 26,
1565 4766 1680 4837 27).
1705 4767 1851 4823 Nihil

266 4853 441 4909 minus
467 4852 537 4910 de
561 4855 845 4910 sanctitate
867 4855 956 4910 isti
983 4855 1288 4926 specialiter
1311 4855 1517 4913 homini
1539 4857 1844 4924 ascribitur,

264 4944 355 5014 qui
383 4951 438 4998 et
462 4943 515 4998 in
544 4941 900 5013 Hierusalem,
931 4944 982 4999 id
1010 4952 1094 4999 est
1118 4944 1172 4999 in
1201 4944 1407 5002 visione
1434 4947 1582 5018 pacis
1603 4961 1846 5002 commo-

265 5043 435 5104 ratur,
455 5044 512 5092 et
536 5035 658 5090 ﬁdei
685 5036 999 5109 operatione
1022 5035 1218 5105 justus,
1261 5045 1318 5092 et
1357 5037 1656 5092 reverentia
1685 5036 1846 5094 timo-

264 5133 433 5193 t'atus,
456 5133 511 5182 et
536 5126 749 5184 lsraelis
775 5128 1146 5184 consolatione
1171 5128 1434 5182 attonitus
1462 5127 1620 5198 (forte
1646 5142 1846 5185 conso-

263 5218 452 5275 lationi
478 5221 760 5290 attentus),
789 5230 845 5276 et
871 5219 1071 5292 Spiritu
1115 5230 1306 5276 sancto
1335 5221 1590 5292 repletus,
1622 5222 1847 5294 ejusque

265 5311 616 5382 responsione
643 5312 710 5366 de
755 5313 1018 5370 incarnati
1046 5311 1206 5366 Verbi
1245 5311 1490 5382 jussinne
1519 5314 1676 5383 (forte
1714 5315 1844 5369 mis-

264 5402 438 5474 sione)
468 5405 754 5459 roboratus
784 5401 948 5460 fuisse
993 5404 1326 5476 perhibetur.
1370 5403 1416 5459 Ο
1446 5418 1608 5472 quam
1637 5403 1845 5461 ardenti

265 5493 528 5552 desiderio
555 5495 721 5552 homo
748 5496 850 5550 iste
888 5499 1258 5568 exspectabat,
1293 5497 1587 5554 secundum
1614 5497 1845 5558 .‘niritus

1217 5677 1616 5695 ’.Μ

698 5854 952 5915 Panos.
990 5864 1090 5964 [Χ
1106 5877 1184 5948 γ’

2030 4685 2118 4739 11.
2166 4686 2427 4748 Breviter,
2473 4685 2683 4746 fratres,
2731 4683 2832 4739 ista
2873 4697 3258 4753 percurrimus.
3308 4696 3378 4736 ne
3414 4681 3540 4739 dum

1951 4789 2070 4844 quae
2099 4783 2223 4830 sunt
2260 4772 2418 4842 hujus
2446 4772 2553 4826 diei
2582 4781 2937 4837 sacramenta,
2988 4771 3240 4841 quodque
3285 4781 3536 4828 sanctum

1950 4877 2250 4932 purumque
2270 4860 2597 4930 prmconium
2619 4859 2856 4914 indicare
2895 4859 3454 4926 studuimus,cuilibet
3485 4861 3538 4916 in

1947 4951 2221 5006 fastidium
2250 4951 2546 5005 veniamus.
2592 4949 2884 5019 Sequitur:
2920 4947 2988 5002 Et
3016 4965 3131 5003 cum
3156 4951 3540 5005 introducerent

1951 5057 2168 5111 puerum
2202 5038 2382 5093 Jesam
2429 5048 2665 5109 parentes
2710 5039 2841 5110 ejus,
2893 5048 2950 5092 ut
2990 5041 3218 5110 facerent
3259 5043 3540 5094 secundum

1952 5129 2373 5185 consuetudinem
2421 5129 2546 5202 legis
2583 5147 2677 5195 pro
2722 5147 2812 5195 eo,
2863 5140 2912 5184 et
2959 5132 3068 5198 ipse
3109 5132 3303 5199 accepit
3339 5147 3454 5184 eum
3483 5133 3536 5184 in

1949 5222 2104 5276 ulnas
2132 5237 2276 5288 suas,
2301 5230 2351 5274 et
2376 5221 2635 5276 benedixit
2653 5221 2839 5287 Deum,
2867 5231 2915 5275 et
2943 5222 3112 5276 dixit:
3137 5220 3291 5274 Nunc
3319 5223 3536 5278 dimittis

1950 5329 2154 5368 servum
2182 5323 2343 5378 tuum,
2373 5312 2609 5376 Domine,
2634 5315 2913 5367 secundum
2939 5313 3148 5367 verbum
3176 5323 3316 5368 tuum
3334 5315 3387 5369 in
3409 5331 3538 5385 pace

1951 5404 2106 5476 (Luc.
2140 5421 2201 5471 ιι,
2229 5402 2320 5467 27,
2351 5402 2441 5470 28,
2473 5402 2585 5474 29).
2616 5402 2716 5470 Qui
2747 5403 2899 5470 vivit,
2929 5412 3032 5460 etc.
