4050 6454
244 413 345 474 8ιό

830 598 994 654 Deum
1017 599 1224 668 agitare
1249 598 1338 655 res
1370 600 1631 655 humanas
1666 598 1801 667 judi«

236 666 454 738 ci6,__ut
472 666 693 738 debitas
715 677 1027 738 manu.
1050 666 1197 738 iuste
1230 669 1439 735 reddat,
1476 678 1570 723 aut
1596 670 1804 723 miseri-

235 736 471 794 corditer
494 737 678 792 donet.
718 737 935 793 Vitiata
955 736 1101 795 enim
1356 739 1565 795 macula
1587 739 1657 792 ita
1682 753 1806 795 nro-

236 754 471 794 COl'Ollel'
494 754 678 792 00llel.
724 754 935 793 Vim
955 754 1101 795 eum
1122 754 1321 795 ramus
1356 754 1565 795 macula
1587 754 1657 792 Ila
1717 754 1802 792 ro-

236 806 445 876 pagiuis
492 807 713 876 traduce
742 824 838 876 per
863 809 1273 874 generationum
1314 818 1591 866 sarmenta
1614 754 1802 863 digusa

235 875 344 941 est,
372 882 432 929 ut
470 875 766 948 necinl'ans
781 876 998 948 quidem
1025 878 1182 948 unius
1207 878 1317 933 diei
1341 892 1377 933 δ
1400 879 1556 948 culpa
1582 877 1806 948 si_t_pri-

234 960 341 1015 tua:
364 946 822 1015 prmvaricationis
856 947 1064 1002 alienus
1092 946 1212 1014 (Job
1243 961 1352 1015 xtv,
1381 948 1434 1012 4,
1463 945 1569 1003 sic.
1607 945 1807 1015 LXX),

234 1013 341 1071 nisi
367 1013 468 1085 pur
495 1014 787 1085 indebitam
811 1017 1107 1072 Salvatoris
1148 1013 1377 1085 gratiam
1422 1018 1583 1073 luerit
1617 1013 1809 1073 libera-

234 1094 347 1141 tus.
373 1083 549 1155 Quod
595 1085 640 1155 si
682 1099 785 1140 nec
823 1085 911 1142 hic
948 1083 1172 1153 quidem
1192 1086 1309 1155 sine
1337 1096 1559 1155 peccato
1602 1094 1685 1155 est
1713 1086 1804 1153 qui

235 1155 513 1236 proprium
540 1153 737 1236 habere
770 1169 877 1210 non
908 1156 1116 1236 potuit,
1151 1153 1431 1236 coniicitur
1458 1166 1517 1210 ut
1521 1154 1673 1236 illud
1703 1164 1808 1209 tra-

235 1223 377 1294 xerit
418 1223 651 1277 alienum
693 1223 761 1278 de
805 1223 921 1291 quo
955 1225 1243 1294 Apostolus
1287 1226 1460 1281 dicit:
1512 1224 1618 1278 Per
1650 1239 1807 1278 unum

236 1293 495 1349 hominem
522 1303 787 1364 peccatum
803 1293 1017 1349 intravit
1041 1295 1097 1349 in
1131 1295 1396 1357 mundum,
1428 1303 1479 1348 et
1506 1294 1605 1364 per“
1624 1310 1807 1363 pecca-

237 1371 342 1417 tum
371 1363 534 1429 mors,
579 1371 626 1415 et
648 1365 743 1434 _ita
771 1363 825 1416 in
851 1380 1032 1434 omnes
1064 1367 1389 1434 pertransiit,
1429 1366 1483 1418 in
1508 1363 1612 1434 qua
1633 1380 1811 1418 anates

240 1442 585 1504 peccaverunt
613 1431 790 1500 (Rom.
824 1448 884 1496 v,
919 1432 1030 1504 12).
1065 1431 1236 1500 Quod
1283 1436 1373 1504 qui
1421 1431 1599 1501 negat,
1649 1444 1812 1504 negat

243 1503 480 1570 profecto
510 1501 738 1571 primum
770 1517 867 1556 nos
892 1501 1010 1556 esse
1039 1501 1313 1558 mortales.
1350 1503 1406 1558 Si
1436 1505 1602 1571 enim,
1632 1513 1691 1556 ut
1730 1501 1810 1557 di-

242 1571 314 1626 cit
348 1570 659 1643 Apostolus,
705 1570 806 1623 Per
846 1588 1004 1625 unum
1032 1572 1290 1627 hominem
1316 1581 1578 1643 peccatum
1605 1574 1812 1626 intravit

238 1658 292 1695 in
319 1641 586 1711 mundum,
614 1650 663 1694 et
688 1658 780 1711 per
802 1650 1065 1711 peccatum
1094 1658 1232 1696 mors
1254 1659 1273 1696 :
1304 1641 1449 1698 mors
1474 1644 1674 1699 intrare
1702 1657 1809 1697 non

142 1778 143 1781 η
240 1711 439 1780 potuit,
469 1710 569 1765 nisi
594 1710 841 1781 intrante
865 1720 1104 1781 peccato.
1133 1711 1202 1765 Et
1228 1713 1479 1780 quoniam
1520 1727 1667 1767 mors
1705 1727 1809 1767 non

240 1788 443 1835 naturae
470 1780 725 1845 conditio,
756 1780 848 1836 sed
870 1780 1033 1849 poena
1066 1784 1271 1850 peccati
1299 1790 1693 1851 est,sequatur
1723 1796 1812 1837 ne-

238 1864 395 1905 cesse
421 1857 506 1904 est
546 1864 706 1920 pecua
741 1859 1039 1919 peccatum.
1092 1851 1228 1917 Quia
1259 1864 1386 1906 vero
1415 1850 1471 1907 in
1497 1850 1688 1907 omnes
1715 1851 1812 1906 ho-

243 1919 409 1991 mines
457 1919 603 1973 mors
646 1921 980 1991 pertransiit,
1027 1921 1081 1975 in
1109 1937 1298 1977 onmes
1339 1936 1555 1977 necesse
1581 1929 1667 1976 est
1690 1922 1812 1991 per-

241 1989 499 2060 transisse
526 1988 825 2060 peccatum.
875 1988 1165 2046 Peccatum
1207 2006 1315 2059 quo
1355 1993 1517 2047 modo
1544 2006 1665 2046 cum
1691 1988 1815 2060 par-

242 2060 377 2113 vulis
422 2058 680 2127 originale
725 2067 998 2125 nascatur,
1043 2058 1239 2115 carnis
1267 2062 1442 2116 oculis
1484 2060 1667 2115 videre
1698 2058 1814 2114 non

241 2143 541 2197 possumus.
575 2129 710 2196 Quia
740 2144 867 2183 vero
891 2144 1080 2183 omnes
1101 2145 1169 2184 ex
1196 2129 1366 2185 Adam
1403 2130 1693 2186 carnaliter
1723 2145 1816 2183 ua-

243 2206 351 2279 tuu,
380 2206 439 2253 et
464 2200 509 2253 si
540 2197 747 2279 illirjar‘n
778 2199 938 2253 etiam
964 2200 1057 2279 qui
1103 2198 1155 2279 i_u
1199 2198 1416 2279 Christo
1443 2200 1622 2279 renati
1644 2207 1812 2279 _sunt,

239 2267 483 2323 videmus
499 2267 685 2340 mortis
706 2267 825 2336 lege
844 2267 1155 2340 constringi,
1172 2285 1268 2339 per
1292 2272 1396 2325 hoc
1409 2269 1553 2340 quod
1575 2268 1816 2324 videmus

242 2351 449 2409 semper
468 2338 719 2407 parvulos
740 2338 896 2401 mori,
919 2339 1161 2407 cogimur
1178 2338 1443 2394 conliteri'
1453 2353 1667 2409 semper
1701 2354 1817 2408 par-

238 2407 393 2462 vulos
410 2409 561 2487 nasci
592 2423 713 2464 cum
742 2417 965 2487 peccato
992 2409 1258 2477 originali.
1280 2410 1511 2466 Facilius
1534 2407 1676 2487 enim
1704 2409 1815 2487 t_ieri

240 2485 523 2545 possetut,
551 2478 794 2545 quamvis
822 2486 1132 2549 transeunte
1157 2490 1395 2548 peccato,
1420 2496 1574 2549 pa‘na
1599 2478 1817 2534 minimc

238 2555 583 2613 sequeretur,
618 2560 779 2613 quam
810 2555 868 2599 ut
898 2547 1039 2600 nulla
1067 2547 1555 2604 communicatione
1585 2549 1813 2613 peccati,

237 2623 451 2683 partem
479 2624 873 2688 sumatpccnze,
903 2616 995 2688 qui
1024 2631 1133 2688 non
1154 2618 1315 2671 habet
1341 2619 1530 2688 culpae.
1576 2616 1633 2673 Si
1663 2633 1812 2686 ergo,

242 2691 301 2739 ut
328 2684 598 2808 apparuit,
645 2684 714 2739 de
744 2684 1166 2751 praevaricatoris
1192 2688 1395 2744 semine
1423 2684 1611 2742 olnnes
1650 2684 1820 2741 nasci-

242 2769 361 2808 mur
422 2755 675 2808 ebitores.
703 2756 958 2808 eueniant
1007 2755 1060 2807 in
1091 2756 1208 2808 inso
1234 2773 1441 2808 OlllnPS.
1493 2765 1553 2808 ιιι
1578 2757 1654 2808 ait
1682 2755 1820 2808 Ano-

238 2769 361 2825 nmr
385 2755 675 2819 debitores,
703 2756 958 2823 quoniam
1007 2755 1060 2825 in
1091 2756 1208 2825 ipso
1234 2773 1441 2819 ()lllﬂPS,
1493 2765 1553 2811 ut
1578 2757 1654 2811 ait
1682 2755 1820 2825 Apo-

240 2824 868 2896 stolus,__peccavermit,_
911 2832 967 2879 et
1006 2824 1119 2892 ipsa
1143 2825 1255 2893 jam
1301 2826 1355 2879 in
1386 2828 1649 2896 princ:pio
1679 2824 1818 2881 unde

242 2892 612 2953 descendimus
638 2908 811 2947 massa
839 2893 1089 2947 damnata
1132 2892 1254 2959 est;
1302 2892 1481 2950 nullus
1507 2892 1574 2950 de
1619 2896 1815 2950 duritia

241 2978 358 3027 sua,
381 2963 558 3035 nullus
584 2962 837 3035 depoena
863 2978 957 3016 sua
987 2966 1243 3035 conqueri
1267 2965 1481 3029 audeat,
1512 2982 1630 3035 quin
1654 2967 1815 3019 etiam

242 3032 760 3105 nonhexistentibus
800 3034 1039 3105 peccatis
1095 3032 1357 3105 propriis,
1406 3032 1817 3091 sola'nascendi

241 3103 553 3159 conditione
594 3103 840 3174 debetur.
888 3102 1060 3174 Quod;
1095 3102 1222 3159 vero
1253 3104 1391 3160 Deus
1439 3105 1559 3159 aliis
1585 3107 1817 3174 gratuita

243 3174 531 3230 vocatione
555 3172 853 3243 conversis,
882 3172 1301 3230 misericordiam
1349 3175 1572 3243 largitur
1593 3172 1819 3232 'indebi-

1256 410 1345 472 DE
1381 411 2037 474 PRA‘ZDESTINATIONE
2074 412 2160 470 ΕΤ
2197 412 2475 473 GRATIA.

244 532 343 588 ei.
370 540 586 586 uomat
607 524 963 602 misericordia
998 537 1050 584 et
1075 530 1263 602 ueritas
1287 529 1459 602 (Psat.
1489 547 1635 595 XXIV,
1668 528 1800 602 i0);
1835 535 1878 591 Α

3370 410 3473 468 8ισ

1975 530 2062 594 rit,
2095 531 2150 584 in
2189 529 2277 585 illa
2316 530 2506 585 divinae
2535 526 2879 598 perscientia:
2907 525 3024 581 luce
3054 525 3326 583 faciendus
3354 528 3477 598 nul-3

1928 616 2013 654 um
2061 600 2236 668 potuit
2285 599 2483 654 habere
2513 596 2867 669 principium:
2899 597 3374 669 et‘quanticunque
3395 596 3478 652 vel

1903 683 1968 723 ex
1992 666 2180 725 Adam.
2204 683 2371 737 usque
2385 670 2435 723 in
2463 666 2779 724 hodiernum
2795 666 2937 720 diem
2953 666 3196 737 homines
3212 668 3321 720 nati
3335 676 3479 729 sunt,

1904 738 1988 792 vel
2010 747 2133 807 post
2150 735 2396 807 nostram
2426 747 2638 793 aetatem
2664 735 3024 807 generationis
3051 744 3174 807 sunt
3195 737 3483 805 prepagine

1905 804 2179 873 nascituri,
2208 809 2352 877 apud
2377 808 2543 862 Deum
2567 807 2677 861 nati
2704 805 2981 877 suntiam,
3002 813 3056 877 et
3064 804 3485 877 decuno'tutius

1906 877 2028 947 vita:
2056 874 2299 947 tempore
2328 878 2675 941 transierunt,
2708 876 2760 930 in
2800 876 2904 947 illo
2946 875 3293 947 nihilominus
3319 874 3483 947 divini

1906 946 2124 1005 obtutus
2148 943 2349 1001 lumine
2372 954 2767 1015 permanentes.
2800 943 2941 1015 Deus
2960 946 3102 998 enim
3130 946 3220 1012 qui
3244 961 3343 1000 nec
3364 944 3485 999 locu

1905 1016 2191 1079 clauditur,
2223 1032 2321 1072 nec
2349 1014 2593 1085 tempore
2641 1014 2984 1085 prmvenitur,
3008 1016 3242 1085 omnium
3283 1029 3481 1085 rerum,

1907 1093 2019 1168 tam
2062 1084 2475 1168 pnetueritarum’
2514 1084 2838 1165 memoria...
2866 1099 3026 1152 quam
3095 1084 3483 1168 imminentium

1906 1154 2132 1210 scientia
2162 1156 2352 1227 plenus
2377 1163 2458 1211 est
2491 1174 2501 1205 :
2531 1170 2630 1210 nec
2652 1155 2998 1227 reminiscens
3025 1155 3255 1209 volvitur
3252 1154 3325 1227 _in
3353 1170 3483 1223 prae-

1909 1222 2283 1290 teritnmfnec
2333 1240 2557 1294 sperans
2595 1224 2835 1279 tenditur
2867 1225 2922 1277 in
2968 1223 3223 1278 futurum.
3249 1222 3315 1277 Et
3340 1222 3484 1293 qua:-

1907 1310 2118 1364 cunque
2145 1295 2367 1351 omnino
2389 1303 2533 1360 sunt,
2556 1309 2675 1363 quae
2701 1302 3005 1364 temporum
3027 1295 3482 1364 motibusﬂagitan-

1909 1359 2113 1427 tur,'ab
2140 1380 2208 1419 eo
2248 1359 2588 1434 principioin
2610 1378 2717 1431 quo
2747 1359 3146 1434 erat__Verbum,
3172 1374 3224 1416 et
3255 1359 3485 1418 Veibum

1909 1442 2027 1489 erat
2050 1432 2398 1504 apudiDeum,
2426 1432 2489 1489 et
2538 1434 2678 1489 Deus
2719 1442 2835 1504 erat
2863 1432 3096 1504 Verbum
3129 1434 3307 1499 (Joan.
3341 1450 3376 1493 ι,
3408 1434 3484 1498 1),

1911 1502 2154 1572 nsquein
2180 1503 2340 1559 tinem
2371 1504 2614 1559 omnium
2640 1502 2976 1572 surculorum.
3008 1503 3084 1556 De
3108 1518 3215 1570 quo
3238 1503 3343 1557 tine
3366 1518 3486 1557 cum

1909 1571 2113 1627 diceret
2139 1574 2327 1629 beatus
2348 1573 2559 1641 Moyses
2588 1592 2599 1626 :
2630 1572 2867 1635 Domine,
2893 1571 3083 1641 inquit,
3106 1574 3193 1641 qui
3215 1590 3400 1641 regnas
3432 1575 3486 1628 in

1910 1590 2113 1627 ulceret
2139 1590 2327 1629 neatns
2349 1590 2434 1627 MO
2475 1590 2559 1628 ses
2588 1592 2599 1626 :
2630 1590 2867 1635 uouune,
2893 1590 2944 1625 in
2989 1590 3083 1635 un,
3106 1590 3193 1641 qut
3215 1590 3400 1641 regnas
3432 1590 3486 1628 ιιι

1910 1643 2155 1698 saeculum
2199 1652 2255 1714 et
2297 1590 2542 1699 saacuiyum
2572 1641 2769 1714 (Exod.
2808 1658 2898 1714 sv,
2930 1590 3041 1710 ὦ),
3068 1652 3124 1714 et
3165 1644 3345 1697 adhuc
3378 1658 3486 1714 nec

1911 1721 2199 1781 sperantur
2239 1712 2433 1776 lutura,
2467 1711 2877 1782 nec'pnctcrita
2924 1711 3265 1777 transierunt,
3298 1712 3390 1766 sed
3435 1714 3487 1766 in

1912 1783 2194 1852 praesentia
2220 1782 2512 1837 divinitatis
2535 1782 2779 1851 praasenti
2802 1796 3016 1849 semper
3036 1782 3153 1837 luce
3179 1790 3486 1837 cermmtur.

1916 1851 1997 1906 Ab
2023 1853 2116 1907 illo
2136 1866 2265 1920 ergo
2291 1854 2415 1922 quia
2442 1862 2674 1922 :cternus
2702 1861 2757 1922 et
2785 1852 3055 1920 pncscios,
3086 1852 3209 1919 quia
3239 1860 3295 1907 et
3316 1852 3487 1920 justus

1915 1931 1972 1976 et
1997 1923 2116 1991 pius
2142 1932 2244 1986 est,
2275 1921 2366 1990 qui
2400 1931 2616 1977 exercet
2642 1921 2874 1991 debitam
2909 1922 3274 1986 severitatem,
3305 1930 3361 1975 et
3397 1940 3479 1976 os-

1916 1990 2061 2062 hibet
2090 1992 2376 2046 indebitam
2400 1993 2676 2061 pietatem,
2699 1998 2756 2062 et
2776 1990 3022 2062 habet‘in
3043 1992 3286 2062 creandis
3327 2000 3487 2062 atque

1916 2061 2173 2128 eligendis
2203 2057 2524 2123 homini-bus,
2549 2062 2689 2116 sicut
2720 2061 2772 2115 in
2799 2059 2911 2114 luto
2938 2057 3129 2128 ﬁgulus
3147 2057 3489 2129 potestatem,

1916 2129 2054 2186 facta
2074 2140 2203 2185 sunt
2225 2132 2330 2186 alia
2356 2133 2573 2200 quidem
2598 2145 2720 2200 vasa
2742 2131 2794 2183 in
2822 2130 3082 2185 honorem
3102 2170 3118 2194 ,
3150 2130 3253 2183 alia
3283 2145 3411 2186 vero
3439 2133 3489 2185 iu

1913 2202 2313 2255 contumeliam.
2345 2199 2647 2269 Antequam
2690 2199 2894 2255 faceret
2939 2215 3057 2266 nos,
3082 2199 3346 2269 praescivit
3371 2217 3490 2268 nos,

1914 2278 1972 2324 et
1995 2270 2048 2340 in
2071 2271 2184 2339 ipSa
2214 2287 2311 2325 nos
2339 2270 2844 2340 przescientiapcnm
2877 2269 3109 2340 nondum
3132 2269 3366 2333 fecisset,
3393 2271 3483 2325 ele

1914 2340 2008 2409 git.
2025 2338 2130 2394 Sed
2146 2355 2177 2394 a
2191 2355 2299 2409 quo
2316 2338 2419 2395 hoc
2442 2340 2557 2394 tieri
2581 2339 2772 2409 potuit,
2787 2339 2888 2394 nisi
2905 2339 2972 2392 ab
2984 2354 3050 2393 eo
3060 2340 3148 2409 qui
3161 2350 3305 2393 vocat
3320 2342 3490 2394 omnia

1913 2426 2030 2481 qui:
2072 2426 2175 2465 non
2210 2408 2330 2464 sunt
2358 2408 2707 2481 tanqumnuea
2744 2424 2860 2481 qua:
2901 2420 3020 2463 sunt
3066 2408 3242 2478 (Rom.
3272 2425 3342 2469 tv.
3376 2409 3489 2481 i7)?

1917 2480 2209 2546 Apostolus
2236 2481 2379 2549 enim
2410 2478 2560 2546 dicit,
2582 2478 2693 2549 Qui
2720 2478 2871 2549 elegit
2893 2482 3345 2549 nosanteimunui
3368 2478 3481 2537 cott-

1914 2550 2229 2603 stitutionem
2260 2547 2474 2617 (Ep/tes.
2500 2566 2535 2608 ι.
2567 2547 2645 2616 4).
2669 2547 2814 2602 Intra
2845 2548 3105 2602 mundum
3133 2548 3258 2604 facti
3287 2564 3492 2617 sumus,

1916 2627 1972 2673 et
2000 2626 2125 2672 ante
2154 2620 2406 2672 mundum
2430 2619 2584 2674 electi
2613 2632 2832 2674 sumus:
2863 2626 3026 2686 atque
3054 2618 3126 2676 ita
3149 2634 3254 2674 uno
3280 2617 3489 2675 eodem.

1916 2702 2041 2756 que,
2071 2701 2171 2741 nec
2197 2696 2525 2750 transeunte,
2561 2702 2659 2742 nec
2705 2689 2904 2749 loturo,
2936 2688 3029 2742 sed
3068 2689 3324 2744 continuo
3361 2696 3484 2744 tem-

1917 2756 2189 2826 pore,_vel
2240 2757 2284 2811 si
2333 2771 2441 2824 quo
2484 2756 2592 2811 alio
2646 2756 2807 2826 modo
2847 2756 2953 2826 diei
2992 2765 3191 2826 potest,
3222 2759 3267 2812 si
3314 2766 3491 2813 tamen

1918 2824 2059 2895 apud
2084 2824 2248 2880 Deum
2279 2834 2379 2890 est,
2410 2835 2463 2880 et
2491 2825 2748 2895 priesciri,
2780 2834 2837 2880 et
2883 2824 3079 2889 face—re,
3111 2836 3168 2881 et
3196 2827 3416 2895 eligere,
3439 2838 3488 2882 el

1918 2894 2252 2965 pnescientia
2278 2912 2373 2952 sua
2404 2894 2912 2951 incommutabiliter
2924 2894 3491 2965 permanenteeligere

1918 2963 2187 3022 iaciendos
2214 2983 2227 3019 :
2259 2980 2396 3034 quos
2426 2966 2665 3036 facturus
2700 2967 2873 3036 fuerat
2900 2963 3182 3036 gligendos
3208 2984 3221 3018 :
3254 2963 3490 3036 haeczqui-

1916 3036 2063 3162 genti;
2095 3043 2356 3160 quuntum
2383 3035 2455 3091 ad
2474 3035 2597 3091 lidei
2617 3034 2881 3104 regulam,
2900 3034 3478 3107 Deoillumiuanteprte

1954 3123 2002 3162 ic
2085 3122 2164 3160 sm
2195 3146 2212 3161 .

1954 3108 2058 3162 icta
2085 3107 2212 3161 sint.

1988 3175 2119 3231 Car.
2142 3191 2215 3231 v1.
2243 3175 2347 3232 Sed
2372 3176 2485 3245 jam
2507 3176 2666 3232 video
2685 3174 2811 3245 quid
2833 3176 2995 3231 etiam
3024 3175 3151 3233 hinc
3168 3175 3492 3233 calumniosa

239 3254 372 3316 tam,
396 3258 515 3316 non
543 3242 611 3297 ad
632 3242 1057 3316 dispensationis
1077 3244 1361 3310 justitiam.
1393 3242 1488 3316 sed
1519 3245 1585 3299 ad
1616 3245 1820 3316 donan-
1848 3254 1892 3316 ο
1923 3248 2158 3315 pravitas
2187 3246 2356 3316 possit
2375 3242 2974 3316 'opponereISequitur
3001 3247 3163 3309 enim,
3196 3256 3254 3301 ut
3300 3247 3347 3303 si
3401 3262 3491 3302 eos

238 3313 308 3369 tis
337 3311 890 3385 misericordissimam
928 3313 1227 3385 largitatem
1269 3315 1427 3384 (alias
1458 3313 1814 3385 libertatem),

242 3384 488 3439 veritatis
508 3383 721 3439 ratione
748 3380 1217 3453 referendumest.
1250 3380 1332 3438 An
1367 3384 1584 3440 audebit
1609 3380 1821 3440 debitor

238 3455 564 3510 creditorem
594 3452 891 3521 iniquitatis
920 3452 1163 3523 arguere,
1214 3457 1257 3509 si
1289 3455 1446 3509 alteri
1492 3456 1722 3519 donans,
1751 3455 1821 3509 ab

239 3540 306 3579 eo
332 3524 480 3593 quod
510 3523 739 3579 debebat
767 3524 1049 3593 exegerit?
1093 3524 1152 3579 Si
1178 3540 1308 3592 ergo
1337 3525 1477 3579 inter
1513 3532 1822 3580 contractus

240 3595 521 3649 hominum
576 3593 754 3648 nullus
779 3595 981 3663 eproc
1020 3594 1436 3663 praescriptionis
1457 3594 1605 3649 locus
1631 3602 1735 3663 est,
1765 3602 1824 3648 ut

240 3679 270 3719 a
295 3680 356 3720 se
381 3668 533 3720 dicat
556 3662 768 3718 debitor
791 3660 988 3733 injuste
1013 3660 1174 3732 exigi,
1207 3660 1332 3733 quia
1361 3666 1465 3719 scit
1487 3662 1643 3718 alteri
1673 3662 1822 3717 debi-

240 3736 343 3789 tori
393 3734 469 3789 ab
515 3733 707 3789 eodem
752 3732 896 3803 quod
942 3733 1176 3803 debebat
1220 3732 1488 3789 ereditore
1523 3734 1820 3799 donatum;

238 3805 358 3873 quis
381 3806 441 3859 in
471 3810 672 3857 tantam
703 3801 965 3858 insaniam
993 3801 1231 3872 profanae
1274 3805 1421 3859 vocis
1448 3812 1717 3871 erumpat,
1768 3810 1826 3856 ut

241 3872 520 3940 injustitite
559 3873 727 3928 Deum
777 3881 985 3940 arguat,
1018 3874 1061 3929 si
1092 3874 1180 3927 uni
1213 3873 1504 3928 indebitatn
1546 3872 1827 3929 donaverit

237 3947 493 4013 gratiam,
524 3943 679 3997 alteri
709 3943 1000 3997 reddiderit
1020 3944 1255 3998 debitam
1281 3944 1541 4012 penam?

304 4012 444 4070 Ωιι».
475 4030 547 4068 ιν.
579 4013 767 4083 Itaque
789 4027 857 4083 ex
888 4013 1152 4083 superiori
1198 4013 1357 4082 hujus
1399 4021 1552 4082 parte
1598 4019 1820 4083 senten-

239 4082 347 4154 tiae,
376 4098 504 4154 qua:
524 4084 654 4154 dicit
680 4081 697 4135 7:
729 4081 888 4151 Cujus
914 4081 1019 4154 uult
1062 4086 1355 4150 miseretur,
1380 4081 1510 4153 puto
1535 4082 1825 4154 quodAnuI-_

239 4152 322 4208 lus
342 4151 451 4210 nisi
481 4153 727 4218 indignus
746 4153 1115 4222 misericordia
1137 4153 1331 4209 audeat
1357 4151 1649 4222 disputare.
1672 4151 1828 4218 Quod

240 4238 370 4279 vero
397 4223 645 4293 sequitur
675 4241 687 4276 :
722 4221 884 4287 Quem
921 4225 1027 4279 vult
1072 4225 1300 4286 indurat,
1333 4224 1404 4278 ibi
1428 4221 1698 4293 paululum
1730 4223 1828 4276 hu-

236 4307 416 4349 mana:
472 4292 671 4347 mentis
714 4294 941 4349 intentio
986 4294 1136 4350 verbi
1173 4292 1437 4349 novitate
1462 4292 1824 4347 contunditur.

238 4359 352 4432 Sed
381 4378 497 4418 non
524 4363 598 4416 ita
621 4363 1020 4432 intelligendum
1050 4372 1155 4430 est,
1182 4363 1333 4432 quasi
1362 4363 1505 4418 Deus
1528 4363 1582 4416 in
1610 4362 1831 4417 homine

240 4430 417 4503 ipsam
443 4447 563 4503 quae
585 4449 691 4488 non
725 4430 870 4489 esset
905 4435 1154 4490 duritiam
1182 4430 1360 4489 cordis
1385 4440 1672 4503 operetur.
1690 4431 1829 4499 Quid

238 4502 386 4574 unius
414 4501 671 4574 aliud‘est
693 4503 907 4564 duritia.
937 4519 1098 4572 quam
1129 4504 1224 4559 Dei
1257 4501 1486 4574 obviare
1520 4501 1829 4574 mandatis?

243 4569 399 4643 Unde
450 4571 579 4643 illud
625 4572 814 4627 beatus
858 4569 1161 4643 Stephanus
1186 4569 1403 4629 dicebat
1426 4573 1494 4628 ad
1522 4573 1776 4641 populum
1811 4590 1822 4625 :

247 4640 389 4695 Dura
419 4642 632 4703 cervice,
663 4652 836 4697 etnon
865 4640 1169 4698 circumciso
1198 4644 1373 4708 corde,
1402 4653 1453 4696 et
1480 4643 1711 4705 auribus,
1740 4659 1825 4697 ros

237 4711 699 4782 semiienSpiriAtui
735 4721 915 4767 sancto
960 4713 1199 4767 resistitis
1223 4715 1359 4782 (Act.
1389 4729 1478 4775 vn,
1512 4710 1621 4780 51).
1653 4712 1825 4778 Quam

282 4778 417 4836 ni'a
448 4780 558 4836 Deo
604 4778 717 4841 ﬁeri
764 4789 936 4851 putat,
982 4790 1202 4851 propter
1232 4778 1389 4849 quod
1430 4778 1632 4837 dictum
1676 4790 1758 4834 est
1808 4800 1821 4833 :

328 4851 547 4921 emprult
573 4851 808 4920 indurat,
838 4852 1011 4921 ipsum
1058 4851 1512 4920 praevaricationis
1559 4851 1829 4905 intueatur

242 4919 554 4987 exordium,
608 4928 667 4974 ct
708 4919 820 4977 Deo
862 4919 1102 4977 donante
1130 4922 1486 4989 mandatum,
1543 4935 1640 4989 per
1684 4921 1827 4987 quod

244 4990 686 5057 transgressionis
705 4991 790 5046 cul
829 5006 915 5044 am
936 4991 989 5045 in
1013 4988 1175 5046 corde
1193 4991 1352 5046 tuerit
1386 4988 1643 5059 operatus
1661 4999 1832 5045 atten-

244 5058 356 5116 dat.
383 5059 632 5116 quamvis
669 5075 738 5115 ne
764 5006 832 5116 ab
861 5061 976 5116 inso
1016 5061 1255 5116 quidem.
1284 5061 1330 5115 si
1370 5069 1591 5116 negaret
1642 5075 1827 5115 assen-

242 5058 356 5124 dat,
383 5059 632 5128 quamvis
669 5075 738 5115 ne
764 5058 832 5116 ab
861 5061 976 5130 ipso
1016 5061 1255 5130 quidem,
1284 5061 1330 5115 si
1370 5058 1613 5130 negaret,
1642 5075 1827 5115 assen-

243 5143 391 5200 sum,
416 5129 592 5197 potuit
620 5129 891 5200 tentatore
914 5129 1339 5200 compelli.Ergo
1364 5129 1620 5200 quidquid
1647 5130 1828 5198 quoad

246 5196 396 5269 illam
422 5196 915 5269 'pragvaricationem
942 5196 1100 5257 natus
1141 5196 1396 5269 supplicii
1416 5196 1580 5256 homo
1604 5196 1823 5269 patitur,

242 5266 393 5339 justo
417 5266 566 5322 reddi
592 5270 893 5339 meritoque
919 5270 1171 5325 fateatur.
1197 5266 1453 5339 Indurare
1497 5266 1641 5324 enim
1686 5268 1828 5325 Deus

250 5335 450 5391 dicitur
474 5352 619 5403 eum,
646 5335 821 5407 quem'
834 5340 1043 5394 mollire
1069 5340 1320 5395 noluerit.
1350 5338 1441 5395 Sic
1472 5341 1633 5407 etiam
1656 5353 1830 5394 exae-

247 5407 592 5477 careudicitur
610 5406 753 5473 eum,
775 5423 937 5477 quem
959 5409 1260 5464 illuminare
1288 5409 1535 5464 noluerit.
1560 5406 1652 5463 Sic
1665 5410 1827 5464 etiam

246 5475 514 5548 repellere
533 5491 656 5548 eum
683 5475 842 5547 quem
868 5493 1063 5534 vocare
1088 5479 1338 5534 noluerit.
1369 5477 1510 5542 Quos
1534 5480 1675 5532 enim
1703 5495 1832 5548 prte-

249 5544 548 5630 destinauit,
577 5544 1014 5630 illos‘et'p‘ocuvit:
1039 5556 1235 5630 etquqs
1259 5550 1471 5630 uocauit,
1498 5549 1617 5604 illos
1630 5544 1830 5630 justiﬁf

249 5615 388 5687 gavit
408 5613 584 5683 (Rom.
608 5631 719 5687 vnn,
745 5615 855 5687 30).
877 5615 997 5687 [pse
1015 5613 1158 5673 enim
1177 5617 1326 5673 dedit
1345 5627 1404 5673 ut
1421 5619 1607 5684 simus,
1630 5613 1746 5687 ipse
1763 5613 1826 5673 ut

250 5681 381 5755 boui
403 5681 521 5740 esse
547 5681 831 5755 possimus.

278 5819 291 5832 .
323 5749 838 5832 Car._y._:Prazscivit
873 5756 1016 5832 enim
1055 5772 1154 5832 nos
1176 5757 1588 5832 ejusdivinitas,
1608 5760 1824 5832 sapien-

253 5823 328 5896 t_ia
349 5823 609 5896 condidit,
630 5824 834 5896 justitia
860 5826 1152 5894 damnavit,
1177 5823 1344 5896 gratia
1373 5829 1635 5884 liberavit;
1670 5823 1825 5883 Mun-

246 5887 353 5946 dus
371 5892 517 5949 enim
543 5887 787 5964 quamvis
803 5910 904 5966 pro
921 5887 1162 5968 tempore
1179 5887 1257 5954 cx
1285 5913 1392 5968 quo
1411 5897 1583 5955 tactus
1609 5908 1689 5955 est
1718 5915 1828 5957 ca:—

1921 3331 2059 3386 quos
2104 3315 2523 3386 praedestinavit,
2555 3315 2675 3386 illos
2721 3326 2776 3369 et
2813 3315 3065 3386 ’yocavit,
3086 3327 3142 3370 et
3168 3316 3213 3369 si
3242 3332 3337 3372 eos
3363 3332 3491 3386 quos

1923 3384 2153 3452 vocavit,
2182 3386 2304 3441 illos
2348 3394 2405 3440 et
2445 3384 2753 3453 justiticavit
2784 3384 2959 3455 (Rom.
2994 3402 3102 3449 vm,
3130 3386 3240 3455 50),
3269 3384 3491 3455 quir'nrr

1922 3455 2307 3525 praedeStinati,
2336 3470 2436 3511 nec
2467 3456 2663 3518 vocati,
2693 3470 2757 3509 ac
2796 3454 2899 3524 per
2937 3458 3040 3511 hoc
3083 3454 3206 3511 nec
3225 3454 3494 3524 iustiﬁcati

1922 3534 2067 3590 sunt,
2091 3526 2160 3580 ab
2187 3525 2334 3580 omni
2361 3525 2518 3595 culpa
2544 3525 2775 3581 debeant
2807 3541 2927 3580 esse
2959 3529 3293 3589 innocentes,
3327 3526 3493 3593 injus-

1923 3602 2084 3663 teque
2135 3595 2203 3649 ab
2249 3595 2329 3649 eis
2373 3610 2477 3664 pro
2506 3597 2629 3649 vitae
2668 3596 2934 3664 pravitate
2977 3604 3275 3659 transactte,
3308 3598 3360 3651 in
3407 3597 3494 3650 ιιιι-

1923 3665 2210 3734 ugtiitionis
2254 3665 2342 3734 die
2394 3664 2502 3734 sint
2551 3665 2817 3733 poscenda
2869 3666 3148 3734 supplicia.
3194 3665 3347 3723 Dicat
3386 3665 3493 3719 istis

1925 3731 2120 3805 Paulus
2132 3733 2425 3805 apostolus,
2450 3731 2953 3804 Nunquidiniquitas
2975 3731 3115 3803 apud
3142 3734 3299 3805 (leum
3321 3734 3475 3805 (Rom

1924 3818 1998 3865 Ix,
2032 3802 2149 3868 14)?
2174 3802 2367 3857 Statim
2413 3804 2527 3872 ipse
2574 3802 2916 3872 respondeat,
2939 3805 3101 3857 Absit.
3132 3802 3374 3872 Cumque
3397 3806 3491 3859 but

1926 3873 2087 3927 tuerit
2107 3875 2158 3926 in
2188 3873 2420 3928 hominis
2448 3882 2627 3927 mente
2647 3887 2778 3942 sana
2807 3873 3008 3942 pietate
3034 3873 3331 3938 laudatum,
3355 3878 3494 3941 quor|

1925 3944 2069 3996 nulla
2104 3943 2172 3997 sit
2202 3942 2452 4009 iniquitas
2500 3944 2636 4010 apud
2690 3941 2875 4006 Deum,
2909 3943 2980 3996 ita
3027 3942 3303 4013 intelligat,
3341 3943 3494 4013 Cujus

1926 4014 2032 4065 uult
2095 4014 2398 4076 miseretur,
2446 4021 2504 4083 et
2549 4028 2699 4083 quem
2742 4012 2847 4066 vult
2882 4013 3093 4066 indurat
3138 4010 3324 4081 (Ibid,
3383 4010 3494 4081 f8);

1926 4083 2078 4151 quasi
2095 4083 2298 4138 diceret
2324 4101 2335 4135 :
2360 4082 2522 4150 Cujus
2543 4081 2660 4136 vult
2677 4083 2981 4147 miseretur,
3005 4092 3060 4137 et
3082 4085 3233 4151 cujus
3259 4098 3364 4136 non
3390 4087 3496 4137 vult

1927 4168 2034 4207 non
2065 4154 2367 4209 miseretur.
2398 4152 2636 4220 Itemque
2665 4152 2768 4208 hoc
2807 4152 2980 4221 ipsum
3010 4169 3192 4207 rursus
3217 4153 3496 4220 intelligat,

1927 4224 2080 4290 quasi
2107 4223 2374 4278 diceretur
2406 4240 2418 4273 :
2450 4222 2547 4277 Cui
2578 4222 2691 4275 vult
2718 4222 2901 4288 donat,
2935 4231 2991 4277 ct
3016 4238 3047 4276 a
3082 4237 3191 4291 quo
3220 4223 3330 4276 vult
3352 4224 3489 4285 debi-

1930 4302 2040 4345 tum
2071 4294 2260 4362 poscit.
2292 4292 2446 4359 Quod
2468 4292 2566 4362 qui
2594 4292 2776 4347 dicere
2803 4302 3111 4361 perseverat
3138 4292 3411 4361 injustum,
3435 4297 3495 4347 al‘

1929 4361 2187 4434 Apostolo
2207 4362 2408 4434 audiat,
2440 4361 2498 4434 ρ
2527 4362 2697 4426 homo,
2719 4371 2777 4434 tu
2819 4364 2931 4434 quis
2963 4379 3017 4417 es
3048 4364 3148 4434 qui
3192 4366 3495 4434 respondeat

1932 4430 2039 4486 Deo
2071 4432 2259 4501 (Ibid,
2294 4432 2416 4503 20)?
2460 4430 2710 4501 Congrue
2738 4430 3001 4501 siquidem
3046 4430 3347 4501 huiusmodi
3399 4436 3491 4489 im.

1931 4504 2186 4572 pietatem
2232 4503 2528 4573 apostolica
2579 4504 2929 4572 reprehendit
2955 4506 3269 4564 auctoritas,
3297 4513 3496 4558 tantum

1929 4573 1998 4628 de
2050 4574 2465 4642 exaggeratione
2508 4573 2785 4627 nominum
2829 4573 3036 4643 pondus
3063 4575 3345 4643 incutiens,
3378 4590 3496 4629 cum

1930 4644 2077 4707 dicit,
2108 4641 2345 4706 O'Iiomo,
2372 4653 2422 4695 tu
2443 4644 2555 4712 quis
2577 4659 2633 4695 es
2652 4645 2738 4712 qui
2759 4641 3067 4711 respondens
3095 4642 3242 4699 Deo?
3269 4641 3313 4695 Ο
3339 4643 3496 4696 honu'

1928 4712 2059 4783 Deo.
2084 4714 2252 4768 lutum
2284 4711 2473 4783 ligula!
2508 4711 2793 4780 Subjunxit
2819 4713 2961 4767 enim
3007 4713 3451 4783 idemapostulus
3480 4726 3497 4767 :

1928 4781 2178 4854 Nunquid
2198 4784 2320 4837 dicit
2338 4782 2636 4854 ﬁgmentum
2658 4783 2706 4836 ei
2728 4784 2811 4853 qui
2834 4799 2888 4836 se
2906 4783 3100 4852 ﬁnxit:
3126 4782 3297 4854 (laure
3324 4783 3400 4835 sic
3422 4801 3495 4835 om

1929 4851 2132 4921 fecisti?
2150 4854 2231 4906 An
2266 4869 2377 4923 non;
2396 4851 2547 4923 habet
2581 4851 2886 4920 potestatem
2906 4853 3095 4923 ﬁgulus
3122 4852 3215 4904 tuti
3235 4868 3300 4906 ea:
3324 4856 3497 4923 caden-

1929 4920 2102 4976 massa
2130 4924 2301 4993 facere
2327 4920 2470 4993 aliud
2499 4922 2702 4993 quidem
2728 4939 2818 4976 vas
2848 4920 3186 4984 inv/tenorem,
3215 4921 3359 4993 aliud
3387 4940 3497 4977 rerr

1926 4993 1980 5045 in
1997 4990 2355 5045 contumeliam
2371 4990 2477 5053 (Io.
2489 4990 2704 5058 ,91)?Si
2725 5006 2855 5061 ergo
2869 4992 3049 5057 habet,
3063 4993 3169 5047 imo
3197 4992 3319 5059 quia
3342 4992 3497 5046 habet

1929 5070 2251 5129 potestatem
2280 5060 2470 5129 tigulns
2503 5062 2597 5117 luti
2626 5060 2805 5117 tacere
2827 5078 2895 5117 ex
2921 5063 3108 5117 eadem
3134 5075 3327 5125 massa,
3357 5062 3498 5117 aliud

1926 5131 2142 5199 quidem
2164 5131 2217 5185 in
2248 5131 2530 5193 honorem,
2567 5132 2711 5187 aliud
2749 5147 2878 5186 vero
2917 5133 2970 5185 in
3015 5131 3421 5199 contumeliam,
3467 5149 3499 5187 ο

1929 5202 2110 5273 homo,
2141 5208 2199 5255 tu
2225 5201 2346 5271 quis
2360 5215 2420 5256 es
2469 5203 2560 5273 qui
2584 5200 2911 5273 respondeas
2927 5201 3061 5273 Duo,
3071 5202 3195 5271 quia
3209 5200 3360 5269 cujus
3388 5202 3497 5257 vult

1928 5270 2293 5343 miseretur-pet
2317 5270 2645 5343 quem'vult
2676 5270 2936 5343 indurat?
2962 5270 3071 5326 Sed
3092 5270 3404 5343 priusquam
3435 5274 3498 5328 ad

1930 5338 2231 5411 hujusmodi
2285 5338 2682 5397 conclusionem
2727 5342 2916 5397 beatus
2948 5338 3237 5410 Apostolus
3263 5338 3497 5411 disputa

1931 5409 2091 5481 tionis
2113 5411 2303 5467 ordine
2332 5412 2656 5481 perveniret,
2682 5412 2786 5466 hoc
2826 5413 3159 5481 potissimum
3194 5413 3261 5469 de
3297 5409 3497 5468 veteri-

1927 5479 2028 5536 bus
2057 5480 2248 5552 litteris
2275 5479 2511 5552 sumpsit
2525 5479 2865 5552 exemplum;
2899 5483 2952 5537 in
2977 5497 3086 5552 quo
3111 5484 3498 5539 indurationem

1971 5564 2051 5623 nte
2086 5566 2118 5605 a
2160 5550 2297 5623 Deu
2323 5552 2451 5606 ﬁeri
2484 5551 2696 5623 dicitur,
2733 5550 3050 5623 edoceret:
3098 5553 3256 5617 Dicit,
3306 5554 3498 5623 inquit,

1979 5622 2208 5693 criptura
2226 5621 2499 5693 Pharaoni
2527 5639 2544 5676 :
2570 5621 2704 5686 Quia
2726 5622 2779 5675 in
2803 5622 2899 5677 hoc
2918 5624 3087 5693 ipsum
3111 5625 3328 5678 excitavi
3358 5621 3423 5684 te.
3445 5638 3499 5677 ιιι

1928 5691 2195 5745 ostendam
2214 5692 2269 5745 in
2292 5701 2337 5746 te
2355 5691 2585 5744 virtutem
2613 5707 2796 5754 meam,
2816 5701 2865 5746 et
2891 5691 2948 5746 ut
2963 5697 3289 5748 annuntietur
3316 5711 3497 5749 nomen

1931 5776 2098 5833 merent
2147 5762 2203 5816 in
2243 5762 2481 5816 uniuersa
2521 5771 2658 5833 terrn
2714 5761 2899 5833 (Ibid,
2939 5764 3035 5827 i7;
3074 5764 3247 5818 Exod.
3279 5781 3351 5825 ts,
3386 5766 3497 5833 lli).

1930 5830 2210 5903 Indur‘asse
2233 5838 2411 5903 autem
2463 5846 2560 5887 cor
2597 5831 2715 5900 ejus
2759 5832 2901 5903 Deus
2927 5834 2980 5889 in
3011 5835 3198 5889 eadem
3225 5830 3496 5903 Scriptura

1929 5900 2264 5972 apertissime
2308 5900 2542 5970 dicitur,
2583 5917 2704 5957 cum
2760 5902 2927 5975 Moysi
2973 5905 3042 5960 de
3086 5906 3247 5975 signis
3287 5900 3405 5975 qum
3444 5907 3495 5967 in
