3996 6602
323 315 432 375 ειθ

1330 300 1426 353 DE
1454 297 2105 358 PBAEDESTINATIONE
2144 305 2234 362 ΕΤ
2271 309 2546 368 GRATIA‘.

3453 318 3554 375 850

319 437 422 486 levi
446 430 575 502 jngo
602 432 1213 502 mandaturumsuorum
1264 431 1474 499 levique
1504 446 1886 502 sarcinarcce-
1921 438 1960 488 Α
1993 444 2113 502 cum
2136 429 2509 502 testificatione
2536 429 2887 502 loquebatur?
2907 400 3040 502 Quid
3063 427 3262 502 utique,
3287 429 3398 502 nisi
3412 445 3558 484 man-

318 501 524 563 dentes,
543 511 703 572 atque
724 505 775 556 ir.
792 503 998 572 peccati
1017 501 1352 572 durissimain
1369 502 1704 568 servitutem,
1723 501 1891 572 libero

315 588 350 626 a
385 571 592 640 iustitia
618 569 910 627 voluntatis
951 569 1561 640 arbitrio_delluentes,
1595 569 1890 625 secundum

314 637 469 696 suam
495 641 757 710 justitiam
784 642 1138 712 derelinquet.
1171 637 1278 694 Eos
1296 655 1436 712 vero
1475 639 1568 712 qui
1595 639 1891 712 vocationis

317 709 771 782 munuscongrua
801 709 1401 782 pietate‘susceperint,
1450 709 1540 782 qui
1573 709 1891 782 carnalibus

317 795 425 834 non
456 778 1106 850 subjugantur’illecebris,
1137 778 1515 850 quijactantia:
1536 778 1686 841 vitio,
1720 779 1894 850 avari-

316 851 405 904 tia:
427 850 648 920 facibus,
673 858 835 920 vento
855 849 1117 920 superbiw
1139 848 1528 912 caruerunt,.et
1551 857 1806 920 quantum
1822 848 1888 920 in

317 919 533 974 homine
571 927 687 984 est,
738 919 833 975 Dei
864 917 937 974 in'
957 934 1015 974 se
1040 919 1182 973 bona
1207 926 1505 988 servantes,
1541 918 1606 970 ad
1631 917 1890 988 spiritalia

316 989 572 1044 exercitia
603 1003 764 1044 omne
806 988 1041 1046 studium
1083 987 1427 1042 contulerunt
1452 1003 1486 1052 ;-
1516 994 1572 1042 et
1618 987 1671 1041 in
1720 1001 1891 1056 agone

315 1058 474 1122 hujus
496 1059 618 1113 vitm
640 1067 910 1114 certantes
937 1057 1177 1127 adjuvat,
1221 1064 1284 1127 et
1303 1071 1532 1112 coronas
1560 1057 1893 1112 vincentibus

316 1129 539 1194 largitur
581 1136 812 1182 :eternas
855 1146 870 1181 :
901 1126 1016 1196 ipse
1044 1141 1230 1182 rursus
1257 1126 1628 1194 delinquentes
1671 1127 1891 1192 deserit,

315 1197 627 1252 resistentes
654 1196 889 1262 indurat,
907 1204 1314 1252 contemnentes
1337 1196 1683 1250 condemnat.

383 1265 513 1320 CAP.
538 1283 602 1321 x..
617 1266 692 1321 De
713 1266 902 1320 horum
929 1267 1188 1334 graduum
1215 1265 1794 1334 distributione.rquam
1811 1263 1892 1319 vel

315 1335 370 1405 in
401 1335 555 1391 nobis
576 1336 714 1390 Deus
741 1333 1016 1405 operatur,
1040 1336 1123 1405 vel
1156 1350 1252 1388 nos
1268 1335 1420 1405 jubet
1436 1333 1635 1402 aliquid
1659 1335 1892 1405 operari,

315 1404 489 1474 ipsum
510 1404 920 1472 interrogemus,
949 1407 1015 1460 de
1035 1404 1188 1474 cujus
1214 1404 1392 1474 verbis
1413 1411 1532 1458 orta
1560 1411 1646 1458 est
1668 1404 1892 1474 quaestio

315 1471 497 1542 quam,
535 1475 582 1530 si
609 1471 862 1529 Dominus
901 1471 1331 1541 adsit,.enodare
1353 1487 1631 1536 conamur,
1690 1480 1752 1542 ut_
1776 1471 1894 1540 ejus

310 1540 559 1598 sensibus
588 1559 685 1613 per
721 1544 935 1599 diversa
977 1540 1278 1613 volumina,
1304 1543 1451 1613 varia
1493 1543 1708 1613 quidem
1729 1540 1891 1613 iocus

320 1614 463 1668 .ione
485 1652 511 1678 ,.
547 1611 640 1669 sed
672 1628 776 1667 una
805 1621 969 1681 atque
995 1613 1183 1669 eadem
1213 1612 1528 1682 intentione
1551 1611 1800 1682 digestis,
1845 1612 1892 1665 si

311 1683 441 1752 quid
483 1685 537 1737 in
567 1683 678 1752 hoc,
697 1683 816 1738 loco
843 1680 1008 1752 latet,
1054 1681 1276 1736 alterius
1302 1680 1587 1752 sententia:
1607 1680 1897 1752 collatione

313 1749 603 1808 reseratur.
636 1749 898 1806 Vocatum
927 1767 959 1805 a
987 1751 1098 1806 Deo
1127 1751 1432 1820 apostolum
1461 1749 1703 1813 Paulum,
1734 1751 1817 1805 vel
1841 1750 1892 1804 in

313 1835 381 1876 eo
411 1820 549 1876 libro
579 1821 804 1890 legimus
831 1821 922 1876 ubi
961 1822 1080 1890 ejus
1127 1819 1277 1888 gesta
1318 1835 1439 1874 cum
1467 1819 1631 1890 _omni
1671 1821 1894 1875 veritate

277 1897 284 1900 ’
316 1899 622 1960 narrantur,
637 1886 729 1945 'vel
745 1891 870 1960 ipse
888 1890 950 1960 in
974 1886 1210 1958 Epistula
1229 1905 1326 1944 sua
1350 1886 1888 1960 conﬁtetur,_dicens:

315 1958 513 2030 Pautus
534 1975 706 2030 servus
724 1957 852 2014 Jésu
871 1957 1086 2024 Christi,
1114 1967 1323 2014 vocatus
1353 1959 1618 2029 apostolus
1647 1957 1823 2030 (Rom.
1849 1975 1888 2021 ι,

314 2028 391 2098 1).
415 2029 662 2098 Secundo
685 2038 861 2083 autem
876 2029 1008 2086 loco
1027 2030 1366 2098 vocationem
1384 2028 1617 2094 Secutus,
1645 2028 1701 2082 et
1721 2037 1893 2098 totum

315 2095 459 2164 quod
488 2099 539 2151 in
569 2098 783 2153 homine
810 2100 985 2153 luerat
1006 2107 1264 2167 operatus
1278 2097 1435 2167 ,ipse
1457 2097 1535 2153 sic
1560 2098 1692 2167 dicit
1717 2115 1730 2150 :
1761 2095 1896 2154 Plus

313 2169 552 2222 omnibus
576 2167 684 2237 illis
722 2167 962 2237 laboravi.
1001 2169 1020 2237 (
1044 2165 1077 2222 Ι
1098 2165 1219 2222 Cor.
1247 2165 1352 2232 xv,
1381 2165 1448 2237 10
1469 2167 1509 2236 ).
1556 2166 1666 2237 Sed
1691 2181 1760 2223 ne
1786 2167 1897 2224 hoc

313 2251 490 2316 ipsum
530 2235 745 2316 quidem
793 2236 893 2292 sibi
920 2235 1197 2316 tribuens,
1243 2235 1485 2316 sciliciﬁta;
1516 2236 1718 2306 pietate
1759 2237 1891 2316 sub-

310 2303 489 2379 iunxit
515 2303 691 2379 [Non
716 2322 813 2378 ego
840 2307 1152 2372 autem,.sed
1187 2305 1486 2379 gratiaDei
1518 2303 1722 2361 mecum
1757 2304 1900 2376 (Ibi-

312 2373 476 2444 dem).
504 2373 628 2445 iam
650 2373 780 2445 ergo
807 2384 865 2432 et
889 2386 1085 2432 vocato
1123 2373 1546 2432 et'vocationem
1590 2390 1708 2445 per,
1725 2373 1891 2445 opera

313 2443 530 2527 iustitia:
552 2443 839 2501 subsecuta
857 2445 1292 2527 quid_supererat_
1305 2445 1470 2527 aliud.
1496 2443 1678 2527 nisiut
1697 2443 1894 2527 libera-

314 2525 398 2567 tus
417 2512 488 2570 de
514 2527 744 2595 corpore
771 2512 1178 2595 mortisiiujus,
1226 2514 1294 2568 ad
1324 2514 1464 2569 illius
1499 2513 1720 2595 alterius
1744 2515 1902 2595 vitm,

311 2597 432 2650 qua:
456 2582 658 2639 sanctis
681 2584 930 2638 omnibus
952 2582 1208 2639 Veritatis
1228 2598 1324 2639 ore
1353 2583 1612 2651 promissa
1638 2590 1741 2648 est,
1765 2583 1891 2638 bea-

318 2652 599 2707 titudinem
644 2653 996 2720 perveniret?
1036 2651 1191 2720 Quod
1221 2652 1379 2706 nullis
1406 2651 1653 2706 humanis
1686 2651 1895 2707 meritis

314 2720 484 2786 reddi,
515 2721 610 2777 sed
641 2720 735 2790 Dei
764 2721 1016 2777 donantis
1041 2722 1211 2790 gratia
1252 2721 1512 2790 largiente
1537 2721 1751 2790 donari,
1769 2721 1891 2790 sibi

314 2806 430 2859 ipse
459 2789 786 2860 respondet,
816 2799 940 2860 post
964 2788 1195 2859 gemitus
1221 2788 1417 2858 quibus
1440 2789 1650 2844 dixerat
1681 2807 1692 2842 :
1729 2788 1894 2844 Miser

311 2875 404 2931 ego
429 2859 598 2931 hami),
629 2860 744 2931 quis
771 2859 1004 2931 liberabit
1037 2877 1123 2931 me
1149 2860 1212 2916 de
1239 2875 1453 2931 corpore
1489 2859 1846 2931 hujusmortis
1868 2861 1894 2912 Σ)

361 2931 498 2982 ratio
531 2927 652 2999 Dei,
677 2930 871 2999 inquit,
898 2947 988 2999 per
1015 2930 1192 2999 Jesum
1219 2927 1484 2999 Christum,
1496 2927 1777 2999 Dominum
1803 2945 1894 2984 nu-

311 3008 476 3052 strum
499 2997 674 3064 (Rom.
696 2997 786 3068 vn,
809 2997 905 3063 24,
921 2997 1036 3068 25).
1062 2998 1210 3054 Hanc
1236 2999 1418 3067 itaque
1438 2997 1889 3068 distributionem,

308 3082 413 3136 qua
443 3067 677 3121 diximus
701 3081 732 3120 a
761 3067 873 3122 Deo
898 3066 1144 3124 homines
1167 3066 1702 3122 nullis’existentibus
1728 3069 1890 3121 meri-

314 3138 383 3190 tis
403 3137 604 3201 vocari,
631 3143 688 3190 et
713 3145 956 3204 vocatos,
977 3146 1035 3191 nt
1055 3137 1179 3192 boni
1208 3137 1408 3206 aliquid
1436 3144 1757 3206 operentur,
1793 3135 1884 3191 Dei
1916 3145 1956 3205 ι]

312 3205 648 3278 adminiculis
689 3206 964 3274 indigere,
1013 3215 1228 3278 sumpto
1273 3204 1340 3262 de
1379 3204 1652 3278 veteribus
1683 3205 1884 3278 _litt_eris

312 3275 601 3346 Apostolus
620 3273 883 3346 monstrat
902 3273 1169 3346 exemplo,
1195 3274 1647 3346 postquamillam
1665 3273 1733 3330 de
1754 3275 1887 3330 duo-

311 3359 412 3398 nus
436 3345 664 3415 geminis
687 3346 1037 3410 electionem,
1057 3344 1209 3400 oinni
1248 3345 1460 3415 repulsa
1489 3344 1645 3400 laude
1662 3346 1886 3415 merito-

313 3428 452 3478 rum,
483 3413 551 3484 ad
577 3412 673 3484 Dei
699 3415 923 3484 gratiam
975 3412 1340 3484 jndiciumque
1357 3415 1678 3480 contulerat,
1700 3413 1890 3484 videns

353 3483 440 3552 uid
488 3483 647 3552 impia
687 3492 870 3550 posset
896 3482 1273 3552 blasphemare
1321 3484 1605 3552 garrulitas
1629 3525 1673 3552 ,γ
1701 3482 1839 3552 dixit
1867 3502 1882 3536 :

372 3551 567 3629 unquid
601 3551 854 3629 iniquitas
874 3560 950 3604 est
978 3550 1120 3629 apud
1137 3551 1302 3606 Deum
1331 3550 1520 3629 (Rom;
1541 3567 1624 3629 Ix,
1657 3550 1790 3629 M)_?
1821 3552 1890 3629 Et

311 3619 589 3686 sequitur:
620 3620 786 3673 Absit.
813 3619 882 3672 Et
901 3619 1049 3687 quaSi
1071 3619 1412 3677 diceretur'ei
1439 3639 1455 3690 :
1478 3619 1628 3676 Unde
1650 3619 1885 3690 prebas?

314 3701 504 3758 parum
545 3689 753 3757 putavit
798 3691 1174 3745 auctoritatem
1213 3705 1326 3746 sua:
1375 3689 1559 3746 valere
1603 3689 1883 3758 dnctrinte,

310 3757 415 3829 nisi
458 3759 775 3829 sententiam
805 3774 953 3812 suam
983 3761 1145 3813 etiam
1176 3761 1310 3828 legis
1346 3759 1570 3829 doceret
1609 3757 1884 3829 exemplo.

309 3825 401 3880 Sic
427 3828 584 3898 enim,
602 3827 823 3895 intelligi
852 3829 1020 3898 voluit
1067 3830 1208 3898 quod
1232 3825 1464 3898 'Moyses
1489 3827 1742 3898 dixerat:
1769 3825 1885 3883 ’Μί-

309 3911 482 3967 set-eor
502 3897 650 3966 cujus
671 3895 964 3967 miserebor,
989 3908 1039 3950 et
1058 3895 1466 3952 misericordiam
1499 3896 1756 3967 praestabo
1803 3900 1885 3953 cui

311 3965 601 4037 misericors
622 3975 766 4037 [uero
797 3965 992 4033 (Exod.
1018 3984 1205 4037 χχχιιι,
1233 3967 1316 4037 i9)
1349 3986 1362 4020 :
1397 3976 1456 4037 ut
1481 3965 1705 4035 primam
1731 3968 1888 4024 mise-

310 4035 596 4089 ricordiam
624 4035 906 4106 vocatione
935 4036 1214 4106 credamus
1239 4036 1546 4092 hominibus
1574 4039 1880 4106 prmrogari,

309 4117 430 4171 quia:
455 4106 568 4159 sola
596 4103 664 4159 ad
704 4114 853 4160 recte
880 4105 1171 4160 vivendum
1201 4122 1308 4160 non
1333 4103 1642 4167 suflicitfsi
1673 4103 1893 4160 deserat

310 4176 400 4241 qui
430 4174 672 4245 vocavit.
691 4173 925 4245 Ideoque
952 4175 1190 4230 additum
1217 4185 1302 4231 est
1334 4194 1346 4227 :
1378 4173 1447 4230 Et
1474 4175 1885 4230 misericordiam

309 4243 571 4314 pra'stabo,
593 4244 675 4296 cui
709 4243 1000 4298 misericors
1029 4247 1194 4314 fuero,
1223 4252 1342 4300 uta
1378 4245 1488 4300 Deo
1517 4245 1684 4312 accipi
1714 4247 1886 4299 mani-

311 4313 505 4383 testum
531 4313 618 4378 sit,
662 4321 719 4368 et
743 4315 855 4383 ipsa
886 4313 1260 4370 misericordia:
1286 4329 1475 4383 opera,
1503 4328 1624 4382 qua:
1649 4327 1772 4369 cum
1800 4315 1882 4369 vi-

311 4380 504 4454 demur
543 4380 870 4454 impeiidere,
895 4380 1465 4454 Delmisericordiam
1492 4380 1884 4454 promeremur.

311 4450 403 4523 Sic
422 4451 562 4523 enim
581 4453 645 4523 in
674 4450 964 4523 Evangelio
985 4451 1116 4523 dicit
1149 4453 1342 4523 :Deati
1369 4450 1743 4523 m’se'i'icordes,
1765 4470 1889 4523 quo-

309 4521 452 4591 niam
490 4521 616 4591 ipsis
641 4521 976 4591 miserebitur
1003 4521 1141 4591 Deus
1170 4522 1379 4591 (Matth.
1407 4539 1458 4588 v,
1488 4521 1564 4584 7).
1598 4519 1752 4588 Quod
1778 4519 1884 4579 nisi

310 4589 388 4661 sic
417 4589 765 4661 intellexisset
792 4590 1102 4661 Apostolus,
1130 4589 1398 4660 nunquam
1440 4607 1538 4661 pro
1565 4591 1722 4646 bonis
1757 4604 1883 4660 gra-

310 4657 398 4710 tia:
435 4659 783 4727 disputationi
829 4657 943 4713 suae
981 4658 1086 4714 hoc
1127 4657 1491 4714 testiinonium
1516 4657 1884 4717 curasset'in-

306 4742 426 4780 881⁸6
433 4743 508 4783 I‘C.
675 4775 681 4782 .

380 4795 516 4868 (ΣΑΡ.
541 4813 612 4854 xi.
640 4830 712 4868 έ-
738 4798 796 4853 Si
824 4812 991 4868 quem,
1034 4811 1168 4852 vero
1213 4805 1397 4868 movet
1441 4797 1590 4868 quod
1618 4811 1726 4852 non
1755 4813 1876 4868 om-

311 4881 425 4928 nes,
449 4867 612 4921 etiam
630 4867 704 4936 de
744 4865 938 4936 bisqui
972 4866 1084 4935 jam
1109 4865 1287 4936 vocati
1307 4875 1433 4921 sunt
1461 4865 1552 4920 'ad
1590 4867 1881 4922 secundam

308 4936 555 5001 gratiam,
587 4935 639 4990 id
685 4944 769 4994 est
794 4933 1038 4992 ad'recte
1085 4933 1299 5004 vivendi
1341 4937 1568 5004 donum,
1595 4936 1880 5004 pervenire

308 5015 636 5070 mereantur,
667 5007 808 5062 sicut
855 5005 1112 5060 Dominus
1145 5005 1195 5057 in
1229 5003 1516 5074 Evangelio
1543 5003 1690 5074 dicit,
1723 5003 1880 5058 Multi

312 5075 632 5145 suntpocati,
662 5077 814 5145 pauci
861 5091 978 5130 vero
1031 5074 1181 5145 electi
1220 5073 1432 5145 (Matth.
1464 5090 1555 5137 xx,
1582 5073 1670 5145 16)
1705 5093 1722 5145 :_
1753 5075 1879 5145 hinc

307 5142 577 5216 intelligat
622 5142 781 5213 quale
807 5145 879 5216 sit
904 5144 1049 5216 quod
1077 5142 1390 5216 contraADei
1440 5142 1664 5216 gratiam
1695 5143 1880 5216 deten-

306 5227 428 5283 s_ar_e
457 5212 693 5278 molitur,
731 5215 821 5283 qui
851 5212 939 5269 de’
967 5214 1137 5268 libero
1185 5213 1284 5268 sibi
1332 5212 1874 5283 blandituriarbitrio.

308 5279 624 5350 Quicunque
639 5279 804 5347 enim,
822 5283 1014 5336 divina:
1036 5284 1334 5338 vocationis
1353 5296 1577 5338 munere
1597 5282 1878 5350 derelicto,

305 5350 372 5424 ad
401 5351 614 5424 impiam
639 5368 821 5424 rursus
835 5352 1058 5424 iluxere
1071 5355 1368 5424 perﬁdiam,
1385 5352 1514 5424 ipsis
1535 5350 1629 5406 Dei
1647 5353 1872 5424 gratiam

305 5417 696 5495 deserentibus,
719 5423 804 5495 _ad
833 5417 1157 5495 implendum
1184 5425 1328 5495 quod
1353 5417 1876 5495 'voiuerattt—suﬂicit

305 5489 608 5560 arbitrium.
636 5488 792 5560 Vidit
805 5488 946 5560 enim
971 5488 1423 5560 quemadmodum
1443 5489 1724 5560 Psalmista
1770 5491 1872 5544 mi-

306 5558 743 5642 sericordiarum‘
763 5557 871 5642 Dei.
897 5557 1159 5642 ordinem;
1191 5579 1355 5642 quem
1384 5575 1469 5642 ex.
1503 5558 1673 5642 μογεί
1712 5575 1886 5642 sensu

305 5626 1007 5723 interpieiatprdhppstolps,
1041 5620 1351 5723 βίᾏῇιῖθιίεἰ
1388 5620 1611 5723 Spiritus
1646 5629 1874 5723 vgritzite

304 5675 1876 5788 εῖέξείᾷεζὲἑῖίελιέἶῖῧῇῖιῖὶζίἶὲἷῖιῗὶἑ¹”ῖὶιέυξῖξέὲἶῖἑξξίῧὲἓὲξὲξ

307 5745 1224 5896 tergm;atmmgsrggg
1259 5745 1875 5838 εῶξῡξιίξιυεῑέὲξῑῖιῑδά

1992 499 2118 552 data
2143 499 2311 568 Avite?
2338 499 2479 568 sicut
2515 496 2652 552 alius
2691 497 2954 568 propheta
2972 497 3115 568 dicit
3147 515 3160 550 :
3189 499 3345 566 Audi,
3368 496 3557 560 Israel,

1993 566 2242 621 mandata
2268 567 2385 622 rita:
2415 567 2659 637 (Boruch.
2686 566 2760 631 ιιι,
2783 566 2858 637 9).
2883 566 2988 622 Sed
3009 581 3128 634 qua:
3153 569 3260 621 sint
3287 568 3386 637 ista
3409 584 3558 622 man—

1992 637 2113 690 data
2137 638 2261 707 vita:
2309 636 2586 707 Psalmista
2605 636 2874 704 subjungit
2905 646 2961 691 et
2995 637 3236 707 sequitur
3260 655 3273 689 :
3297 636 3560 707 Eggenim

1991 722 2104 778 sum
2131 704 2383 778 Dominus
2404 706 2712 778 Deus_tuus,
2732 709 2817 778 qui
2839 707 2994 760 eduxi
3029 715 3077 778 te
3099 705 3162 759 de
3182 716 3316 778 terra
3338 704 3558 778 gypti

1994 774 2164 843 (Psal.
2199 792 2358 841 Lxxx,
2394 776 2504 843 lt).
2538 775 2605 829 Et
2632 774 2754 831 hmo
2774 791 2892 831 esse
2919 776 3166 829 mandata
3193 776 3315 829 vitm
3363 774 3560 828 inora-

1993 845 2137 928 tione
2164 860 2268 914 qua
2283 846 2578 928 discipulos
2605 861 2732 928 suos
2759 845 2906 900 Patri
2929 843 3186 926 Dominus
3215 845 3559 928 commenda-

1990 914 2082 969 bat
2107 915 2359 979 ostendit,
2383 914 2588 984 dicens,
2619 915 2746 970 Haec
2772 926 2846 968 est
2869 916 3006 968 enim
3033 915 3134 967 vita
3157 924 3378 975 ostenta,
3399 921 3453 984 ut
3474 929 3560 968 co-

1989 995 2237 1055 gnoscant
2267 985 2503 1055 te_solum
2527 981 2698 1055 verum
2729 984 2912 1055 Deum,
2940 993 2988 1037 et
3010 999 3155 1055 quem
3176 984 3360 1055 misisti
3381 981 3559 1055 Jesum

1991 1052 2249 1108 Christum
2278 1053 2459 1124 (Joan.
2489 1068 2617 1117 xvtt,
2647 1053 2724 1124 5).
2758 1054 2884 1109 Post
2910 1052 3046 1124 hanc
3067 1054 3404 1124 vocationem
3432 1052 3586 1105 illud»

1987 1124 2250 1191 sequitur,
2270 1121 2414 1192 quod
2435 1131 2490 1179 et
2510 1124 2623 1179 vult
2644 1121 2710 1178 ad
2731 1132 2956 1179 conatus
2972 1121 3244 1192 hominum
3269 1121 3557 1192 pertinere,

1989 1201 2045 1248 et
2063 1194 2298 1248 ostendit
2324 1193 2442 1248 sine
2461 1208 2520 1248 se
2545 1207 2652 1249 non
2675 1208 2831 1261 posse
2852 1191 3112 1262 compleri
3142 1208 3157 1262 :
3187 1192 3292 1262 hoc
3315 1199 3398 1246 est
3416 1191 3559 1262 enim

1989 1263 2132 1331 quod
2150 1262 2278 1332 dicit
2303 1262 2614 1332 Apostolus,
2635 1259 2899 1329 Quoniam
2920 1259 2994 1316 ab
3009 1259 3560 1332 ipsoihabemusvelle

1989 1329 2046 1401 et
2073 1331 2333 1401 perlicere
2354 1329 2368 1332 ⁷
2379 1347 2480 1401 pro
2509 1329 2648 1386 bona
2675 1332 2956 1388 voluntate
2997 1329 3217 1401 (Philip.
3247 1345 3305 1394 ιι,
3333 1329 3446 1401 15).
3476 1329 3558 1401 Ab

1989 1399 2108 1468 ipso
2133 1401 2277 1470 enim
2305 1399 2564 1456 habemus
2583 1402 2742 1468 velle,
2765 1403 2888 1470 quia
2916 1399 3073 1454 vocat
3099 1399 3470 1470 etilluminat;
3491 1399 3566 1454 ab

1989 1471 2107 1540 ipso
2134 1468 2409 1540 perlicere,
2435 1474 2685 1540 quoniam
2715 1468 2900 1526 adnos
2925 1469 3369 1540 pertinetconari
3396 1469 3564 1532 bona,

1990 1537 2108 1608 qua:
2134 1537 2190 1594 et
2215 1539 2355 1594 velle
2378 1537 2618 1596 donavit.
2649 1540 2759 1596 Nec
2799 1537 3012 1595 incaute
3039 1539 3108 1593 ab
3150 1537 3408 1608 Apostolo
3437 1554 3558 1592 cum

1990 1606 2237 1680 dixisset,
2264 1608 2398 1675 Quia
2429 1611 2496 1680 ab
2525 1611 2642 1680 ipso
2670 1610 2928 1665 habemus
2953 1617 3008 1663 et
3032 1609 3169 1680 velle
3195 1606 3252 1662 et
3278 1606 3570 1680 perlicere,

1991 1677 2232 1732 additum
2255 1687 2335 1734 est
2353 1695 2448 1746 pro
2468 1677 2601 1733 bona
2622 1680 2880 1735 voluntate
2905 1696 2923 1734 :
2952 1689 3012 1732 ut
3035 1678 3195 1733 etiam
3216 1685 3375 1746 atque
3395 1677 3556 1731 etiam

1993 1747 2228 1810 videant,
2260 1749 2347 1802 ubi
2392 1749 2624 1805 habeant
2651 1764 2679 1801 a
2708 1749 2802 1804 Dei
2847 1749 3053 1814 justitia
3099 1745 3324 1801 liberum
3350 1745 3416 1801 de
3449 1761 3577 1815 quo-

1992 1818 2292 1886 gloriantur
2319 1819 2618 1875 arbitrium.
2642 1820 2750 1874 Sed
2779 1819 2928 1874 illum
2958 1816 3202 1873 ordinem
3222 1831 3330 1884 quo
3357 1815 3560 1886 miseri-

1991 1885 2203 1944 cordias
2237 1888 2476 1944 diversas
2516 1888 2774 1944 Dominus
2823 1897 3126 1957 temporum
3164 1885 3560 1957 dispensatione

1991 1957 2280 2029 distribuit,
2308 1959 2450 2029 sicut
2493 1958 2717 2029 Moysen
2767 1955 2967 2029 dixisse
3020 1957 3186 2029 sensit
3235 1955 3557 2029 Apostolus,

1990 2025 2152 2096 etiam
2176 2026 2228 2080 in
2267 2025 2796 2096 continuata'psalmi
2823 2027 2982 2096 hujus
3000 2026 3244 2096 oratione
3264 2025 3558 2096 videamus.

1989 2093 2128 2166 Quid
2155 2097 2295 2150 enim
2342 2101 2438 2164 ait,
2465 2093 2746 2166 postquam
2766 2093 2994 2166 vocatos
3021 2095 3304 2166 docuerat,
3329 2094 3555 2166 dicens:

1990 2163 2106 2236 Ego
2150 2166 2287 2236 em’m
2314 2162 2431 2220 sum
2455 2162 2710 2236 Dominus
2754 2165 2893 2221 Deus
2942 2176 3089 2229 tuus,
3120 2165 3208 2235 qui
3241 2163 3397 2218 eduxi
3426 2162 3560 2236 (ede

1990 2231 2127 2305 terra
2147 2233 2406 2305 Αἴθωνιίῖ
2455 2235 2654 2302 Dilata,
2676 2235 2865 2305 inquit,
2897 2253 2953 2290 os
3003 2231 3165 2305 tuum,
3187 2241 3236 2305 et
3262 2249 3356 2302 ego
3391 2231 3560 2285 adimo

1987 2303 2133 2374 plebo
2158 2303 2503 2375 illudt(l’sal.
2534 2321 2700 2368 Lxxx,
2733 2303 2841 2374 Η).
2872 2305 2970 2360 llic
3013 2303 3442 2375 aliquidrursus
3467 2317 3560 2375 ap-

1987 2371 2372 2443 parethoniini
2411 2375 2574 2429 luisse
2615 2371 2907 2437 servatum,
2934 2372 3077 2443 quod
3104 2371 3200 2443 per
3225 2371 3451 2426 liberum
3480 2372 3560 2424 l‘a-

1986 2441 2320 2512 cereidebeat
2337 2444 2631 2500 arbitrium.
2647 2443 2881 2498 Dilatare
2901 2441 3042 2498 enim
3062 2441 3278 2512 jubetur
3299 2457 3362 2512 os
3381 2456 3558 2512 suum.

1987 2512 2081 2582 sed
2107 2511 2250 2582 Deus
2269 2528 2329 2568 se
2353 2513 2578 2582 implere
2601 2515 2886 2582 promittit.
2915 2509 3076 2568 Sicut
3094 2511 3256 2566 etiam
3287 2509 3560 2582 discipulis

1987 2529 2081 2566 seu
2107 2529 2250 2566 ueus
2269 2529 2329 2568 se
2353 2529 2424 2567 im
2469 2529 2578 2568 tere
2601 2529 2886 2582 promunt.
2915 2529 3068 2568 Sicut
3094 2529 3256 2566 etiam
3287 2529 3560 2578 (llSClpllllS

1987 2580 2099 2635 suis
2127 2581 2179 2632 in
2208 2529 2503 2650 Evangeiio
2531 2581 2738 2650 dixerat
2763 2600 2775 2635 :
2809 2581 2989 2637 Nolite
3015 2583 3243 2650 cegitare
3258 2595 3357 2650 quo
3385 2579 3560 2650 modo,

1987 2659 2080 2722 aut
2101 2649 2546 2722 quidloquamini.
2578 2649 2713 2722 Non
2731 2653 2867 2722 enim
2897 2668 2984 2706 ros
3015 2649 3140 2722 estis
3159 2649 3558 2722 quiloquimini,

1987 2715 2542 2792 sed_§piritus__l’atris
2565 2721 2831 2792 uestri‘qui
2857 2721 3081 2792 loquitur
3104 2720 3158 2772 in
3174 2715 3324 2772 uobis
3337 2715 3558 2792 (Matth.
3583 2766 3587 2770 .

1989 2803 2044 2852 x,
2075 2785 2298 2856 19,20).
2325 2786 2442 2844 Hoc
2465 2789 2639 2842 solum
2670 2787 2740 2842 ad
2757 2785 2890 2843 'illos
2910 2785 3110 2852 retulit,
3139 2793 3200 2840 ut
3225 2785 3440 2841 omnem
3458 2785 3557 2856 tri-

1988 2854 2276 2912 bulationis
2295 2860 2674 2914 necessitatem
2697 2857 2929 2913 libenter
2952 2871 3052 2924 pro
3074 2856 3303 2924 veritate
3329 2854 3560 2924 suscipe

1988 2935 2125 3004 rent,
2148 2941 2316 2996 penes
2341 2942 2402 2981 se
2426 2928 2877 3004 autemprqmisit
2903 2923 3175 3004 eliectnm.
3203 2923 3398 3004 Libero
3416 2923 3568 3004 .ergo-

1987 2996 2077 3063 qui
2109 2992 2258 3050 locus
2277 3006 2523 3051 servatur
2551 2992 2792 3060 arbitrio,
2826 3005 2883 3050 ut
2922 2997 3040 3050 sine
3063 2994 3176 3063 Dei
3198 2992 3472 3063 adjutorin
3488 2993 3557 3048 ad

1987 3060 2308 3134 explendum
2335 3066 2463 3134 quid
2491 3066 2720 3120 voluerit
2745 3065 2992 3120 rationali
3037 3060 3296 3132 dignitate
3320 3060 3556 3134 sullulta,

1987 3131 2105 3204 sibi
2135 3135 2235 3204 ipsi
2281 3135 2328 3189 si
2354 3131 2472 3190 non
2513 3135 2742 3204 suiiiciat
2789 3136 3018 3190 humana
3047 3131 3256 3204 natura,
3300 3131 3557 3186 continuo

1989 3201 2270 3258 Psalniista
2289 3205 2545 3273 ostendit,
2561 3203 2632 3258 Et
2647 3221 2750 3259 non
2766 3205 2960 3258 audivit
2979 3202 3199 3273 populus
3228 3218 3367 3255 meus
3389 3217 3557 3273 vocem

1987 3289 2171 3344 meam,
2198 3283 2249 3327 et
2277 3271 2447 3329 Israel
2475 3291 2579 3328 non
2625 3275 2847 3344 intendit
2895 3270 3016 3327 mihi
3048 3270 3220 3342 (Psal.
3256 3287 3416 3344 LXX},
3449 3270 3558 3340 12).

1986 3341 2086 3414 Qui
2107 3342 2448 3414 dixeratcum
2463 3353 2702 3414 vocaret,
2722 3343 2880 3414 Audi,
2903 3341 3085 3414 papute
3106 3357 3265 3406 meus,
3283 3350 3331 3394 et
3347 3341 3556 3414 loquar;

1988 3411 2176 3476 Israel,
2195 3423 2244 3466 et
2262 3412 2686 3483 testiﬁcabortibi
2698 3430 2716 3478 ;
2745 3413 2871 3483 quid
2882 3411 3190 3483 testiﬁcaris
3211 3411 3558 3465 commenda-

1987 3490 2137 3535 verat
2165 3479 2436 3537 mentibus
2472 3479 2841 3537 audientinm?
2870 3481 3122 3536 Dominus
3149 3479 3289 3534 Deus
3319 3489 3434 3532 tuus
3464 3496 3558 3549 ego

1984 3566 2116 3620 sum.
2141 3549 2280 3617 Quid
2307 3551 2469 3606 etiam
2495 3554 2562 3605 ab
2586 3553 2714 3620 ipsis
2739 3553 2854 3606 lieri
2883 3552 3128 3615 iusserat,
3157 3563 3295 3620 quos
3321 3549 3390 3602 de
3417 3557 3556 3604 terra

1987 3617 2202 3690 JEgypti
2224 3628 2278 3674 et
2301 3617 2619 3690 ignorantiai
2636 3621 2872 3676 tenebris
2901 3617 3248 3690 liberatos,iti
3274 3618 3394 3672 luce
3414 3633 3556 3690 man-

1985 3685 2230 3743 datorum
2258 3685 2510 3753 suarum,
2525 3689 2810 3758 splendore
2839 3689 3136 3744 vocationis
3161 3686 3451 3758 eduxerat}
3471 3685 3556 3758 Di-

1981 3758 2111 3822 lata,
2135 3758 2394 3826 inquit,os
2426 3755 2586 3812 tuum.
2610 3759 2934 3826 Statimque,
2963 3757 3116 3826 quasi
3145 3755 3368 3822 diceret,
3395 3755 3452 3810 Si
3472 3755 3556 3826 di-

1986 3827 2154 3881 latare
2201 3825 2256 3882 te
2300 3829 2586 3882 deserente
2633 3843 2721 3883 me
2749 3825 3000 3891 volneris,
3032 3826 3166 3881 nihil
3194 3825 3460 3896 proderit,
3485 3825 3555 3878 ita

1986 3896 2207 3962 addidit,
2230 3905 2280 3967 et
2303 3897 2522 3966 implebo
2551 3896 2700 3951 illud.
2732 3896 2870 3964 Quid
2897 3909 3026 3967 ergo
3053 3897 3147 3967 qui
3176 3902 3481 3967 vocaverat,
3497 3904 3558 3967 et

1984 3975 2207 4021 vocatos
2228 3963 2504 4032 docuerat,
2533 3963 2850 4034 querulade
2876 3963 3089 4021 eisdem‘
3105 3979 3238 4019 voce
3265 3963 3555 4032 subjungit,

1989 4034 2053 4106 lit
2074 4051 2176 4090 non
2205 4034 2424 4106 audivit,
2456 4035 2645 4106 inquit,
2682 4035 2900 4106 populus
2931 4051 3072 4089 meus
3093 4050 3264 4106 vocem
3295 4049 3479 4106 meum,
3509 4039 3560 4089 et.

1987 4103 2156 4158 Israel
2179 4121 2283 4158 non
2310 4103 2542 4159 intendit
2573 4103 2930 4160 mihifExeat
2977 4119 3120 4160 nunc
3162 4103 3316 4158 liberi
3370 4111 3567 4157 contra

1986 4173 2152 4228 Deum
2179 4171 2434 4229 defensor
2461 4175 2690 4238 arbitrii,
2711 4175 2894 4229 audiat
2923 4173 3190 4230 dicentem
3215 4171 3565 4242 Apostolum,

1984 4258 2104 4298 cum
2131 4243 2200 4297 de
2227 4243 2382 4297 bonis
2409 4244 2520 4298 suis
2548 4244 2820 4299 laboribus
2849 4244 3174 4312 loqueretur,
3206 4240 3330 4312 Non
3348 4259 3440 4310 ego
3466 4258 3558 4295 auo

1984 4321 2108 4382 tem,
2137 4312 2229 4366 sed
2275 4315 2446 4382 gratia
2493 4311 2592 4368 Dei
2633 4330 2827 4366 mecum
2857 4311 2912 4371 (1
2924 4311 3058 4366 ίσον.
3091 4327 3193 4379 xv,
3229 4311 3334 4380 10).
3365 4312 3559 4382 Audiat

1986 4381 2078 4436 Dei
2109 4381 2296 4438 vocem
2327 4382 2378 4435 in
2410 4385 2646 4450 psalmo,
2671 4383 2843 4437 dehis
2869 4397 3006 4450 quos
3031 4382 3345 4436 deseruerat
3369 4381 3555 4436 dicen-

1987 4459 2094 4505 tem
2121 4470 2133 4504 :
2167 4451 2236 4505 Et
2263 4452 2436 4506 dimisi
2462 4469 2549 4506 eos
2572 4453 2850 4507 secundum
2872 4451 3128 4506 desideria
3153 4451 3322 4505 cordis
3348 4467 3553 4512 eorum,

1914 4505 1959 4566 D
1983 4518 2127 4574 ibunt
2180 4523 2237 4576 in
2291 4505 2639 4592 voluntatibus
2661 4505 2766 4592 suis
2797 4505 2973 4592 (Psal.
3004 4505 3168 4584 Lxxx,
3197 4520 3306 4589 15).
3340 4590 3349 4592 _
3361 4505 3558 4592 Audiat

1986 4605 2150 4644 unum
2175 4591 2529 4660 eumdemque
2548 4590 2864 4660 Apostolu‘m
2887 4591 2953 4660 de
2973 4594 3092 4644 vita:
3112 4606 3219 4660 sum
3239 4590 3401 4660 variis
3423 4598 3556 4644 tem-

1984 4660 2206 4727 poribus
2225 4659 2326 4714 sibi
2355 4667 2560 4728 tantuﬁm
2581 4659 2744 4727 mala,
2763 4659 2947 4728 gratia:
2965 4669 3144 4712 autem
3173 4659 3264 4711 Dei
3288 4659 3426 4728 bona
3449 4673 3557 4712 om-

1984 4729 2070 4782 nia
2101 4729 2461 4800 tribuentem:
2483 4727 2582 4792 Qui
2608 4727 3238 4800 pﬁuffuiblayhemys,
3260 4781 3264 4800 ί
3285 4727 3482 4800 inquit,
3507 4737 3556 4780 et

1981 4807 2277 4866 persecutor
2300 4795 2354 4865 (Ι
2379 4795 2509 4866 Tini.
2535 4813 2571 4863 ι,
2608 4794 2712 4866 15).
2738 4794 2804 4850 Et
2829 4797 2936 4852 alio
2965 4794 3103 4860 luco,
3123 4794 3422 4866 Gratia_Dei
3443 4812 3556 4849 sum

1980 4862 2038 4919 id
2075 4868 2210 4937 quod
2231 4862 2344 4937 sum
2377 4865 2426 4934 (1
2457 4862 2580 4921 Cor.
2611 4862 2700 4932 xv,
2733 4866 2843 4936 10).
2873 4866 3008 4920 Cum
3037 4867 3262 4937 diceret,
3287 4862 3388 4928 Qui
3414 4867 3554 4937 prius

1981 4937 2058 5017 [ui
2087 4935 2438 5016 blasphemus
2476 4945 2547 5017 et_
2574 4935 2926 5017 persecutum.
2957 4936 3328 5017 nullangratim
3354 4935 3555 5017 mentio

1979 5002 2166 5072 iniquo
2207 5002 2357 5073 operi
2393 5002 2744 5074 copulabatur
2795 5002 2963 5074 :quia
3009 5005 3205 5059 sumcit
3231 5002 3329 5058 sibi
3354 5044 3380 5074 ,μ
3417 5005 3555 5058 sicut

1979 5074 2180 5144 dictum
2227 5072 2354 5141 est,
2395 5072 2774 5144 ad'rnequitiam
2821 5072 3014 5130 natura
3062 5074 3324 5144 libertatis
3366 5072 3554 5144 huma-

1981 5157 2082 5197 nte.
2113 5141 2248 5214 Cum
2297 5157 2428 5214 vero
2456 5143 2523 5197 de
2560 5141 2840 5214 praesentis
2867 5145 2987 5197 vita:
3011 5142 3349 5214 beatitudine
3366 5142 3551 5214 loque-

1979 5219 2150 5286 retur,
2181 5209 2384 5276 Gratia,
2409 5209 2602 5286 inquit,
2639 5213 2729 5267 Dei
2751 5229 2864 5286 sum
2892 5214 2947 5267 id
2971 5213 3108 5286 quod
3131 5229 3284 5286 sum.
3312 5211 3377 5286 Et
3404 5212 3551 5266 illum

1981 5281 2221 5336 ordinem
2266 5296 2375 5350 quo
2420 5283 2708 5340 miseretur
2751 5283 2893 5337 Deus
2938 5281 3223 5348 vocando,
3268 5281 3553 5350 miseretur

1979 5351 2232 5420 deinceps
2260 5349 2313 5405 in
2341 5353 2532 5422 emptis
2576 5353 2855 5422 conatibus
2884 5351 3205 5422 adjuvando,
3233 5349 3372 5405 sicut
3415 5351 3552 5422 serie

1983 5421 2173 5490 psalmi
2217 5421 2489 5476 narratum
2537 5430 2698 5490 atque
2724 5421 2986 5490 digestum
3031 5428 3142 5484 est,
3172 5421 3360 5476 beatus
3387 5421 3549 5490 etiam

1983 5489 2261 5560 apostolus
2307 5490 2500 5546 Paulus
2549 5489 2803 5546 continua
2853 5490 3158 5546 narratione
3203 5490 3455 5560 servavit.
3493 5489 3550 5544 Si

1981 5558 2123 5631 enim
2151 5561 2204 5614 in
2235 5561 2424 5631 ordine
2451 5575 2611 5631 quem
2639 5561 2816 5631 posuit
2855 5568 3111 5631 excerpta
3131 5558 3441 5631 testimonia
3467 5575 3548 5613 rc-

1981 5629 2245 5698 legantur,
2265 5630 2338 5683 ita
2360 5627 2618 5698 loquitur;
2640 5627 2833 5683 'Gratia
2858 5628 2976 5692 Dei,
2999 5627 3194 5697 inquit,
3207 5644 3318 5681 sum
3339 5627 3394 5681 id
3415 5632 3549 5698 quod

1980 5716 2112 5753 sum.
2143 5697 2271 5754 limc
2297 5707 2380 5752 est
2417 5697 2590 5768 prima
2634 5699 3028 5768 misericordia,
3060 5711 3218 5766 quam
3247 5697 3433 5768 libera}
3453 5711 3548 5751 vo-

1982 5768 2201 5824 luntatis
2227 5780 2394 5838 opera
2419 5763 2852 5839 consequuntur.
2897 5767 3004 5823 Sed
3044 5763 3102 5821 ui
3142 5764 3370 5837 apostoli
3397 5763 3560 5844 Pauu‘
