4060 6450
574 403 678 458 858

1586 402 1921 460 ΑΡΡΕΝῡΙΧ
1958 403 2048 459 AD
2083 403 2142 459 S.
2181 401 2541 459 FULBENTH
2579 400 2826 458 OPERA.

3725 396 3834 453 856

2016 531 2386 588 ADMONITIO

1620 639 1684 678 Δο
1722 639 2021 679 OCTOGINTA
2061 638 2332 678 SERIIONES
2363 635 2781 687 SUBSEQUENTES.

2091 739 2298 752 __

647 813 934 876 Universos
961 819 1130 874 sancti
1159 815 1422 886 Fulgentii
1450 830 1726 872 sermones
1750 817 2147 887 perlegentibus
2175 826 2219 880 Α
2249 833 2386 883 mus,
2417 831 2517 872 suo
2541 815 2764 873 ordine:
2810 813 2903 887 qui
2924 814 3142 886 quidem
3169 810 3525 882 Augustinum
3551 817 3832 883 patentem

572 909 750 974 nobis,
797 912 969 963 visum
999 917 1081 962 est
1107 907 1254 978 ipsus
1279 905 1348 961 ad
1376 915 1486 961 tres
1513 906 1734 961 omnino
1759 905 1960 962 classes
1985 920 2146 976 posse

572 998 728 1054 facile
755 997 1015 1052 revocari.
1058 995 1258 1050 Harum
1286 997 1460 1066 prima
1499 1009 1688 1051 eorum
1727 1003 1813 1051 est
1855 995 1947 1066 qui
1991 1003 2144 1050 certo

572 1085 908 1155 Fulgentium
933 1093 1210 1140 auctorem
1237 1092 1555 1156 agnoscunt,
1595 1092 1688 1139 aut
1711 1085 1904 1141 saltem
1932 1086 2000 1140 ad
2029 1084 2145 1154 ejus

569 1176 768 1246 stylum
791 1183 846 1230 et
865 1176 1134 1244 ingenium
1161 1190 1321 1245 quam
1343 1175 1574 1231 maxime
1594 1173 1874 1230 accedunt.
1898 1172 2145 1230 Secunda

568 1265 754 1321 classis
781 1266 1018 1320 continet
1044 1265 1223 1335 plures
1249 1278 1548 1331 sermones,
1575 1263 1771 1318 diversi
1805 1279 1836 1318 a
1863 1262 2145 1332 Fulgentiu

569 1355 820 1421 auctoris,
851 1365 906 1410 et
931 1355 1146 1426 quidem
1167 1354 1301 1410 certi
1327 1373 1340 1408 :
1369 1369 1530 1425 quem
1561 1353 1722 1408 alium
1751 1355 1818 1407 ab
1846 1353 2144 1422 Augustino

571 1445 830 1501 hactenus
858 1461 965 1500 non
996 1446 1314 1508 invenimus,
1360 1453 1420 1500 ut
1443 1445 1648 1516 patebit
1673 1461 1738 1501 ex
1768 1446 1833 1502 iis
1859 1460 1978 1516 quae
2009 1444 2144 1499 infra

567 1534 635 1588 ad
661 1535 900 1603 singulos
921 1551 1020 1590 suo
1048 1536 1168 1591 loco
1193 1536 1659 1606 prmmonebimus.
1701 1533 1882 1590 Tertia
1910 1535 2146 1606 denique
2173 1580 2182 1588 .

565 1625 944 1694 complectitur
984 1633 1208 1681 caeteros
1253 1639 1443 1681 omnes
1488 1625 1768 1694 scriptoris
1808 1624 2039 1690 diversi,
2088 1633 2145 1678 at

567 1717 876 1772 omnimodo
923 1718 1132 1774 incerti.
1191 1718 1272 1773 Ad
1315 1719 1542 1790 primam
1587 1717 1816 1774 classem
1844 1717 2075 1773 attinent
2101 1717 2139 1772 ii

565 1822 701 1877 quos
727 1823 886 1877 supra
922 1817 978 1862 ut
1001 1809 1262 1877 genuinos
1289 1808 1348 1864 S.
1380 1807 1644 1878 Fulgentii
1684 1812 1824 1863 fetus
1874 1807 2142 1864 edidimus

563 1912 630 1951 ex
677 1899 908 1954 antehac
951 1900 1183 1965 excusis,
1227 1908 1338 1956 tum
1380 1900 1528 1970 prior
1566 1914 1634 1955 ex
1669 1898 1754 1954 his
1801 1913 1940 1968 quos
1995 1913 2141 1954 nunc

565 1988 794 2056 primum
839 2005 908 2046 ex
935 1991 1120 2047 codice
1159 1991 1418 2047 Vaticano
1464 1992 1672 2046 damus.
1716 1988 1800 2045 Ad
1845 1990 2140 2047 secundum

561 2092 814 2151 spectant
840 2084 1044 2154 aliquot
1078 2100 1145 2140 ex
1175 2085 1260 2140 his
1295 2099 1432 2153 quos
1465 2082 1689 2138 inferius
1723 2083 2014 2138 cxhibituri
2040 2097 2136 2138 su-

2248 907 2354 963 sibi
2381 905 2694 973 vindicant,
2733 914 2792 963 et
2816 907 2960 962 inter
2990 905 3107 976 ejus
3133 920 3299 975 opera
3329 904 3598 974 leguntur.
3639 899 3834 959 Tertia

2248 997 2464 1053 demum
2489 996 2646 1052 classi
2675 996 3009 1066 assignamus
3036 996 3274 1066 reliquos
3299 1008 3490 1050 omnes
3521 993 3623 1049 hac
3651 993 3704 1046 in
3734 1008 3832 1063 ap.

2249 1087 2476 1158 pendice
2504 1085 2749 1156 proxime
2777 1084 3158 1152 subjiciendus.
3189 1081 3293 1150 Qui
3323 1083 3400 1154 (si
3442 1097 3645 1155 paucos
3671 1095 3830 1138 exce-

2251 1178 2397 1247 peris
2423 1177 2674 1232 Alricano
2699 1175 2910 1231 cuidam
2941 1189 3042 1231 nec
3081 1171 3302 1230 inducto
3328 1174 3448 1229 viro
3489 1171 3830 1243 tribuendus)

2251 1267 2341 1320 vix
2379 1265 2668 1336 quidquam
2695 1262 2937 1320 referunt
2977 1277 3086 1320 non
3129 1262 3412 1333 Fulgentio
3450 1268 3681 1326 tantum,
3732 1262 3830 1318 sed

2248 1371 2350 1412 nec
2381 1355 2492 1411 ullo
2522 1354 2631 1410 alio
2656 1354 2888 1426 probato
2932 1354 3198 1423 scriptore
3243 1353 3480 1423 dignum.
3531 1350 3645 1406 Nisr
3691 1353 3832 1406 forte

2245 1448 2422 1504 eidem
2443 1447 2589 1518 ipsos
2611 1446 2820 1502 auctori
2849 1445 3085 1501 tribuere
3117 1446 3298 1509 libeat,
3331 1460 3439 1516 quo
3468 1452 3693 1500 auctore
3718 1443 3832 1514 ple-

2246 1539 2400 1608 rique
2427 1539 2567 1594 inter
2593 1551 2758 1607 opera
2786 1535 2845 1592 S.
2870 1536 3152 1606 Augustini
3180 1535 3530 1605 irrepserunt,
3555 1532 3835 1602 leguntur-

2245 1642 2351 1697 que
2378 1627 2433 1683 in
2460 1625 2760 1698 appendico
2805 1626 2870 1680 ad
2914 1633 3118 1682 tomum
3160 1625 3405 1694 quintum
3445 1624 3700 1679 editionis
3730 1623 3832 1679 bo-

2247 1720 2464 1784 diernat,
2497 1727 2590 1773 aut
2615 1718 2880 1774 decimum
2901 1716 3232 1772 anteriorum
3267 1717 3582 1773 editionum.
3615 1715 3675 1771 Si
3702 1713 3834 1786 quid

2249 1819 2428 1866 autem
2475 1810 2544 1864 de
2583 1806 2901 1880 quibusdam
2945 1807 3220 1876 sigillatim
3271 1806 3588 1873 notandum,
3631 1814 3729 1860 aut
3770 1805 3827 1858 in

2250 1902 2379 1972 ipsis
2405 1900 2633 1955 fortasse
2676 1899 2870 1954 merito
2913 1895 3410 1968 reprehendendum
3453 1895 3729 1961 videatur,
3771 1893 3828 1948 in

2248 1992 2461 2064 praeﬁxa
2491 1993 2682 2062 cuique
2708 1989 3071 2046 notatiuncula
3097 1987 3477 2044 observabitur.

3496 2225 3828 2244 ﬂ

1129 2327 1279 2442 S-
1363 2324 2366 2442 PULGEN'I‘II
2435 2314 3266 2438 EPISCOPI

1988 2518 2168 2591 (falso
2209 2517 2400 2588 titulo)

1377 2655 1458 2719 IN
1497 2650 1959 2728 SEQUENTES
1997 2649 2388 2714 HOMILIAS
2418 2650 2548 2712 sive
2586 2647 3007 2714 SERMONE‘S

1749 2819 2630 2931 ΡΒᾹΞΕΑΤΙΟ.

627 3128 762 3186 Cum
787 3142 942 3184 suam
969 3127 1024 3182 in
1053 3125 1208 3182 nobis
1231 3124 1352 3182 vult
1383 3137 1642 3180 exercere
1667 3124 1946 3178 caritatem
1963 3162 1980 3188 ,
2009 3122 2140 3178 suli—
2169 3128 2218 3188 Β
2243 3118 2298 3172 in
2324 3116 2616 3186 Evangelio
2645 3117 2902 3176 Dominus
2923 3119 3138 3189 dixerit,
3165 3123 3463 3181 audiamus.
3509 3123 3659 3183 Inter
3681 3128 3839 3198 prin-

558 3228 665 3273 tam
693 3217 844 3272 vobis
872 3215 1044 3271 sancti
1067 3213 1334 3270 sermonis
1369 3212 1452 3268 sui
1498 3227 1606 3266 non
1654 3211 1897 3266 exhibuit
1924 3209 2139 3266 clarita-

557 3316 685 3363 tem.
736 3304 922 3373 Itaque
955 3315 1014 3358 et
1040 3317 1140 3358 nos
1167 3300 1485 3357 obedienter
1508 3299 1762 3355 convenit
1788 3306 1964 3354 tacere
1989 3297 2138 3368 quod

559 3395 765 3458 voluit,
801 3403 858 3448 et
881 3388 883 3391 ’
907 3408 1002 3447 vos
1037 3391 1267 3446 libenter
1301 3389 1535 3446 tolerare
1589 3387 1715 3458 quia
1741 3387 1930 3444 voluit.
1977 3385 2140 3442 Orate

557 3499 688 3555 ergo
715 3499 814 3554 pro
842 3481 1020 3547 nobis,
1049 3488 1109 3535 ut
1151 3479 1331 3536 verbis
1367 3478 1564 3535 nostris
1591 3482 1732 3532 tacta
1765 3477 2090 3532 conveniant
2121 3493 2134 3528 :

559 3573 682 3644 quia
717 3571 961 3641 cupimus
997 3569 1164 3638 magis
1190 3569 1437 3638 precibus
1461 3568 1654 3623 vestris
1683 3565 1850 3636 adjuti
1876 3568 2138 3622 iacturum

559 3661 818 3718 fructibus
843 3659 1068 3731 opimari
1091 3699 1108 3724 ,
1137 3673 1296 3728 quam
1323 3658 1609 3715 verborum
1637 3655 1779 3712 foliis
1806 3655 2133 3712 obumbrari.

557 3752 916 3808 Exhortamur
941 3749 1221 3806 caritatem
1248 3755 1502 3810 vestram,
1543 3745 1875 3802 dilectissimi
1926 3744 2136 3809 fratres,

559 3853 619 3898 ut
642 3843 868 3914 impigre
911 3849 971 3898 et
1011 3840 1296 3912 vigilanter
1339 3839 1562 3894 verbum
1592 3837 1688 3893 Dei
1715 3835 2140 3892 ministrantibus

557 3929 812 3988 fratribus
836 3940 892 3989 et
919 3929 1369 4002 cumpresbyteris
1389 3967 1406 3992 ,
1436 3943 1536 3984 vos
1582 3927 1769 4002 audire
1799 3941 1908 3983 non
1936 3927 2135 3997 pigeat.

558 4023 816 4080 Dominus
839 4023 982 4078 enim
1009 4029 1065 4076 et
1092 4019 1234 4078 Deus
1263 4027 1470 4086 noster,
1492 4019 1603 4089 ipsa
1631 4018 1830 4073 veritas
1854 4031 2014 4086 quam
2045 4030 2140 4070 au-

558 4115 683 4170 ditis
705 4156 722 4182 ,
753 4129 849 4183 per
875 4111 1169 4183 quemlibet
1203 4109 1457 4182 loquatur
1477 4149 1494 4173 ,
1542 4110 1631 4179 pie
1657 4115 1714 4163 et
1741 4107 2021 4177 vigilanter
2045 4121 2139 4160 au-

560 4202 754 4258 dienda
793 4209 919 4258 sunt
964 4214 1085 4272 qua:
1131 4199 1385 4269 loquitur.
1435 4198 1566 4254 Nam
1596 4198 1649 4252 in
1689 4196 1844 4252 nobis
1874 4210 2032 4250 nemo
2059 4203 2141 4250 est

564 4296 766 4365 major,
804 4295 906 4350 nisi
933 4295 1026 4365 qui
1061 4295 1238 4349 minor
1269 4293 1448 4349 fuerit.
1503 4290 1754 4361 Pruloqui
1782 4297 1961 4344 autem
1990 4287 2141 4343 vobis

559 4389 822 4443 voluimus
842 4402 911 4442 ex
934 4401 1103 4452 more,
1127 4395 1189 4442 ut
1205 4401 1268 4441 ea
1289 4400 1408 4456 qua:
1426 4385 1654 4440 dicimus
1701 4384 1907 4438 taciatis
1934 4397 2137 4438 amore.

560 4479 808 4533 Omnium
849 4475 1068 4547 quidem
1096 4477 1338 4532 ciborum
1363 4475 1444 4532 sal
1470 4474 1686 4529 salubre
1712 4481 1798 4528 est
1822 4471 2136 4528 condimen-

559 4579 692 4634 tum,
719 4570 764 4624 si
795 4539 1042 4623 mensura
1075 4581 1181 4622 non
1207 4567 1366 4622 desit.
1417 4563 1667 4633 Alioquin
1696 4571 1752 4618 et
1775 4563 1949 4633 ipsum
1975 4561 2136 4631 perit,
2165 4539 2206 4594 (ἶ

557 4671 612 4716 et
639 4661 780 4732 quod
807 4659 1008 4716 salierit
1035 4658 1245 4729 perdet.
1275 4656 1496 4712 Amarat
1521 4655 1666 4711 enim
1694 4655 1945 4710 nimietas
1993 4654 2138 4723 quod

561 4759 774 4820 poterat
801 4749 1044 4820 saporari
1070 4761 1340 4804 mensura.
1388 4739 1481 4803 Sic
1512 4745 1603 4817 qui
1632 4746 1685 4800 in
1726 4745 1882 4801 nobis
1907 4752 1992 4800 est
2015 4758 2140 4799 sen-

558 4858 672 4909 sus,
701 4842 746 4896 si
776 4850 955 4896 teneat
982 4840 1197 4896 modum
1215 4879 1232 4906 ,
1263 4839 1356 4894 dat
1378 4853 1588 4909 sapere,
1619 4837 1950 4893 intellectum
1975 4836 2136 4906 parit,

559 4933 898 5002 prudentiam
944 4937 1207 5000 generat,
1245 4944 1342 4986 cor
1378 4929 1604 4992 dilatat,
1655 4934 1804 4999 luget
1841 4926 2135 4996 ingenium,

563 5030 798 5077 maturat
841 5021 1106 5088 dicenda,
1154 5018 1420 5074 audienda
1466 5019 1746 5089 componit
1782 5036 1796 5070 :
1828 5015 1993 5088 fitque
2037 5017 2138 5071 sibi

559 5112 750 5179 dulcis,
776 5109 834 5168 fit
853 5111 1014 5166 etiam
1033 5111 1369 5182 gustantibus
1389 5115 1502 5164 tota
1522 5107 1818 5164 dulcedinis
1839 5105 2136 5178 plenitudo.

562 5201 675 5256 Erit
715 5203 878 5257 etiam
924 5200 1085 5270 plane
1133 5198 1249 5269 ipse
1290 5197 1516 5253 melleus
1551 5211 1742 5252 sensus
1769 5195 1840 5251 de
1865 5194 2020 5264 cujus
2043 5209 2140 5251 ore

560 5293 826 5362 prolatum
857 5290 1018 5346 fuerit
1043 5288 1174 5344 nihil
1202 5301 1461 5342 amarum.
1515 5285 1627 5340 Hoc
1655 5284 2040 5355 praemisimus,
2081 5292 2142 5338 ut

559 5384 631 5436 sit
656 5382 809 5436 nobis
845 5381 899 5434 in
923 5378 1246 5449 evangelicis
1264 5376 1546 5434 sententiis
1589 5374 1759 5429 nostri
1785 5387 1976 5429 sensus
1994 5381 2140 5429 certa

561 5468 972 5536 constringenda
1018 5480 1268 5522 mensura
1309 5482 1322 5518 :
1362 5471 1627 5535 quatenus
1669 5460 1887 5516 vitalem
1939 5461 2139 5528 cibum,

561 5560 796 5615 divinum
827 5564 1056 5628 pastum,
1089 5556 1363 5614 cmlestem
1390 5565 1639 5624 saporem
1667 5564 1775 5605 non
1801 5549 2004 5615 violet,
2041 5549 2138 5605 sed

553 5649 868 5705 'cautissima
891 5647 1042 5702 nobis
1062 5646 1355 5702 sobrietate
1376 5643 1665 5710 custodiat,
1681 5642 1834 5710 juxta
1856 5639 1984 5697 illud
2004 5639 2141 5710 Apo-

555 5740 686 5798 atoli
720 5757 732 5792 :
769 5737 890 5795 Non
928 5738 1040 5809 plus
1067 5755 1248 5808 sapere
1273 5753 1426 5808 quam
1459 5744 1659 5807 Oportet
1685 5747 1897 5804 sapere,
1935 5733 2024 5786 sed
2047 5749 2136 5786 sa-

557 5835 686 5896 lpere
713 5829 781 5881 ad
808 5829 1129 5883 sobrietatem
1162 5826 1336 5896 (Rom.
1371 5843 1466 5893 xn,
1495 5827 1571 5897 5).
1619 5823 1847 5882 Proinde
1872 5823 1983 5893 jam
2011 5825 2138 5895 quid

2237 3207 2439 3278 cipales
2486 3208 2669 3265 stellas
2691 3248 2706 3273 ,
2746 3212 3144 3282 septentriones
3165 3253 3182 3279 ,
3224 3215 3441 3270 oriunes
3466 3223 3526 3272 et
3551 3216 3838 3283 luciferas,

2237 3301 2393 3358 Stella
2428 3315 2646 3372 semper
2671 3302 2927 3358 minutior
2973 3304 3291 3360 obscuratur
3315 3305 3562 3362 claritate
3609 3322 3835 3376 magna-

2237 3405 2358 3445 rum
2391 3407 2407 3444 :
2438 3388 2536 3446 sed
2563 3405 2668 3445 non
2699 3391 2774 3446 ita
2803 3393 2962 3447 estin
2996 3393 3134 3449 caelo
3165 3409 3306 3450 novo
3335 3396 3524 3450 matris
3547 3394 3829 3462 Ecclesia},

2238 3480 2292 3536 in
2320 3495 2429 3552 quo
2462 3481 2618 3537 stella
2645 3482 2866 3537 seminis
2894 3483 3121 3540 Abraha:
3149 3485 3268 3540 lidei
3307 3485 3512 3554 fulgore
3553 3497 3831 3543 coruscat.

2245 3571 2345 3628 Ubi
2391 3587 2534 3628 nunc
2581 3587 2668 3629 me
2714 3582 2967 3644 tanquam
3013 3575 3381 3645 parvissimam
3426 3577 3643 3631 stellam
3689 3578 3838 3634 inter

2238 3663 2412 3718 sidera
2458 3662 2676 3719 Patrum
2721 3663 2850 3734 ipsis
2895 3664 3249 3721 allucentibus
3295 3674 3350 3721 et
3393 3667 3834 3738 pnecipientibus

2242 3751 2626 3823 procedentem
2671 3769 2778 3809 non
2805 3753 3121 3820 obscurari,
3158 3755 3252 3810 sed
3280 3747 3562 3812 clarificari
3587 3756 3832 3815 confido.

2243 3841 2313 3899 Ut
2329 3843 2474 3914 quod
2491 3845 2668 3900 minus
2687 3845 2863 3901 habeo
2882 3844 2952 3902 de
2968 3847 3170 3902 circulo
3189 3847 3382 3902 sideris
3399 3847 3526 3916 mei,
3551 3847 3619 3904 de
3647 3849 3834 3920 splen-

2241 3931 2372 3989 dore
2416 3949 2628 3990 merear
2671 3936 2882 4006 paterni
2927 3937 3175 4006 oraculi,
3203 3945 3260 3992 et
3293 3937 3506 3993 auditus
3533 3940 3703 3994 vestri
3725 3981 3745 4004 ,
3777 3950 3838 3996 et

2241 4020 2417 4078 cordis
2437 4022 2650 4088 intenti,
2669 4023 2816 4093 quod
2843 4024 2974 4080 mihi
2996 4034 3080 4082 est
3103 4025 3252 4082 velut
3273 4027 3488 4093 cmlum,
3511 4027 3566 4082 in
3589 4043 3705 4098 quo
3723 4029 3836 4085 mei

2243 4113 2511 4168 sermonis
2534 4113 2714 4180 adjuta
2741 4114 2896 4170 stella
2925 4116 3202 4185 procedat,
3236 4126 3292 4172 et
3315 4124 3542 4185 paterna
3567 4117 3836 4189 interpel-

2242 4200 2372 4256 latio
2394 4216 2519 4257 cum
2545 4212 2730 4258 vestro
2758 4203 2941 4260 favore
2985 4207 3260 4262 succedat.
3305 4205 3505 4262 Secura
3533 4222 3716 4278 pugna
3748 4219 3837 4265 est

2237 4290 2528 4357 jaculatori
2552 4294 2888 4364 sagittarum,
2917 4310 3038 4352 cum
3065 4299 3458 4369 protegentium
3487 4300 3693 4369 tegitur
3719 4316 3835 4356 mu.

2244 4390 2362 4438 rato
2384 4384 2596 4453 agmine
2617 4386 2949 4457 clypeorum.
2975 4386 3109 4444 Cum
3131 4389 3291 4458 igitur
3307 4399 3460 4446 scuto
3478 4390 3836 4461 benignitatis

2247 4470 2431 4529 Patres
2478 4489 2566 4528 me
2607 4474 2768 4531 video
2818 4477 3156 4544 munientes,
3202 4495 3311 4535 non
3357 4481 3526 4536 timeo
3562 4480 3637 4537 de
3664 4498 3833 4552 parva

2239 4563 2494 4632 pharetra
2521 4566 2864 4622 tenuissimus
2886 4567 3126 4636 jaculare
3153 4583 3450 4626 sermones.
3493 4567 3567 4625 Ut
3588 4587 3720 4627 cum
3750 4573 3832 4627 in-

2239 4653 2406 4708 ﬁrmae
2424 4654 2574 4710 vocis
2599 4670 2665 4709 ex
2691 4671 2815 4711 arca
2843 4655 3225 4726 trepidantium
3251 4659 3512 4715 labiorum
3555 4659 3832 4732 iaculatur

2237 4743 2502 4798 sermonis
2531 4743 2791 4814 incompti
2837 4745 3032 4814 sagitta
3076 4747 3182 4801 mei
3227 4746 3444 4811 cordis,
3482 4763 3592 4802 non
3640 4749 3829 4803 timca;

2241 4840 2481 4900 protecta
2510 4831 2677 4888 lorica
2723 4840 3032 4888 sanctorum
3078 4831 3295 4890 Patrum
3325 4836 3568 4908 clypeata
3601 4853 3824 4894 corona.

2239 4923 2458 4992 Sagittae
2485 4939 2717 4994 namque
2743 4934 2871 4980 sunt
2907 4926 3073 4980 etiam
3119 4926 3246 4994 ipsae
3292 4928 3530 4997 potentis
3551 4967 3569 4992 ,
3598 4928 3672 4984 de
3698 4945 3827 4984 arcu

2239 5014 2389 5081 parvi
2417 5014 2698 5079 sermonis,
2729 5028 2848 5083 qua:
2869 5029 2990 5070 cum
3017 5007 3340 5071 carbonibus
3366 5015 3737 5084 desolatoriis,
3775 5029 3828 5074 et

2240 5119 2422 5165 nostra
2449 5109 2723 5178 deliquent
2753 5109 2918 5165 verba
2944 5149 2962 5175 ,
3006 5118 3063 5165 et
3099 5119 3275 5165 vestra
3303 5111 3607 5167 illuminent
3635 5113 3822 5177 corda.

2241 5207 2304 5255 ut
2337 5200 2724 5257 et‘insidiantis
2758 5201 2923 5268 ignita
2975 5201 3385 5270 exstinguantur
3405 5200 3618 5270 jacula,
3648 5211 3708 5258 et
3730 5218 3822 5258 vc-

2239 5299 2350 5346 stra
2380 5290 2611 5347 libenter
2649 5291 2832 5347 audiat
2857 5293 3121 5360 sapientia
3143 5333 3163 5359 ,
3200 5294 3318 5348 sine
3349 5293 3622 5351 laboriosa
3648 5309 3820 5366 pugna

2238 5379 2306 5436 de
2334 5387 2558 5450 paterna
2586 5380 2830 5435 victoria.
2874 5380 3048 5436 Video
3068 5381 3286 5451 quidem
3311 5422 3329 5446 ,
3359 5382 3553 5438 fratres
3581 5383 3819 5439 dilectis-

2238 5468 2382 5534 simi,
2430 5469 2762 5524 alacritatem
2791 5470 2955 5524 animi
2975 5471 3164 5537 vestri,
3185 5480 3243 5526 et
3260 5472 3544 5542 impigrum
3563 5475 3813 5533 studium.

2243 5555 2673 5625 luminosumque
2702 5557 2967 5613 fervorem
3001 5577 3015 5611 :
3047 5559 3143 5614 sed
3171 5574 3240 5614 ne
3267 5561 3321 5616 in
3372 5562 3474 5616 hac
3499 5571 3681 5617 vestra
3706 5563 3815 5630 agi-

2239 5647 2389 5702 litate
2435 5648 2585 5717 piger
2630 5647 2744 5717 ipse
2790 5651 3064 5717 reperiar,
3113 5664 3221 5704 non
3269 5650 3452 5705 videar
3496 5650 3813 5720 superfluus,

2239 5736 2383 5806 quod
2408 5737 2586 5792 excito
2613 5737 2914 5805 vigilantes,
2942 5738 3201 5794 exhortor
3225 5753 3501 5795 accensos.
3534 5739 3650 5794 Etsi
3676 5741 3811 5794 enim

2239 5834 2447 5882 tantum
2482 5840 2708 5895 agonem
2745 5828 2796 5882 in
2827 5828 2980 5885 vobis
3007 5829 3207 5884 invenit
3234 5843 3448 5897 sermo,
3479 5839 3538 5885 ut
3560 5831 3682 5901 plus
3712 5845 3810 5885 non
