3996 6456
242 373 342 429 851

1720 369 1948 439 sanun
1983 371 2024 426 ι.

244 496 414 559 possit
441 487 766 550 accendere,
798 487 1072 543 vobiscum
1105 496 1283 543 tamen
1325 487 1439 542 vult
1475 501 1534 542 et
1568 485 1682 556 ipse
1715 491 1820 540 ter—
1848 489 1896 547 Α
1924 484 2234 554 diligentius
2273 499 2391 555 qua:
2430 483 2656 540 Domino
2692 485 2928 542 donante
2961 486 3140 543 dicere
3182 490 3494 559 poterimus.

242 595 388 636 vere.
443 579 635 636 Terret
675 593 847 636 meam
884 578 1161 647 parvulam
1187 578 1483 648 rudemque
1509 576 1818 634 facultatem

237 678 548 725 sanctorum
575 669 793 724 Patrum
823 669 1042 738 antiqua
1077 668 1319 724 doctrina
1340 706 1357 733 ,
1394 676 1451 723 et
1477 667 1684 730 vestra,
1714 667 1820 720 fra-

240 773 349 817 tres
374 805 389 830 ,
430 761 658 817 intentio
683 759 946 816 luminosa
977 777 992 814 :
1021 759 1118 815 sed
1144 774 1355 816 rursum
1392 773 1479 814 me
1505 758 1822 813 exhortatur

236 863 295 910 et
323 855 534 910 illorum
556 851 747 923 iussio,
775 860 832 907 et
852 860 1031 907 vestra
1058 851 1379 920 benignitas.
1407 849 1544 906 Nam
1570 850 1672 905 etsi
1697 864 1817 906 cum

235 945 594 1000 eruditissima
629 943 1027 1000 examinatione
1063 942 1205 998 dicta
1235 941 1592 1014 perpenditis,
1625 941 1699 996 ita
1738 949 1822 995 ta-

236 1051 361 1091 men
390 1037 444 1091 in
470 1033 686 1091 Christo
714 1048 903 1090 omnes
929 1034 1277 1104 pinguissima
1310 1034 1536 1089 caritate
1578 1029 1816 1101 diligitis,

235 1136 298 1180 ut
326 1141 432 1180 non
462 1124 636 1180 solum
663 1121 830 1179 fortes
857 1131 912 1179 et
946 1122 1248 1179 mediocres
1269 1118 1413 1185 {sed
1439 1120 1601 1176 etiam
1632 1127 1819 1176 tenues

233 1222 295 1270 et
321 1229 584 1285 pauperes
609 1213 839 1269 libenter
863 1213 1116 1268 audiatis.
1158 1211 1325 1280 Loqui
1354 1210 1578 1266 verbum
1605 1209 1700 1266 Dei
1727 1225 1821 1266 co-

235 1310 402 1379 gnitis
424 1316 482 1364 et
507 1309 692 1363 amicis
718 1321 912 1377 magna
941 1305 1135 1362 fiducia
1171 1312 1256 1360 est
1284 1303 1524 1361 caritatis
1542 1344 1560 1372 ,
1588 1303 1680 1358 ubi
1708 1307 1820 1357 tru-

233 1407 356 1454 ctus
381 1397 720 1468 prtesumitur
761 1393 999 1465 pietatis.
1050 1392 1124 1453 Ut
1169 1394 1216 1449 si
1259 1392 1386 1464 quid
1434 1393 1597 1448 etiam
1640 1392 1820 1448 minus

233 1489 437 1560 compti
465 1483 734 1559 profertur
759 1487 998 1557 eloquii,
1023 1486 1179 1545 facile
1207 1485 1450 1556 ignoscat
1476 1483 1699 1550 amicus,
1728 1481 1817 1540 cui

233 1596 342 1636 non
370 1587 454 1635 est
473 1578 649 1634 dictor
675 1577 998 1647 incognitus.
1029 1575 1162 1631 Nam
1190 1577 1245 1632 in
1270 1576 1372 1631 hac
1394 1581 1550 1645 parte
1583 1573 1817 1644 prophe-

234 1679 343 1724 tam
366 1665 700 1725 Ezechielem
722 1667 790 1722 de
811 1665 1154 1736 exsequendo
1173 1664 1444 1735 prmeonio
1459 1662 1811 1728 dubitantem,

233 1758 501 1817 confortat
526 1757 870 1828 omnipotens
899 1756 1058 1822 Deus,
1091 1770 1160 1811 ne
1185 1755 1254 1810 de
1279 1769 1374 1809 sua
1403 1752 1673 1824 imperitia
1703 1759 1813 1807 tre-

1919 573 2185 642 Quantum
2214 575 2358 630 enim
2386 575 2795 645 praedicantibus
2833 576 2987 632 nobis
3013 577 3250 634 creditur
3276 582 3499 638 verbum

1919 665 2012 720 Dei
2038 707 2053 732 ,
2081 673 2290 720 tantum
2318 666 2472 722 vobis
2498 681 2954 724 sacramentorum
2982 669 3225 726 cumulus
3252 681 3496 741 augetur.

1918 753 2024 810 Sed
2051 755 2188 811 sicut
2216 755 2339 826 quis
2367 755 2561 826 exiguo
2591 766 2774 813 vectus
2804 759 3013 828 navigio
3052 760 3344 827 ingreditur
3380 778 3498 816 ma-

1921 858 2000 908 re,
2030 843 2204 900 donec
2229 851 2386 900 terra:
2413 846 2619 902 vicinus
2641 853 2743 909 est,
2769 846 2946 902 minus
2972 849 3193 914 metuit,
3225 866 3343 904 eum
3370 867 3498 906 vero

1920 936 2172 1006 paulatim
2202 938 2256 992 in
2284 937 2450 992 altum
2489 937 2649 993 fuerit
2682 954 2999 1009 progressus
3021 981 3037 1004 ,
3076 949 3133 995 et
3167 941 3323 995 undis
3360 943 3501 996 intu-

1919 1029 2282 1083 mescentibus
2320 1030 2546 1099 cmperit
2589 1030 2644 1084 in
2689 1031 2794 1083 ima
2841 1029 3075 1094 deduci,
3126 1029 3200 1085 ibi
3241 1031 3499 1086 continuo

1918 1130 2154 1178 mentem
2183 1137 2350 1192 pavor
2389 1123 2625 1188 invadit,
2657 1132 2714 1178 et
2757 1122 2985 1178 formido
3031 1121 3310 1192 percellit,
3353 1123 3498 1192 quod

1918 1216 2164 1285 exiguam
2186 1225 2355 1272 ratem
2379 1217 2652 1275 immensis
2673 1215 2920 1274 fluctibus
2942 1215 3185 1281 credidit,
3237 1217 3309 1271 ita
3336 1218 3498 1271 etiam

1920 1323 2018 1362 nos
2044 1307 2154 1377 pati
2182 1307 2425 1362 videmur
2445 1348 2460 1370 ,
2489 1308 2581 1376 qui
2609 1307 2786 1376 exigui
2825 1307 3030 1362 meritis
3071 1313 3128 1362 et
3173 1307 3386 1376 ingenio
3419 1315 3498 1362 le-

1920 1411 2074 1463 nues,
2105 1403 2216 1450 tam
2245 1404 2455 1451 vastum
2481 1396 2854 1468 mysteriorum
2883 1397 3101 1466 pelagus
3129 1396 3385 1451 audemus
3414 1397 3497 1450 in-

1916 1487 2087 1555 gredi.
2136 1485 2243 1542 Sed
2289 1487 2376 1556 si,
2413 1488 2692 1542 orantibus
2732 1487 2919 1556 vobis,
2956 1486 3212 1543 Dominus
3255 1486 3498 1556 dignetur

1917 1575 2149 1648 Spiritus
2177 1577 2258 1632 sui
2283 1577 2455 1633 sancti
2488 1593 2672 1632 auram
2702 1575 2855 1632 nobis
2882 1590 3199 1646 prosperam,
3221 1576 3378 1642 dare,
3406 1591 3494 1632 se-

1916 1669 2094 1725 cundo
2123 1670 2270 1726 verbi
2296 1683 2457 1726 cursu
2486 1675 2701 1740 portum
2746 1667 2932 1724 salutis
2977 1667 3307 1722 intrabimus.
3347 1667 3494 1721 Nun-

1915 1773 2075 1828 quam
2105 1758 2259 1813 facile
2285 1757 2522 1828 anspicia
2561 1767 2757 1812 nostrm
2785 1756 3104 1812 temeritatis
3131 1764 3494 1826 erumperent,

235 1857 448 1905 menter
470 1860 767 1912 excusans.
797 1845 1098 1902 cerViCibllS
1132 1844 1311 1914 ραηίε
1337 1844 1438 1900 sub
1465 1857 1662 1912 magno
1688 1857 1816 1913 DI‘O-
1845 1853 1893 1912 B
1921 1850 2023 1907 nisi
2051 1857 2231 1906 vester
2255 1863 2381 1918 erga
2409 1863 2496 1904 me
2521 1849 2783 1919 primatus
2821 1863 2886 1904 ac
2907 1848 3134 1903 dilectus
3162 1843 3384 1904 alfectus
3410 1863 3499 1901 ve-

232 1940 428 2012 phetite
469 1953 635 1994 onere
682 1937 977 1994 vacillaret.
1028 1937 1166 1992 Dicit
1211 1936 1280 1991 ad
1321 1951 1445 1991 eum
1495 1935 1752 1990 Dominus
1797 1953 1812 1989 :

239 2031 414 2097 Quare
435 2026 639 2083 dubitas
653 2028 680 2081 .’
707 2026 831 2084 Non
849 2027 986 2082 enim
1003 2042 1096 2098 ego
1117 2026 1189 2081 ad
1208 2034 1406 2099 gentem
1426 2025 1649 2079 alienam
1670 2025 1817 2080 mitto

231 2133 301 2186 te,
331 2122 423 2176 sed
447 2119 547 2177 ibis
577 2118 650 2175 ad
677 2118 919 2190 populum
944 2125 1110 2184 tuum,
1129 2133 1235 2171 non
1266 2116 1459 2187 ignota:
1485 2115 1698 2186 linguw,
1724 2114 1818 2169 sed

231 2215 448 2284 cognita
491 2211 707 2282 (Eucti.
738 2225 828 2274 tu,
859 2207 936 2280 5).
967 2206 1079 2264 Nec
1121 2206 1364 2264 dicturus
1409 2221 1470 2262 es
1500 2223 1515 2260 :
1550 2204 1815 2276 Linguam

229 2318 391 2373 quam
418 2318 529 2360 non
557 2313 815 2359 noveram
865 2297 1046 2354 audivi
1077 2315 1093 2352 :
1123 2311 1233 2354 una
1274 2304 1359 2353 est
1401 2296 1579 2366 lingua
1606 2334 1623 2360 ,
1661 2297 1815 2366 paria

231 2403 360 2452 sunt
383 2395 547 2452 verba
562 2435 579 2462 ,
603 2393 778 2450 civilis
801 2398 890 2449 est
911 2387 1205 2447 audientis.
1255 2385 1327 2446 Et
1349 2403 1422 2445 ne
1447 2397 1592 2446 esset
1614 2386 1816 2458 aliquid

227 2485 374 2556 quod
411 2482 836 2557 reprehensihile
866 2481 1097 2550 cognitis
1130 2479 1186 2537 in
1217 2479 1395 2537 amico
1419 2479 1637 2549 cognito
1661 2477 1815 2536 vide-

229 2583 399 2645 retur,
423 2574 651 2647 porrigit
674 2572 729 2631 ei
751 2571 947 2629 librum
970 2570 1119 2628 intus
1139 2577 1200 2627 et
1227 2569 1360 2626 toris
1384 2569 1696 2627 omlestibus
1724 2582 1816 2625 ca-

228 2667 385 2724 lamis
403 2673 710 2731 exaratum,
738 2671 798 2722 et
817 2662 975 2733 jubet
1003 2676 1133 2721 eum
1157 2660 1332 2720 avidis
1359 2660 1596 2718 faucibus
1624 2662 1812 2717 absoro

226 2759 380 2828 bere,
405 2766 468 2814 ut
493 2757 619 2814 inde
643 2763 830 2829 posset
846 2743 1092 2825 gustatas
1107 2753 1330 2811 delicias
1354 2763 1620 2810 eructare.
1646 2755 1816 2811 Acce-

226 2851 343 2918 pit,
381 2847 682 2906 devoravit.
709 2846 974 2903 lnstructa
1001 2851 1088 2902 est
1121 2844 1332 2913 lingua,
1374 2844 1660 2900 obdulcata
1687 2854 1815 2900 sunt

225 2939 467 2996 membra
486 2980 505 3004 ,
533 2946 592 2994 et
616 2939 780 3008 coepit
805 2934 875 2993 de
900 2934 1121 2992 homine
1153 2933 1318 2989 divini
1355 2933 1647 3005 magisterii
1688 2949 1815 2989 sua—

230 3030 368 3085 viter
395 3037 584 3086 vorata
609 3042 868 3085 resonare
888 3025 1106 3097 peritia.
1149 3024 1242 3082 Sic
1283 3033 1342 3082 et
1387 3024 1543 3080 nobis
1568 3025 1815 3093 dignetur

230 3122 486 3178 Dominus
514 3122 667 3178 istius
693 3119 815 3176 libri
854 3119 1063 3175 donare
1086 3116 1338 3182 delicias,
1372 3126 1432 3172 ut
1459 3116 1576 3186 ipse
1618 3115 1814 3172 doceat

1920 1940 2063 1994 niam
2109 1939 2323 1995 dicendi
2371 1939 2504 1995 mihi
2571 1939 2807 1995 tribuere
2868 1939 3180 2009 dignaretur
3213 1923 3492 1993 \audaciaz.

1918 2031 2288 2102 Quodcunque
2333 2045 2464 2100 ergo
2521 2031 2855 2101 potuerimus
2901 2029 2970 2086 de
3019 2027 3214 2084 divinis
3265 2028 3500 2083 fontibus

1916 2121 2169 2188 haurire,
2217 2129 2275 2176 et
2318 2120 2385 2174 ad
2425 2119 2660 2191 potanda
2707 2127 2883 2175 vestra
2928 2125 3146 2189 pectora
3190 2118 3498 2189 spiritaliter

1918 2215 2149 2282 tradere,
2178 2229 2360 2286 quaeso
2388 2223 2449 2270 ut
2473 2213 2765 2284 dignemini
2797 2214 3028 2270 libenter
3051 2213 3315 2284 accipere.

2423 2344 2658 2403 SERMO
2693 2343 2968 2402 PRIMUS.

2431 2433 2500 2492 In
2531 2433 2720 2492 Natali
2747 2433 2964 2490 Christi.

1985 2525 2316 2583 lnclinantur
2349 2537 2551 2595 organa
2597 2525 2668 2581 de
2727 2525 2902 2592 cmlis,
2951 2539 3072 2595 qua:
3119 2523 3217 2581 Dei
3267 2521 3492 2594 gloriam

1915 2604 2144 2667 possunt
2167 2605 2388 2667 cantare
2435 2595 2723 2651 nascentis.
2765 2595 3220 2667 Descendentibus
3262 2609 3497 2667 namque

1915 2609 2144 2667 possunt
2167 2609 2388 2651 cantare
2435 2609 2723 2651 nascentis.
2767 2609 3220 2651 Descendenttnus
3262 2609 3496 2715 namqiuc

1914 2666 2120 2735 angelis
2142 2666 2378 2721 mtherea
2399 2666 2603 2735 geritur
2628 2679 2728 2733 per
2744 2673 2934 2735 ventos
2961 2662 3221 2727 Ecclesia,
3250 2672 3310 2716 ut
3337 2677 3419 2718 em
3440 2678 3496 2716 e-

1914 2732 2014 2790 stis
2042 2735 2228 2804 patriae
2256 2735 2535 2804 exemplar
2561 2732 2674 2802 jam
2705 2733 2879 2804 vivam
2909 2736 3261 2804 transferatur
3284 2735 3349 2804 agt
3383 2741 3494 2786 ter-

1915 2801 2056 2860 ram.
2077 2803 2287 2873 Ubique
2329 2801 2621 2868 silentium,
2660 2803 2787 2873 quia
2832 2803 3050 2871 organis
3095 2803 3216 2873 cmli
3246 2801 3493 2873 universa

1913 2871 2288 2931 succumbunt.
2313 2873 2594 2944 Silentium
2615 2871 3022 2944 prophetarum,
3051 2871 3388 2926 taciturnitas
3414 2884 3494 2944 _sa~

1913 2945 2220 3007 cerdotum,
2253 2942 2484 2997 melodia
2518 2939 2634 2996 sola
2659 2939 2823 2997 modo
2850 2949 3256 3009 estcompetens
3276 2939 3467 3008 angelo

1913 3029 2052 3068 rum.
2071 3013 2357 3068 Zacharias
2387 3013 2596 3067 taeetin
2616 3012 2833 3080 te'mplo,
2858 3009 3491 3080 angelicmperunthym-

1917 3099 2042 3138 num
2067 3091 2287 3136 cantare
2313 3083 2381 3138 de
2407 3082 2568 3148 coelo,
2599 3083 2689 3150 qui
2719 3079 2919 3137 faciunt
2942 3079 3002 3136 et
3029 3081 3238 3134 stellam
3267 3079 3491 3150 micare,

1917 3163 1972 3208 et
2001 3161 2212 3206 noctem
2254 3154 2453 3212 lucere.
2496 3148 2741 3220 pastores
2768 3151 3016 3220 vigilare,
3045 3164 3173 3220 oves
3202 3148 3489 3220 ruminare,

225 3211 372 3279 quod
395 3211 563 3267 homo
589 3225 697 3266 non
723 3208 928 3266 docuit.
957 3206 1036 3264 De
1061 3207 1275 3277 cognita
1303 3213 1480 3262 vestra
1509 3221 1618 3262 non
1647 3205 1812 3261 timeo

1916 3205 2084 3290 agnos
2106 3205 2424 3291 tripudiare.
2443 3205 2680 3278 Nuntius
2696 3205 2901 3283 clarus,
2927 3205 3104 3274 suavis
3119 3229 3328 3291 cantus,
3348 3205 3493 3271 mitis

225 3304 368 3359 civili
393 3303 844 3372 congregatione,
870 3314 1201 3372 prmsumens
1226 3298 1353 3368 quia
1380 3297 1810 3367 qualemcunque

225 3390 522 3459 gaudebitis
567 3390 753 3445 audire
791 3403 1122 3444 sermonem.
1169 3387 1608 3455 Quotiescunque
1646 3384 1812 3440 divini

225 3495 404 3535 sermo
438 3479 711 3548 profertur
739 3477 990 3548 imperii,
1029 3486 1086 3533 et
1121 3477 1322 3545 regalis
1363 3476 1418 3532 in
1453 3476 1689 3532 medium
1716 3473 1817 3530 do-

229 3568 404 3622 ctrina
427 3572 728 3631 traetatur,
773 3565 972 3620 adsunt
1014 3563 1191 3634 angeli
1233 3563 1464 3618 ministri
1503 3563 1655 3618 verbi
1694 3561 1810 3629 Dei,

228 3654 698 3711 commendatores
737 3655 977 3725 eloquii,
1015 3662 1073 3710 et
1110 3654 1438 3722 interpretes
1467 3654 1812 3708 sacramenti.

227 3744 410 3800 Adfuit
436 3743 578 3799 enim
609 3745 770 3800 beato
793 3743 985 3799 Daniel
1010 3741 1229 3797 Gabriel
1258 3743 1660 3810 interpretator,
1690 3755 1814 3796 cum

165 3853 168 3855 λ
225 3839 276 3892 ei
303 3851 334 3890 a
369 3835 573 3891 dextris
599 3834 770 3906 Cyrus
797 3835 1076 3890 assisteret
1115 3833 1442 3901 imperator,
1472 3840 1528 3885 et
1553 3831 1632 3886 ait
1661 3848 1676 3884 :
1704 3828 1814 3884 Ga-

224 3911 389 3994 briel,
419 3928 503 3998 {ac
537 3926 826 3997 intelligere
859 3927 1014 3979 istam
1054 3924 1306 3980 uisionem
1355 3921 1524 3992 (Dan.
1553 3937 1668 3984 vut,
1696 3921 1811 3991 l6).

228 4020 333 4074 iste
359 4019 498 4074 idem
545 4018 804 4075 Dominus
847 4027 905 4074 et
948 4033 1092 4075 nunc
1125 4017 1315 4086 iubeat
1359 4017 1501 4072 inter
1538 4026 1722 4073 sancta
1761 4027 1819 4072 et

225 4123 416 4177 magna
445 4110 744 4180 colloquia,
779 4117 932 4164 tanto
961 4124 1060 4164 nos
1087 4107 1283 4178 angelo
1321 4107 1721 4169 commendari,
1757 4115 1818 4160 ut

227 4200 686 4270 interpretationis
713 4199 970 4269 angelica:
1006 4200 1252 4268 accipere
1301 4212 1609 4254 mereamur
1644 4198 1814 4252 ratio-

223 4305 369 4345 nem.
394 4289 544 4345 Tunc
567 4290 863 4361 poterimus
881 4299 1064 4359 aptum
1089 4287 1472 4360 quoquomodo
1493 4288 1560 4356 ad
1582 4297 1814 4343 vestram

223 4382 504 4438 caritatem
533 4398 654 4440 cum
685 4380 879 4438 ﬁducia
909 4380 1151 4452 proferre
1174 4396 1501 4437 sermonem.
1531 4379 1732 4436 Sancto
1761 4390 1816 4435 et

223 4471 368 4528 dulci
400 4480 457 4527 et
483 4472 631 4539 largo
659 4486 946 4535 sermone,
979 4471 1318 4542 plurimoque
1354 4469 1548 4527 aliectu
1584 4487 1691 4526 non
1720 4486 1815 4526 ne-

225 4564 340 4618 scio
366 4576 581 4632 semper
600 4562 904 4618 dilectionis
925 4564 1133 4618 animos
1157 4577 1279 4618 esse
1305 4562 1569 4632 perfusos.
1600 4559 1667 4616 Et
1689 4563 1813 4632 quia
1846 4586 1892 4644 ι)

223 4652 431 4722 magnis
459 4650 687 4720 dapibus
713 4650 1035 4720 spiritalium
1076 4665 1287 4715 rerum,
1317 4651 1814 4706 subministratione

223 4742 425 4798 domini
464 4741 646 4797 fratris
686 4749 742 4797 et
775 4739 1176 4796 consacerdotis
1218 4741 1366 4807 mei,
1409 4742 1603 4810 saepius
1629 4757 1811 4797 assae»

224 4831 376 4886 vistis
403 4831 630 4900 expleri,
651 4829 846 4899 quibus
875 4831 1117 4897 ausibus,
1143 4843 1320 4898 quave
1347 4828 1539 4885 fiducia
1567 4832 1815 4900 poteritis

225 4920 508 4985 obiectari,
537 4937 644 4976 non
676 4927 858 4992 potest
883 4919 1285 4990 comprehendi.
1319 4918 1432 4975 Hoc
1456 4920 1586 4974 mihi
1618 4936 1816 4992 propo-

221 5027 359 5104 ‘nens
388 5008 627 5069 tantillus
677 5013 876 5080 homo,
915 5011 1093 5066 minus
1132 5009 1306 5066 audeo
1333 5026 1492 5080 quam
1523 5025 1812 5080 praesumo.

225 5101 331 5159 Sed
372 5104 627 5174 quoniam
665 5102 936 5160 communi
980 5110 1111 5156 voto
1151 5103 1206 5166 ‘,
1241 5101 1407 5168 jussis
1443 5116 1634 5171 parere
1673 5117 1808 5157 con-

219 5164 411 5282 itendo,
440 5196 761 5252 erubescere
781 5211 894 5251 non
924 5210 1137 5251 recuso.
1167 5193 1234 5249 Et
1261 5195 1383 5248 ideo
1406 5195 1552 5248 velut
1579 5194 1810 5253 advoca-

225 5285 430 5340 tionem
455 5284 744 5355 quamdam
771 5299 994 5355 parvam
1022 5283 1239 5354 profero
1279 5283 1584 5354 mediocris,
1617 5300 1724 5339 non
1749 5293 1813 5340 ut

229 5374 468 5429 animum
497 5373 772 5444 expleam,
811 5373 910 5429 sed
945 5382 1004 5427 ut
1029 5374 1298 5428 tastidinm
1330 5373 1536 5428 tollam.
1583 5373 1727 5444 Ergo
1765 5375 1810 5430 si

223 5463 357 5520 satis
399 5479 512 5519 non
556 5462 904 5530 sorduerint,
950 5478 1282 5535 quzecnnque
1323 5464 1522 5520 luerint
1557 5449 1806 5534 libenter,

227 5569 430 5624 quaeso,
477 5553 724 5625 accipere
766 5554 1080 5624 dignemini.
1108 5555 1376 5610 Adhibete
1421 5555 1528 5611 huc
1577 5557 1809 5614 intentas

229 5659 417 5714 aures,
445 5645 538 5717 qui
564 5652 835 5701 amatores
870 5645 1004 5702 estis
1029 5646 1178 5702 verbi
1206 5645 1302 5700 Dei
1327 5686 1343 5710 ,
1374 5654 1434 5703 et
1459 5647 1806 5705 considerate

301 5823 316 5836 '
357 5816 518 5873 Deest
545 5817 642 5872 Imc
670 5815 918 5883 advocor,
946 5827 1036 5876 aut
1063 5818 1190 5892 quid
1215 5817 1408 5874 simile.

1914 3289 2372 3356 Dominus'natus,
2404 3291 2709 3360 pastoribus
2734 3293 2928 3355 virtus,
2959 3289 3242 3360 pecoribus
3281 3299 3483 3360 pastus.

1914 3361 2120 3429 angelis
2139 3370 2347 3417 cantus.
2369 3356 2628 3417 Describit
2646 3363 2834 3416 beatus
2853 3356 3086 3416 Joannes
3115 3356 3296 3429 (Apoc;
3318 3373 3412 3424 vn,
3430 3356 3493 3427 4)

1913 3431 2082 3486 millia
2125 3439 2341 3487 centum
2388 3431 2737 3500 quadraginta
2775 3439 3007 3500 quatuor
3035 3430 3086 3484 in
3126 3429 3262 3500 Sion
3292 3443 3491 3500 ‘monte

1915 3501 2168 3572 hymnum
2190 3496 2676 3565 cantare'suave'm,
2706 3502 2760 3557 in
2794 3496 3013 3572 modum
3048 3496 3490 3554 citharoedorum:

1915 3569 2012 3626 sed
2050 3571 2188 3641 alter
2223 3581 2305 3626 est
2350 3586 2516 3625 sonus
2567 3572 2902 3641 angelorum.
2933 3569 3213 3624 Pastorum
3239 3577 3493 3641 stupuere

1916 3655 2011 3693 ora
2043 3640 2355 3708 pendentia,
2385 3641 2508 3710 agni
2537 3647 2594 3694 et
2637 3637 2769 3695 oves
2814 3641 3031 3705 siluere,
3055 3649 3308 3705 tanquam
3329 3637 3394 3690 ad
3423 3637 3493 3689 ti-

1917 3710 2058 3778 biam
2086 3711 2434 3776 pastoralem,
2473 3724 2595 3765 cum
2637 3711 2812 3778 angeli
2868 3710 3117 3778 nuntiant
3158 3711 3208 3760 in
3256 3720 3493 3778 «ξι-ξιξερο

1910 3773 2183 3845 jacentem
2231 3773 2433 3847 hymno
2461 3773 2735 3833 mulcente
2757 3788 3020 3847 pastores.
3048 3775 3206 3831 Pater
3227 3773 3492 3828 Abraham

1914 3847 2187 3901 desiderat
2205 3847 2259 3901 in
2274 3846 2510 3900 veritate
2529 3846 2804 3917 suscipere
2838 3846 3175 3917 Trinitatem.
3203 3860 3366 3917 quam
3384 3859 3476 3897 sus

1915 3924 2135 3986 ceperat
2186 3918 2237 3968 in
2255 3917 2522 3986 _imagine
2566 3913 2942 3972 sub'tentorio
2969 3916 3308 3986 convelante.
3348 3913 3491 3970 Isaac

1915 3984 2109 4058 gaudet
2139 3986 2237 4041 sub
2254 3984 2868 4058 Bethlehemiticacasa,
2914 3986 3060 4058 velut
3101 3985 3200 4038 sub
3228 3991 3452 4058 centena

1916 4055 1992 4110 ria
2015 4056 2180 4121 spica;
2208 4055 2273 4108 ad
2293 4056 2553 4109 triticeam
2576 4056 2892 4111 medicinam
2922 4055 3236 4118 illustratur,
3254 4055 3362 4120 jam
3387 4068 3492 4105 non

1918 4126 2184 4178 visitatur.
2218 4127 2374 4178 l’ater
2399 4123 2565 4178 Jacob
2594 4125 2684 4180 ille
2729 4125 2824 4180 sub
2874 4125 3017 4180 scala
3046 4131 3355 4190 conspectat
3385 4121 3490 4175 Do-

1916 4195 2118 4249 minum
2149 4210 2255 4248 non
2298 4194 2454 4248 scala:
2484 4195 2848 4256 incubantem,
2875 4195 2969 4248 sed
2998 4193 3065 4248 de
3096 4203 3236 4248 terra
3266 4207 3490 4247 nascen-

1919 4271 2048 4325 tem,
2075 4263 2126 4317 in
2156 4279 2394 4332 praesepe
2421 4266 2708 4330 iaeentem,
2732 4265 2896 4320 ubera
2919 4273 3156 4318 materna
3181 4265 3488 4318 lactentem.

1917 4333 2174 4404 Ducatum
2198 4335 2336 4402 gerit
2358 4333 2531 4387 Moses
2552 4335 2854 4390 lsraeliticis
2875 4335 3086 4404 populis
3116 4337 3131 4403 (
3158 4333 3308 4387 Deut.
3340 4347 3489 4404 xvtu,

1920 4401 2042 4472 ‘15),
2070 4401 2518 4473 quia’suscitatus
2549 4413 2632 4458 est
2680 4405 2834 4459 nobis
2858 4401 3131 4473 Propheta
3156 4405 3222 4457 de
3244 4403 3490 4457 fratribus

1919 4475 2136 4527 nostris.
2186 4473 2348 4528 Isaias
2389 4475 2488 4529 sub
2519 4475 2671 4529 vinea
2702 4475 2895 4529 dilecta
2946 4484 3265 4535 concantat,
3294 4473 3491 4528 faciens

1917 4543 2016 4596 sub
2065 4543 2376 4614 palmitibus
2412 4545 2641 4614 spinosis
2687 4543 2999 4608 Ecclesiam,
3032 4545 3154 4612 quia
3191 4561 3316 4614 puer
3338 4551 3490 4614 natus

1916 4623 1992 4665 cst
2013 4611 2180 4675 nobis,
2207 4611 2527 4685 ﬁliusdatue
2547 4624 2623 4669 est
2651 4615 2798 4669 nobis
2841 4614 2977 4685 (Ira.
3009 4611 3080 4675 Ix,
3114 4611 3197 4685 6).
3221 4613 3321 4680 Qui
3352 4613 3472 4666 invi-

1913 4690 1993 4753 tat
2021 4693 2265 4753 pastores
2294 4683 2360 4738 ad
2391 4699 2647 4753 prmsepe,
2679 4683 2947 4738 electurus
2982 4684 3387 4753 estpiscatores
3413 4696 3488 4753 ex

1914 4750 2117 4818 littore,
2146 4750 2612 4819 facturus'organa
2644 4755 2938 4815 terrestria,
2971 4750 3288 4807 declinando
3323 4751 3488 4806 caele-

1913 4821 2049 4892 stia.
2088 4819 2232 4892 13m,
2260 4821 2540 4876 Matthmns
2587 4824 2856 4878 hominem
2891 4824 3060 4892 pingit
3104 4822 3302 4892 Deum,
3331 4835 3488 4890 quem

1915 4889 2146 4961 Spiritus
2185 4891 2357 4961 pinxit
2393 4900 2614 4948 sanctus
2666 4895 2717 4947 in
2747 4889 3084 4961 virginali’um
3109 4889 3301 4945 tabella
3325 4889 3472 4945 metu

1915 4960 2155 5032 brorum.
2177 4960 2294 5014 Jam
2327 4963 2510 5032 incipit
2534 4962 2744 5019 Marcus
2767 4960 3095 5032 evangelista
3125 4963 3335 5032 leonem
3367 4975 3484 5032 p_ro-_

1914 5028 2132 5087 ducere.
2158 5045 2265 5099 non
2317 5031 2384 5086 de
2432 5028 2707 5088 venatoria
2755 5028 2942 5099 cavea',
2997 5032 3091 5087 sed
3133 5033 3199 5085 de
3233 5028 3488 5084 stabulari

1911 5099 2186 5177 §i}_t'.|u_u_ca.
2218 5098 2335 5177 {am
2359 5101 2528 5177 Lucas
2556 5106 2879 5177 evangelista
2911 5098 3132 5156 vitulum
3159 5109 3337 5177 portat
3364 5116 3470 5169 pou

1910 5167 2199 5242 tilicalibus
2235 5169 2472 5226 humeris
2509 5167 2830 5242 saginatum,
2853 5182 2909 5226 ut
2937 5167 3185 5242 pascatur
3209 5170 3277 5242 de
3304 5167 3377 5224 eo
3400 5184 3464 5235 ge.

1912 5252 2014 5317 {ius
2041 5238 2360 5317 humanum;
2387 5253 2442 5296 et
2459 5238 2741 5317 jam'terra
2767 5238 3054 5317 totasulco
3083 5241 3257 5317 crucis
3284 5248 3485 5297 aratur,

1913 5309 1983 5387 in
2015 5309 2219 5387 semine
2249 5310 2624 5387 lacrymarum,
2671 5315 2723 5387 in
2752 5314 3038 5387 manipulis
3066 5311 3410 5387 gaudiorum,
3437 5317 3484 5363 et

1913 5377 2064 5456 vituli
2096 5377 2410 5456 saginantur
2455 5383 2520 5436 ad
2553 5377 2988 5456 _Christianarum
3017 5377 3318 5456 cunvivium
3351 5396 3483 5446 nup-

1915 5449 2129 5520 tiarum.
2161 5449 2351 5519 Aquila
2380 5467 2506 5507 ecce
2544 5452 2657 5520 jam
2713 5453 2872 5514 volat,
2904 5460 2961 5505 et
3007 5466 3174 5520 usque
3203 5451 3270 5504 ad
3301 5459 3488 5519 pecto!

1915 5515 2246 5588 dominicum
2296 5536 2515 5576 suarum
2545 5515 2785 5577 doannes
2821 5523 3057 5577 declinat
3090 5515 3330 5588 "remigia
3358 5534 3475 5587 pen-

1914 5587 2157 5662 nularum
2179 5632 2192 5650 ,
2223 5597 2285 5646 ut
2331 5591 2398 5645 de
2443 5601 2662 5662 pectore
2699 5590 2898 5647 Christi
2929 5587 3485 5662 accipiatgodOratum,

1913 5664 1970 5711 et
1997 5659 2232 5714 volatum
2260 5675 2414 5716 suum
2442 5659 2728 5733 pertendat
2753 5663 2820 5716 ad
2846 5659 3066 5726 omium,
3100 5660 3277 5715 volatu
3296 5667 3466 5714 canto
