4060 6460
515 334 620 392 859

1535 325 1869 383 APPENDIX
1908 326 1998 382 AD
2036 327 2094 382 S.
2134 325 2494 384 FULGENTII
2532 327 2780 384 OPERA.

3660 331 3767 387 860

513 463 620 517 que
647 445 974 518 persulcans,
1000 440 1063 500 ιη
1091 445 1345 518 principio
1367 451 1480 518 erat
1511 440 1755 518 Verbum,
1783 450 1832 494 et
1867 440 2085 518 Verbum
2116 445 2160 504 Α
2189 442 2295 496 illis
2321 441 2416 518 hoc
2462 451 2740 518 peccatum.
2789 441 3066 518 Tanquam
3103 440 3487 518 diceret,_Eg_o
3513 444 3767 518 patierin

513 511 626 571 έναι
650 511 800 587 ἀρηά
828 514 1014 580 Deum,
1045 511 1103 568 et'
1130 511 1270 568 Deus
1288 523 1398 568 erat
1436 513 1656 566 Verbum
1703 511 1879 634 goan.
1921 527 1957 574 ι,
1994 511 2080 581 l).

516 585 754 634 Delectat
777 585 919 634 enim
946 584 1300 634 evanaelistas
1325 599 1445 634 cum
1466 581 1683 634 Christo
1756 581 1937 634 omino
1958 595 2080 633 nas-

515 581 754 642 Delect'at
777 585 919 642 enim
946 584 1300 652 evangelistas
1325 599 1445 637 cum
1466 581 1683 652 Christo
1714 581 1937 652 Domino
1958 595 2086 633 nas-

515 665 672 712 cente
699 656 752 710 in
794 663 938 711 terra
982 650 1275 717 ambulare,
1305 668 1426 707 cum
1456 651 1694 711 patiente
1735 650 1931 718 rugire,
1963 666 2085 704 cum

515 725 778 780 moriente
817 721 1139 787 sacriﬁcare,
1187 737 1306 792 cum
1338 730 1727 792 resurgentect
1768 719 2089 774 ascendente

513 795 722 850 volare.
748 795 828 849 Ab
871 794 1087 848 Oriente
1128 799 1183 845 et
1218 789 1514 846 Occidente
1535 789 1839 860 producunt
1886 804 2090 860 pennas

515 865 725 934 aquiltc,
757 863 1073 934 dimitteudo
1102 869 1324 928 terram,
1368 859 1629 915 tradendo
1658 860 1917 934 membra,
1953 859 2088 913 tole-

514 930 686 988 rando
715 941 1000 988 tormenta.
1037 930 1229 985 Pennzc
1249 939 1542 997 martyrum
1591 944 1762 997 usque
1807 930 1872 982 ad
1903 938 2088 983 nostra

514 1003 698 1058 littora
722 1004 1056 1070 navigarunt,
1081 1009 1135 1070 e_t
1158 1016 1256 1054 nos
1277 1000 1342 1054 ad
1373 999 1654 1054 Dominum
1688 999 1870 1070 volare
1900 999 2090 1068 pennis

515 1072 732 1142 iustitia:
758 1068 1071 1126 doc—uerunt.
1096 1068 1227 1142 Ossa
1259 1079 1574 1140 martyrum,
1607 1068 1845 1142 membra
1867 1077 2090 1142 _saucto-

515 1139 655 1206 rum,
682 1155 871 1211 penna:
895 1149 1021 1211 sunt
1049 1140 1367 1211 aquilarum,
1392 1139 1526 1207 quas
1560 1146 1749 1211 e_antus
1776 1139 1965 1211 invitat
1990 1153 2088 1190 au-

516 1206 779 1281 gelorum,
807 1206 1136 1281 volatusque
1181 1206 1460 1281 canorum,
1481 1215 1548 1281 _ut_
1577 1206 1667 1281 fiat
1689 1207 1870 1261 laatitia
1907 1217 2087 1281 pasto-

517 1277 653 1345 rum,
684 1279 968 1334 ruminatio
991 1277 1192 1343 ovium,
1216 1279 1434 1332 nutritio
1461 1278 1632 1332 dulcis
1659 1292 1939 1345 agnorum,
1965 1277 2090 1346 quia

517 1358 676 1405 natus
704 1358 786 1405 est
807 1350 988 1418 Agnus
1013 1349 1127 1413 Dei,
1151 1349 1241 1418 qui
1273 1348 1424 1403 tollat
1445 1347 1628 1403 mundi
1654 1355 1952 1417 peccatum.

1104 1485 1336 1542 SERMO
1373 1484 1415 1540 ll
1455 1487 1492 1539 '.

965 1575 1024 1634 1η
1057 1575 1241 1630 Natali
1272 1577 1332 1630 S.
1369 1575 1639 1646 Stephani.

589 1692 846 1749 Hesterna
869 1693 955 1748 die
981 1693 1370 1748 celebravimus
1409 1692 1640 1745 natalem
1675 1706 1778 1760 qua
1808 1689 1922 1745 Rex
1953 1707 2096 1745 mar-

519 1773 692 1835 tyrum
721 1773 876 1818 natus
901 1770 1000 1835 est
1028 1763 1246 1826 mundo,
1291 1761 1451 1835 hodie
1491 1761 1842 1835 celebramus
1861 1763 2091 1835 natalem

2188 527 2370 568 carne.
2403 513 2486 566 isti
2521 527 2626 566 non
2657 521 2880 580 pereant
2906 511 2958 566 in
3003 520 3198 566 mente.
3243 511 3319 566 ΙΙΙί
3347 511 3550 580 lapides
3581 515 3739 567 mitte

2187 582 2336 645 bant,
2350 589 2402 636 et
2419 591 2634 636 sanctus
2649 579 2952 650 Stephanus
2973 581 3245 637 orationes
3259 579 3546 651 fundebat.
3576 582 3767 651 Magna

2188 652 2378 720 pietas,
2402 651 2639 722 fratres,
2687 664 2876 722 magna
2905 651 3208 722 cglenientia.
3248 650 3472 707 Prorsus
3498 650 3688 722 qualia
3717 655 3770 706 ir

2188 735 2370 791 mensa
2401 720 2609 775 Domini
2649 721 2730 774 sui
2757 720 3012 791 comedit,
3051 721 3178 774 talia
3209 728 3263 777 et
3291 722 3478 791 ipsein
3506 720 3607 776 suo
3636 737 3747 777 con

2187 790 2328 844 vivio
2372 791 2709 862 prmparavit.
2752 789 3024 862 Scriptum
3053 801 3134 845 est
3161 791 3212 844 in
3243 789 3391 859 lege,
3420 792 3502 844 Ad
3526 809 3766 862 magnmr

2187 877 2416 932 mensam
2440 861 2616 932 sedisti
2647 861 2815 932 :scito
2841 862 3085 932 quoniam
3111 862 3240 915 talia
3272 871 3318 915 te
3338 872 3538 932 Oportet
3565 861 3749 932 priapo

2187 946 2306 982 rare
2337 929 2525 996 (Eccli.
2570 945 2717 993 xxxi,
2750 929 2862 997 12);
2909 930 3057 984 Talia
3083 944 3213 998 ergo
3255 932 3305 984 in
3330 929 3580 986 oratione
3610 929 3772 986 exhi-

2189 999 2323 1064 buit,
2351 1000 2528 1065 qualia
2559 999 2611 1054 in
2641 1000 2722 1053 sui
2771 1000 2978 1054 Domini
3007 1015 3191 1056 mensa
3221 1000 3472 1056 comedit.
3507 1001 3774 1056 Dominus

2188 1068 2435 1142 Christus
2461 1070 2594 1122 dixit
2619 1088 2630 1121 :
2665 1069 2842 1142 P_ater,
2868 1072 3075 1142 ignosce
3100 1070 3377 1142 illis,_guia
3397 1073 3633 1142 nesciunt
3651 1073 3778 1142 quid

2190 1139 2420 1208 faciunt;
2443 1147 2661 1194 sanctus
2688 1137 2994 1207 Stephanus
3012 1140 3148 1194 dixit
3181 1157 3192 1192 :
3220 1137 3305 1194 Ne
3330 1149 3532 1193 statuas
3561 1137 3779 1208 illis'lioc

2191 1207 2482 1276 peccatum;
2507 1219 2556 1262 et
2582 1209 2676 1263 hoc
2703 1209 2840 1261 dicto
2869 1209 3171 1263 obdormivit
3200 1211 3254 1264 in
3280 1209 3525 1264 Domino.
3556 1207 3602 1262 0
3625 1226 3780 1264 som-

2194 1292 2318 1332 num
2361 1279 2538 1350 pacis!
2566 1279 2712 1350 _quid
2760 1279 2852 1350 illo
2899 1295 3092 1334 somno
3115 1280 3494 1350 tranquillius?
3518 1279 3784 1350 quidilIO

2192 1362 2382 1403 somno
2411 1348 2682 1416 quietius?
2713 1347 2886 1417 qualis
2927 1350 3037 1403 ibat
3063 1349 3130 1402 ad
3161 1350 3385 1416 amicos,
3425 1347 3622 1417 quisic
3650 1348 3780 1402 dili-

2192 1417 2350 1485 gebat
2398 1417 2843 1473 iuimicos‘iNatn
2889 1425 2948 1474 ut
3009 1418 3220 1473 noverit
3263 1420 3516 1475 sanctitas
3571 1425 3782 1484 vestra,

2193 1495 2451 1559 quantum
2481 1487 2713 1542 valuerit
2757 1488 2949 1559 oratio,
2983 1489 3155 1543 sancti
3183 1487 3458 1559 Stephani
3504 1489 3786 1558 martyris,

2194 1557 2454 1612 recurrite
2485 1559 2761 1628 nobiscum
2791 1558 2858 1612 ad
2897 1557 3044 1612 illum
3078 1557 3477 1612 adolescentem
3509 1557 3788 1628 persecu-

2195 1635 2368 1696 torem
2393 1627 2611 1682 nomine
2641 1625 2886 1696 Saulum,
2915 1628 3051 1682 sicut
3078 1643 3146 1681 ex
3175 1629 3311 1682 libro
3338 1628 3464 1682 dum
3504 1625 3791 1696 legeretur

2195 1695 2524 1768 audivimus,
2545 1698 2636 1768 qui
2661 1713 2782 1752 cum
2811 1695 3114 1766 Stephanus
3135 1696 3478 1768 lapidaretur,
3499 1695 3644 1751 etab
3667 1697 3792 1766 ipso

2197 1766 2432 1820 omnium
2455 1766 2806 1835 lapidantium
2840 1769 3156 1821 vestimenta
3179 1766 3542 1830 servarentur,
3576 1777 3633 1819 ut
3663 1775 3794 1835 tan-

518 1829 624 1912 quo
647 1833 980 1912 primicerius
1007 1841 1298 1912 martyrum
1329 1832 1576 1912 migravit
1596 1848 1660 1887 ex
1680 1829 1904 1912 mundo.
1929 1831 2095 1900 Opor-
2127 1843 2168 1904 Β
2195 1850 2358 1912 quani
2386 1836 2439 1890 in
2459 1829 2701 1912 manibus
2725 1837 2959 1912 omnium
2983 1837 3095 1912 ipse
3118 1829 3670 1912 lapidarevideretur.
3690 1834 3796 1912 H_ic

519 1901 662 1957 tebat
690 1904 832 1958 enim
867 1911 925 1958 ut
947 1903 1116 1972 primo
1147 1901 1464 1972 immortalis
1494 1917 1590 1972 pro
1614 1901 1929 1972 mortalibus
1975 1917 2090 1956 sus-

518 1974 719 2044 ciperet
738 1969 976 2039 carnem,
999 1971 1160 2044 etsic
1181 1971 1418 2044 mortalis
1436 1987 1531 2040 pro
1550 1969 1944 2044 immortalibus
1966 1985 2094 2044 con-

519 2040 783 2098 teinneret
813 2044 831 2110 (
845 2044 916 2097 at.
935 2041 1252 2110 susciperet)
1278 2050 1526 2096 mortem.
1550 2040 1715 2094 Natus
1735 2049 1817 2095 est
1842 2040 2096 2095 Dominus

520 2121 577 2166 ut
607 2122 904 2167 moreretur
935 2128 1030 2181 pro
1049 2127 1232 2181 servo,
1262 2127 1329 2164 ne
1359 2125 1548 2181 servus
1573 2112 1798 2181 timeret
1823 2110 1961 2164 mori
1998 2125 2096 2178 pro

522 2182 764 2237 Domino.
780 2180 942 2236 Natus
958 2189 1039 2235 est
1055 2180 1297 2234 Christus
1315 2181 1365 2234 in
1380 2180 1556 2245 terris,
1583 2190 1640 2234 ut
1656 2180 1959 2249 Stephanus
1974 2195 2097 2234 nas-

521 2260 739 2307 ceretur
769 2252 819 2304 iu
849 2252 1018 2307 cmlis.
1049 2249 1318 2315 Ingressus
1345 2258 1425 2303 est
1450 2249 1704 2303 Dominus
1733 2250 2007 2312 mundum,
2043 2257 2099 2302 ut

521 2321 827 2390 Stephanus
856 2321 1221 2391 ingrederetur
1241 2320 1293 2391 iu
1333 2319 1546 2375 cmlum.
1586 2319 1738 2391 Attus
1767 2319 1835 2391 ad
1878 2319 2096 2391 humilia

525 2388 819 2453 descendit,
838 2403 889 2445 et
909 2388 1122 2445 huu'iilis
1143 2390 1207 2443 ad
1224 2388 1330 2442 alta
1347 2390 1602 2443 ascendit.
1621 2389 1784 2442 Filius
1804 2389 1896 2443 Dei
1929 2391 2099 2442 lactus

521 2469 604 2516 est
642 2461 778 2514 lilius
823 2461 1084 2524 hominis,
1119 2469 1173 2512 ul
1228 2458 1364 2511 filios
1404 2458 1676 2512 hominum
1723 2455 1920 2512 laceret
1962 2459 2099 2514 lilios

524 2530 634 2583 Dt-i.
671 2529 817 2585 Fecit
869 2529 1114 2583 Christus
1161 2528 1445 2591 miracula,
1497 2528 1625 2582 iecit
1675 2535 1731 2597 et
1770 2527 2096 2597 Stephanus.

523 2599 768 2669 Nunquid
795 2599 1096 2668 Stephanus
1127 2599 1300 2669 potuit
1324 2603 1498 2669 Iacere
1521 2598 1639 2669 sine
1659 2595 1917 2651 Christo?
1944 2597 2100 2669 Vive-

524 2672 612 2721 hat
635 2667 774 2724 enim
804 2667 914 2723 Ste'
937 2672 1104 2722 ’vauus
1141 2667 1207 2722 de
1234 2667 1470 2729 Christo,
1507 2668 1649 2721 sicut
1672 2676 2002 2720 sarmentum
2035 2668 2102 2722 tle

524 2739 651 2793 vite.
681 2739 884 2793 Miraris
907 2747 1134 2792 tructum
1153 2737 1221 2791 de
1245 2745 1516 2791 sarmento
1540 2735 1880 2805 pendentem,
1899 2745 1954 2790 et
1983 2737 2103 2793 vide

523 2819 850 2862 sarmentum
881 2809 935 2864 in
963 2809 1074 2861 vite
1097 2817 1421 2861 manentem.
1454 2806 1566 2871 Eia,
1591 2815 1776 2860 sancte
1804 2805 2130 2876 Stcphane,-

523 2877 608 2932 dic
638 2879 930 2948 aliquidde
959 2876 1172 2936 iudicis,
1191 2885 1250 2948 ut
1279 2876 1500 2948 incipias
1525 2876 1904 2948 lapidariuquo
1928 2878 2103 2948 possis

524 2943 793 3002 coronari.
825 2947 1072 3003 iaculare
1094 2946 1278 3016 verba,
1304 2954 1361 3001 et
1386 2943 1747 3016 excipesaxa.
1782 2943 1875 3016 Die
1899 2943 2105 3016 aliquid

528 3016 597 3070 de
621 3018 1007 3073 iucircumcisis
1031 3015 1304 3080 cordibus,
1334 3023 1390 3070 et
1418 3016 1664 3070 morieris
1694 3015 2108 3084 lapidibus.’Dic

529 3087 728 3155 aliquid
759 3088 826 3143 de
848 3103 916 3142 eo
944 3087 1097 3156 cujus
1125 3100 1318 3141 nomen
1349 3085 1539 3156 nolunt
1568 3084 1771 3156 audire,
1797 3093 1856 3156 et
1884 3085 2106 3156 erubes-

526 3154 654 3210 cant
693 3166 748 3211 et
783 3154 1034 3222 satviant,
1074 3163 1131 3211 et
1167 3165 1310 3209 muta
1341 3155 1473 3226 ﬁant
1524 3154 1663 3208 labia
1719 3155 1911 3226 dolosa
1933 3155 2102 3225 (Psat.

2201 1922 2322 1960 cum
2347 1906 2448 1960 iret
2464 1907 2514 1961 in
2539 1907 2642 1971 via,
2669 1907 2835 1961 subito
2863 1905 3327 1976 cireumfulsi'teum
3353 1906 3522 1976 lumen
3543 1905 3608 1958 de
3633 1906 3795 1976 αξιοι

2198 1983 2246 2030 et
2268 1976 2460 2029 audivit
2489 1992 2658 2030 vocem
2688 1977 2938 2030 dicentem
2965 1974 3096 2030 sibi:
3131 1975 3308 2039 Saule,
3342 1974 3519 2039 Saule,
3552 1975 3681 2044 quid
3711 1990 3800 2026 me

2198 2047 2551 2115 persequeris?
2582 2045 2777 2099 Durum
2794 2055 2868 2100 est
2893 2045 2983 2098 tibi
3005 2054 3196 2115 contra
3207 2045 3466 2115 stimulum
3486 2046 3794 2115 calcitrare.

2198 2113 2268 2187 Et
2296 2113 2423 2169 ille:
2457 2115 2524 2187 E_t
2551 2124 2603 2168 tu
2629 2118 2742 2187 quis
2768 2132 2840 2176 es,
2872 2115 3130 2170 Domine?
3153 2113 3221 2166 Et
3256 2113 3510 2168 Dominus
3531 2113 3741 2187 adeum
3775 2131 3795 2163 :

2199 2184 2323 2256 Ego
2343 2183 2984 2256 sumAJesus'Nazarenus,
3013 2201 3162 2256 quem
3201 2193 3252 2236 tu
3279 2185 3595 2256 persequeris
3647 2183 3799 2251 (Act.

2201 2253 2273 2318 ix,
2299 2255 2348 2319 5,
2369 2253 2421 2321 4,
2447 2254 2548 2322 5);
2574 2255 2700 2325 quid
2721 2256 2849 2309 mihi
2877 2263 2938 2310 et
2952 2253 3082 2310 tibi?
3111 2254 3374 2325 Quarete
3406 2253 3566 2325 erigis
3592 2261 3800 2325 contra

2202 2342 2286 2378 me
2317 2327 2458 2380 malo
2490 2323 2606 2390 tuo,
2630 2333 2685 2380 et
2714 2333 2769 2379 le
2799 2340 2906 2380 non
2949 2325 3126 2392 potius
3171 2323 3422 2378 humilias
3464 2323 3608 2377 bono
3655 2329 3757 2392 tuo
3777 2323 3804 2374 τ

2206 2394 2279 2448 Ad
2313 2403 2458 2449 tanta
2501 2396 2642 2449 mala
2673 2409 2793 2464 quze
2816 2391 3129 2464 commisisti
3157 2394 3209 2446 in
3249 2408 3354 2456 me,
3400 2393 3530 2464 olim
3565 2391 3805 2460 quidem

2201 2463 2360 2536 debui
2395 2465 2618 2536 perdere
2633 2462 2715 2528 te;
2740 2465 2841 2536 sed
2863 2463 3168 2536 Stephanus
3191 2477 3343 2536 meus
3363 2462 3543 2536 oravit
3569 2476 3673 2536 pro
3716 2469 3802 2536 te.

2202 2531 2596 2600 SaulefSaule,
2624 2535 2747 2606 quid
2776 2550 2856 2588 me
2881 2531 3234 2606 persequeris?
3281 2531 3387 2586 Sed
3413 2532 3540 2598 quia
3573 2531 3809 2586 insanis

2203 2614 2386 2659 contra
2410 2620 2606 2659 nomen
2633 2603 2834 2670 nicum,
2863 2603 2964 2671 ego
2995 2603 3050 2657 te
3099 2603 3287 2656 iaciam
3337 2615 3550 2655 servum
3582 2616 3803 2654 meum.

2201 2674 2246 2726 0
2274 2674 2436 2729 Saule
2473 2674 2596 2745 lupe
2643 2689 2828 2745 rapax,
2863 2672 3142 2745 comedisti
3162 2712 3178 2737 ,
3206 2678 3457 2745 exspecta
3486 2671 3806 2745 paululum.

2202 2751 2260 2798 et
2285 2739 2724 2813 digeresticani
2747 2744 2928 2813 plane,
2953 2743 3127 2813 elisus
3161 2748 3241 2797 est
3272 2739 3410 2813 illius
3440 2739 3806 2813 perditionis,

2203 2822 2259 2868 et
2286 2809 2499 2868 erectus
2520 2820 2607 2869 est
2623 2811 2732 2867 Vas
2750 2809 3050 2868 electionis.
3083 2811 3215 2866 Nam
3245 2810 3290 2864 si
3320 2809 3540 2866 sanctus
3568 2809 3812 2877 Stepha-

2205 2899 2304 2938 nus
2324 2898 2430 2937 non
2449 2890 2677 2948 orasset,
2708 2881 2944 2938 Ecclesia
2983 2880 3206 2936 Paulum
3253 2895 3361 2939 non
3404 2876 3811 2948 habere-IISed

2205 2952 2326 3008 ideo
2360 2960 2608 3033 _erectus
2638 2947 2722 3033 est
2769 2951 2986 3033 Paulus,
3023 2951 3166 3033 _guia
3215 2950 3269 3004 in
3320 2947 3814 3033 terrarinc‘linatus

2205 3022 2488 3092 exauditus
2531 3030 2618 3076 est
2667 3016 2993 3092 Stephanus.
3023 3016 3166 3088 Ergo
3213 3020 3360 3088 quod
3405 3017 3534 3092 fecit
3572 3016 3808 3092 Saulus,

2207 3092 2405 3163 patitur
2433 3090 2656 3163 Paulus;
2683 3085 2832 3163 quod
2864 3090 2987 3148 fecit
3010 3085 3345 3163 perSecu'tor,
3372 3088 3573 3163 patitur
3592 3085 3811 3163 ιιι-εὐί-

2205 3156 2386 3227 cator;
2417 3161 2561 3230 quod
2591 3156 2722 3218 feeit
2747 3161 2922 3230 lupus,
2953 3156 3156 3230 patitur
3183 3156 3389 3230 agnusi
3420 3156 3551 3230 quia
3593 3157 3685 3230 sic
3713 3165 3816 3230 est

528 3241 656 3288 xxx,
685 3226 804 3297 i9).
838 3227 931 3283 Dic
960 3228 1040 3281 eis
1073 3226 1164 3281 ubi
1195 3223 1359 3297 vides
1382 3225 1590 3297 vivum,
1621 3239 1780 3297 quem
1823 3223 2106 3297 irrise‘ruut
2131 3223 2178 3287 C
2209 3229 2264 3284 in
2310 3223 2404 3284 tali
2436 3223 2654 3287 homine
2683 3223 3083 3290 vindicandum.
3113 3235 3173 3284 ut
3199 3223 3371 3297 discat
3409 3223 3519 3296 pati
3543 3224 3813 3297 quadra-

531 3293 868 3352 crucilixum.
895 3297 990 3351 Dic
1019 3298 1096 3350 eis
1117 3295 1207 3349 ubi
1237 3309 1361 3350 eum
1387 3294 1556 3358 vides,
1589 3293 1647 3347 et
1671 3293 1758 3349 hic
1797 3310 1903 3349 non
1934 3294 2100 3359 vives,

527 3365 620 3418 sed
649 3381 770 3420 cum
798 3381 864 3420 eo
892 3365 1083 3422 melius
1111 3366 1278 3419 vives.
1308 3363 1402 3419 Dic
1430 3365 1508 3418 eis
1535 3365 1657 3433 quia
1689 3363 1820 3433 nihil
1852 3371 1936 3417 est
1962 3364 2105 3433 quod

528 3435 793 3502 fecerunt,
839 3435 972 3490 vivit
1008 3436 1153 3490 enim
1196 3447 1358 3502 quem
1396 3431 1724 3502 occiderunt.
1756 3431 1851 3488 Dic
1873 3433 1952 3488 eis
1980 3431 2105 3502 quia

529 3519 650 3558 eum
688 3500 837 3560 vides
867 3505 916 3546 ειν
973 3505 1112 3561 ςωιο
1149 3500 1230 3558 δᾶ
1265 3503 1544 3557 dexteram
1590 3500 1766 3556 Patris
1813 3500 2100 3568 astantem,

530 3588 687 3642 quem
718 3575 1002 3642 irriserttnt
1029 3574 1080 3627 in
1110 3587 1270 3629 cruce
1298 3572 1638 3640 pendentem.
1672 3571 1738 3626 Et
1763 3573 1850 3627 ille
1887 3581 2106 3642 sanctus

530 3642 851 3727 Stephanus,
868 3641 1005 3727 Ecce
1026 3644 1215 3727 inquit.
1246 3643 1388 3727 uideo
1409 3643 1563 3727 cte'los
1591 3651 1887 3727 apertastet
1909 3641 2107 3727 Filium

531 3711 749 3768 hominis
784 3723 1004 3768 stantem
1033 3711 1115 3767 ad'
1147 3713 1414 3766 dexteram
1456 3711 1571 3766 Dei.
1599 3711 1894 3766 Clamantes
1935 3722 2107 3764 autem

531 3783 886 3838 continuerunt
915 3800 1064 3838 aures
1092 3799 1215 3838 suas
1247 3780 1386 3850 (Act.
1417 3797 1510 3848 vn,
1543 3781 1666 3851 56).
1698 3784 1869 3835 Aures
1901 3780 2109 3836 clause-

531 3863 683 3916 runt,
709 3862 764 3908 et
803 3855 868 3908 ad
900 3853 1104 3923 lapides
1140 3860 1522 3923 cucurrerunt,
1566 3854 1931 3923 impetumque
1959 3852 2108 3923 tece-

532 3932 656 3977 ruut
684 3940 871 3979 omnes
901 3920 1120 3977 in'eum.
1155 3921 1223 3990 Et
1263 3920 1566 3990 lapidabant
1610 3921 1930 3990 Stephanum
1959 3920 2108 3973 invo-

531 4004 733 4048 cantem
774 4006 822 4047 et
859 3995 1108 4047 dicentem
1141 3989 1327 4062 (lbid.,
1360 3989 1459 4057 57)
1488 4011 1498 4043 :
1525 3991 2108 4062 Adluesit_anima_r_nea

532 4071 654 4131 post
684 4073 753 4129 te,
787 4064 908 4132 quia
938 4057 1204 4133 lapidatur
1223 4075 1350 4116 caro
1376 4075 1492 4114 mea
1523 4076 1621 4133 pro
1647 4069 1721 4133 te,
1749 4057 1935 4133 Oravit
1953 4057 2111 4112 Chri-

531 4129 642 4188 Slus
665 4149 761 4204 pro
787 4129 1188 4204 crucilixoribuc
1239 4134 1370 4195 suis,
1399 4132 1574 4204 oravit
1605 4138 1661 4185 et
1689 4129 2000 4204 Stephanus
2011 4144 2108 4198 pro

532 4197 922 4272 lapiil'atorihus
963 4204 1095 4257 suis.
1138 4203 1394 4259 Dominus
1419 4201 1663 4272 Christus
1713 4197 1887 4272 oravit
1915 4197 2107 4272 afﬁxus

533 4269 775 4340 in'ligno,
791 4281 845 4326 et
867 4281 1082 4328 sanctus
1095 4273 1419 4341 Stephanus,
1435 4286 1575 4339 genu
1597 4269 1755 4324 ﬂexo.
1786 4269 2108 4341 Quigstando

532 4339 688 4396 suum
717 4344 961 4410 spiritum
992 4339 1387 4398 commendavit
1432 4341 1690 4406 Domino,
1741 4355 1841 4408 pro
1893 4339 2106 4410 illorum

533 4412 728 4466 delicto
749 4408 851 4466 Ιίχο
880 4426 1018 4480 genu
1049 4414 1238 4467 oravit.
1265 4411 1465 4466 Orabat
1486 4410 1768 4463 Dominum
1793 4423 1892 4480 pro
1923 4408 2107 4480 inimi-

533 4482 630 4543 cis,
658 4492 708 4535 ut
733 4477 934 4536 amicus
963 4483 1174 4537 dicens:
1199 4481 1359 4536 Certe
1397 4495 1495 4548 ego
1520 4480 1716 4549 patior,
1745 4477 1846 4546 ego
1877 4477 2106 4549 lapidor,

535 4553 587 4605 in
620 4568 704 4606 me
732 4554 975 4617 saeviunt,
1007 4553 1133 4606 etin
1159 4567 1245 4606 me
1269 4547 1537 4615 lretnu’nt,‘
1553 4549 1646 4604 sed
1677 4565 1740 4602 ne
1777 4556 1975 4602 statuas
2002 4547 2108 4600 illis

536 4623 629 4676 hoc
657 4631 923 4692 peccatum
954 4621 1142 4690 (lbid.,
1163 4620 1232 4674 60
1260 4627 1274 4686 )
1309 4640 1321 4674 :
1353 4623 1475 4689 quia
1505 4628 1563 4674 ut
1603 4620 1705 4692 hoc
1731 4617 1903 4692 dica_m
1932 4617 2048 4692 tibi,
2079 4632 2109 4670 a

535 4701 588 4746 te
611 4686 782 4762 primo
812 4686 1007 4747 audivi.
1043 4686 1155 4759 Ego
1175 4686 1510 4762 servus—tuus
1538 4689 1734 4759 patior,
1767 4686 1859 4742 sed
1883 4687 2109 4762 multu_m

537 4755 761 4819 interest
788 4763 930 4818 inter
966 4777 1051 4816 me
1081 4755 1135 4815 et
1155 4769 1229 4814 te.
1254 4761 1331 4813 'l‘u
1365 4755 1639 4820 Domitius,
1675 4773 1775 4824 ego
1803 4773 2011 4814 servus.
2031 4755 2109 4810 Tu

536 4832 791 4917 Verbum,
823 4848 923 4917 ego
952 4831 1165 4917 auditor
1191 4831 1378 4917 Verbi,
1403 4831 1482 4886 Tu
1501 4831 1799 4917 "magister,
1824 4827 2112 4917 ego'disci-

575 4903 712 4956 ulus.
738 4902 816 4956 Tu
838 4897 1082 4964 Creator,
1108 4915 1208 4969 ego
1236 4909 1467 4956 creatus.
1501 4899 1582 4954 Tu
1605 4899 1764 4962 Deus,
1795 4911 1896 4969 ego
1927 4897 2108 4969 homo.

565 4973 758 5026 Iultum
787 4973 1010 5026 interest
1036 4965 1175 5026 inter
1201 4981 1478 5040 pcccatum
1510 4969 1737 5040 istorum
1757 4969 1847 5035 qui
1872 4965 2109 5040 lapidant

538 5058 644 5104 me,
676 5051 732 5096 et
781 5043 993 5097 illorum
1021 5042 1111 5108 qui
1143 5036 1525 5095 cruciﬁxerunt
1580 5047 1650 5094 te.
1703 5036 1932 5108 Quando
1962 5049 2110 5108 ergo

537 5114 738 5175 dixisti,
766 5112 945 5172 Pater,
971 5107 1176 5180 ignosce
1197 5110 1322 5178 illis,
1350 5112 1470 5182 quia
1507 5110 1737 5164 nesciunt
1762 5107 1887 5182 quiti
1917 5107 2114 5177 faciunt

539 5182 688 5244 (Luc.
724 5199 867 5245 χχιιι,
894 5182 958 5235 3t
981 5177 1039 5250 )’,
1071 5198 1168 5252 pro
1197 5177 1394 5252 magno
1421 5187 1645 5252 peccato
1693 5177 1909 5252 petiisti,
1944 5183 2000 5229 et
2029 5190 2115 5230 me

538 5269 636 5322 pro
658 5253 880 5308 minimo
902 5248 1088 5323 petere
1096 5251 1344 5308 docuisti.
1363 5248 1598 5314 Domine,
1620 5248 1809 5321 inquit,
1829 5263 1893 5300 ne
1913 5252 2114 5300 statuas

615 5437 630 5454 '
671 5433 888 5503 Legitur
927 5433 1076 5505 apud
1112 5433 1476 5505 _Augustinum
1524 5445 1685 5485 serm.
1781 5427 1848 5482 de
1873 5426 2116 5505 Sanctis;

541 5513 723 5560 exstat
748 5494 1248 5558 vautcm'editioui's
1289 5511 1485 5557 ucstrtn
1525 5510 1673 5554 tonio
1708 5496 1776 5564 V,
1805 5497 1910 5551 θυι.
1952 5494 2114 5550 2145.

543 5575 694 5629 llunc
724 5573 1115 5640 nonnullosque
1149 5572 1284 5627 alios
1331 5573 1421 5641 qui
1451 5572 1502 5625 in
1540 5569 1643 5641 hac
1698 5566 2117 5641 appendice_oc_-

541 5652 777 5707 current,
803 5642 914 5712 jam
958 5634 1111 5696 antea
1142 5634 1496 5712 interropera
1547 5634 2113 5712 Augusiinianaediti,

545 5728 728 5768 rursus
765 5705 852 5767 hic
873 5712 1035 5765 edere
1057 5727 1161 5765 non
1190 5705 1575 5778 dubitavimus,
1598 5705 1822 5778 propter
1847 5705 2114 5778 variantes

546 5797 695 5853 quas,
730 5791 1012 5849 utrumque
1041 5779 1330 5835 editionem
1379 5775 1733 5841 conferentes,
1759 5775 2113 5844 deprehendi-

2208 3301 2407 3364 ciebat,
2437 3302 2636 3356 sentiat.
2683 3309 2740 3355 et
2784 3301 2899 3369 ipse
2937 3300 3082 3369 quod
3127 3299 3247 3354 aliis
3266 3295 3568 3369 jnferebat.’
3589 3295 3816 3350 Dicitur

2207 3369 2430 3424 Ananiae
2476 3386 2507 3424 a
2564 3370 2792 3425 Domino
2810 3366 2972 3425 ‘Jesu'
2995 3368 3236 3435 Christo,
3265 3366 3416 3422 Vade
3458 3366 3529 3420 ad
3564 3380 3714 3429 eum,
3746 3373 3815 3419 et

2207 3440 2358 3508 signa
2403 3455 2524 3494 eum
2573 3441 2728 3508 signo
2755 3455 2898 3495 -meo
2947 3436 3134 3504 (lbid.,
3176 3437 3300 3507 ll).
3333 3436 3480 3491 Abiit
3528 3435 3811 3508 gnanias,

2208 3504 2500 3576 baptizavit
2526 3504 2768 3575 Saulum,
2792 3517 2846 3563 et
2872 3509 2999 3564 l’ccit
3023 3523 3090 3562 ex
3118 3508 3245 3576 lupo
3262 3504 3816 3576 agnum._C<npimus

2209 3525 2272 3562 na
2319 3525 2500 3564 uzavu.
2526 3525 2768 3575 Samum,
2792 3525 2846 3563 et
2872 3525 2999 3564 tecn
3023 3525 3090 3562 ex
3119 3525 3245 3576 tupo
3268 3525 3484 3572 agnum.
3517 3525 3816 3573 hwpﬂnus

2209 3525 2411 3633 habere
2440 3594 2540 3634 nos
2590 3579 2997 3646 praedicatorem
3026 3592 3186 3647 quem
3216 3586 3432 3647 sanctus
3481 3574 3818 3644 Stephanus

2207 3649 2393 3720 habuit
2420 3649 2794 3720 lapidatorem.
2826 3646 3092 3720 Sic‘erg’o
3121 3646 3406 3720 exauditus
3452 3652 3538 3700 est
3577 3654 3820 3698 sanctus

2206 3715 2528 3786 Stephanus,
2561 3727 2620 3773 ut
2649 3719 2766 3784 ejus
2806 3717 3142 3786 orationibus
3197 3715 3468 3786 deleretur
3509 3721 3818 3782 peccatum

2207 3783 2353 3856 quod
2383 3783 2732 3843 commiserat
2774 3786 2988 3856 Saulus.
3032 3783 3484 3856 Commendemus
3536 3796 3819 3856 ergo__nos

2208 3852 2546 3912 orationibus
2571 3860 2688 3923 ejus
2719 3875 2732 3910 :
2765 3855 2936 3910 multo
2964 3856 3132 3926 magis
3161 3855 3466 3926 enimnunc
3507 3852 3821 3906 exauditur

2209 3942 2307 3996 pro
2337 3922 2740 3982 veneratoribus
2759 3927 2893 3993 suis,
2915 3922 3106 3986 quisic
3132 3922 3416 3980 exauditus
3441 3929 3530 3979 est
3547 3929 3681 3977 tunc
3699 3937 3822 3991 pro

2210 3996 2599 4068 lapidatoribus
2625 3997 2760 4053 suis.

2801 4126 3032 4184 SERMO
3064 4127 3134 4182 lll
3156 4129 3218 4178 “.

2666 4220 2732 4277 In
2764 4219 2950 4274 Natali
2982 4220 3043 4276 S.
3079 4220 3343 4290 Stephani.

2280 4336 2538 4392 Dominus
2559 4342 2744 4391 noster
2762 4333 2917 4388 Jesus
2937 4331 3202 4397 Christus,
3225 4339 3411 4400 pastor
3429 4329 3626 4392 bonus,
3653 4329 3820 4400 mitis

2211 4413 2267 4463 et
2292 4408 2427 4476 pius,
2463 4420 2592 4476 oves
2623 4419 2748 4476 suas
2777 4405 2964 4476 miscet
2992 4404 3129 4456 inter
3159 4399 3394 4476 inpositi
3442 4399 3547 4453 hoc
3574 4399 3812 4476 _s:cculo.

2213 4486 2272 4533 ut
2293 4467 2393 4531 eas
2416 4467 2658 4543 'adiuvet
2687 4474 2753 4528 de
2784 4474 3122 4543 thronosuo.
3166 4467 3260 4543 llis
3289 4469 3473 4543 videre
3497 4467 3820 4543 quicunque

2213 4564 2290 4612 es,
2319 4539 2643 4606 Christiane,
2674 4543 2955 4598 Dominum
2981 4539 3163 4596 Jesum
3184 4539 3456 4612 Christum
3492 4539 3819 4612 ovesninter

2215 4605 2372 4686 lupos
2421 4605 2778 4686 miscentem}
2826 4612 3038 4686 lpse__iu
3086 4609 3364 4686 praesentis
3406 4605 3682 4686 Evangelii
3732 4609 3816 4660 lc-

2219 4679 2398 4741 ctione
2431 4685 2698 4740 clamahat
2726 4679 2923 4743 dicens,
2948 4679 3082 4734 Ecce
3107 4696 3200 4748 ego
3221 4679 3369 4732 mitto
3398 4694 3503 4739 ros,
3535 4679 3673 4748 sicut
3691 4694 3817 4748 ores

2219 4759 2270 4810 in
2294 4755 2460 4810 medio
2489 4755 2726 4818 luporum
2756 4751 2969 4814 (Matth.
3012 4765 3064 4815 x,
3110 4747 3219 4818 l6).
3270 4748 3364 4818 Vis
3401 4748 3595 4818 iterum
3626 4747 3817 4800 videre.

2220 4774 2270 4810 ιιι
2294 4773 2460 4810 meato
2489 4773 2540 4808 tu
2581 4773 2726 4808 orum
2756 4773 2969 4814 (malm.
3013 4773 3064 4815 ι,
3110 4773 3219 4818 τυ).
3282 4773 3364 4802 Ha
3401 4773 3595 4801 ILCI'UIII
3631 4773 3817 4800 "uerr-

2220 4827 2501 4882 Dominum
2528 4773 2705 4877 fessum
2737 4822 3007 4876 Christum
3035 4833 3164 4872 oves
3188 4833 3312 4872 suas
3335 4816 3405 4872 de
3430 4817 3682 4884 luporum
3706 4831 3820 4869 ma-

2220 4897 2377 4950 nibus
2406 4893 2763 4949 educentem‘?
2793 4890 2910 4960 Ipse
2939 4890 3134 4944 clamat
3164 4899 3219 4941 et
3247 4885 3396 4950 dicit,
3428 4884 3544 4960 Ego
3574 4901 3693 4938 sum
3720 4903 3816 4960 pq-

2219 4976 2326 5020 stor
2355 4965 2534 5026 bonus,
2569 4962 2743 5016 Bonus
2771 4956 2948 5030 pastor
2976 4960 3206 5030 animum
3224 4973 3378 5030 suam
3397 4957 3551 5030 ponit
3580 4972 3678 5024 pro
3709 4956 3817 5030 σείς

2219 5037 2309 5088 bus
2350 5036 2458 5087 suis
2498 5024 2677 5108 (latin.
2725 5024 2930 5108 και).
2984 5027 3176 5108 Lupus
3207 5025 3540 5108 destruitur,
3591 5024 3816 5108 quand-1

2223 5111 2409 5175 pastor
2447 5093 2740 5175 occidit-ur.
2785 5093 2913 5175 ovis
2969 5093 3248 5175 redimitur
3269 5136 3296 5175 ,_
3335 5093 3550 5175 quando
3617 5093 3816 5175 pastor

2221 5164 2568 5240 cruciﬁgitur.
2615 5171 2731 5226 Non
2779 5171 2929 5240 enim
2978 5168 3168 5240 timere
3197 5164 3426 5240 _deb_ent_
3455 5178 3589 5240 oves
3633 5164 3816 5217 ruisse

2224 5245 2276 5299 in
2317 5233 2496 5299 medio
2545 5242 2810 5312 luporum.
2855 5236 2938 5294 Ad
2981 5237 3086 5292 hoc
3125 5234 3271 5290 enim
3319 5233 3458 5303 lupis
3487 5233 3812 5294 miscentur,

2225 5438 2361 5479 mus.
2396 5421 2548 5479 EDIT.

2299 5494 2340 5515 “
2371 5491 2481 5548 Nec
2533 5489 2814 5560 Augustini
2843 5497 2945 5560 est,
2989 5501 3089 5542 nec
3116 5485 3419 5560 ιῖιιιεεξιιιίἰΞΔ
3442 5484 3814 5560 nec__alterius

2221 5562 2367 5620 docti
2393 5563 2494 5616 viri
2518 5604 2534 5628 ,
2554 5551 2790 5628 ut'patet
2809 5573 2877 5613 ex
2899 5559 3005 5613 hoc
3029 5558 3175 5626 quod
3204 5551 3341 5610 intra
3368 5551 3810 5628 dicit,_Cbrist_um

2221 5635 2274 5688 in
2302 5648 2463 5688 cruce
2489 5623 2807 5698 suspensum
2833 5623 3062 5698 dixisse,
3083 5629 3266 5692 Amen,
3305 5641 3458 5698 amen
3502 5623 3620 5698 dico
3654 5625 3813 5686 vobis,

2219 5703 2402 5757 amodo
2432 5693 2684 5766 videbitis,
2706 5697 3097 5766 etc.—Exstat
3123 5705 3306 5750 tamen
3333 5693 3590 5749 editionis
3620 5702 3812 5748 nostzte

2220 5772 2496 5841 Augustini
2529 5765 2676 5826 tonio
2697 5768 2888 5833 V,col.
2922 5765 3085 5822 2H3.
