4060 6456
200 432 302 495 865

1651 429 1886 487 SERMO
1925 429 2012 484 V11

3331 431 3437 488 803

199 549 336 605 tatis.
363 545 442 600 lbi
470 542 795 608 obedien‘tia,
839 544 926 600 hic
951 541 1340 600 misericordia.
1385 541 1466 598 lbi
1509 543 1762 597 voluntas
1792 545 1838 603 Λ
1862 540 2025 613 iudex
2048 543 2241 613 mens?
2260 540 2400 598 Ecce
2419 551 2475 597 ιιι
2497 542 2612 610 οτῃξ
2642 558 2772 598 suns
2791 557 2872 613 es,
2893 543 2982 598 ubi
3003 551 3085 613 est
3110 553 3263 613 pater
3281 547 3438 600 tuus?

199 618 360 684 dedit,
386 615 472 670 hic
509 615 739 684 gratuita
765 614 956 682 gratia.
989 613 1156 670 Tacet
1180 613 1420 684 angelus,
1458 613 1592 684 quia
1636 613 1761 684 dum

199 679 493 758 pateretur,_
514 679 1102 758 'angelicusgaudebat
1128 679 1414 738 exercitus.
1451 679 1508 758 Si
1546 682 1766 758 angelus

199 751 264 813 de
287 756 423 811 cmlo
448 753 704 809 clamaret
727 771 740 804 :
761 752 1046 816 Abraham,
1079 767 1241 823 parce
1266 767 1424 823 agno,
1447 753 1584 823 sicut
1608 751 1762 816 dixit,

199 840 350 897 parce
379 823 489 897 lilio
517 830 630 887 tuo,
658 823 902 877 ttediatus
929 822 1098 897 agnus
1126 822 1400 892 proximus
1439 822 1764 897 passionem,

201 891 250 949 et
275 909 433 949 nemo
452 893 521 947 de
543 907 636 946 sua
664 901 836 946 morte
863 891 1171 946 scandalum
1201 899 1476 958 pateretur
1501 891 1554 945 in
1583 905 1764 946 cruce.

198 964 473 1033 [Tristitiat
500 963 678 1033 animo
714 978 829 1033 mea
855 973 1014 1033 usque
1036 961 1105 1014 ad
1139 969 1352 1033 mortem
1380 959 1595 1032 (Matth.
1618 975 1765 1026 xxvi,

200 1032 307 1099 38).
351 1032 465 1086 Non
485 1031 762 1086 clamabat
784 1030 852 1085 de
878 1030 1036 1095 cmlo,
1076 1032 1200 1099 quia
1243 1030 1537 1098 imperator
1557 1045 1624 1085 ex
1667 1044 1767 1083 suo

201 1103 496 1172 patiebatur
545 1100 790 1172 arbitrio.
840 1101 1035 1172 Pater,
1081 1101 1292 1172 inquit,_
1320 1101 1364 1153 si
1412 1100 1526 1172 ﬁeri
1580 1108 1764 1172 potest,

200 1168 422 1226 transeat
443 1187 474 1222 a
500 1186 582 1241 inc
602 1170 742 1241 calix
776 1171 873 1241 iste
893 1170 1078 1241 (lbid.,
1107 1169 1220 1239 59).
1255 1168 1320 1222 Et
1347 1169 1770 1241 millusangelus

198 1241 459 1296 clamabat
481 1239 547 1294 de
575 1240 734 1303 caelo,
772 1239 866 1294 sed
904 1238 1129 1308 angelus
1173 1238 1450 1294 descendit
1491 1238 1770 1306 disputans

199 1327 316 1366 cum
347 1309 574 1364 Domino
601 1323 728 1371 suo;
775 1318 831 1364 et
857 1313 1167 1364 contortans
1209 1324 1330 1360 eum
1359 1324 1465 1362 non
1495 1323 1596 1360 suo
1634 1323 1768 1361 cou-

193 1380 337 1449 silio,
365 1378 462 1432 sed
483 1378 656 1448 ipsius
676 1379 855 1449 potius
872 1389 1228 1449 sacramento.
1251 1377 1397 1432 Isaac
1421 1379 1616 1449 illaesus
1634 1377 1772 1449 redit

197 1448 266 1502 ad
291 1447 530 1512 domum,
575 1457 631 1502 et
655 1447 824 1513 agnus
864 1447 1184 1502 clarilicatus
1208 1449 1430 1501 revertit
1459 1447 1524 1500 ad
1553 1447 1768 1501 ctelum.

194 1518 466 1572 Abraham
492 1517 645 1572 duxit
672 1515 834 1571 tilium
861 1518 926 1570 ad
955 1525 1206 1583 mortem,
1232 1524 1294 1570 ut
1314 1518 1504 1570 melius
1527 1517 1771 1584 suscipe-

199 1595 281 1641 ret
309 1595 694 1653 resurgentem.
720 1587 988 1641 Abraham
1019 1586 1210 1640 obtulit
1238 1585 1450 1644 Filium.
1499 1593 1555 1638 et
1583 1601 1677 1638 vos
1703 1585 1772 1638 de

191 1655 349 1725 iustis
375 1655 634 1724 operibus
674 1671 738 1712 ac
771 1656 1041 1725 laboribus
1087 1655 1275 1709 oilerte
1305 1655 1535 1709 Domino
1563 1653 1772 1708 sacriﬁ-

195 1724 357 1790 cium,
405 1732 471 1780 ut
510 1738 674 1778 unum
711 1740 832 1780 cuin
852 1724 1020 1780 Patre
1046 1725 1317 1778 Abraham
1355 1725 1598 1780 habeatis
1639 1738 1772 1792 gau-

196 1795 414 1852 diumin
450 1806 612 1860 rogito
639 1794 918 1850 calorum.

809 1926 1038 1984 SERMO
1065 1927 1134 1983 Vl
1161 1929 1202 1983 ‘.

474 2016 552 2077 vi);
581 2017 726 2068 unico
756 2015 870 2086 'ﬁlio
896 2027 944 2069 et
971 2035 1131 2088 puero
1151 2018 1485 2070 centurionis.

262 2130 587 2187 Benedictus
628 2123 933 2195 Dominus,
979 2129 1070 2196 qui
1106 2129 1249 2184 facit
1291 2127 1554 2183 mirabilia
1602 2129 1770 2187 soliis.

199 2201 378 2278 {restis
404 2209 500 2278 est
513 2199 757 2278 centurio
787 2210 888 2278 pro
907 2213 1105 2278 puero,
1126 2198 1388 2278 test_i_s.est
1413 2198 1573 2278 vidua
1603 2208 1776 2278 mater

204 2273 255 2326 in
287 2271 419 2326 tilio.
457 2269 539 2324 lbi
577 2276 843 2339 potestas,
874 2266 962 2339 hic
1004 2268 1194 2339 pietas.
1223 2267 1299 2339 lbi
1330 2281 1522 2336 magna
1553 2267 1770 2339 legatio.

197 2340 292 2396 hic
325 2340 460 2396 mira
504 2335 621 2408 (ms.
649 2339 879 2408 misera)
903 2335 1198 2392 destitutio.
1235 2335 1500 2408 (Centurio
1528 2338 1775 2392 mittebat

197 2406 695 2480 iegatosseniores.
722 2406 902 2480 etilla
925 2412 1200 2480 Quaerebat
1225 2406 1335 2480 tilio
1364 2414 1579 2480 mortuo
1605 2408 1777 2476 porti-

203 2475 370 2534 tores.
401 2476 502 2533 Hic
525 2475 739 2532 dicebat
763 2495 780 2532 :
807 2478 954 2547 l'iteij
969 2493 1118 2547 gneus
1137 2477 1277 2546 jacet
1302 2478 1358 2530 in
1383 2478 1534 2530 domo
1555 2475 1774 2547 pttraty-

201 2551 355 2613 tim,
374 2557 431 2618 ει
455 2548 590 2602 male
614 2555 873 2618 torquetur
901 2545 1116 2618 (Matth.
1140 2545 1274 2618 vni,
1299 2547 1389 2618 ti),
1427 2555 1486 2599 et
1513 2546 1602 2618 illa
1629 2545 1776 2618 dicis:

199 2619 296 2674 bat
329 2635 344 2670 :
372 2615 626 2671 Fructum
647 2614 918 2670 viscerum
929 2629 1172 2670 meorum
1194 2625 1218 2650 ⁸·
1245 2615 1404 2668 doleo
1427 2614 1621 2670 acerba
1645 2615 1773 2668 milii

201 2686 572 2755 indignatione
589 2683 882 2740 sublatum.
912 2683 1080 2755 Filius
1099 2683 1313 2755 quidem
1333 2697 1487 2755 meus
1514 2684 1777 2755 requiei’it

203 2757 258 2812 in
287 2751 451 2838 pace,
479 2762 534 2838 et
554 2755 908 2838 viscera'mea
934 2753 1119 2838 relicta
1143 2761 1269 2806 sunt
1299 2753 1350 2834 in
1391 2751 1599 2838 dolor‘e.
1631 2752 1773 2805 Con-

200 2818 349 2879 turio
372 2818 656 2892 mandabat
679 2840 692 2874 :
726 2818 849 2892 Non
876 2839 987 2876 sum
1012 2823 1200 2892 dignus
1221 2831 1277 2874 ut
1292 2823 1454 2875 intres
1477 2824 1775 2892 subiectum

202 2911 373 2950 meum
402 2891 588 2964 (lbid.,
613 2890 786 2964 8),_et
813 2891 902 2944 illa
922 2890 1192 2964 cogitabat
1214 2892 1372 2945 unico
1391 2907 1490 2944 suo
1515 2891 1777 2945 miseran-

204 2964 328 3018 dum
358 2960 549 3032 parare
577 2960 899 3032 sepulcrum.
931 2960 1078 3032 inter
1102 2961 1199 3014 has
1224 2970 1485 3032 utrasque
1499 2974 1773 3032 personas,

201 3029 532 3100 centurionis
553 3039 608 3084 et
629 3029 829 3092 matris,
847 3029 1026 3084 divitis
1047 3038 1103 3084 et
1120 3031 1348 3100 egentis,
1377 3029 1560 3100 militis
1583 3041 1776 3100 poten-

209 3103 274 3157 tis
302 3110 359 3157 et
385 3099 560 3156 viduas
587 3099 927 3155 lamentaiitis
965 3108 1277 3155 consuetam
1301 3099 1558 3154 Dominus
1579 3099 1774 3155 tracta-

206 3171 298 3242 bat
325 3170 744 3242 misericordiam
775 3169 834 3234 δ,
874 3169 973 3238 qui
1001 3169 1200 3242 nullius
1236 3168 1443 3242 accipit
1467 3183 1772 3242 personam.

1879 611 2118 682 Utinam,
2134 611 2376 682 Domine,
2397 614 2734 682 repentinum
2757 612 2969 682 tulisses
2991 612 3058 667 de
3077 611 3198 668 meo
3218 623 3438 682 peccato

1861 681 2140 750 judicium,
2169 689 2225 736 et
2249 681 2405 735 unico
2429 696 2549 736 meo
2576 680 2790 751 faceres
2807 681 2860 735 in
2891 697 3012 735 meo
3037 680 3234 736 ventre
3251 683 3431 751 sepul-

1867 749 2047 812 crum,
2078 758 2135 804 et
2163 757 2344 804 essent
2375 752 2576 804 vise-ira
2599 765 2739 814 mea,
2762 749 3056 805 domestica
3080 751 3243 816 fossa,
3265 749 3325 805 et
3342 767 3430 806 se-

1870 820 2081 888 pultura
2111 819 2348 874 secreta!
2375 819 2431 874 lii
2464 820 2580 874 luce
2608 819 2766 886 liujus
2789 821 2929 874 aeris
2955 829 3011 874 et
3024 819 3146 874 εαξιί
3173 823 3433 888 processit

1867 889 2099 956 elogium
2117 889 2228 942 cari
2254 888 2453 944 funeris
2475 890 2596 944 mei.
2617 888 2926 958 Respiciant
2944 890 3033 958 qui
3057 890 3194 944 tilios
3215 889 3432 954 habent,

1868 967 1925 1028 et
1939 959 2214 1028 multiplici
2238 958 2466 1012 lilioruin
2488 973 2688 1012 corona
2710 957 2974 1027 refulgent
2998 978 3010 1010 :
3039 959 3262 1013 videant
3284 974 3438 1012 unam

1869 1025 2141 1082 ﬂosculain
2164 1029 2354 1094 capitis
2377 1028 2504 1093 mei,
2533 1035 2588 1082 et
2608 1043 2768 1082 unam
2795 1025 3064 1096 geminam
3093 1029 3308 1082 verticis
3337 1030 3440 1082 mei

1869 1097 1945 1166 de
1965 1111 2087 1151 meo
2107 1098 2284 1165 capite
2311 1098 2590 1160 cecidisse,
2613 1105 2774 1152 etme
2804 1113 2902 1166 pro
2927 1111 3127 1152 COI'OIta
3159 1098 3354 1152 laetitia:
3373 1098 3438 1151 ad

1870 1165 2143 1238 calvitium
2174 1167 2524 1238 remansisse.
2559 1166 2726 1222 Nemo
2742 1175 2965 1238 accuset
2989 1167 3251 1238 lacrymas
3272 1182 3439 1238 meas,

1869 1233 2073 1290 Unicus
2114 1237 2212 1289 luit
2239 1251 2399 1306 quem
2430 1236 2618 1306 lugeo,
2665 1236 2945 1306 culpabilis
2987 1233 3284 1299 non'sum,
3315 1237 3440 1303 quia

1871 1305 2099 1359 alterum
2149 1302 2269 1359 non
2301 1302 2506 1359 habeo.
2545 1302 2612 1358 Et
2655 1306 2699 1360 si
2736 1302 2821 1359 est
2860 1304 3051 1374 aliquis
3089 1302 3440 1374 reprehensor

1872 1389 2046 1440 meus,
2079 1383 2304 1444 putasne
2331 1384 2642 1444 occurreret
2671 1375 2798 1428 mihi
2821 1372 3137 1430 consolator
3155 1372 3351 1428 meus?
3379 1372 3440 1425 Et

1866 1443 2130 1498 continuo
2159 1453 2443 1511 antequam
2483 1443 2568 1496 his
2613 1443 3083 1498 lamentationibus
3121 1444 3260 1498 calo
3307 1451 3440 1497 teste

1871 1514 2118 1581 querelas
2140 1514 2374 1576 ﬁnisset,
2397 1527 2524 1567 ecce
2539 1512 2649 1578 jam
2667 1512 2922 1568 Dominus
2950 1513 3181 1567 civitatis
3209 1513 3354 1566 venit
3379 1511 3440 1564 ad

1868 1581 2098 1652 ianuas;
2154 1583 2485 1652 proximavit
2505 1583 2857 1652 adportant,
2901 1582 3110 1650 aperuit
3155 1583 3349 1645 vitam,
3391 1589 3441 1635 el

1866 1651 2066 1706 clausit
2091 1650 2410 1718 gehennam.
2443 1650 2783 1707 Teneb’rosus
2811 1651 2982 1706 luctus
3010 1651 3078 1705 de
3118 1658 3272 1720 porta
3317 1665 3439 1720 pro-

1872 1723 2069 1787 cessit,
2097 1731 2152 1776 et
2194 1721 2282 1774 lux
2323 1720 2573 1775 veniente
2602 1721 2816 1775 Christo
2857 1721 3085 1774 retulsit.
3130 1719 3440 1774 Coruscavit

1875 1792 2296 1852 coruscationes,
2346 1801 2403 1844 et
2431 1791 2708 1855 dissipavit
2733 1791 2918 1843 turbas
2945 1797 3255 1853 sequentes.
3307 1794 3440 1843 Ante

1874 1866 2059 1940 tamen
2088 1859 2382 1940 stetit.(ms.
2404 1859 2678 1940 attendit),
2716 1858 3006 1938 condoluit.
3040 1857 3156 1940 Non
3178 1859 3322 1912 enim
3352 1858 3434 1937 ha:

1803 1905 1853 1966 Β
1877 1905 3440 1999 52.31;;iamsi;gge;;;i;git..::;.'aa§aagitasset

1878 1995 2498 2068 iiilirniitatibus'iiostris
2542 1995 2732 2068 (Hebr.
2757 1995 2836 2068 iv,
2874 1997 2982 2068 i5).
3013 1995 3341 2068 Compassus
3365 2006 3440 2068 est

1872 2082 1972 2191 Bm
1995 2068 2173 2148 unico,
2205 2067 2294 2134 qui
2323 2067 2509 2145 unicus
2529 2065 2781 2146 pependit
2808 2067 2859 2146 in
2887 2065 3049 2146 ligno.
3073 2066 3245 2129 State,
3274 2065 3439 2143 inquit

1919 2153 2151 2191 ominus.
2179 2144 2353 2191 state.
2388 2135 2553 2190 nolite
2591 2150 2702 2191 iam
2753 2135 2911 2191 baiuli
2935 2135 3207 2190 laborare.
3254 2132 3439 2187 Ponite

1919 2132 2353 2198 oniiiius,state.
2388 2132 2553 2190 nolite
2589 2132 2702 2202 jam
2753 2135 2911 2202 bajiili
2935 2135 3207 2190 laborare.
3254 2132 3442 2187 Ponite

1874 2215 2178 2270 mortuum,
2205 2213 2512 2274 exspectate
2549 2205 2884 2260 miraculum.
2918 2203 3140 2273 liepiete
3181 2213 3331 2274 terra
3355 2217 3442 2256 se-

1873 2271 2318 2344 pulcrumtquia'
2339 2275 2657 2328 resusritato
2686 2283 2898 2328 mortuo
2927 2271 3075 2344 terra
3110 2271 3363 2344 gaudebit
3389 2279 3443 2324 et

1872 2341 2088 2400 caelum.
2145 2341 2448 2414 Steterunt,
2479 2351 2774 2414 posuerunt
2807 2353 2864 2414 et
2903 2342 3172 2414 silentium
3195 2341 3298 2414 (at.
3323 2357 3441 2414 spa:

1873 2417 2034 2480 tium)
2059 2413 2446 2483 praebuerunt:
2477 2408 2676 2483 aliquid
2705 2413 2884 2482 operis
2905 2408 3320 2480 exspectabant,
3351 2408 3444 2466 sed

1867 2484 2004 2537 nihil
2034 2481 2344 2548 audierunt,
2377 2481 2476 2536 nisi
2507 2481 2668 2537 unum
2710 2483 2929 2535 verbum
2951 2519 2968 2544 ,
3017 2489 3074 2535 et
3116 2489 3444 2548 expaverunt

1875 2561 2143 2606 montium
2162 2553 2358 2604 vivum.
2375 2550 2476 2618 Qui
2497 2551 2721 2613 dixit,et
2743 2549 2882 2605 facta
2904 2559 3030 2605 sunt
3051 2551 3263 2616 omnia;
3288 2549 3443 2611 dixit.

1874 2630 1930 2676 et
1950 2621 2146 2688 recepit
2167 2619 2380 2688 juvenis
2398 2623 2582 2674 vitam.
2613 2620 2812 2674 Exsuta
2840 2623 2957 2684 (nis.
2983 2620 3233 2689 disrupit)
3255 2619 3442 2689 lintea-

1876 2691 2040 2753 mina,
2071 2687 2271 2756 dirupit
2305 2699 2575 2744 mnestam
2601 2698 2878 2753 catenam,
2931 2687 3156 2755 resedit;
3185 2687 3440 2751 surrexit,

1874 2760 2134 2826 adoravit.
2153 2759 2382 2816 Gratias.
2396 2758 2590 2826 inquit,
2614 2759 2709 2812 tibi
2735 2771 2857 2825 ago,
2880 2757 3102 2811 Domine
3113 2759 3257 2811 Deus
3276 2772 3444 2826 meus.

1866 2821 2046 2896 Quam
2072 2830 2340 2896 terribilis
2359 2844 2447 2890 es,
2476 2821 2636 2895 quam
2664 2821 2849 2882 suavis
2880 2842 2940 2882 es
2963 2827 2976 2878 ε
3031 2828 3168 2892 Quia
3196 2825 3448 2880 terribilis

1877 2913 1936 2953 es
1955 2935 1969 2958 .
1991 2899 2142 2952 testis
2155 2905 2236 2951 est
2262 2895 2522 2950 inl’reuata
2543 2896 2785 2964 gehenna
2808 2911 2828 2962 ;
2849 2897 2972 2964 quia
2994 2896 3173 2950 suavis
3197 2910 3274 2959 es,
3300 2896 3448 2950 testis

1867 2975 1956 3022 est
1977 2977 2150 3022 mater
2174 2981 2314 3030 mea,
2340 2975 2393 3019 et
2414 2967 2519 3019 vita
2541 2980 2682 3020 mea.
2696 2965 3009 3020 Terribilem
3037 2965 3144 3019 vidi
3163 2965 3244 3018 tui
3275 2964 3446 3018 nomi-

1876 3037 1959 3090 nis
1978 3043 2321 3105 potestatem,
2351 3036 2564 3103 quando
2584 3034 2828 3105 videbam
2855 3043 3175 3105 trementem
3195 3042 3445 3105 mortem,

1875 3103 1997 3176 quin
2019 3114 2072 3161 te
2085 3105 2407 3176 agnoscebat
2420 3111 2563 3174 (iam,
2581 3104 2706 3174 quia
2723 3111 2775 3159 te
2796 3103 3252 3176 agiioscebaiii)_ad
3273 3117 3448 3176 meam

1878 3171 2299 3244 misericordiam
2347 3171 2755 3244 proximantem.
2803 3171 2870 3227 Et
2912 3171 3226 3244 imperasti,
3267 3180 3322 3226 et
3359 3171 3446 3225 illa

203 3239 326 3298 Cito
353 3241 499 3317 misit
523 3239 768 3306 verbum,
805 3245 862 3317 et
902 3239 1112 3317 sanavit
1144 3251 1381 3317 puerum,
1401 3239 1772 3317 paralyticum,
1803 3254 1848 3317 ο
1878 3244 2222 3317 contremuit.
2273 3239 2527 3317 Reddidit
2547 3259 2850 3317 _quen_i_non
2880 3239 3083 3317 genuit,
3136 3253 3193 3298 et
3212 3239 3448 3317 apertas

206 3319 265 3366 ut
306 3309 539 3366 celerius
570 3314 830 3378 pergeret
865 3306 934 3362 ad
973 3306 1188 3378 unicum
1223 3306 1605 3378 suscitanduiii.
1655 3308 1773 3364 Non

204 3380 538 3452 expectavit
564 3377 884 3452 legationem
915 3393 930 3430 :
961 3377 1346 3452 sciebat_eiiim
1375 3377 1624 3452 miseram
1653 3393 1774 3452 ina-

206 3446 356 3520 trem
381 3450 590 3520 legatos
617 3462 723 3502 non
751 3447 1060 3520 habentem,
1099 3447 1291 3520 sed_ad
1318 3447 1620 3520 sepulcrum
1641 3446 1773 3520 eho:

197 3514 460 3574 diendum
497 3531 694 3587 operas
725 3517 1135 3587 conducentan
1174 3514 1454 3587 Pergeb'at
1483 3518 1676 3572 tacitus
1701 3516 1772 3572 ad

202 3588 501 3653 civitatem,
538 3583 848 3657 'quiAportas
887 3584 982 3657 (at.
1016 3583 1193 3657 parati)
1222 3583 1563 3657 credentibus
1602 3589 1774 3656 aperit

205 3654 908 3725 HierusalemCAd’portam'
932 3654 1136 3722 patriai,
1166 3654 1358 3725 mulier
1375 3669 1496 3725 cuin
1522 3654 1774 3711 delu’neto

206 3727 312 3781 lilio
336 3723 713 3798 proximabat,
740 3733 796 3798 et
817 3724 1060 3779 Christus
1087 3724 1360 3798 medicinae
1382 3723 1599 3790 ianuam
1630 3741 1773 3798 rese-

203 3793 372 3850 rabat.
392 3797 572 3866 Ipsum
593 3795 953 3866 sequebantur
970 3793 1220 3866 apostoli,
1237 3804 1292 3847 et
1313 3794 1556 3866 laitantes
1575 3795 1769 3861 angeli,

203 3875 255 3919 et
281 3883 401 3920 cum
421 3860 616 3918 'matre
643 3860 1039 3932 comitabantur
1076 3860 1265 3917 ﬂentes
1293 3863 1474 3932 populi
1492 3860 1773 3932 communi

201 3937 512 3990 conditione
539 3933 866 4002 conipuncti.
913 3931 1058 3985 inter
1086 3931 1354 3987 mortuum
1391 3941 1448 3986 et
1486 3931 1773 3988 Dominum

203 4016 353 4072 porta
379 4012 500 4059 erat
529 4001 758 4070 objecta.
789 4001 1047 4072 Egressus
1072 4011 1158 4056 est
1197 4009 1427 4071 portam,
1476 4011 1532 4056 et
1573 4003 1775 4058 invenit

202 4071 384 4129 vitam.
415 4072 762 4128 Resonahant
786 4073 979 4141 platea:
998 4071 1226 4125 civitatis
1245 4072 1543 4141 planctibus
1564 4073 1769 4134 matris,

203 4152 254 4196 et
273 4145 472 4200 caelum
503 4140 1012 4208 resonabatgemitu
1040 4140 1273 4210 pietatis.
1303 4140 1508 4210 Clama,
1534 4141 1773 4210 Rapliael

199 4215 422 4280 angelus
438 4213 750 4266 comitatum
765 4209 1262 4265 Dominive’nientis.
1279 4209 1417 4274 Noli,
1434 4212 1561 4275 noli,
1580 4209 1771 4277 mater,

203 4279 360 4345 ﬂere,
414 4283 718 4339 proximum
764 4289 848 4335 est
893 4279 987 4333 tibi
1027 4281 1280 4348 gaudere.
1326 4280 1417 4334 Illa
1447 4292 1625 4335 autem
1656 4297 1774 4349 quin

199 4351 456 4419 cjulando
484 4352 717 4416 dicebat,
746 4351 938 4419 quibus
974 4351 1208 4419 querelis
1233 4351 1429 4404 corium
1469 4359 1774 4420 terramque

201 4422 466 4502 replebat,
488 4436 607 4502 qua!
630 4420 792 4474 lilium
816 4421 1066 4502 amiserat
1078 4437 1252 4502 quem.
1265 4421 1493 4502 habebat
1508 4421 1521 4471 2
1539 4419 1768 4502 ilbi-est,

203 4491 291 4546 ubi
316 4503 400 4546 est
428 4490 617 4545 unicus
643 4505 796 4544 meus
822 4490 1052 4543 inaniter
1073 4492 1215 4560 (nia,
1242 4491 1293 4544 in
1317 4493 1554 4557 senecta)
1581 4493 1773 4545 natus?

198 4562 320 4616 Cito
357 4560 680 4628 subreptus,
728 4560 780 4628 in
810 4574 942 4628 pace
981 4560 1128 4613 locus
1158 4570 1310 4626 tuus,
1358 4562 1483 4614 milii
1517 4563 1771 4615 remansit

205 4629 476 4685 horribilis
515 4627 708 4684 luctus.
742 4627 822 4682 Tn
851 4629 1082 4697 portaris
1120 4629 1172 4681 in
1203 4630 1376 4689 lecto.
1423 4639 1478 4684 et
1519 4645 1620 4698 ego
1659 4630 1771 4699 jam

200 4715 432 4756 onerosa
459 4715 577 4753 sum
607 4699 805 4752 mundo
829 4715 838 4732 ε
859 4701 1080 4769 .‘Quare
1121 4713 1231 4769 non
1261 4709 1314 4769 tu
1343 4700 1470 4751 milii
1499 4711 1773 4769 superstes

203 4778 478 4824 maternos
503 4769 555 4821 in
587 4777 760 4822 morte
785 4766 971 4821 oculos
997 4767 1326 4830 conclusisti,
1351 4776 1405 4820 et
1425 4766 1594 4822 oculis
1623 4786 1770 4823 mor-

203 4837 271 4890 tis
295 4841 452 4894 ruina
467 4837 808 4906 compressis,
833 4851 920 4889 me
940 4837 1188 4890 miseram
1213 4840 1569 4904 prmcessisl'i?
1595 4838 1774 4904 Quare

205 4923 308 4960 non
335 4907 510 4962 merui
538 4910 644 4962 tuis
671 4917 754 4976 (ut
779 4921 992 4974 semper
1018 4908 1251 4974 optabile
1280 4910 1384 4974 est)
1417 4908 1659 4961 manibus
1687 4924 1773 4962 sc-

205 4978 391 5044 peliri,
442 4978 535 5030 so-d
578 4987 683 5031 tum
719 4977 907 5030 mortis
948 4977 1117 5029 merui
1144 4977 1349 5030 catenis
1392 4977 1774 5031 crudelissimis

207 5047 433 5114 alligari.
465 5046 544 5100 Tu
575 5062 660 5101 me
701 5046 929 5100 debuisti
962 5046 1171 5099 tradere
1201 5055 1376 5101 teme.
1410 5048 1534 5114 quia
1567 5055 1619 5100 tu
1649 5063 1772 5102 meo

205 5117 513 5180 processisti
540 5116 606 5170 de
634 5123 839 5170 ventre.
866 5115 980 5169 Non
1004 5124 1176 5184 pater,
1207 5132 1312 5169 non
1340 5125 1523 5177 irater,
1543 5126 1771 5184 putasne

208 5199 386 5254 verum
417 5197 502 5240 est
543 5189 686 5253 quod
730 5189 888 5254 frater
925 5202 1026 5239 non
1071 5186 1316 5249 redimet,
1364 5187 1576 5238 redimet
1620 5188 1771 5241 Itonia

210 5251 380 5319 (Prol.
416 5251 596 5317 xum,
627 5251 848 5316 8)?’Ubi
876 5264 960 5309 est
991 5255 1076 5308 ille
1101 5254 1374 5320 Dominus,
1400 5255 1562 5320 judex
1587 5257 1770 5310 vidua-

209 5337 345 5389 rum,
384 5333 438 5378 et
467 5334 619 5393 pater
646 5325 1050 5392 orplianoruni?
1088 5323 1265 5391 Quare
1305 5340 1411 5378 non
1438 5327 1666 5379 attendit
1694 5327 1773 5380 lu-

205 5399 350 5462 ctum
392 5410 589 5456 meum,
621 5395 710 5462 qui
742 5395 978 5462 promisit
1006 5394 1309 5462 lugentibus
1343 5394 1632 5461 gaudium?
1663 5397 1771 5450 Au-

204 5458 311 5513 divi
341 5476 462 5535 eum
491 5458 755 5535 diceii'leiii
801 5481 814 5535 ς
855 5463 999 5535 Beati
1027 5458 1112 5535 qét
1141 5465 1314 5535 lugent
1335 5458 1366 5528 ,’
1397 5465 1639 5535 quoniam
1672 5467 1772 5534 ipsi

205 5531 605 5585 consolabuntur
631 5532 844 5601 (Matth.
869 5548 924 5600 v,
950 5531 1383 5601 4).’Eccc’vidua
1409 5531 1548 5599 Sum,
1576 5535 1666 5589 ubi
1693 5531 1779 5590 est

279 5723 298 5742 °
324 5721 381 5794 In
412 5723 584 5780 Vatic.
615 5740 716 5781 ms.
747 5726 996 5780 tribuitur
1016 5726 1326 5794 Augustino.

275 5805 296 5865 τ’
445 5794 541 5850 Ubi
571 5805 645 5848 est
675 5800 870 5865 [ructus
897 5793 1138 5849 viscerum
1167 5798 1428 5850 meorum?

273 5861 298 5900 ιο
319 5863 414 5917 δίο
442 5881 540 5919 itis.
564 5861 726 5930 Alia},
756 5868 1015 5935 propriam
1042 5865 1290 5918 Dominus
1317 5869 1571 5922 tractabat
1597 5886 1776 5923 curam

1871 3311 2058 3368 fauces
2085 3314 2370 3383 oppressit.
2412 3311 2622 3368 Gratias
2642 3314 2735 3368 tibi
2757 3327 2878 3381 ago,
2910 3313 3152 3374 Domine,
3183 3313 3308 3382 quia
3335 3325 3443 3364 non

1875 3385 2088 3453 aperuit
2103 3399 2265 3452 super
2284 3398 2369 3437 me
2390 3391 2583 3453 puteus
2601 3398 2664 3437 os
2689 3397 2866 3438 suum.
2892 3385 2988 3453 sed
3016 3383 3278 3453 lacrymas
3300 3395 3450 3453 meas

1875 3449 2073 3509 tersisti
2103 3449 2199 3522 per
2233 3453 2358 3508 vitae
2383 3449 2556 3522 fontes
2581 3467 2861 3522 aquarum.
2878 3451 3045 3522 _Tunc
3072 3449 3330 3522 Dominus
3355 3449 3448 3522 qui

1875 3519 2123 3594 dixerat}
2146 3521 2380 3594 Ingenia,
2395 3520 2484 3576 tibi
2504 3519 2817 3594 dicogsurge
2843 3519 2992 3576 (Luc.
3010 3537 3103 3585 νη,
3129 3520 3217 3585 14)
3241 3562 3256 3581 ,
3287 3519 3443 3594 matri

1876 3592 2154 3659 respondit
2178 3610 2190 3644 :
2224 3591 2433 3658 Mulier,
2453 3606 2581 3646 ecce
2610 3589 2922 3656 lilius’tuus,
2949 3599 3002 3645 et
3030 3604 3296 3658 cognosce
3309 3589 3448 3659 _qui:i

1874 3657 1978 3728 ego
1995 3675 2113 3730 sum
2136 3659 2302 3730 judex
2330 3657 2609 3714 viduarum
2631 3669 2687 3713 et
2715 3670 2866 3730 pater
2884 3657 3248 3730 orphandruiii
3271 3657 3447 3727 (Paul.

1869 3727 2036 3799 trivit,
2054 3727 2270 3798 6).'Vidi
2298 3731 2558 3799 lacrymas
2580 3727 2728 3792 tuas,
2744 3738 2798 3782 et
2818 3727 3010 3799 agnovi
3029 3727 3280 3799 querelas
3303 3737 3446 3778 tuas.

1875 3798 1992 3852 Non
2019 3795 2228 3868 culpavi
2260 3795 2616 3867 plangentem,
2648 3799 2741 3868 sed
2760 3795 3084 3868 consolatus
3094 3795 3446 3868 suiii__lamen-

1877 3864 2197 3922 tantem.'Et
2217 3864 2549 3923 mater—voce
2577 3867 2788 3920 turbata
2819 3881 2927 3935 pra:
2949 3864 3143 3933 gaudio
3193 3865 3402 3918 dicebat
3429 3879 3444 3915 :

1875 3936 2100 3992 Domine
2129 3937 2268 3992 Deus
2288 3952 2456 3998 meus,
2486 3951 2621 4005 quas
2649 3937 2745 3990 tibi
2771 3938 2969 4002 gratias
2993 3949 3169 4003 agam,
3197 3935 3348 4005 testis
3367 3941 3451 3986 est

1874 4007 2066 4075 pietas.
2089 4005 2292 4073 Quibus
2313 4015 2365 4060 te
2385 4003 2610 4059 debeam
2635 4006 2878 4075 lauiibus
2904 4006 3194 4069 honorare,
3214 4003 3336 4075 quia
3360 4017 3448 4075 me

1874 4070 1980 4156 non
2008 4070 2296 4156 permisisti
2349 4076 2648 4130 desolatam
2692 4091 2756 4128 ac
2802 4070 3450 4156 iiiiseramuiiendica‘re?

1873 4139 2096 4215 Gratias,
2117 4145 2211 4198 tibi
2243 4161 2340 4215 pro
2370 4161 2452 4198 ine
2474 4153 2634 4213 agant
2671 4143 2867 4215 angeli,
2897 4139 3348 4215 quia_asceiiduiit
3395 4149 3452 4195 et

1873 4213 2220 4275 descendunt.
2244 4211 2299 4267 et
2325 4222 2494 4268 totum
2517 4211 2621 4282 pro
2643 4229 2728 4268 me
2751 4213 2962 4268 laetetur
2987 4211 3145 4266 clima
3169 4213 3447 4282 cmloruin.

1873 4283 2157 4351 Aperiatur
2187 4284 2280 4338 tibi
2310 4291 2464 4352 porta
2491 4278 2633 4348 cinli,
2661 4283 2753 4352 qui
2777 4289 2903 4352 ante
2931 4290 3138 4352 portam
3170 4280 3296 4352 milii
3329 4278 3449 4352 red-

1872 4348 2053 4406 didisti
2083 4354 2275 4423 pignus
2311 4348 2522 4408 itineris
2551 4348 2694 4408 mei.‘
2723 4353 2768 4405 0
2797 4348 2992 4423 bonum
3022 4360 3077 4423 et
3104 4349 3309 4423 grande
3339 4348 3440 4423 nii-

1873 4419 2336 4476 raculumlinttra
2370 4425 2630 4492 (aLante)
2656 4432 2865 4492 portam
2895 4419 3151 4492 Dominus
3171 4419 3452 4492 suscitavit

1874 4502 2162 4555 mortuum,
2187 4495 2276 4561 qui
2308 4488 2451 4547 foras
2472 4488 2800 4547 Hierusalem
2822 4504 2990 4558 genus
3011 4491 3235 4546 redemit
3255 4488 3449 4561 huma-

1875 4578 2022 4616 num.
2056 4562 2194 4618 Ecce
2207 4557 2483 4632 processit
2511 4565 2696 4616 imicus
2724 4564 2776 4615 in
2807 4557 2969 4632 lecto,
3001 4562 3094 4614 sed
3120 4574 3240 4632 cum
3274 4557 3450 4632 crucis

1875 4625 2486 4700 improperioIMnlieres
2513 4631 2851 4700 plangebant,
2877 4625 2990 4699 ipse
3009 4630 3298 4698 gaudebat,
3319 4625 3445 4694 quia

1873 4716 2004 4755 crux
2036 4703 2125 4755 illa
2155 4718 2261 4754 non
2291 4701 2387 4754 fuit
2417 4701 2820 4769 iniproperium,
2844 4702 2938 4754 sed
2963 4701 3142 4768 potius
3161 4709 3450 4769 ornamen-

1874 4778 2005 4828 tum.
2039 4770 2179 4824 uiide
2206 4765 2606 4825 decoratus-est
2631 4771 2778 4822 orbis
2807 4765 3100 4828 terrarum,
3133 4775 3187 4818 et
3217 4765 3450 4816 ﬁdelium

1874 4840 2083 4895 relulsit
2109 4855 2232 4895 cum
2257 4849 2429 4893 matre
2455 4839 2725 4894 exercitus
2753 4839 3089 4909 populorum.

2479 4970 2711 5027 SERMO
2739 4971 2848 5026 VII.

2412 5082 2493 5140 De
2523 5083 2719 5138 duobus
2750 5085 2916 5140 cwcit.

1947 5191 2138 5259 Quanti
2161 5192 2294 5248 lucri
2323 5193 2480 5248 estin
2503 5196 2589 5248 via
2610 5193 2798 5248 sedere
2819 5207 2926 5261 qua
2945 5189 3189 5247 Christus
3208 5189 3414 5246 delecta
3430 5219 3448 5234 -

1879 5272 1964 5315 tur
1994 5263 2258 5317 transire!
2285 5261 2379 5316 Via
2409 5272 2492 5318 est
2529 5264 2743 5332 regalis,
2775 5264 2931 5331 plena
2972 5261 3174 5332 angelis
3197 5261 3401 5332 sanctis
3428 5298 3448 5329 ,

1879 5340 1936 5402 ut
2013 5332 2342 5386 illuiiiinetur
2386 5333 2524 5388 visio
2570 5329 2827 5386 ciccitatis
2896 5331 3120 5402 collyrio
3165 5329 3445 5385 claritatis.

1878 5401 2091 5454 Transit
2128 5403 2421 5470 imperator
2457 5411 2677 5463 noster,
2725 5417 2833 5456 non
2882 5401 3187 5470 pneCedunt
3214 5414 3454 5454 carruca:

1882 5487 2003 5541 cuni
2033 5473 2334 5541 splendore,
2358 5472 2452 5526 sed
2482 5471 2787 5541 praecedunt
2808 5470 3061 5541 miracula
3083 5485 3204 5525 cum
3233 5470 3456 5541 virtute,

1884 5538 2012 5594 dum
2033 5538 2206 5596 claudi
2229 5538 2500 5596 merentur
2519 5554 2755 5606 currere,
2770 5547 2825 5594 et
2840 5540 2966 5594 unci
2989 5540 3167 5595 lumen
3183 5539 3453 5609 accipere.

1884 5745 2208 5791 secretorum.

1959 5823 1971 5843 ι
2016 5807 2137 5873 515.,
2164 5807 2478 5862 inhonorata
2505 5823 2620 5862 sum
2643 5809 2696 5861 in
2726 5815 2933 5866 mundo.
