4060 6470
634 423 737 481 867

1665 380 1997 477 APPENDtx
2031 420 2118 475 AD
2145 419 2203 477 s.
2243 420 2607 481 remearn
2642 422 2887 479 orans.
3718 436 3798 498 ωε

634 536 762 591 Ilaec
780 544 861 591 est
879 534 1224 604 Imperatoris
1244 534 1411 589 nostri
1441 534 1545 601 via,
1567 549 1669 605 qua
1693 534 1907 587 venitur
1928 532 2200 605 adivitam,
2235 541 2281 597 Α
2307 534 2477 605 calida
2523 534 2738 605 caritas.
2787 534 2845 605 In
2875 532 3025 605 fonte
3059 542 3247 590 atem
3277 536 3609 605 exstinguas
3637 545 3805 605 [αν.

634 605 759 675 quia
787 606 901 675 ipse
926 602 1011 663 est
1038 606 1151 670 via,
1175 605 1372 675 veritas
1400 612 1455 658 ct
1478 602 1793 675 vitai(loan.
1829 619 1931 675 xtv,
1964 603 2041 671 ll).
2102 602 2201 675 Qui

635 672 793 730 sedet
809 672 869 728 in
894 677 1001 741 via,
1047 689 1152 743 qua
1178 672 1420 729 Christus
1448 672 1658 734 transit,
1692 688 1797 726 non
1825 673 1875 725 ei
1902 680 2083 740 potest
2102 673 2203 725 do-

634 745 828 799 minari
852 753 1125 814 tyrannus,
1145 759 1243 814 nec
1263 758 1542 814 remanere
1565 746 1737 814 homo
1754 750 1933 810 potest
1948 749 2203 814 aegrotus,

675 814 850 869 nando
875 810 1069 868 iransit
1108 812 1345 867 medicus
1382 812 1645 866 Christus.
1693 810 1821 866 Hmc
1862 810 2208 866 crediderat

718 885 863 938 mino
892 884 980 938 isti
1009 884 1154 945 caeci,
1186 883 1275 951 qui
1305 882 1553 936 sedentes
1587 882 1640 935 in
1666 882 1753 934 via
1778 879 1905 935 forti
1931 880 2205 935 mela-

635 954 856 1007 mabant
876 953 942 1006 ad
966 952 1251 1017 medicum,
1276 952 1424 1005 reddi
1464 951 1567 1005 sibi
1597 951 1879 1017 cupientes
1907 959 2199 1017 apectum.

636 1021 720 1077 Ad
759 1023 995 1089 ipsorum
1020 1036 1210 1076 vocem
1249 1020 1547 1075 fremebant
1575 1019 1743 1074 turbae
1789 1019 2204 1089 praicedentium

636 1089 975 1161 populorum,
1023 1091 1290 1161 gaudebat
1317 1090 1586 1146 exercitus
1612 1091 1949 1161 angelorum,
1980 1097 2048 1161 _e_t
2092 1089 2205 1161 ipse

636 1158 952 1216 medicinam
980 1160 1206 1229 parabat
1233 1159 1561 1214 illuminator
1587 1158 1870 1214 eiecerunt.
1893 1158 2043 1229 Quid,
2061 1158 2203 1229 enim

636 1230 713 1299 illi
754 1230 879 1285 arci
907 1228 1229 1299 clamabant,
1262 1231 1353 1297 qui
1385 1231 1561 1284 lumen
1606 1230 1847 1299 aspicere
1875 1228 2205 1299 cupiebant?

639 1298 893 1370 yiserere
912 1301 1103 1364 nostri,
1157 1298 1373 1354 Domine
1400 1301 1478 1370 [ili
1508 1298 1675 1353 David
1706 1299 1726 1369 (
1743 1298 2200 1370 Hallh.ixx,ﬂ'50).

637 1368 829 1424 Turba:
853 1377 1029 1423 autem
1061 1370 1321 1437 putabant
1361 1368 1567 1424 medico
1597 1368 1783 1424 nostro
1823 1369 1937 1424 fieri
1967 1369 2201 1437 taedium,

637 1439 971 1509 imperabant
1013 1436 1118 1492 illis
1163 1438 1376 1509 Christo
1426 1447 1738 1493 transeunte
1788 1439 2075 1494 silentium.
2125 1436 2205 1491 Illi

637 1508 765 1564 vero
794 1508 1018 1561 validius
1045 1508 1369 1572 clamabant,
1402 1517 1457 1563 et
1483 1510 1693 1564 illorum
1719 1523 1879 1563 voces
1907 1509 2206 1577 increpato-

634 1576 744 1632 rias
772 1593 878 1633 non
901 1578 1179 1632 curabant.
1211 1577 1376 1646 Magis
1400 1579 1665 1633 iterabant
1686 1578 1999 1642 clamorem,
2027 1576 2086 1630 ut
2114 1592 2207 1646 pe-

636 1655 848 1701 netrare
879 1655 1100 1717 possent
1126 1647 1255 1717 ipsis
1293 1649 1512 1717 vocibus
1537 1647 1868 1717 Salvatorem
1901 1665 1913 1699 :
1962 1646 2208 1701 Miserere

635 1718 830 1783 nostri,
864 1715 1083 1788 Domine
1110 1715 1189 1788 ﬁli
1219 1715 1387 1770 David
1416 1716 1576 1785 (Ibid.
1598 1758 1611 1775 .
1641 1717 1755 1787 51).
1799 1716 2070 1788 Humanas
2096 1731 2206 1771 non

635 1802 885 1842 curamus
910 1787 1123 1856 penitus
1152 1801 1315 1856 voces
1343 1804 1355 1839 :
1389 1795 1445 1840 tu
1488 1788 1763 1850 miserere,
1812 1787 1900 1855 qui
1944 1787 2208 1841 humanos

634 1870 795 1911 sanas
822 1854 1051 1910 errores.
1078 1854 1399 1925 Ambulabat
1425 1869 1553 1925 ergo
1580 1854 1839 1909 Dominus
1858 1856 1941 1909 via
1970 1870 2088 1916 sua,
2112 1856 2203 1924 qui

636 1933 718 1981 est
759 1926 866 1980 vita
893 1935 1112 1979 aeterna.
1156 1924 1470 1989 'I‘ransibat,
1500 1924 1556 1981 et
1582 1926 1824 1987 curabat,
1857 1935 1912 1980 et
1938 1940 2203 1980 (meorum

634 1996 990 2063 cogitationes
1018 2002 1142 2049 ante
1172 1995 1401 2057 videbat,
1434 2004 1490 2049 et
1522 2010 1708 2049 eorum
1738 1995 1974 2049 clamore
2002 1993 2204 2062 gaude-

634 2065 746 2119 bat.
777 2064 891 2121 Non
922 2064 1289 2119 delectabatur
1321 2064 1799 2119 contradicentium
1830 2063 2006 2119 ollicio
2033 2080 2205 2133 popu-

636 2134 811 2189 lorum
834 2173 850 2196 ,
899 2134 993 2189 sed
1031 2133 1297 2201 gaudebat
1336 2133 1600 2189 desiderio
1647 2135 1987 2188 clamantium
2016 2147 2205 2201 magna

636 2219 774 2260 voce
800 2218 1081 2259 caecorum.
1108 2201 1293 2273 §tetit.
1341 2213 1399 2257 ut
1441 2206 1559 2273 plus
1600 2203 1898 2258 ambularet
1944 2204 2204 2258 medicina

636 2288 796 2343 quam
826 2273 1066 2341 vestigia.
1103 2271 1168 2325 Et
1192 2271 1540 2342 sequentibus
1568 2274 1737 2328 turbis
1759 2273 1913 2341 jubet
1940 2288 2113 2328 czecos
2137 2273 2205 2325 ad

636 2358 699 2403 se
731 2343 946 2407 venire,
978 2350 1033 2397 et
1074 2343 1203 2396 nihil
1233 2343 1301 2397 de
1340 2343 1644 2398 subcozlesti
1674 2351 1964 2412 conspectu
1996 2344 2203 2396 timere.

636 2412 826 2467 Turbae
854 2413 1222 2480 increpabant,
1246 2414 1529 2480 cogebant,
1564 2413 1875 2477 invitabant,
1909 2423 1964 2467 et
1985 2413 2205 2466 mirabi-

636 2482 761 2553 liter
780 2480 1153 2553 impellebant.
1197 2480 1563 2553 Illiquautum
1592 2482 2023 2545 delectabantur,
2054 2483 2146 2551 qui
2176 2497 2205 2535 a

636 2549 880 2607 Domino'
894 2552 1226 2607 vocabantur
1247 2551 1259 2603 l
1288 2549 1402 2606 Hoc
1429 2553 1507 2607 eis
1530 2552 1771 2621 praestitit
1796 2553 2002 2608 clamor
2020 2549 2205 2606 eorum

636 2636 782 2693 quos
793 2637 903 2693 non
922 2620 1488 2693 terruitcontradictio
1507 2620 1842 2693 populorum.
1870 2622 2011 2693 Ante
2032 2621 2208 2675 viden-

534 2692 545 2701 ‘
637 2689 721 2761 tes
750 2690 1019 2747 desiderio
1045 2689 1398 2761 salvatorem,
1451 2689 1612 2761 quam
1642 2692 1854 2746 luminis
1884 2692 2202 2761 claritatem.

636 2760 914 2833 Steterunt
941 2769 1065 2815 ante
1089 2759 1373 2833 Dominum
1402 2759 1618 2816 claritas
1661 2770 1715 2816 et
1757 2761 1985 2833 accitas.
2044 2759 2235 2833 Stetit.

635 2832 720 2885 via
737 2831 802 2886 ad
818 2831 1067 2886 sedentes
1086 2830 1138 2884 in
1159 2831 1264 2884 via.
1280 2828 1559 2885 Steterunt
1579 2840 1856 2886 manentes
1875 2832 1926 2885 in
1949 2831 2204 2893 tenebris,

637 2900 762 2956 dum
804 2908 972 2955 staret
1013 2900 1191 2954 lumen
1219 2901 1550 2965 :eternitatis,
1597 2901 1689 2968 qui
1722 2901 1898 2955 lumen
1923 2901 2053 2955 oriri
2083 2900 2209 2955 facit

638 2970 978 3026 intenebris.
1010 2968 1231 3024 Factum
1261 2970 1434 3023 estde
1479 2977 1738 3039 sequente
1775 2978 1829 3023 et
1874 2971 2208 3039 pmcedeule

638 3040 793 3109 turba
836 3040 1132 3109 theatrum,
1170 3046 1252 3109 _et
1280 3038 1545 3109 gaudebat
1594 3038 1828 3093 Ecclesia
1875 3038 2202 3109 angelorum.

638 3108 779 3165 Dicit
805 3110 884 3164 eis
907 3108 1064 3190 flesus
1096 3125 1109 3161 :
1133 3106 1299 3191 .Quid
1321 3109 1470 3162 vultis
1496 3117 1553 3189 ut
1581 3111 1772 3190 {ariam
1810 3106 1966 3164 vobis
1991 3113 2020 3233 3
2041 3110 2203 3172 Μία..

638 3178 776 3233 32H
804 3178 872 3232 Et
906 3178 980 3232 illi
1022 3177 1203 3233 audita
1245 3193 1377 3233 voce
1406 3180 1616 3233 medici.
1652 3195 1781 3233 voce
1811 3187 1866 3233 et
1895 3196 1988 3233 cor
2027 3195 2203 3233 enro-

638 3178 730 3249 5‘2)
752 3181 785 3249 ‘l
804 3178 872 3249 Et
906 3178 983 3249 illi
1022 3177 1203 3249 audita
1245 3193 1377 3233 voce
1406 3177 1616 3242 medici,
1652 3195 1781 3235 voce
1811 3187 1866 3233 et
1895 3196 1988 3234 cor

637 3247 813 3330 strati,
836 3248 1083 3315 Domine,
1102 3247 1250 3302 vides
1266 3263 1485 3328 causam
1509 3257 1765 3330 nostrain,
1793 3262 1847 3330 tu
1877 3249 2015 3330 dona
2040 3247 2207 3304 nieili-
2232 3268 2277 3330 ρ

638 3319 815 3373 cinam
848 3327 1015 3384 tuam,
1047 3328 1102 3370 ut
1132 3318 1442 3388 aperiantur
1469 3319 1608 3373 oculi
1652 3320 1841 3385 nostri,
1874 3326 1947 3374 et
1992 3333 2203 3373 merea-

639 3402 763 3441 mur
788 3402 905 3457 esse
934 3389 1158 3442 comites
1194 3389 1401 3457 itineris
1424 3389 1518 3453 lui,
1541 3388 1663 3457 quia
1685 3404 1714 3443 a
1739 3397 1793 3443 te
1817 3391 1866 3442 iu
1898 3390 1981 3443 via
2009 3391 2208 3443 merui-

638 3471 757 3510 mus
785 3456 1045 3510 medicina
1074 3460 1265 3512 curari.
1303 3456 1573 3521 Dominus,
1630 3459 1721 3526 qui
1761 3459 1916 3524 erigit
1953 3459 2115 3514 elisos
2153 3467 2209 3514 et

640 3525 902 3580 illuminat
923 3528 1301 3598 aecos__(Psal.
1335 3544 1490 3592 cxiiv,
1515 3526 1567 3589 8,
1600 3525 1677 3598 9),
1707 3529 1930 3595 audivit,
1960 3530 2209 3584 misertus

639 3604 742 3658 est,
768 3604 822 3650 et
841 3596 1064 3650 curavit.
1090 3595 1240 3651 Nulla
1273 3598 1504 3651 remedia
1533 3595 1967 3661 intercesserunt,
2001 3606 2057 3652 et
2077 3600 2205 3653 eieci

639 3666 758 3719 solo
797 3667 962 3737 verbo
989 3666 1169 3737 videre
1197 3676 1491 3737 coeperunt.
1526 3666 1677 3722 Nulla
1718 3669 2023 3722 observatio
2052 3669 2202 3723 cibo-

639 3750 780 3801 rum,
830 3735 943 3789 sola
968 3735 1295 3807 intercessit
1314 3737 1704 3792 medicinalium
1746 3739 2038 3792 auctoritas
2068 3753 2206 3807 prae-

638 3814 936 3927 cihptorum.
967 3804 1105 3859 Dicit
1131 3808 1209 3860 eis
1229 3805 1382 3861 Iesus
1408 3824 1421 3859 :
1448 3807 1595 3861 Sicut
1617 3808 1927 3870 credidistis,
1951 3809 2046 3878 ﬁat
2067 3804 2208 3863 robis

640 3873 661 3927 l
725 3875 853 3927 altli.
884 3873 1083 3927 tx.29l.
1110 3875 1260 3927 Illico
1283 3876 1414 3927 fugit
1435 3876 1667 3927 cincitas.
1696 3876 1943 3927 redditur
1966 3878 2205 3927 claritas-

639 3873 853 3998 “lculi.
884 3873 1083 3945 tx,29).
1110 3875 1260 3930 Illico
1283 3876 1414 3939 fugit
1435 3876 1667 3941 caecitas,
1696 3873 2205 3933 redditur'claritas.

687 3945 917 3998 sniciunt
949 3947 999 3998 in
1047 3946 1182 3998 facie
1208 3945 1542 3998 Salvator-cm
1563 3987 1577 3998 .
1608 3960 1766 3998 quem
1812 3963 1917 3998 non
1951 3956 2205 3998 noverant

687 3945 917 4013 spiciunt
949 3947 999 3998 in
1047 3946 1182 4000 facie
1208 3945 1542 4000 Salv.~torem
1563 3987 1577 4008 ,
1608 3960 1766 4015 quem
1812 3963 1917 4000 non
1951 3956 2209 4001 noverant

638 4015 836 4069 virtute
860 4021 1159 4086 curantem.
1192 4015 1416 4070 Discunt
1454 4016 1623 4070 oculis
1660 4031 1820 4085 quem
1850 4032 2206 4086 praesumpse-

639 4093 765 4155 runt
793 4084 990 4155 verbis.
1020 4083 1233 4155 Cadunt
1260 4086 1323 4138 ad
1353 4099 1549 4153 genua,
1589 4083 1822 4141 scientes
1848 4083 1958 4154 jam
1986 4083 2208 4155 tangere

638 4152 836 4225 Christi
876 4154 1125 4221 vestigia,
1174 4156 1262 4225 qui
1305 4152 1580 4225 sclavoce
1608 4152 1931 4221 clamabant,
1961 4152 2210 4212 sedentes

639 4222 694 4277 in
724 4223 832 4289 via,
854 4233 909 4278 et
935 4222 1355 4293 cmperuiit‘cum
1381 4223 1595 4279 Christo
1623 4226 1848 4281 Domino
1879 4241 1984 4279 uno
2016 4227 2208 4282 itinere

638 4294 915 4364 comitari.
934 4294 1202 4364 Comitatu
1231 4296 1345 4363 ejus
1372 4296 1684 4363 gaudentes,
1706 4296 1815 4364 jam
1846 4296 2091 4351 claritate
2114 4312 2207 4351 so-

638 4362 786 4433 eiati,
810 4376 840 4415 a
860 4361 1072 4418 Christo
1095 4361 1361 4432 nunquam
1385 4361 1595 4433 penitus
1610 4361 1984 4420 recessurum
2007 4374 2063 4419 et
2087 4380 2205 4431 nos,

640 4428 851 4496 fratres,
883 4433 934 4486 in
966 4433 1079 4501 ipsa
1114 4435 1197 4487 via
1223 4428 1541 4497 sedeamus,
1590 4451 1692 4501 qua
1721 4435 1991 4489 Christum
2024 4428 2204 4490 Domi;

638 4515 771 4573 nunt
792 4516 961 4573 posse,
979 4503 1205 4557 transire
1245 4518 1539 4573 speramus.
1587 4503 1770 4573 Neque
1800 4506 1940 4559 enim
1970 4505 2210 4559 ambulat

639 4569 694 4644 i_n
725 4569 1143 4644 viaimpiorum,
1176 4569 1290 4644 qui
1321 4574 1373 4626 in
1406 4573 1491 4644 via
1532 4588 1638 4627 non
1663 4569 1807 4629 stetit
1839 4582 2204 4644 peccatorum.

638 4639 945 4696 Ti-ansitum
993 4655 1123 4711 ergo
1163 4639 1407 4699 Christus
1455 4642 1711 4698 Dominus
1760 4639 1920 4699 modo
1971 4645 2096 4699 facit
2140 4646 2208 4699 de
2236 4649 2289 4708 D

637 4712 870 4793 mundo,
902 4711 1027 4792 dum
1053 4727 1152 4793 pro
1177 4713 1334 4793 nobis
1359 4713 1664 4793 interpellat
1690 4715 1741 4793 in
1771 4715 1929 4793 cado.
1963 4713 2068 4793 sed
2099 4730 2206 4793 non

638 4781 899 4853 ambulat,
929 4782 1028 4853 nisi
1058 4781 1110 4835 in
1139 4781 1223 4853 via
1255 4784 1467 4853 munda,
1500 4781 1623 4851 quia
1652 4784 1736 4837 via
1764 4784 1879 4852 ejus
1905 4792 1989 4838 est
2017 4784 2209 4853 impol-

638 4848 770 4922 luta.
794 4850 870 4922 lbi
894 4851 1193 4915 sedeamus,
1209 4852 1277 4907 ibi
1301 4848 1609 4907 claniem'us.
1630 4853 1746 4922 Ipse
1772 4848 2010 4922 quotidie
2035 4848 2209 4907 trans-

638 4918 717 4990 ἰι,Δ
738 4920 882 4990 quia,
906 4936 1178 4988 nunquam
1206 4936 1238 4974 a
1276 4922 1432 4976 nobis
1470 4918 1715 4978 discedit.
1748 4918 1853 4978 seu
1885 4925 1927 4978 si
1963 4924 2084 4990 quis
2112 4940 2211 4978 nos

636 4988 831 5060 viderit
855 4989 923 5045 de
951 4992 1404 5060 murmurantibus
1449 4993 1625 5046 saeculi
1646 5034 1663 5060 ,
1709 5000 1767 5047 et
1796 4988 1996 5047 viderit
2014 5009 2114 5049 nos
2142 4993 2210 5047 ad

635 5058 906 5132 Christum
922 5059 1149 5132 validius
1174 5061 1525 5129 proclamare,
1553 5071 1609 5116 et
1629 5058 1853 5131 emperit
1876 5079 1973 5117 nos
1994 5079 2090 5132 pro
2109 5079 2209 5119 suo

636 5130 892 5185 seandalo
928 5129 1329 5198 blasphemare,
1373 5134 1490 5196 ejus
1519 5129 1769 5185 invidiam
1814 5150 1920 5186 non
1959 5129 2216 5187 debemus

637 5198 859 5253 omnino
883 5214 1091 5273 curare.
1113 5198 1190 5254 Ibi
1220 5200 1512 5255 habeamus
1539 5210 1833 5273 aspectum,
1861 5203 2000 5257 unde
2025 5217 2214 5273 spera-

638 5283 757 5323 mus
785 5269 1063 5324 auxilium.

1222 5396 1455 5453 SERMO
1481 5398 1616 5455 VIII.

1171 5490 1251 5545 De
1277 5491 1439 5546 tribus
1465 5493 1657 5564 pueris.

715 5602 897 5676 Vicina
917 5615 1002 5662 est
1021 5605 1266 5660 liberatio
1285 5605 1713 5676 redemptorum,
1742 5606 1866 5676 quia
1890 5605 2000 5674 jam
2029 5607 2215 5662 trium-

638 5674 771 5746 phat
797 5673 963 5746 libera
991 5676 1270 5744 captivitas
1297 5673 1605 5746 puerorum.
1634 5673 2076 5746 Iam—proximum
2105 5686 2209 5743 est,

639 5753 698 5798 ut
717 5744 856 5799 sicut
877 5745 1088 5816 vincula
1109 5753 1411 5800 sanctorum
1432 5744 1732 5816 liquescunt
1755 5744 1807 5801 in
1831 5746 2039 5816 ignem,
2064 5748 2134 5801 ita
2156 5756 2213 5802 et

638 5813 1179 5885 leccatagelectorum
1225 5813 1504 5869 solvantur
1549 5816 1602 5871 in
1642 5813 1870 5871 fontem:
1915 5813 2207 5885 Utmhiquc

639 5882 778 5936 roris
805 5883 970 5952 spirat
999 5898 1206 5937 amoma
1240 5885 1618 5952 tranquillitas,
1663 5887 1785 5954 quia
1812 5887 2087 5955 refrigerat
2115 5882 2208 5942 eos

2308 604 2722 681 ίηίιιιεὶςςιεριιυίε
2742 602 3805 681 stemmati-Muli

2307 674 2517 745 consilii
2536 673 2901 745 dm:
3080 691 3105 726 τ
3122 682 3183 727 ιιι
3206 675 3353 743 quod
3378 673 3545 745 pueris
3565 673 3801 742 donarith

2308 741 2627 811 edistis,
2663 743 2777 798 Ioc
2813 742 3157 798 credentibus
3185 741 3390 799 tribuat
3419 744 3469 799 in
3507 741 3799 810 sacramento.

2308 808 2463 866 Βωέ
2479 808 2802 884 quantorum
2824 813 2966 867 tuba:
2989 819 3296 884 sanctorum
3320 814 3631 884 singulariter
3650 808 3804 879 sonit;

2307 890 2451 949 runt,
2500 898 2641 955 nunc
2687 883 2790 936 tria
2830 896 3030 955 coraua
3053 882 3112 955 in
3152 898 3262 938 uno
3300 882 3608 955 conerepant
3638 904 3803 947 amoeno

2305 964 2495 1015 campo
2523 950 2880 1006 flammarum.
2921 949 3317 1007 Pulchrum'est
3341 949 3513 1009 videre
3554 957 3643 1011 tria
3682 974 3803 1015 aurea

2305 1019 2646 1095 candelabra.
2698 1019 2984 1095 Pulchrum
3013 1030 3099 1076 est
3123 1022 3363 1091 aspicere
3385 1024 3551 1095 triuio
3574 1041 3806 1095 puerorum

2307 1089 2549 1159 impetita
2578 1105 2804 1159 corpora
2821 1132 2837 1157 ,
2858 1091 3005 1160 unia
3035 1107 3139 1144 una
3168 1089 3287 1146 erat
3314 1092 3501 1156 anima,
3524 1089 3634 1149 dum
3658 1099 3805 1153 tende-

2307 1168 2429 1213 rent
2452 1165 2519 1214 ad
2543 1175 2823 1215 coronam.
2845 1159 3086 1214 Flamma
3110 1176 3207 1216 eos
3236 1176 3341 1215 non
3364 1161 3633 1229 dividebat,
3651 1173 3699 1221 et
3711 1182 3808 1221 cau-

2308 1229 2409 1284 tica
2435 1230 2871 1301 compingebant
2896 1248 2928 1301 γε
2977 1230 3104 1299 quia
3159 1230 3339 1301 magni
3385 1232 3582 1301 consilii
3628 1235 3809 1301 Angelus

2306 1299 2669 1381 amplexabat,
2714 1308 2772 1354 et
2799 1300 2937 1381 ulnis
2964 1299 3316 1381 opacantibua
3352 1300 3665 1381 confovehat.

2306 1368 2505 1490 palatia
2559 1382 2746 1436 regum
2785 1369 2866 1450 ad_
2881 1368 3152 1424 caminum
3184 1370 3515 1451 psallentium

2349 1447 2470 1490 acta
2494 1447 2580 1490 est
2606 1439 2726 1490 aula
2754 1452 2917 1490 renis.
2965 1447 3313 1490 secretarium
3343 1448 3641 1490 sanctitatis.
3676 1452 3724 1490 iii
3757 1445 3808 1490 ibi

2330 1436 2470 1492 facta
2494 1447 2580 1508 est
2606 1439 2726 1492 aula
2754 1439 2917 1508 regis,
2965 1436 3313 1494 secretarium
3343 1436 3641 1506 sanctitatis,
3676 1452 3724 1497 ut
3757 1445 3809 1498 ibi

2306 1522 2401 1579 re;
2419 1507 2779 1579 delectaretur
2804 1507 3043 1577 aspicere
3083 1510 3252 1579 magis
3278 1525 3437 1579 quam
3466 1512 3516 1564 in
3538 1510 3678 1566 domo
3701 1514 3820 1579 regia

2307 1576 2568 1631 habitare.
2583 1577 2628 1649 Ο
2649 1578 2750 1631 ille
2764 1576 2952 1649 platea:
2965 1586 3165 1649 strnue,
3179 1576 3311 1649 non
3321 1594 3596 1642 marmore,
3607 1581 3687 1635 sed
3702 1576 3811 1649 igne.

2306 1660 2415 1702 non
2440 1647 2656 1718 crustis,
2691 1648 2785 1701 sed
2812 1646 3067 1701 flammis!
3089 1647 3380 1718 Ambulant
3408 1650 3607 1717 superbi
3630 1646 3754 1718 reges
3775 1654 3813 1704 iu

2309 1715 2577 1786 tapetibus
2600 1718 2897 1789 purpureis,
2920 1730 3105 1789 gressu
3133 1717 3367 1789 delicato
3392 1715 3648 1784 ludentes;
3674 1715 3719 1789 in
3735 1720 3815 1789 pla-

2308 1793 2395 1839 tea
2419 1793 2599 1840 autem
2628 1786 2795 1853 ignita
2835 1786 3090 1842 incedunt
3115 1788 3287 1842 nostri
3314 1786 3659 1844 decantantes.
3685 1786 3815 1855 Quem

2310 1870 2417 1910 non
2442 1855 2675 1927 delectet
2700 1871 2822 1927 cum
2842 1856 2931 1927 eis
2958 1858 3072 1925 pari
3102 1857 3329 1925 vestigio
3356 1858 3589 1913 comitari
3605 1899 3618 1921 ,
3650 1860 3816 1927 quando

2307 1924 2554 1995 angelum
2579 1941 2700 1979 cum
2721 1925 2801 1981 eis
2825 1924 3061 1981 deleatat
3086 1927 3200 1995 pari
3227 1924 3439 1982 cantico
3460 1927 3637 1983 sociari
3653 1924 3679 1980 ἱ
3696 1927 3815 1981 Aliud

2308 1994 2575 2063 prodebat
2601 1996 2767 2061 visus,
2816 1995 2960 2050 aliud
2992 1994 3265 2064 praebebat
3298 2011 3504 2064 sensus,
3550 1997 3675 2051 aliud
3698 2012 3815 2050 mon-

2308 2065 2515 2136 strabat
2544 2072 2757 2136 tactus,
2783 2064 2925 2136 aliud
2956 2063 3118 2136 intus,
3153 2065 3294 2120 aliud
3325 2063 3511 2136 foris:
3542 2066 3670 2136 quia
3684 2067 3817 2134 angeli

2309 2134 2451 2188 intus
2480 2142 2536 2188 et
2564 2134 2762 2188 inimici
2794 2133 2941 2199 foris,
2975 2135 3119 2189 intus
3145 2136 3432 2199 canebant,
3456 2133 3582 2189 foris
3595 2133 3816 2189 ardebant.

2309 2202 2517 2267 Videte,
2546 2204 2738 2260 fratres
2768 2205 2891 2268 mei,
2922 2215 3182 2273 quantum
3212 2205 3437 2259 interest
3462 2220 3577 2260 esse
3611 2205 3730 2259 intra
3751 2205 3821 2257 do-

2310 2288 2461 2343 mum,
2483 2288 2750 2342 magnam,
2784 2274 2836 2328 in
2864 2289 2971 2343 qua
2998 2283 3124 2330 sunt
3148 2289 3274 2343 vasa
3305 2289 3468 2329 aurea
3518 2283 3572 2328 et
3618 2282 3819 2343 argentei

2310 2342 2400 2423 (ll
2424 2342 2555 2423 Tini.
2591 2359 2647 2405 ιι,
2671 2342 2782 2413 20),
2810 2342 2971 2423 quam
3000 2344 3131 2423 foris
3157 2342 3351 2423 aedere
3373 2345 3511 2399 inter
3535 2342 3819 2423 vasajignga.

2309 2411 2453 2467 inter
2475 2414 2633 2482 ligna,
2682 2411 2861 2476 en’uni,
2894 2414 3163 2483 stipulam.
3195 2413 3300 2468 Sed
3327 2428 3424 2468 vos
3452 2414 3627 2482 templi
3648 2414 3726 2468 Dei
3749 2411 3824 2466 for-

2312 2498 2414 2536 nax
2433 2483 2675 2537 continet
2689 2498 2851 2537 aurea
2875 2485 3121 2549 probata,
3136 2498 3269 2537 auro
3286 2484 3640 2549 producuntur
3655 2483 3821 2536 vascula

2312 2562 2509 2619 vestra,
2540 2554 2592 2605 in
2623 2554 2815 2623 quibus
2857 2553 3190 2623 Hierusalem
3234 2553 3448 2609 hetetur
3485 2554 3647 2623 patria
3669 2553 3824 2623 sempi-

2310 2630 2463 2691 terna
2487 2638 2502 2687 ;
2535 2630 2591 2676 et
2619 2620 2723 2676 non
2754 2623 2868 2691 ipse
2891 2623 3117 2678 miretur
3137 2620 3627 2678 Nabuchodonosor
3644 2664 3658 2683 .
3680 2620 3755 2676 sed
3776 2622 3826 2674 de

2311 2690 2538 2745 flammis
2560 2692 2761 2757 mundi,
2777 2690 3098 2747 alumnantis
3121 2693 3243 2747 vita:
3262 2692 3559 2758 refrigerio,
3581 2707 3670 2749 vos
3686 2690 3825 2747 nobisv

2309 2775 2429 2816 cum
2461 2761 2772 2817 consoletur
2793 2761 2863 2817 de
2889 2762 3031 2817 coalo
3056 2761 3325 2817 Salvator.

2920 2893 3153 2949 SERMO
3181 2893 3269 2949 IX.

2580 2982 2654 3035 De
2680 2984 2890 3037 muliere
2913 2985 2966 3037 in
2997 2984 3251 3038 adulterio
3280 2985 3609 3056 deprehensa.

2381 3093 2669 3148 Timendus
2695 3101 2779 3147 est
2808 3092 2898 3147 Dei
2928 3091 3090 3147 Filius
3116 3102 3173 3148 et
3200 3062 3481 3149 amandus.
3517 3090 3768 3146 Timendus
3786 3097 3828 3143 ut

2027 3160 2205 3250 έῇιξδζ
2304 3163 2778 3250 ,Ῑυιξθχηθιειειηίξρε
2799 3170 2858 3216 ut
2880 3178 2975 3217 rex
3000 3180 3018 3250 ί
3037 3162 3165 3250 quia
3188 3178 3295 3218 non
3318 3173 3469 3250 venit
3488 3172 3608 3250 apte
3622 3160 3827 3250 judieam,

2308 3228 2403 3289 sed
2429 3232 2672 3303 primitus
2693 3232 2939 3303 liberare,
2969 3239 3025 3303 et
3055 3228 3414 3303 justepostea
3438 3228 3681 3303 judicare.
3707 3228 3823 3303 lian-

2309 3299 2493 3358 suetus
2518 3314 2573 3357 et
2603 3317 2759 3356 verus
2779 3343 2795 3368 ,
2840 3302 2936 3356 sed
2983 3299 3247 3369 ignoravit
3271 3299 3627 3357 calumniator
3645 3299 3828 3369 ludens.

2308 3373 2606 3453 voluerunt
2629 3370 2849 3453 culpare
2876 3368 3366 3453 mansuetudinem,
3395 3373 3764 3453 etinvenerunt
3791 3368 3831 3453 in

2307 3443 2533 3498 crimine
2559 3457 2659 3495 suo
2684 3441 2955 3495 virtutem.
2989 3442 3308 3497 Ambierunt
3335 3444 3388 3496 in
3414 3441 3624 3496 Christo
3641 3451 3829 3494 mansue-

2309 3513 2565 3576 tudinem,
2597 3520 2652 3565 et
2674 3510 2939 3579 justitiam
2967 3512 3195 3579 violare,
3226 3519 3322 3565 aut
3357 3511 3616 3580 justitiam
3640 3509 3698 3580 de
3714 3522 3832 3579 inan-

2308 3581 2587 3637 suetudine
2602 3580 3014 3653 reprehendere.
3028 3579 3320 3653 §tcwrunt
3340 3579 3395 3636 in
3421 3588 3639 3653 angusto
3657 3579 3831 3653 duarmn

2309 3649 2684 3711 maceriarum,
2701 3650 3008 3705 obsidentes
3019 3650 3175 3705 Salva
3182 3660 3377 3713 torem,
3407 3649 3705 3705 tradendum
3716 3649 3829 3715 quasi

2310 3723 2596 3776 latronem.
2643 3719 2866 3775 Faciunt
2892 3720 3232 3786 calumniam,
3278 3721 3620 3776 inveniuntur
3659 3720 3703 3772 in
3739 3730 3832 3785 pro-

2308 3792 2479 3861 priam
2509 3790 2923 3861 conscientiam.
2948 3789 3217 3861 Accusant
3244 3799 3304 3861 ut
3328 3791 3433 3860 ipsi
3460 3795 3778 3861 accusentur,
3794 3792 3832 3834 et

2308 3853 2549 3916 adultera
2579 3862 2853 3915 liberetur.
2885 3859 3000 3914 Non
3029 3860 3226 3915 factum
3254 3853 3593 3929 displicebat,
3638 3856 3720 3912 sed
3754 3853 3831 3929 llo-

2310 3932 2486 4003 minus
2514 3947 2617 4003 non
2644 3929 3072 4003 placebat._Nam
3098 3944 3294 4003 omnes
3312 3922 3547 3984 adulteri
3582 3922 3832 4003 erantnihi-

2309 4002 2579 4056 casionem
2603 4000 2880 4053 inveniunt
2898 3998 2965 4054 de
2986 3999 3252 4069 adultera,
3272 4009 3329 4054 ut
3350 4006 3572 4069 possent
3590 3998 3722 4066 quasi
3729 3998 3833 4061 justo:

2309 4071 2602 4126 coloratam
2629 4078 2817 4138 aptare
2838 4068 3181 4123 calumniam.
3207 4067 3498 4124 Inveniunt
3518 4069 3741 4122 miseram
3757 4077 3834 4115 tuu-

2310 4140 2494 4194 lierem
2542 4138 2772 4194 recentis
2801 4139 3047 4192 adulterii
3077 4140 3286 4193 ustione
3317 4139 3578 4193 fuscatam
3598 4178 3614 4203 ,
3657 4142 3706 4189 ut
3743 4140 3835 4184 ante

2310 4210 2474 4279 pedes
2494 4209 2705 4264 Domini
2729 4209 2849 4279 nive
2875 4210 3212 4279 indulgenter
3230 4210 3540 4277 aspicerent
3566 4204 3831 4259 dealbatam.

2310 4278 2592 4334 Adducunt
2614 4278 2825 4348 plurimi
2849 4278 3599 4348 congregaticalumniatores
3618 4283 3669 4330 et
3686 4285 3835 4348 pecca-

2312 4358 2477 4413 tores,
2506 4346 2845 4403 insidiatores
2873 4358 2927 4403 et
2956 4350 3117 4403 fures.
3148 4346 3282 4402 Cum
3311 4348 3561 4403 adultero
3591 4346 3834 4414 portionem

2310 4410 2473 4474 suami
2488 4420 2759 4487 ponebant
2789 4416 2958 4487 (Psnl.
2993 4433 3136 4479 χιιι,
3180 4417 3282 4487 ι8),
3312 4428 3373 4472 et
3401 4410 3835 4487 adiilteranedeluf

2310 4482 2521 4559 cebani.
2560 4482 2911 4559 Adduxerunt
2952 4482 3337 4559 mu_lti_unain,
3365 4488 3435 4559 ad
3483 4486 3635 4559 unius
3676 4482 3836 4559 Domitii

2314 4558 2717 4626 indulgentiam.
2752 4557 2989 4621 'l‘raltite,
3019 4556 3208 4623 Judaei,
3241 4558 3464 4628 trahite,
3495 4556 3669 4628 ejicite
3682 4552 3835 4628 deiol-

2311 4617 2517 4702 quitaie
2554 4628 2848 4702 adulteram
2896 4617 3211 4702 mulierem';
3257 4617 3490 4702 liberate
3523 4617 3836 4702 'de_lluctibu§

2312 4694 2513 4770 apertis
2558 4698 2805 4770 rimatam
2862 4698 3313 4770 tabulisiiavem.
3344 4694 3716 4770 _Consuluistis
3748 4701 3836 4741 nan

2311 4765 2624 4831 confracta,
2653 4766 2803 4821 novit
2839 4781 2955 4820 eam
2985 4766 3177 4821 artifex
3203 4765 3467 4821 Dominus
3493 4765 3833 4831 compaginart‘.

2310 4830 2652 4901 concludere,
2675 4836 2959 4904 castigare,
2985 4836 3158 4892 linire.
3176 4834 3485 4891 Exsiccavit
3505 4834 3574 4890 de
3592 4833 3673 4887 illa
3691 4830 3833 4884 hume-

2313 4923 2490 4962 rosam
2534 4907 2824 4973 sentinam,
2867 4914 2925 4959 at
2955 4908 3105 4961 vobis
3147 4907 3433 4960 faeculenta
3462 4909 3691 4959 remanet
3735 4912 3835 4951 cuii-

2312 4977 2553 5032 scientia.
2601 4976 2717 5031 Non
2757 4978 2894 5031 bi-ne
2933 4977 3177 5030 voluistis
3214 4976 3435 5029 malitia:
3486 4976 3835 5041 remosteneu:

2312 5056 2500 5102 contra
2531 5048 3014 5120 miseraiii_navem,
3037 5060 3166 5120 ecce
3193 5060 3289 5099 vos
3318 5044 3591 5120 incipietis
3613 5040 3837 5120 ealumnee

2319 5125 2511 5171 vestra:
2533 5117 2754 5172 internis
2773 5104 3021 5171 ﬂuctibus
3047 5116 3312 5183 laborare,
3334 5124 3393 5169 et
3417 5104 3507 5169 illa
3530 5104 3837 5183 ῐηιοίρίαμηξιὶῡ

2318 5186 2582 5255 pudicitia:
2611 5188 2879 5255 navigare.
2910 5184 3076 5251 Vade,
3109 5174 3316 5255 mulier,
3347 5185 3418 5238 ad
3446 5174 3686 5253 pietatem
3711 5174 3835 5255 μαιμο

2318 5246 2478 5325 ceris,
2504 5272 2610 5311 non
2633 5258 2699 5327 ad
2725 5246 3096 5327 seveljtatem;
3136 5246 3613 5327 adimperaiorem
3640 5246 3835 5327 traheris

2321 5341 2426 5379 non
2464 5317 2531 5379 ad
2568 5326 2825 5395 judicem.
2856 5323 2924 5378 Et
2951 5325 3055 5379 illis
3081 5337 3136 5381 et
3175 5325 3268 5378 tibi
3299 5317 3452 5379 venit
3498 5322 3614 5376 linis
3639 5337 3651 5371 :
3679 5317 3757 5395 tibi
3777 5327 3835 5395 gl}

2319 5378 2651 5461 uialeviv'a—s,
2672 5378 2677 5379 γ
2696 5378 2887 5451 illisut
2915 5378 2976 5450 se
3000 5378 3139 5449 male
3166 5378 3412 5449 viventes
3452 5394 3742 5462 agnoscant.
3777 5378 3836 5434 Ριι

2319 5479 2540 5535 magnus
2557 5457 2869 5527 concursus,
2899 5472 3111 5520 tenetur
3132 5462 3349 5535 trepida
3362 5457 3577 5535 mulier,
3603 5457 3836 5535 multorum

2246 5549 2250 5553 ‘
2321 5522 2568 5592 manibus
2587 5522 2889 5603 adducitur,
2913 5537 2964 5590 in
2993 5535 3170 5590 medio
3191 5522 3468 5589 statuitur.
3491 5522 3649 5603 Quasi
3673 5539 3763 5603 non
3778 5522 3837 5575 in-

2319 5608 2637 5674 terrogaturi
2661 5646 2677 5670 ,
2724 5606 2817 5660 sed
2841 5592 2951 5675 jam
2980 5604 3357 5675 reprehensuri
3394 5592 3585 5675 levawtis
3624 5599 3671 5654 in
3709 5592 3837 5675 eli!!!“

2317 5664 2876 5749 cumiurore'palliis',
2922 5664 3230 5749 ctutunicis,
3273 5673 3516 5749 vultibus
3529 5664 3836 5749 conturbat-if.

2317 5747 2487 5802 oculis
2527 5739 2840 5813 cruentatis,
2862 5739 3095 5800 vocibus
3119 5744 3399 5815 permixtis
3416 5739 3836 5815 cdnfttse,_stanl§§

2317 5824 2440 5870 ante
2469 5816 2764 5880 sedentem,
2795 5805 3099 5869 clamabant
3125 5805 3208 5868 'ad
3255 5820 3547 5875 tacentem,
3594 5807 3679 5864 sed
3711 5805 3835 5880 tam

2314 5885 2636 5955 iudicantem
2661 5904 2673 5938 :
2700 5874 2909 5953 Mulier,
2935 5886 3195 5955 inquiunt,
3218 5884 3313 5937 ista
3336 5883 3393 5936 in
3424 5880 3668 5934 adulterio
3692 5874 3837 5925 deme-
