3996 6522
609 403 708 462 871

611 534 710 572 nos
735 520 836 570 luit
860 514 1157 570 domestica
1186 511 1568 569 controversia
1591 552 1607 577 ,
1639 511 1764 565 dum
1791 524 1896 577 ego
1920 518 2193 565 mortuum

611 601 718 642 non
749 598 1012 654 agnosco,
1049 591 1106 639 et
1133 583 1311 637 vivum
1343 581 1509 654 lilium
1543 588 1740 654 repeto
1769 598 1782 631 ε
1815 587 1872 634 et
1906 579 1996 634 illa
2021 593 2197 654 suum

605 647 836 723 deputat
856 647 1059 723 vivum,
1080 660 1138 708 et
1158 665 1334 707 meum
1355 651 1486 723 dicit
1505 647 1623 705 esse
1644 647 1972 723 defunctum.
2002 649 2196 723 _Adest,

603 718 874 788 domine,
914 722 1066 777 testis
1116 729 1350 776 natura:
1390 720 1613 787 dignare
1664 719 1807 773 inter
1855 733 1956 773 nos
1994 718 2194 786 justam

603 791 856 863 proferre
879 791 1224 863 sententiam.
1255 789 1522 863 Continuo
1551 788 1811 863 Dominus
1840 788 1933 863 ille
1949 789 2040 856 qui
2058 789 2197 863 _visi-

607 857 658 918 ia
672 869 844 925 verat,
870 863 963 930 qui
987 860 1306 930 sapientiam
1341 857 1702 930 promiserat,
1733 857 2029 926 ingreditur
2054 857 2198 930 intra

604 925 920 988 Salomonis
946 925 1162 984 arcana.
1196 927 1380 983 Posuit
1409 928 1480 982 ibi
1501 927 1683 981 sedent
1715 925 1900 991 suam,
1930 927 2094 995 coepit
2129 925 2198 982 de

608 1003 701 1057 illo
735 1008 986 1064 tanquam
1012 999 1080 1053 de
1105 997 1305 1066 templo
1328 1012 1429 1052 suo
1456 997 1568 1050 sola
1600 997 1878 1062 interiecta
1909 997 2048 1066 nube
2072 1011 2198 1066 cor-

609 1071 764 1138 poris
779 1068 1044 1135 judicare,
1065 1076 1124 1120 ut
1149 1065 1335 1138 posset
1357 1066 1525 1138 talem
1555 1075 1758 1138 natura:
1787 1065 2008 1138 rixantis
2037 1065 2197 1119 intel-

607 1133 1181 1207 ligere'quazstionem.
1233 1135 1371 1207 Quid
1396 1177 1414 1202 ,
1446 1137 1657 1207 inquit,
1685 1136 1900 1207 dicitis?
1935 1133 2091 1207 Inus
2116 1141 2201 1207 est

616 1203 773 1265 vivus
801 1203 974 1262 lilius?
1019 1205 1186 1268 Meus,
1223 1205 1463 1273 domine,
1493 1205 1582 1259 illa
1609 1206 1892 1259 clamabat.
1935 1203 2073 1266 Non,
2103 1204 2200 1258 sed

618 1294 771 1335 meus
786 1287 874 1333 est
891 1277 1062 1336 vivus.
1080 1283 1136 1329 et
1154 1275 1318 1343 ipsius
1333 1283 1417 1329 est
1430 1284 1693 1328 mortuus.
1723 1276 1834 1329 Hoc
1849 1274 2196 1339 alternantes,

617 1348 834 1408 dubiam
863 1346 1158 1401 reddebant
1183 1345 1464 1412 caliginem
1493 1344 1760 1399 mulieres.
1809 1345 1921 1397 Lux
1951 1346 2017 1399 de
2047 1343 2202 1398 Salo-

619 1431 780 1471 mone
813 1430 1101 1484 coruscans
1126 1454 1140 1476 ,
1179 1413 1323 1467 illam
1351 1414 1518 1484 cmpit
1556 1413 1804 1484 nebulam
1836 1413 2115 1484 dissipare,
2146 1421 2202 1467 et

619 1486 778 1539 talem
793 1485 1035 1553 prorupit
1052 1483 1103 1536 in
1120 1498 1325 1543 vocem,
1350 1483 1601 1553 intonans
1621 1483 1820 1552 regiam
1836 1483 2156 1549 poteStatem
2182 1498 2196 1534 :

617 1553 1059 1624 Aﬂ'erte,iinquit,
1086 1553 1421 1624 machaeram,
1450 1552 1648 1624 e_t_date
1675 1554 1838 1605 vivum
1866 1552 2116 1621 infantem
2146 1561 2203 1604 ut

620 1618 801 1697 giodie
824 1618 1084 1697 diuidamr
1113 1619 1298 1690 (lbid.,
1326 1620 1438 1697 24).
1468 1618 1546 1674 Ne
1568 1621 1673 1675 ulla
1695 1635 1817 1697 pars
1837 1618 2202 1697 membrorum

621 1689 653 1750 5
680 1693 991 1748 mulieribus
1011 1689 1306 1760 separetur,
1333 1689 1484 1758 jubet
1504 1698 1563 1744 ut
1584 1690 1861 1760 parvulum
1891 1690 2067 1760 vivum
2091 1705 2204 1743 ma-

620 1765 796 1820 cliazra
833 1757 1126 1824 secarent',
1172 1768 1228 1814 et
1272 1773 1304 1812 a
1338 1757 1537 1813 natura
1569 1757 1889 1814 dividerent.
1930 1757 2206 1814 Exclamat

620 1847 764 1888 verre
800 1831 991 1887 matris
1030 1829 1282 1890 allectus;
1331 1837 1601 1884 commota
1641 1837 1768 1884 sunt
1800 1828 2034 1891 viscera,
2075 1828 2202 1882 dum

621 1910 766 1958 esset
792 1909 996 1955 armata
1025 1899 1309 1954 machaera.
1341 1896 1479 1959 Noli,
1507 1897 1640 1964 noli,
1678 1897 1914 1953 domine.
1947 1897 2204 1966 interpel-

621 1972 729 2031 lavi
773 1986 872 2040 pro
916 1969 1107 2034 lucro,
1158 1983 1264 2022 non
1307 1982 1406 2040 pro
1446 1966 1725 2040 dispendio
1771 1982 1914 2022 meo.
1963 1966 2204 2040 Qpposni

621 2035 918 2108 querelam,
932 2046 990 2092 ut
1005 2053 1090 2094 me
1107 2035 1461 2109 peccatricem
1483 2035 1593 2091 non
1617 2035 1845 2109 facerem
1862 2037 2202 2109 parricidam.

625 2106 769 2175 Noli,
805 2109 1046 2175 domine,
1068 2106 1137 2162 ne
1161 2121 1314 2176 seces
1343 2125 1358 2160 :
1385 2108 1511 2161 dum
1540 2106 1818 2176 parvulum
1848 2106 2061 2172 dividis,
2087 2120 2206 2176 om-

621 2196 780 2250 nem,
808 2178 855 2232 si
882 2177 1138 2245 dignaris,
1173 2175 1302 2232 linio
1328 2175 1707 2250 quaestionem.
1731 2175 1924 2250 Totum
1941 2175 2209 2250 possideat

621 2245 1009 2310 innocentem,
1053 2255 1226 2302 totum
1269 2245 1428 2300 tollat
1473 2245 1754 2301 iniautent.
1809 2245 1975 2299 Vivus
2010 2245 2110 2307 sit,
2152 2253 2209 2298 et

626 2319 794 2388 ipsius
820 2317 909 2372 sit.
953 2315 1315 2388 Siiainbarum
1345 2317 1471 2381 erit,
1500 2314 1700 2388 nullius
1723 2315 1846 2388 erit.
1879 2313 1998 2369 Noli
2023 2313 2209 2368 oculos

625 2382 783 2446 meos
817 2386 1058 2456 pignoris
1092 2385 1198 2439 mei
1242 2385 1477 2456 innocuo
1517 2382 2115 2456 sanguinejunestare,
2144 2399 2210 2438 ne

627 2459 730 2514 ista
754 2451 972 2524 incipiat
997 2457 1066 2510 de
1087 2469 1206 2508 mea
1231 2454 1464 2524 orbitate
1483 2467 1735 2524 gaudere.
1759 2453 1941 2516 Certe,
1969 2451 2208 2524 domine,

627 2530 672 2585 si
703 2529 818 2596 ipsa
858 2522 1155 2596 possederit
1180 2523 1493 2596 parvulum.
1525 2523 1747 2596 babebo
1783 2533 1838 2578 et
1873 2537 1977 2591 ego
2011 2523 2064 2576 in
2092 2522 2212 2588 ejus

1632 396 1968 456 APPENDIX
2007 397 2096 452 AD
2123 395 2182 454 S.
2207 395 2568 454 FULGENTI]
2605 393 2852 450 OPERA.

3713 399 3784 456 872

2227 515 2267 569 Λ
2295 509 2436 566 diem
2466 524 2648 562 verum
2679 521 3008 575 gemmarum
3036 504 3154 560 luce
3183 505 3443 562 vincebat.
3470 507 3600 564 Inter
3615 511 3785 570 hacin.

2296 593 2402 647 que
2433 578 2570 644 regis
2596 592 2790 632 nomen
2819 577 3176 658 meritumque
3203 579 3657 658 ninnstrabat,qua:
3677 598 3786 658 quam

2297 644 2509 726 magna,
2537 661 2698 726 quam
2727 646 3031 726 perspicua,
3063 651 3171 726 tam
3197 644 3443 726 videlicet
3466 644 3680 726 pretiosa.
3692 644 3790 710 Ῥω·

2298 714 2485 789 tiosior
2523 714 2737 780 collata
2764 714 3039 789 sapientiae
3075 715 3250 769 inerat
3275 714 3557 789 claritudo,
3582 734 3680 786 qua:
3699 738 3786 789 pro.

2297 786 2513 858 phetieo
2553 800 2750 854 vapore
2777 783 3154 858 resplendens,
3184 785 3450 852 prmerita
3476 783 3663 858 decuit,
3688 783 3793 847 tuon.

2297 854 2507 928 stravit
2541 855 2868 928 praesentia,
2914 854 3107 928 cecinit
3153 862 3212 928 et
3259 861 3453 928 tutura.
3508 855 3624 928 Dum
3669 859 3793 928 itaque

2299 925 2511 994 paterni
2541 923 2690 992 regni
2721 923 2984 994 potiretur
3010 923 3234 994 imperio
3256 961 3273 986 ,
3316 923 3488 990 primo
3531 926 3690 980 frontis
3711 923 3794 983 eia.

2299 992 2444 1066 mine
2463 993 2992 1066 duarumimulierum
3020 992 3207 1066 durior
3229 1007 3356 1047 cura
3386 994 3688 1062 proponitur,
3707 1015 3796 1066 quas

2296 1064 2457 1118 unius
2486 1064 2744 1133 temporis
2769 1069 2953 1130 partus
2982 1078 3139 1131 pares
3167 1059 3369 1117 fecerat
3389 1059 3594 1123 matres,
3623 1059 3797 1122 et'unius

2295 1135 2542 1203 compagi
2577 1134 2807 1200 tegmine
2831 1141 3084 1198 retentae,
3117 1133 3257 1203 inter
3280 1147 3401 1203 sera
3427 1133 3636 1193 silentia,
3662 1139 3798 1202 quibu.

2294 1202 2461 1258 morti
2492 1203 2680 1258 similis
2720 1203 2894 1257 somni
2941 1217 3107 1270 sopor
3143 1202 3446 1264 inducitur,
3485 1219 3514 1255 e
3541 1203 3711 1261 duabus
3731 1224 3797 1262 una

2295 1273 2653 1342 oppressione
2677 1273 2755 1326 sui
2779 1272 3024 1340 corporis
3044 1280 3375 1342 praegravata
3398 1273 3582 1327 misere
3606 1285 3745 1328 natum
3763 1279 3798 1332 in

2296 1341 2532 1412 mortem
2559 1341 2808 1412 deprimit
2836 1342 3194 1412 innocentem.
3245 1341 3359 1395 Alia
3384 1358 3532 1412 ivero
3566 1344 3686 1408 vigili
3718 1345 3799 1400 data

2302 1411 2568 1476 custodia,
2599 1410 2834 1466 servavit
2861 1410 3028 1464 lilium
3059 1419 3297 1465 materna
3342 1410 3541 1479 pietate
3568 1414 3745 1478 victura;
3767 1428 3802 1469 at

2297 1481 2394 1534 illa
2423 1481 2685 1536 mendacii
2715 1479 2856 1536 dolis
2883 1490 3110 1540 armata,
3144 1482 3319 1534 vivum
3349 1479 3513 1534 lilium
3550 1485 3682 1536 matri
3701 1501 3801 1538 soui-

2305 1551 2470 1604 niauti
2494 1551 2760 1608 subduxit.
2783 1549 2988 1617 sibiqu.o
3011 1556 3042 1601 t.
3065 1550 3267 1604 ‘laciler
3294 1550 3564 1618 applicoil,
3583 1554 3802 1607 remedium

2300 1635 2410 1674 non
2440 1634 2755 1690 possessam
2787 1627 2931 1688 quod
2987 1630 3112 1674 εωι.
3152 1619 3284 1673 Dum
3315 1619 3478 1690 igitur
3503 1621 3552 1673 in
3581 1622 3720 1676 lucent
3741 1640 3804 1675 nu-

2305 1690 2406 1744 ctis
2434 1691 2672 1745 tenebrae
2699 1697 3103 1758 run-pereuntur,
3135 1697 3192 1743 et
3217 1690 3410 1745 collata
3451 1689 3534 1743 die
3573 1693 3805 1746 umbrarum

2305 1759 2480 1826 caligo
2527 1775 2649 1814 cum
2695 1757 2887 1812 somno
2929 1757 2996 1812 ad
3035 1767 3308 1828 tempus.e
3351 1758 3556 1828 mundo
3583 1762 3806 1820 transisset.

2310 1837 2482 1883 mater
2507 1829 2592 1883 sui
2647 1829 2872 1899 caritate
2911 1827 3157 1882 sollicita
3188 1827 3643 1899 mortuumililium
3677 1831 3809 1899 aspicit

2307 1913 2427 1952 esse
2452 1913 2562 1968 non
2591 1898 2894 1968 proprium,
2907 1912 2983 1968 Aac
3008 1912 3167 1968 suum
3209 1897 3389 1950 vivum
3420 1898 3630 1968 miratur
3652 1897 3808 1954 alterius

2307 1967 2464 2022 lateri
2491 1964 2822 2036 cop'ulaium.
2877 1964 3163 2020 Mendaces
3209 1981 3340 2036 ergo
3387 1966 3634 2036 simulque
3659 1984 3811 2023 veraces

2305 2045 2662 2106 prosurguut,
2691 2044 2931 2103 strepere
2959 2036 3241 2089 mulierum
3270 2036 3592 2106 certamina,
3621 2039 3747 2092 verba
3765 2040 3810 2090 si-

2310 2103 2418 2161 inul
2447 2122 2510 2160 ac
2539 2107 2724 2160 lacerti
2755 2119 2945 2160 manus
2982 2113 3279 2159 armantur.
3324 2104 3434 2159 Sed
3462 2105 3545 2174 pia
3571 2116 3715 2160 mater
3733 2122 3811 2173 Qum

2309 2191 2439 2231 caro
2467 2176 2586 2230 sinu
2615 2183 2953 2239 servaverat,
2986 2174 3080 2228 tali
3110 2189 3270 2242 prece
3301 2177 3480 2240 regios
3506 2189 3673 2228 sensus
3696 2176 3810 2230 incla-

2311 2254 2424 2301 mat
2454 2262 2468 2299 :
2498 2244 2635 2300 Novi
2658 2245 2872 2314 quidem
2906 2245 3113 2314 paterni
3146 2245 3291 2314 regni
3321 2245 3497 2299 haeres
3523 2245 3660 2297 simul
3684 2254 3727 2298 et
3747 2263 3810 2298 nu-

2311 2313 2716 2384 men,concessa
2727 2313 2826 2384 tibi
2837 2313 3036 2370 OtBlt'sli
3047 2313 3261 2384 justitia
3277 2322 3332 2368 et
3351 2314 3574 2384 sapienti
3589 2314 3812 2375 libramine,

2312 2384 2444 2439 nihil
2477 2383 2721 2440 sensibus
2754 2383 2860 2437 tuis
2892 2382 3189 2438 obcelatur.
3238 2382 3349 2451 Age
3378 2382 3517 2438 nunc
3541 2399 3724 2438 causam
3743 2387 3812 2436 nati

2303 2454 2494 2510 miseri
2516 2454 2640 2515 mei,
2665 2467 2824 2517 quem
2854 2452 2973 2508 ideo
3001 2453 3190 2507 videor
3216 2453 3269 2506 in
3295 2453 3469 2509 lucem
3496 2453 3762 2522 profudisse,
3779 2465 3814 2505 ut

2308 2525 2439 2579 dum
2468 2523 2568 2577 sibi
2597 2539 2626 2575 a
2659 2522 2895 2577 lalsidica
2925 2523 3244 2585 vindicatur.
3276 2531 3332 2576 et
3359 2532 3558 2576 mortes
3583 2532 3813 2589 exaggerat.

2235 1868 2281 1927 Β

629 2591 797 2654 oculis
825 2591 1197 2664 participium.’
1221 2591 1426 2664 Yidebo
1460 2593 1562 2647 sub
1590 2593 1762 2648 aliena
1802 2602 1972 2646 matre
1996 2607 2220 2662 posses—
2306 2603 2370 2649 et
2388 2607 2447 2647 se
2466 2592 2784 2664 singultibus
2805 2592 3081 2664 innoxium
3111 2594 3370 2664 maternis
3389 2593 3616 2647 ablatum
3636 2591 3815 2647 uberibus

532 2697 541 2706 -
628 2682 766 2721 sum.
806 2662 1072 2733 Aspiciam
1107 2662 1458 2733 gradientem,
1491 2670 1845 2733 crescentem,
1874 2668 2207 2726 currentem;

629 2738 825 2792 tenebo
861 2729 1151 2803 aliquando
1194 2746 1288 2801 per
1335 2732 1568 2803 plateam
1612 2729 1824 2786 furtivis
1870 2745 2015 2803 vera‘
2041 2741 2215 2786 mater

629 2799 966 2875 amplexibus
989 2799 1458 2875 transeunteni_._E_t
1487 2801 1599 2866 illa,
1628 2815 1790 2875 quam
1821 2799 2213 2875 non_admone-

629 2869 736 2931 bat'
749 2882 972 2940 natura,
1003 2886 1109 2926 non
1140 2870 1554 2940 interpellabant
1578 2871 1894 2940 et_viscerai.
1933 2869 2106 2936 Bene,
2135 2870 2217 2924 in-

629 2945 766 3014 quit,
789 2938 1165 3014 jussis_ti,_rex;
1201 2939 1507 3014 dividatur,_
1519 2938 1814 2996 dividatur.
1841 2939 2217 3014 _Certe_mater

629 3008 708 3070 es.
743 3008 878 3068 ante
904 3008 1142 3076 dicebas,
1172 3023 1325 3064 meus
1349 3017 1433 3064 est
1458 3009 1632 3072 vivus,
1657 3024 1798 3066 nunc
1823 3009 1979 3076 dicis,
2005 3008 2215 3064 divida-

633 3092 738 3138 tur.
769 3079 930 3138 Certe
955 3088 1128 3151 mater
1149 3093 1227 3134 es.
1253 3077 1390 3132 Vera
1412 3086 1585 3151 mater
1603 3080 1945 3151 avertebatur
1966 3077 2218 3151 lacrymis

633 3153 934 3208 oculorum.
973 3148 1243 3204 Continuo
1271 3162 1368 3219 rex
1398 3165 1412 3201 :
1443 3147 1637 3212 Parce,
1669 3149 1861 3219 inquit,
1879 3147 2218 3219 _paree,'noli

546 3238 554 3249 '
631 3235 816 3277 secare
837 3219 1120 3287 integrum,
1138 3218 1262 3287 quia
1285 3217 1552 3286 integrum
1571 3218 1714 3273 sensi
1734 3217 1922 3287 matri;
1943 3217 2212 3274 allectum.

633 3291 798 3347 Dolor
843 3285 996 3344 testis
1040 3295 1123 3342 est
1143 3285 1170 3351 ,⁷
1197 3285 1428 3355 gemitus
1452 3289 1647 3356 probat
1668 3329 1684 3353 ,
1712 3286 1858 3356 quod
1883 3285 2016 3356 farsa
2045 3297 2218 3340 mater

633 3366 868 3414 accusat.
913 3355 1040 3413 [hec
1084 3366 1168 3412 est
1208 3371 1336 3411 vera
1378 3355 1552 3411 mater
1589 3369 1709 3424 qua:
1733 3355 1842 3411 non
1873 3355 2218 3411 dividendum

632 3427 932 3500 proclamat
977 3425 1497 3500 innocentem,_sed
1541 3439 1694 3500 suam
1741 3425 1798 3500 in
1847 3425 2059 3495 integro
2104 3425 2218 3479 vult

2313 2659 2696 2732 conqueratur.
2719 2659 2902 2716 Teneo
2932 2663 3111 2731 itaque
3141 2663 3476 2731 propositum
3506 2677 3683 2732 meum,
3705 2669 3762 2728 et,
3783 2670 3816 2715 te

2308 2730 2496 2802 judek,
2533 2746 2640 2786 non
2669 2731 2933 2802 dimittam
2951 2745 3113 2802 aqua:
3141 2730 3556 2802 Servavivivnm
3583 2730 3735 2802 lilium,
3755 2747 3816 2802 ca-

2315 2799 2480 2856 daver
2508 2815 2616 2856 non
2650 2801 2909 2869 accipiam
2939 2801 3190 2855 alienum.
3237 2799 3470 2869 Angitur
3496 2802 3624 2855 inter
3645 2801 3734 2854 hac
3753 2799 3817 2854 Sa-

2316 2871 2547 2927 lomonis
2573 2871 2717 2938 regis
2745 2872 3062 2939 deprompta
3086 2869 3291 2939 justitia
3323 2911 3340 2936 ,
3385 2880 3442 2925 et
3468 2869 3716 2939 deligendo
3736 2885 3818 2924 seu-

2313 2942 2538 2996 tentiani
2563 2938 2846 2994 mulierum
2876 2943 3190 2995 certamina.
3219 2938 3340 2995 Pari
3369 2941 3534 2994 veluti
3561 2938 3718 2993 dolore
3738 2954 3817 2992 sur-

2317 3021 2507 3081 gentes
2566 3009 2863 3081 iudiciariis
2927 3010 3160 3064 motibus
3225 3009 3507 3081 intuentur
3565 3017 3815 3081 mortuum;

2314 3077 2560 3148 utrmque
2587 3079 2774 3133 dicunt
2799 3094 2918 3135 esse
2934 3095 3054 3148 _non
3079 3093 3274 3148 suum,
3314 3080 3498 3135 vivum
3526 3087 3730 3148 utrmque
3748 3077 3819 3131 suis

2312 3145 2799 3206 exclamationibus
2852 3145 3164 3203 defendunt.
3233 3147 3421 3205 Nullus
3467 3149 3612 3206 testis
3650 3145 3820 3202 assertor

2245 3234 2289 3296 ς
2320 3219 2606 3284 inducitur,
2631 3217 3075 3296 causanocturni
3095 3217 3293 3296 silentii
3320 3218 3623 3296 ventilatur,
3644 3223 3690 3272 et
3706 3217 3819 3296 solius

2320 3297 2525 3342 tantum
2556 3283 2772 3342 nefandi
2799 3287 2978 3342 lectuli
3009 3287 3350 3342 latrocinium
3378 3295 3700 3344 monstratur.
3730 3283 3819 3339 Cum

2307 3357 2496 3414 subito
2524 3365 2655 3413 nutu
2695 3357 2788 3412 illo
2814 3356 3008 3411 divina:
3036 3357 3246 3411 virtutis
3283 3357 3336 3412 in
3378 3372 3491 3414 quo
3516 3357 3694 3413 veritas
3713 3369 3817 3409 com-

2319 3428 2610 3498 probatur,
2641 3427 2695 3482 in
2723 3434 2906 3496 partes
2932 3426 3100 3482 scindi
3113 3425 3275 3498 jubet
3323 3424 3579 3498 infantem
3601 3465 3616 3490 ,
3652 3433 3701 3480 ut
3727 3424 3820 3498 inter

634 3493 882 3575 amittere
910 3494 1383 3575 portionetn._lpsi
1427 3493 1731 3575 eum__date.
1780 3493 1900 3563 Ipsa
1937 3493 2021 3550 est
2049 3505 2224 3575 niater
2311 3493 2664 3575 servatricem
2687 3493 2926 3575 matrem
2954 3503 3068 3575 ,“et
3110 3496 3252 3550 inter
3292 3496 3379 3551 sui
3419 3505 3603 3575 partus
3634 3494 3818 3574 netariam

635 3566 772 3634 ejus.
822 3563 1030 3634 Accipit
1077 3565 1165 3634 illa
1204 3563 1344 3619 ulnis
1369 3564 1678 3634 patentibus
1704 3579 1927 3633 puerum
1951 3604 1967 3627 ,
1999 3564 2220 3634 caeleste

634 3632 809 3706 cinpit
827 3632 1046 3690 laudare
1073 3633 1352 3706 judicium.
1371 3632 1385 3634 “
1407 3632 1502 3706 illa
1552 3632 1833 3706 acceptum
1865 3649 2088 3706 puerum
2114 3633 2220 3688 cir-

634 3703 1006 3774 cumplexatur
1026 3742 1043 3766 ,
1088 3712 1145 3774 et
1188 3703 1361 3758 dulcia
1407 3703 1575 3774 figens
1609 3703 1793 3774 oscula
1818 3743 1833 3767 ,
1865 3703 2132 3758 clamabat
2166 3711 2220 3757 et

634 3773 850 3831 dicebat
875 3791 889 3827 :
922 3773 1217 3829 Secundum
1245 3773 1624 3827 multitudinem
1649 3773 1885 3827 dolorum
1909 3788 2135 3827 meorum
2164 3774 2220 3826 in

533 3894 548 3912 ,
635 3844 789 3899 corde
827 3859 969 3907 meo,
1007 3843 1398 3912 consolationes
1423 3851 1525 3898 tua:
1552 3843 1955 3910 iucundaeerunt
1993 3842 2222 3912 animum

635 3930 802 3968 meam
848 3911 1022 3981 (Paul.
1077 3915 1257 3980 mn);
1312 3911 1437 3981 quia
1484 3911 1710 3966 lucidam
1759 3912 1888 3972 mihi
1949 3911 2221 3981 praebuisti

633 3985 893 4052 justitiam
921 3990 1067 4037 tuam
1087 4022 1104 4046 ,
1132 3991 1190 4036 et
1211 3995 1314 4050 ego
1341 3995 1554 4052 semper
1580 3981 1746 4052 feram
1768 3981 2011 4052 gratiam
2038 3989 2219 4046 tuam;

636 4051 762 4118 quia
793 4052 935 4107 inter
959 4065 1048 4106 me
1069 4058 1125 4106 et
1151 4058 1378 4106 matrem
1406 4051 1596 4107 ...lsam
1615 4051 1804 4105 dividit
1827 4051 2087 4104 machaera
2109 4058 2221 4117 tua,

638 4129 702 4176 ut
729 4121 867 4176 unde
896 4121 984 4175 alii
1010 4120 1215 4187 judices
1242 4120 1418 4175 solent
1443 4120 1641 4175 interre
1669 4128 1920 4185 mortem,
1951 4127 2008 4173 tu
2039 4134 2223 4174 veram

637 4191 706 4245 de
733 4190 912 4258 gladio
944 4189 1258 4252 delenderes
1280 4191 1614 4258 genitricem.
1651 4188 1795 4244 Bene
1829 4189 1990 4250 nosti,
2015 4204 2134 4256 rex,
2155 4187 2224 4244 de

639 4260 816 4326 gladio
843 4273 1093 4340 preterre
1107 4258 1359 4340 gladium,
1383 4267 1440 4340 et
1460 4275 1567 4340 non
1595 4259 1932 4340 sanguinem,
1955 4259 2052 4314 sed
2072 4272 2224 4340 amo-

640 4343 775 4390 rem,
805 4326 930 4396 quia
961 4326 1220 4383 rnachicra
1250 4337 1361 4389 tua,
1401 4328 1640 4394 domine,
1671 4343 1776 4383 non
1809 4328 1936 4382 mihi
1961 4336 2090 4384 sunt
2107 4326 2224 4383 vul-
2247 4337 2260 4348 ‘

642 4411 804 4465 nera,
833 4397 926 4452 sed
956 4399 1136 4468 potius
1163 4397 1449 4452 medicina.

1254 4487 1483 4542 SEINO
1521 4488 1611 4542 XI.

1279 4577 1359 4632 De
1384 4579 1582 4633 eodem.

709 4672 965 4729 Salomon
999 4669 1138 4725 sedit
1172 4669 1225 4724 in
1253 4669 1416 4724 domo
1447 4668 1610 4723 David
1640 4669 1804 4739 patris
1831 4670 1912 4724 sui
1931 4712 1946 4737 ,
1974 4677 2030 4723 et
2056 4684 2223 4739 appa-

641 4750 865 4797 ruerunt
891 4742 941 4796 ei
967 4740 1084 4796 dua:
1111 4741 1359 4794 cominus
1399 4739 1668 4793 mulieres.
1717 4738 1852 4794 Dum
1891 4738 2222 4794 caelestido-

641 4820 818 4883 ginate
843 4811 1012 4883 inlusa
1042 4809 1293 4883 Davidica
1333 4822 1572 4877 propago
1599 4817 1914 4883 gemmaret,
1945 4817 2006 4883 e_t_
2027 4808 2221 4883 regalis

643 4875 781 4934 aula:
807 4880 998 4934 solium
1033 4879 1192 4947 justas
1228 4875 1544 4945 regnaturus
1584 4875 1917 4933 ascenderet.
1964 4875 2112 4947 Erat,
2143 4877 2220 4947 (ni

642 4950 820 5017 lallor)
844 4949 948 5002 alta
969 4946 1146 5014 sedes,
1191 4949 1461 5016 specimen
1493 4949 1695 5017 templi,
1720 4948 1805 5002 cui
1835 4946 2220 5017 collatasdivi-

643 5022 746 5073 tias
773 5015 1060 5072 eminentia
1100 5015 1240 5072 tecta
1277 5017 1563 5086 portabant
1586 5015 1617 5081 ,'
1643 5031 1938 5085 aurumque
1980 5015 2218 5086 trabibus

644 5087 864 5142 infixum
893 5087 1110 5141 artillcis
1135 5085 1296 5140 manu
1323 5087 1653 5146 CllnCiUSlllll,
1685 5086 1956 5155 pulchrius
1980 5085 2213 5155 caelaba-

646 5166 734 5211 tur
779 5157 1140 5220 inconstructa
1189 5155 1480 5224 parietibus
1527 5154 1731 5219 moles,
1773 5156 1967 5209 decisis
2014 5154 2218 5208 nitebat

646 5226 927 5295 utrobique
955 5226 1308 5280 marmoribus
1331 5233 1386 5278 et
1423 5225 1703 5294 purpureis
1732 5225 1992 5295 lapidibus
2014 5225 2216 5295 stratis,

646 5303 705 5349 ut
730 5293 922 5363 regalis
945 5295 1137 5350 domus
1161 5293 1795 5364 claritudotulgesceret,’
1811 5293 2066 5363 quidquid
2096 5308 2218 5364 pre-

647 5365 841 5418 tiosum
871 5373 1043 5418 luerat
1069 5364 1392 5420 calcabatur.
1438 5363 1653 5418 Ebenus
1679 5363 1875 5431 speciei
1904 5377 2014 5417 suae.
2053 5363 2216 5418 orna-

647 5441 829 5503 mento
858 5435 1150 5501 reiulgens,
1182 5433 1342 5487 inlixa
1370 5432 1925 5503 postibus‘relucebat,
1953 5435 2217 5503 magnitu-

647 5500 824 5555 dinem
847 5503 925 5555 sni
955 5500 1138 5556 auxilii
1169 5500 1397 5557 atterens
1417 5517 1572 5570 quam
1602 5500 1850 5556 decorem
1881 5501 2019 5554 atrii.
2043 5500 2218 5557 Ebora

647 5573 966 5635 vestiuntur,
998 5572 1225 5624 thronus
1269 5573 1492 5638 gemmis
1539 5579 1762 5626 ornatus
1809 5570 2132 5637 insignibus,
2162 5579 2219 5626 et

649 5643 830 5696 stratis
876 5639 1275 5708 quodammodo
1304 5641 1607 5709 purpuratis
1647 5647 1834 5694 aurata
1859 5642 2072 5709 braetea
2101 5655 2221 5696 cre-

688 5706 923 5780 itabant;
954 5709 1107 5780 Sedit
1150 5706 1448 5764 intcr'hze'c
1489 5709 1912 5780 sapientissimus
1939 5706 2216 5774 Salomon,

672 5778 848 5850 'ulgido
874 5778 1177 5850 diademate
1203 5793 1484 5850 coruscum
1513 5778 1675 5850 caput
1709 5779 2004 5842 extollens,
2045 5789 2100 5850 et
2135 5783 2218 5835 vi-

649 5849 853 5906 brantia
875 5847 1072 5904 metalli
1100 5851 1184 5918 (ut
1213 5848 1284 5902 ita
1312 5847 1561 5914 dixerim)
1583 5847 1930 5922 operimento
1956 5848 2220 5921 perfusus,

2319 3566 2660 3629 homicidam,
2681 3564 2849 3631 judex
2876 3565 3083 3634 gladius
3108 3564 3571 3634 separaret.’Dum
3591 3564 3723 3631 igitur
3735 3576 3817 3634 vera

2312 3644 2496 3690 mater
2523 3635 2578 3690 in
2623 3630 3102 3703 miserum—corpus
3131 3630 3349 3689 infantis
3376 3630 3670 3701 impendere
3691 3630 3820 3683 vulnus

2319 3706 2604 3772 aspiceret,
2623 3703 2846 3759 internis
2859 3705 3092 3757 cruciata
3108 3704 3404 3758 visceribus
3419 3703 3590 3773 erupit
3603 3703 3649 3773 in
3665 3714 3817 3754 vocem:

2318 3773 2367 3845 0
2387 3771 2804 3845 duriornatune
2832 3773 3142 3845 necessitas,
3171 3788 3280 3840 quo
3303 3771 3556 3845 cogites,_
3560 3771 3635 3826 vel
3654 3783 3819 3845 queco-

2319 3843 2400 3912 gis
2426 3843 2593 3912 amari
2625 3843 2782 3905 tilios.
2811 3850 2905 3912 aut
2934 3843 3130 3897 liberos
3154 3837 3429 3911 procreari
3454 3844 3467 3894 ι
3518 3841 3645 3912 Ecce
3665 3837 3706 3892 in
3729 3837 3819 3890 diri.

2321 3909 2498 3967 dendo
2522 3927 2750 3981 corpore
2797 3909 3016 3967 infantis
3074 3909 3371 3981 maternum
3406 3910 3817 3981 scinditurpeclns

2317 3990 2378 4036 et
2403 3996 2521 4051 qua:
2545 3980 2707 4051 edere
2734 3983 2814 4036 sic
2841 3989 3152 4051 meruerunt
3177 3980 3363 4048 lilium,
3385 3983 3514 4050 ipsa:
3538 3983 3586 4034 in
3609 3980 3702 4051 lilio
3719 3983 3819 4030 ualu-

2320 4049 2658 4117 rali'vinculo
2687 4050 2971 4120 leniantur.
3003 4050 3169 4120 Imple
3193 4065 3342 4120 ergo.
3375 4049 3819 4106 clementissimus

2321 4133 2465 4188 gum,
2488 4135 2702 4176 causam
2718 4119 3023 4189 justissima:
3039 4119 3273 4187 pietatis.
3295 4119 3352 4174 Si
3376 4120 3541 4174 lilium
3561 4134 3656 4189 non
3675 4126 3820 4189 mereor

2323 4187 2520 4260 habere
2545 4205 2704 4260 quem
2723 4187 2926 4258 'peperi
2950 4231 2966 4256 ,
2995 4189 3039 4260 si
3068 4189 3146 4260 sic
3172 4190 3376 4260 lalsitas
3406 4192 3564 4244 inlert
3587 4187 3818 4243 orbitatem.

2322 4259 2519 4314 habeat
2547 4258 2758 4327 plenum
2780 4274 2976 4328 corpus
3003 4259 3052 4312 in
3082 4258 3210 4319 lilio.
3231 4258 3429 4314 h'abeat
3459 4260 3696 4324 integrum
3713 4267 3818 4328 quan

2323 4345 2429 4384 non
2457 4323 2624 4384 edidit
2652 4337 2852 4382 natum.
2879 4323 3038 4383 'Dum
3067 4329 3229 4382 alitur
3250 4366 3267 4389 ,
3305 4328 3435 4382 dum
3467 4323 3707 4388 nutritur,
3737 4323 3820 4375 dum

2322 4399 2390 4454 ad
2419 4399 2622 4465 majora
2650 4398 2979 4467 provehitur.
3009 4399 3054 4454 si
3077 4398 3292 4466 quando
3321 4397 3374 4451 in
3405 4406 3574 4452 semet
3597 4403 3819 4467 maternam

2323 4464 2601 4537 agnoverit
2627 4464 2902 4537 pietatem,
2926 4464 3166 4537 lortassis
3186 4477 3438 4534 agnoscet
3459 4475 3584 4521 aetas
3604 4464 3818 4537 legitimam

2325 4533 2658 4605 genitricem}
2706 4537 2822 4590 Alia
2861 4552 3012 4603 vero,
3040 4535 3180 4604 juSta
3208 4533 3523 4590 crudelitate
3560 4533 3820 4590 frendescens

2253 4589 2304 4648 D
2325 4589 2938 4681 δδμοίίξξέξέηωίίίιειιέ
2957 4589 3185 4681 agema
3206 4589 3451 4681 senis
3474 4589 3529 4659 ei
3565 4589 3819 4681 ίιενοςςμςο

2324 4677 2500 4740 culsa,
2533 4669 2602 4732 ne
2627 4678 2766 4731 bona
2790 4679 2964 4731 matre
3003 4674 3167 4746 filium
3206 4669 3522 4746 lucrifacere
3559 4669 3817 4746 pervidissel.

2322 4747 2516 4800 talibus
2544 4746 2814 4817 indignata
2863 4745 3142 4817 prmstigiis
3169 4745 3525 4817 conclamavit
3550 4740 3573 4797 ε’
3596 4740 3817 4817 Justisflime

2316 4829 2504 4888 regum
2520 4857 2534 4880 ,
2548 4816 2815 4888 optimam
2829 4823 2886 4869 et
2909 4816 3229 4883 condignam
3257 4815 3524 4888 protulisti
3550 4815 3814 4888 sententiain:

2322 4875 2738 4950 nevuni'la'vere,
2768 4883 2993 4938 alteram
3021 4875 3274 4952 premere
3292 4883 3576 4952 videreris.
3609 4875 3818 4952 Sciatis"!r

2319 4953 2554 5024 medium
2599 4943 2795 5024 corpus
2824 4943 3071 5024 infantis,
3101 4968 3199 5007 nec
3227 4953 3374 5024 mihi,
3406 4968 3504 5007 nec
3529 4951 3597 5006 illi
3621 4943 3815 5024 proﬁciat.

2321 5023 2413 5091 qui
2441 5039 2578 5096 unus
2615 5019 2936 5096 remansisse
2981 5023 3127 5096 visus
3171 5031 3264 5096 est_
3282 5037 3318 5096 e_
3341 5023 3560 5076 duobus.
3585 5019 3665 5096 _At
3688 5020 3816 5096 coniti

2315 5089 2516 5162 regalis
2537 5093 2755 5161 justitize
2782 5093 3207 5162 sapientissimus
3232 5092 3501 5162 Salomon
3533 5089 3672 5162 talem
3698 5089 3816 5138 incre-

2322 5159 2497 5233 pando
2526 5159 2748 5232 protulit
2771 5159 3136 5233 sententiain:
3168 5160 3348 5233 S:ev_a,
3377 5159 3659 5233 crudelior,
3681 5162 3816 5233 (ξι.οΨ

2321 5221 2467 5286 ilium
2498 5221 2692 5300 genere
2721 5233 3000 5287 noxiorum
3026 5221 3344 5286 infanticida
3361 5232 3606 5300 severior,
3632 5221 3732 5300 quid
3753 5229 3816 5271 uo-

2323 5294 2533 5356 vercale
2566 5303 2748 5356 adium
2785 5302 2837 5356 in
2877 5301 3014 5356 bene
3046 5307 3317 5355 servatum
3374 5299 3533 5352 lilium
3567 5294 3688 5349 male
3711 5300 3814 5344 eom-

2322 5372 2510 5440 ponis?
2538 5370 2744 5426 Habeat
2771 5371 3034 5440 integrum
3063 5371 3251 5430 lilium,
3275 5384 3433 5440 quam
3460 5380 3630 5440 veram
3654 5367 3814 5440 matrttn

2323 5436 2497 5510 pietas
2541 5436 2932 5510 comprobat-ii.
2991 5436 3432 5510 Utaturiet'haec
3471 5436 3813 5510 cadavereflltlg

2322 5497 2442 5591 quae
2471 5525 2577 5591 non
2603 5497 2747 5580 quod
2774 5510 3005 5564 nutriret
3030 5509 3274 5580 peperit,
3309 5507 3403 5564 sed
3434 5503 3574 5576 quod

2323 5588 2544 5636 invenit.

2913 5664 3146 5721 SERMO
3180 5664 3294 5724 XII.

2947 5755 3026 5812 De
3051 5757 3262 5828 Ioseph.

2393 5849 2593 5906 Omncs
2629 5840 2868 5917 pncclari
2899 5857 3018 5902 sunt
3052 5848 3142 5917 qui
3189 5846 3283 5902 Dei
3328 5844 3622 5915 mysterium
3659 5831 3811 5903 gerunt.
