3996 6588
318 404 422 461 881

1674 448 1693 491 ._
1711 402 2156 464 ssnuoavm.

3474 408 3579 464 883

313 518 553 591 audivit;
584 518 853 591 leprosum
873 517 1153 591 _mundavit
1173 528 1226 575 et
1249 507 1485 585 refulsit;
1510 519 1754 577 claudum
1779 537 1898 573 ere-
1928 526 1973 582 Α
1998 535 2317 591 cogeremur
2344 521 2487 589 loqui
2514 536 2611 590 pro
2635 520 2861 591 infante,
2892 523 2934 576 si
2958 522 3068 590 ipse
3097 536 3194 591 pro
3222 539 3280 577 se
3304 521 3445 591 loqui
3474 537 3579 575 non

316 590 418 648 xit,
451 598 507 643 et
532 589 797 652 cucurrit;
823 589 889 642 ad
918 598 1183 644 mortuum
1208 591 1503 655 descendit,
1549 598 1602 645 et
1629 591 1697 645 de
1726 599 1899 644 morte

314 659 570 719 surrexit,
604 667 658 712 et
686 669 967 728 coeperunt
988 658 1098 727 jam
1130 661 1367 728 pmnales
1390 675 1636 715 carceres
1663 659 1894 723 vacuari,

315 728 503 799 fractis
541 728 719 799 januis
747 727 939 799 inferni
965 727 1203 799 vectibus
1242 730 1369 798 ligni
1416 731 1467 784 in
1496 746 1603 799 quo
1642 729 1898 799 pependit

320 796 580 852 Dominus
617 797 758 853 cceli.
791 797 907 851 Jam
946 797 1194 866 ergo‘qui
1233 796 1360 853 fecit
1396 796 1582 854 orbem
1614 796 1895 865 terrarum,

317 869 481 923 orbes
525 869 731 938 aperuit
774 883 1058 923 caecorum.
1099 868 1144 923 Ο
1172 877 1375 923 rotator
1424 868 1640 938 ﬁgulus!
1692 877 1900 923 rotatas

312 947 403 991 est
431 939 624 999 verbo,
672 945 728 991 et
757 939 899 992 visus
928 938 1156 992 donatus
1201 947 1282 994 est
1309 954 1472 994 unco.
1506 938 1726 1008 Figulus
1754 938 1895 991 enim

314 1008 536 1077 quando
566 1022 690 1077 vasa
713 1008 983 1062 convolvit
1014 1008 1082 1077 de
1112 1008 1238 1063 limo
1266 1008 1559 1073 fermanda,
1612 1008 1897 1062 volubilem

314 1075 490 1146 tangit
519 1075 741 1146 pedibus
780 1086 976 1131 rotam.
1024 1076 1092 1131 Et
1139 1077 1329 1145 ﬁgulus
1367 1087 1548 1133 noster
1594 1077 1728 1132 vidit
1754 1086 1901 1131 rotas

312 1148 598 1217 oculorum
630 1147 754 1201 czeci
786 1156 1056 1210 vacantes,
1101 1148 1271 1216 tangit
1313 1163 1425 1212 eas,
1474 1163 1599 1217 non
1621 1147 1778 1217 pede,
1806 1146 1900 1202 sed

313 1230 472 1270 voce.
506 1215 702 1284 Tetigit
731 1217 1003 1284 agitando,
1026 1226 1080 1271 et
1111 1215 1358 1272 formavit
1381 1217 1566 1271 oculos
1590 1215 1774 1271 limum
1805 1231 1901 1284 po-

314 1286 517 1357 nendo.
539 1284 678 1357 Quid
694 1295 774 1340 est
798 1288 900 1342 hoc
910 1286 1093 1357 iunde
1113 1287 1218 1357 tale
1237 1285 1551 1357 collyrium?
1576 1285 1690 1357 Non
1708 1284 1774 1339 de
1795 1286 1902 1357 pig-

315 1355 517 1425 mentis
536 1355 822 1409 herbarum
845 1356 1143 1424 collyrium.
1169 1355 1285 1411 Non
1310 1355 1359 1409 in
1385 1356 1491 1425 pila
1516 1356 1800 1425 contritum
1826 1355 1893 1409 la-

314 1424 541 1497 boribus
554 1425 1112 1497 inedicorumiﬂomo
1131 1425 1364 1497 delimo,
1379 1424 1657 1497 collyrium
1679 1424 1746 1480 de
1764 1424 1897 1497 luto.

312 1492 606 1562 Quomodo
626 1495 769 1549 enim
786 1494 991 1549 aurifex
1007 1495 1204 1549 monile
1219 1492 1547 1550 confractum
1572 1511 1676 1548 non
1693 1494 1901 1562 argenti

314 1565 500 1634 specie
529 1573 772 1631 renovat,
797 1580 895 1619 nec
931 1566 1265 1634 argentarius
1287 1579 1411 1620 vasa
1446 1564 1674 1634 argenti“
1690 1562 1753 1619 de
1789 1579 1902 1618 me-

313 1631 452 1703 tallo
472 1634 643 1689 reficit
666 1635 780 1688 auri
810 1652 823 1687 :
852 1635 922 1688 ita
945 1631 1214 1688 et‘artilcx
1237 1632 1425 1703 ﬁgulus
1446 1631 1631 1689 ntister
1646 1631 1902 1703 Dominus

311 1702 610 1785 Christus,_
633 1720 727 1758 vas
755 1705 898 1785 quod
935 1703 1002 1785 de
1029 1701 1330 1785 limoufecit,
1362 1705 1429 1759 de
1459 1704 1572 1759 luto
1591 1701 1904 1785 _refecit._Et

314 1774 462 1829 unde
491 1775 677 1829 oculos
704 1773 905 1843 primos
934 1773 1201 1839 formavit,
1246 1774 1368 1829 inde
1408 1773 1673 1829 secundos
1717 1774 1904 1828 oculos

315 1844 616 1899 renovavit.
647 1843 777 1909 Quae
799 1844 969 1912 major
989 1851 1071 1898 est
1094 1844 1259 1909 gloria
1284 1844 1468 1898 orbem
1490 1844 1619 1899 solis
1646 1843 1899 1909 formare,

315 1928 386 1968 an
433 1915 559 1969 anei
607 1890 715 1967 na‘ti
765 1890 950 1969 ocufos
995 1890 1323 1968 reﬁfrmare?
1377 1913 1558 1969 Solem
1616 1890 1899 1968 illuminari
1934 1890 1980 1949 Β

316 1983 444 2038 fecit
490 1984 541 2037 in
590 1980 785 2038 throno
832 1982 1105 2047 sedendo,
1169 1999 1369 2040 aecum
1416 1984 1599 2038 videre
1635 1984 1905 2039 concessit

316 2069 417 2123 per
438 2053 642 2121 plateas
662 2053 838 2108 surculi
862 2052 1205 2108 ambulando.
1224 2053 1407 2122 Itaque
1429 2069 1534 2108 non
1558 2062 1743 2122 rogata
1758 2054 1905 2123 venit

316 2122 555 2188 claritas,
602 2132 655 2192 rt
697 2124 813 2177 sine.
862 2123 1045 2176 labore
1091 2138 1311 2192 precum
1361 2123 1608 2178 discessit
1645 2122 1904 2177 naturalis

316 2192 553 2247 accitas.
604 2191 829 2246 Mittitur
856 2193 922 2247 ad
956 2191 1235 2261 piscinam,
1284 2193 1428 2247 lavat
1455 2193 1679 2258 lumina,
1711 2193 1903 2261 recipit

317 2263 637 2324 claritatem,
672 2270 726 2316 et
766 2262 980 2316 ducitur
1028 2262 1094 2317 ad
1123 2273 1419 2317 certamen.
1462 2261 1507 2316 0
1534 2262 1809 2332 speculum
1840 2262 1902 2316 il-

315 2332 666 2387 Iuminatum!
716 2342 840 2387 ante
882 2348 989 2387 non
1037 2342 1248 2402 poterat
1286 2340 1629 2402 pugnareuet
1663 2332 1900 2397 vincere,

315 2403 422 2458 nisi
442 2402 711 2457 Christum
734 2399 1227 2457 illuminatis'oculis
1247 2399 1519 2457 adoraret.
1537 2399 1900 2456 Illuminatum

315 2471 697 2543 estspeculum
742 2472 891 2543 caeci,
938 2479 993 2525 et
1035 2472 1272 2527 tenebris
1315 2480 1440 2528 sunt
1485 2472 1657 2541 operti
1705 2469 1897 2525 Judaei.

315 2541 518 2599 Nolunt
543 2541 727 2596 videre
749 2542 801 2595 in
832 2543 1032 2597 lumine
1065 2543 1244 2597 alieno
1271 2559 1284 2595 :
1313 2542 1431 2596 ideo
1463 2557 1569 2610 non
1612 2549 1903 2610 potuerunt

316 2612 535 2682 superbi
576 2626 759 2665 verum
790 2613 1033 2681 aspicere
1075 2612 1252 2666 lumen
1285 2611 1337 2665 in
1365 2609 1497 2666 Deo.
1524 2609 1775 2682 Palaestra
1804 2626 1902 2682 pag

316 2680 470 2737 ratur
498 2689 618 2751 post
650 2680 863 2745 lucem,
892 2692 949 2736 et
992 2682 1126 2751 lucis
1154 2689 1343 2736 auctor
1372 2697 1476 2751 non
1520 2680 1719 2751 deserit
1762 2680 1902 2735 servi

316 2753 400 2808 sui
422 2750 705 2808 illuminati
726 2760 1016 2806 certamen.
1036 2750 1080 2805 Ο
1099 2752 1342 2818 palatstra
1359 2750 1707 2814 delectabilis,
1727 2762 1902 2820 pugna

316 2821 578 2878 claritatis
606 2830 794 2877 contra
837 2822 1087 2876 tenebras
1112 2819 1394 2876 cmcitatis!
1440 2819 1737 2875 Adducitur
1764 2835 1901 2878 Drac-

317 2901 481 2962 cepto
500 2892 773 2962 seniorum
788 2899 853 2962 et
874 2892 1173 2962 principum
1192 2889 1519 2962 Iud-morum,
1543 2889 1904 2962 circumdatur

318 2959 502 3016 lumen
533 2979 562 3016 a
591 2960 847 3027 tenebris,
875 2959 927 3017 et
957 2959 1116 3029 erigit
1139 2960 1371 3016 faculam
1395 2959 1759 3030 responsionis
1804 2975 1902 3029 pro

320 3031 583 3086 miraculo
611 3030 925 3085 Salvatoris.
961 3030 979 3086 1
1005 3039 1327 3100 .terrogatur
1355 3037 1410 3086 et
1436 3029 1746 3099 respondet,
1794 3030 1901 3084 cir-

319 3101 604 3158 cumdatur
631 3115 685 3156 et
714 3116 818 3154 non
846 3102 1130 3166 clauditur,
1174 3100 1406 3169 agitatur
1451 3109 1505 3155 et
1534 3115 1646 3169 non
1670 3100 1900 3169 circum-

321 3171 551 3226 venitur.
574 3171 721 3236 Quis,
743 3170 1008 3241 inquiunt,
1028 3170 1119 3225 tibi
1146 3168 1348 3241 aperuit
1375 3172 1549 3241 oculos
1572 3168 1903 3241 (Ibid.,I(l)?

321 3241 509 3296 Nonne
553 3250 608 3295 tu
654 3256 775 3296 eras
818 3239 993 3296 iuncus
1019 3239 1212 3297 sedens
1239 3249 1294 3295 et
1334 3239 1648 3295 mendicans
1689 3240 1740 3292 in
1782 3239 1902 3292 via?

321 3308 435 3378 Ego
460 3326 605 3365 eram
636 3309 944 3366 mendicans
974 3312 1026 3365 in
1059 3311 1164 3379 via,
1194 3310 1482 3379 antequam
1513 3310 1765 3365 transiret
1793 3309 1896 3362 via.

321 3381 519 3451 Aperta
548 3390 675 3451 sunt
702 3381 900 3451 lumina
929 3396 1069 3447 mea,
1091 3383 1217 3450 quia
1247 3380 1335 3435 ille
1365 3380 1555 3451 transit
1575 3380 1773 3451 quiest
1794 3379 1900 3451 via,

320 3448 519 3505 veritas
545 3459 600 3504 et
626 3450 759 3505 vita.
815 3448 944 3518 Ego,
978 3450 1077 3519 ego
1104 3448 1254 3519 sum;
1296 3465 1405 3505 non
1447 3448 1719 3504 abscdndo
1747 3450 1903 3519 cauci-

321 3528 488 3575 tatem
520 3534 715 3587 meam,
742 3527 800 3572 ut
820 3516 1081 3574 conﬁtear
1106 3516 1392 3588 gratuitam
1432 3519 1769 3573 medicinam.
1796 3516 1903 3572 Cu-

321 3596 472 3644 ratus
498 3602 617 3644 sum
649 3590 700 3643 in
748 3590 867 3643 loco
913 3589 1191 3657 singulari,
1239 3597 1514 3644 contestor
1557 3588 1658 3643 sub
1706 3589 1904 3643 lumine

322 3658 467 3724 εαξη,
488 3658 610 3726 quia
631 3657 876 3714 Christus
904 3667 989 3714 est
1010 3660 1101 3727 qui
1122 3673 1208 3713 me
1230 3658 1355 3713 fecit
1374 3657 1578 3712 videre.
1608 3658 1705 3713 Dic
1724 3657 1901 3720 nobis,

312 3728 593 3797 inquiunt,
623 3727 933 3797 qualitatem
965 3726 1156 3783 médici
1181 3729 1278 3783 tui.
1306 3726 1453 3792 Dico,
1486 3743 1593 3782 non
1622 3728 1898 3797 erubesco.

323 3796 669 3866 Evangelium
697 3806 781 3852 est
800 3814 996 3853 novtuu
1021 3797 1321 3852 illuminare
1340 3813 1559 3852 aecum.
1586 3797 1735 3860 Dico,
1759 3796 1898 3860 dico,

324 3869 530 3949 utinam
579 3875 634 3921 et
678 3867 938 3949 vosejus
965 3868 1538 3949 caperet-isamorem,
1572 3866 1664 3949 qui
1712 3866 1903 3946 medici

323 3937 563 4009 quaeritis
588 3936 930 4009 qualitatem!
962 3936 1155 3991 Lutum
1180 3938 1307 4009 fecit
1334 3951 1493 4009 spu’o
1523 3936 1631 4009 oris
1656 3936 1752 4009 sui
1766 3950 1908 3989 eom-

326 4005 576 4074 mixtum,
607 4005 761 4061 ’liniit
804 4007 991 4062 oculos
1021 4022 1189 4071 meos,
1232 4005 1376 4060 misit
1403 4021 1489 4060 me
1518 4006 1585 4076 ad
1623 4005 1902 4076 piscinam.

325 4077 462 4144 Quid
512 4076 705 4133 fuerim
749 4086 1071 4132 consecutus
1111 4083 1482 4131 contestantur
1524 4075 1727 4130 Iumina
1764 4089 1903 4129 mea.

325 4146 464 4215 Quid
487 4147 655 4201 dicis?
680 4162 820 4201 nova
842 4162 928 4203 res
949 4156 1053 4212 est,
1073 4146 1349 4212 mentiris;
1378 4145 1446 4201 de
1470 4145 1583 4215 luto
1610 4159 1902 4215 nunquam,

327 4212 598 4299 u‘uuquam
626 4217 823 4298 scimus
837 4217 1036 4299 oculos
1070 4217 1198 4299 (ξπεί
1241 4231 1373 4299 esse.
1402 4212 1957 4299 patefactus.’.Vere.

325 4283 519 4351 dicitis,
550 4288 674 4356 quia
705 4287 923 4357 nescitis
957 4286 1101 4357 quod
1131 4302 1238 4357 non
1258 4283 1495 4357 vidistis.
1526 4283 1639 4353 Ego
1670 4283 1793 4339 novi
1817 4283 1907 4353 qui

326 4358 508 4423 video,
537 4354 624 4425 qui
657 4356 878 4420 credidi,
922 4354 1069 4412 sensi
1110 4364 1163 4410 et
1187 4354 1312 4410 vidi.
1346 4354 1475 4410 Erat
1501 4362 1774 4410 certamen
1796 4369 1912 4408 ma-

288 4441 509 4494 ,gnum,
520 4427 645 4496 quia
661 4425 840 4482 lumen
854 4427 1285 4496 venitmagnum.
1301 4425 1403 4480 Alii
1420 4425 1693 4496 dicebant,
1707 4432 1911 4479 nonest

327 4497 461 4567 ipse.
482 4494 583 4550 Alii
601 4496 868 4561 dicebant,
890 4496 1006 4565 ipse
1022 4494 1123 4551 est.
1140 4494 1541 4567 Dionesuverum
1562 4494 1831 4567 dicebant,
1846 4501 1912 4548 et

326 4564 440 4638 ipse
465 4573 603 4638 erat,
625 4572 685 4638 et
707 4581 813 4620 non
836 4564 956 4638 erat
975 4567 1090 4635 ipse
1134 4565 1190 4619 Si
1213 4566 1483 4638 hominem
1504 4564 1772 4638 attendas,
1796 4564 1909 4638 ipse
1934 4588 1937 4589 ν

2000 598 2202 659 posset.
2245 589 2341 644 Hic
2371 589 2556 644 autem
2599 589 2729 645 olim
2779 589 3032 659 loquitur,
3065 589 3225 645 modo
3256 589 3397 646 videt
3429 609 3440 643 :
3471 603 3576 645 (ae-

1998 674 2119 714 cum
2149 676 2177 712 a
2204 659 2487 733 nativitate
2534 661 2795 733 novimus,
2847 659 3161 733 loquentem
3202 662 3330 716 olim
3369 662 3579 715 audivi-

2002 744 2137 801 mus,
2169 730 2434 801 videntem
2465 729 2626 801 modo
2655 729 2929 784 videmus.
2948 731 3125 800 Ipsum
3148 731 3492 801 interrogate,
3520 738 3581 785 ut

2003 799 2359 853 instruamini.
2391 798 2526 864 Quid
2556 816 2656 854 nos
2685 798 3118 856 calumniantini?
3142 798 3377 855 ,λειωεηὶ
3405 799 3579 864 habet,

1998 869 2109 937 ipse
2135 886 2229 935 pro
2267 886 2320 922 se
2347 870 2587 939 loquatur
2616 868 2803 941 (Ιὸίάι,
2833 869 2947 941 2t).
2980 871 3205 941 Aptatus
3234 879 3317 926 est
3353 872 3494 925 enim
3524 880 3583 923 ut

2001 954 2107 1009 non
2139 950 2283 992 esset
2325 955 2503 1009 parvae
2528 940 2719 1002 aetatis,
2767 940 2862 994 sed
2892 940 3176 1009 legitimus,
3209 950 3265 994 ut
3288 941 3580 995 testimonii

2001 1007 2116 1076 ejus
2143 1007 2339 1078 plenus
2359 1010 2675 1076 proveniret
2694 1007 3010 1078 triumphus.
3058 1010 3283 1066 Reditur
3320 1012 3385 1065 ad
3417 1011 3583 1064 Iucta-

2002 1092 2123 1147 men
2151 1085 2205 1131 et
2231 1092 2482 1147 pugnam,
2514 1078 2685 1133 donec
2713 1095 2865 1133 suum
2891 1088 3136 1135 cerneret
3179 1089 3577 1135 coronatorcm.

2005 1146 2097 1216 Dic
2124 1146 2620 1216 nobis,’inquiunt.
2662 1147 2797 1213 Quid
2841 1150 2995 1204 vobis
3034 1150 3246 1205 dicam?
3288 1149 3409 1203 lum
3449 1150 3580 1203 dixi.
3622 1200 3627 1204 .

2003 1214 2142 1279 Quid
2169 1217 2352 1270 iterum
2382 1214 2531 1271 vultis
2580 1216 2799 1272 audire?
2832 1215 3083 1279 Nunquid
3111 1230 3159 1273 et
3202 1237 3288 1274 ros
3310 1221 3462 1273 uultis
3487 1219 3584 1272 ’di—

1999 1286 2318 1361 {clipuliejus
2343 1288 2488 1341 esse?
2518 1285 2586 1361 t
2607 1287 2684 1361 illi
2697 1303 2718 1361 _:
2747 1287 2821 1340 Tu
2850 1285 3225 1361 sisdiscipulus
3253 1289 3579 1361 ejus(lbid..

2003 1354 2090 1420 27,
2121 1354 2239 1425 28).
2259 1354 2306 1409 Ο
2332 1371 2521 1424 magna
2551 1357 2763 1425 injuria,
2793 1357 2935 1426 quod
2957 1354 3220 1414 desiderio
3242 1354 3435 1424 dicitis,
3466 1360 3581 1412 sine

2000 1440 2164 1497 causa
2210 1426 2531 1496 increpatis?
2578 1442 2606 1479 a
2653 1426 2849 1497 lumine
2878 1443 2963 1482 me
3004 1443 3110 1483 non
3150 1429 3432 1497 separatis.
3476 1429 3581 1481 Sed

2000 1510 2114 1559 nos,
2144 1496 2413 1579 inquiunt,
2429 1497 2666 1579 discipuli
2685 1495 2854 1579 Moysi
2878 1514 3069 1579 sumus.
3091 1497 3170 1579 Et.
3184 1495 3274 1553 ille
3298 1497 3403 1579 :“Et
3434 1498 3570 1569 Mov-

2002 1580 2098 1618 sen
2114 1565 2317 1632 audivi,
2336 1575 2392 1619 et
2415 1565 2706 1636 prophetas
2735 1566 2929 1628 audivi,
2948 1568 2990 1619 tl
3014 1568 3201 1622 sarculo
3224 1568 3454 1621 auditum
3477 1565 3580 1622 non

2000 1644 2098 1708 gat,
2120 1636 2241 1706 quia
2264 1635 2465 1708 aperuit
2491 1635 2758 1708 quisquam
2783 1637 2955 1708 oculos
2975 1639 3097 1691 ειυθί
3119 1640 3227 1692 nati
3259 1636 3400 1704 (Ibid
3428 1680 3441 1703 ,
3467 1636 3579 1697 32).

2002 1703 2047 1776 ο
2067 1703 2628 1776 ωειειιυς’ὁεΐθιιεὶιι·ι’
2651 1704 2767 1760 Iam
2794 1705 3033 1761 defendit
3074 1703 3361 1776 antequam
3390 1708 3579 1770 credit,

2003 1774 2056 1846 in
2088 1774 2271 1846 medio,
2292 1775 2605 1830 nebularum
2634 1783 2743 1846 stat
2770 1792 2932 1846 unum
2960 1774 3303 1843 stillicidium,
3354 1786 3409 1831 et
3437 1777 3581 1846 capit

2004 1843 2071 1899 de
2102 1845 2222 1915 vivo
2252 1845 2397 1899 fonte
2444 1844 2790 1915 triumphum.
2843 1845 2965 1901 Irati
3013 1855 3170 1914 sunt,
3214 1855 3268 1901 et
3310 1843 3583 1915 ejecerunt

2005 1928 2126 1987 eum
2157 1914 2318 1987 foras.
2348 1914 2544 1987 Beatus
2585 1914 2675 1985 qui
2705 1916 2815 1969 exit
2856 1916 2924 1971 de
2965 1914 3583 1987 synagoga‘malignan-

2008 1983 2137 2037 tium
2158 2002 2179 2057 ;7
2203 1984 2420 2040 deducit
2456 2000 2577 2057 eum
2606 1983 2898 2057 exeuntem
2929 1983 3009 2040 dc'
3037 1983 3283 2057 palmstra
3324 1983 3581 2042 victorem

2005 2056 2274 2109 exercitus
2320 2055 2653 2125 angelorum.
2697 2053 2986 2125 Pugnavit,
3038 2053 3294 2122 defendit,
3344 2058 3489 2118 vicit,
3529 2066 3585 2111 et

2004 2125 2118 2178 sine
2148 2139 2347 2179 corona
2368 2124 2632 2188 discessit,
2658 2124 3095 2192 quia'oportcbat
3118 2126 3265 2180 illmn
3297 2142 3326 2180 a
3357 2125 3585 2181 Domino

2005 2195 2275 2248 coronari.
2313 2192 2557 2249 Occurrit
2603 2195 2675 2247 illi
2707 2193 2963 2255 Dominus
2990 2204 3279 2250 roronator
3326 2196 3585 2250 innocen-

2006 2264 2159 2334 tium,
2192 2264 2521 2334 illuminator
2546 2280 2835 2332 esteorum,
2866 2266 3024 2333 tergit
3051 2265 3118 2319 de
3148 2265 3264 2334 ejus
3291 2269 3463 2334 ‘ronte
3492 2281 3584 2319 su~

2004 2333 2221 2404 doremu
2243 2332 2566 2389 Consolatur
2593 2334 2782 2401 verbo,
2829 2335 2919 2404 qui
2949 2332 3230 2390 curaverat
3257 2335 3403 2390 limo.
3427 2332 3586 2401 Quid,

2005 2403 2180 2471 inquit
2204 2402 2481 2470 Dominus,
2531 2418 2563 2459 ο
2593 2411 2650 2457 tu
2679 2402 2952 2472 speculum
3002 2408 3217 2460 meum?
3259 2405 3387 2460 foris
3415 2405 3585 2467 vides,

2005 2474 2398 2545 putasneintus
2426 2473 2611 2528 vides?
2640 2473 2805 2528 Vides
2833 2490 2918 2529 me
2945 2490 3054 2545 quo
3083 2476 3176 2530 tibi
3201 2489 3464 2545 appareo;
3496 2489 3587 2544 pn-

2006 2543 2345 2615 tasne_vides
2386 2544 2438 2598 in
2490 2558 2575 2598 me
2613 2558 2720 2613 quo
2764 2545 2855 2599 tibi
2905 2543 3012 2599 non
3059 2543 3337 2615 apparet)?
3379 2543 3588 2615 Aspicis

2004 2613 2129 2683 quia
2170 2613 2330 2666 homo
2360 2630 2495 2673 sum,
2553 2623 2777 2683 putasuc
2819 2615 3012 2683 aspicis
3038 2613 3162 2683 quia
3193 2614 3425 2670 Verbum
3457 2613 3585 2669 caro

2003 2681 2175 2736 factus
2194 2684 2374 2757 sum
2403 2683 2591 2757 Credis
2607 2684 2677 2757 _in_
2695 2681 2896 2757 ilium
2934 2681 3075 2757 qui}:
3093 2683 3333 2757 Dumine,
3356 2685 3469 2757 quis
3488 2694 3586 2757 est,

2004 2761 2060 2804 ut
2097 2752 2303 2824 credam
2345 2754 2397 2806 in
2424 2769 2539 2806 eum
2574 2752 2756 2824 (Ibid.,
2804 2754 2901 2815 56,
2951 2753 3082 2823 57)?
3130 2753 3243 2822 Ego
3297 2752 3588 2824 te'aspit-io

2004 2822 2267 2875 medicum
2317 2838 2513 2888 meum,
2563 2822 2760 2875 novum
2808 2824 2967 2877 audio
3018 2822 3275 2878 verbum:
3319 2822 3586 2890 Quiscst,

2004 2899 2059 2944 ut
2084 2893 2297 2965 credant
2305 2958 2321 2965 Ἀ
2337 2893 2389 2945 in
2413 2893 2574 2965 gum?
2615 2890 2758 2965 Ego,
2779 2893 2972 2965 inquit,
3001 2895 3262 2965 sum,_qui
3304 2894 3483 2965 loquor
3512 2902 3590 2946 te-

2004 2977 2137 3014 cum.
2171 2960 2373 3032 Etuille,
2400 2960 2586 3027 Credo,
2609 2960 3032 3017 DamineXSensi
3058 2960 3391 3032 majestateu'i
3421 2972 3586 3024 tuam,

2004 3039 2058 3085 et
2081 3031 2255 3101 recepi
2285 3032 2584 3087 claritatem
2630 3047 2825 3097 meam,
2856 3046 3015 3100 quam
3062 3031 3238 3087 minus
3281 3033 3444 3088 habui
3492 3047 3590 3101 per

2007 3110 2273 3173 naturam.
2325 3101 2748 3173 Audivivocem
2798 3111 2985 3173 tuam,
3043 3117 3315 3173 cognosco
3362 3103 3586 3173 gloriam

2007 3179 2173 3225 tuam.
2205 3171 2400 3241 Credo,
2421 3171 2605 3237 credo,
2625 3172 2797 3237 credo,
2817 3171 3053 3227 Domine.
3077 3170 3145 3226 Et
3167 3170 3437 3241 procide'ns
3468 3172 3589 3226 ado-

1930 3267 1975 3326 ρ
2007 3242 2145 3326 ravit
2164 3258 2279 3296 eum
2303 3240 2499 3326 .(‘Ibidy
2681 3241 2941 3326 Adoravit
2967 3241 3113 3326 quod
3155 3240 3338 3326 vidit,‘
3364 3242 3591 3326 credidit

2005 3310 2146 3379 quod
2174 3310 2653 3367 sensit.rAdoravit
2679 3310 3006 3366 illuminatus
3042 3311 3242 3377 lumen,
3291 3322 3345 3366 et
3390 3312 3591 3380 gratias

2002 3393 2168 3452 agens
2214 3381 2462 3437 Domino.
2514 3380 2614 3448 Qui
2653 3382 2788 3436 dixit
2834 3397 2955 3436 cum
3001 3382 3285 3452 propheta,
3330 3381 3480 3451 Apud
3519 3390 3588 3448 te,

2004 3449 2246 3592 (Illumr'ne,
2297 3452 2577 3591 farragine,
2606 3462 2655 3507 et
2681 3454 2736 3506 in
2765 3452 2958 3507 lumine
2988 3449 3073 3506 tuo
3105 3449 3389 3508 iidebiutué
3419 3452 3589 3505 (unum

2077 3539 2127 3576 ε.
2163 3562 2175 3575 .
2211 3536 2383 3586 xxxv,
2502 3564 2516 3574 .
2812 3548 2815 3551 ν

2120 3562 2175 3577 ⁸..
2212 3562 2383 3586 ιὶἧιὶνν-
2412 3562 2516 3586 CVI.

2570 3612 2807 3668 SERMO
2845 3612 3022 3672 XVIII.

2169 3701 2248 3758 De
2272 3701 2488 3768 'Eliswa,
2518 3703 2602 3757 ubi
2626 3703 2793 3757 uidua:
2821 3704 2988 3758 oleum
3018 3703 3395 3774 multiplicauit.

2076 3791 2341 3858 Quoniam
2371 3791 2520 3846 venit
2548 3791 2826 3862 Duminus,
2872 3793 2965 3862 qui
2998 3792 3240 3846 humiliet
3286 3792 3586 3846 calumnia—

2007 3869 2206 3929 torem,
2228 3876 2358 3933 non
2377 3862 2562 3933 timeat
2589 3859 2829 3933 Ecclesia
2862 3859 3400 3933 reiteratorem,_quia
3433 3878 3590 3916 set-u-

2011 3947 2127 3986 ram
2157 3928 2389 4002 reddidit
2418 3930 2717 3986 mulierem.
2749 3928 2794 3984 Ο
2819 3931 3027 4002 grande
3050 3928 3588 4002 mysterium'subve-

2008 4000 2335 4057 nientis‘olei
2361 4008 2776 4063 sacramentum,
2810 4016 2918 4070 quo
2947 4000 3186 4055 debitum
3210 4000 3455 4065 solvitur,
3485 4003 3589 4055 vita

2009 4071 2341 4142 transigitur,
2374 4078 2430 4124 et
2444 4070 2661 4142 venturi
2679 4070 2874 4142 judicis
2893 4071 3153 4142 securitas
3173 4071 3556 4142 comprobatur
3574 4070 3587 4142 ξ

2009 4139 2281 4210 Q‘graude
2305 4141 2644 4210 mysterium,
2674 4139 2819 4210 quod
2848 4147 2931 4195 est
2959 4140 3012 4193 in
3041 4155 3209 4196 cornu
3238 4139 3548 4196 conclusum
3575 4141 3589 4193 ε

2013 4208 2164 4281 Unde
2212 4208 2484 4281 unguntur
2523 4208 2860 4281 sacerdotes,
2910 4210 3033 4265 inde
3074 4210 3367 4281 rvincuutur
3414 4211 3593 4281 cupidi

2011 4276 2326 4351 creditores.
2374 4276 2524 4351 Unde
2567 4280 2902 4351 ungebantur
2928 4280 3227 4351 prophetae,
3272 4281 3394 4335 inde
3421 4276 3594 4351 mater

1968 4396 1973 4401 .
2012 4364 2133 4405 cum
2165 4347 2287 4404 ﬁliis
2332 4364 2437 4403 non
2472 4350 2621 4403 timet
2665 4347 3045 4406 feneratorem.
3096 4349 3248 4405 Unde
3286 4350 3598 4406 sacerdotes

2015 4419 2355 4483 linieb‘antur,
2390 4419 2514 4475 inde
2535 4420 2788 4489 sacerdos
2830 4420 3003 4489 major
3038 4418 3268 4476 elﬁcitur
3296 4436 3417 4477 cum
3446 4420 3588 4475 dulci

2014 4491 2239 4545 ecclesia
2283 4489 2536 4561 ﬁliorum.
2579 4488 2641 4543 Et
2688 4491 2830 4546 sicut
2871 4488 2939 4545 de
2968 4490 3149 4561 multis
3180 4506 3341 4546 unum
3367 4491 3598 4561 liquatur

2014 4567 2367 4632 unguentum,
2383 4559 2469 4632 ita
2499 4559 2603 4616 hoc
2622 4560 2931 4632 mysterium
2958 4559 3219 4632 fecitcum
3244 4559 3432 4632 matre
3446 4560 3597 4632 habia

326 4628 473 4702 erat;
502 4635 546 4692 si
568 4628 754 4706 oculos
773 4628 1102 4701 consideres,
1123 4651 1228 4706 non
1252 4645 1369 4689 erat
1389 4636 1522 4706 ipse.
1552 4634 1608 4690 Si
1629 4628 1907 4706 speculum
1940 4647 1991 4706 ι)
2017 4638 2130 4685 tare
2158 4630 2351 4706 fratres
2380 4630 2432 4683 in
2467 4645 2651 4706 unum.
2680 4628 2756 4706 '0_
2777 4631 2949 4706 gratia
2994 4630 3120 4706 olei,
3142 4630 3596 4706 _uude_plangen_ti

326 4706 598 4773 attendas,
621 4704 735 4775 ipse
759 4714 905 4768 erat;
927 4706 973 4760 si
996 4706 1174 4758 lumen
1199 4705 1251 4758 in
1267 4704 1933 4775 speculocontempleris,”

328 4792 435 4831 non
467 4772 589 4845 ipse
609 4772 761 4845 erat;
793 4776 919 4842 quia
950 4775 1189 4845 medicus
1227 4772 1354 4845 eius
1390 4774 1444 4827 in
1495 4772 1759 4845 principio
1795 4781 1912 4828 erat

328 4842 584 4909 Verbum,
615 4852 670 4898 et
696 4842 932 4913 Verbum
963 4843 1106 4913 apud
1133 4842 1298 4913 Deum
1329 4842 1468 4897 Deus
1497 4850 1634 4913 erat.
1666 4842 1784 4913 Non
1818 4858 1929 4897 no-

329 4915 434 4982 bis,
462 4914 732 4983 inquiunt,
763 4912 963 4969 sufﬁcit
991 4911 1299 4983 testilicatio
1325 4920 1573 4983 tua,.non
1596 4912 1710 4983 ipsa
1734 4911 1910 4983 imago

330 4979 437 5040 tua.
484 4979 601 5039 Non
644 4991 730 5039 est
768 4983 908 5050 ipsa,
938 4983 1068 5047 scio,
1094 4982 1272 5049 imago
1300 4997 1438 5037 mea.
1470 4981 1579 5035 sed
1605 4979 1693 5035 ille
1728 4979 1796 5050 ad
1822 4993 1910 5035 me

329 5056 477 5111 venit
518 5054 610 5121 qui
651 5069 739 5108 me
783 5048 908 5108 fecit
952 5051 1021 5107 ad
1070 5048 1354 5121 imaginem
1400 5059 1469 5106 et.
1503 5048 1905 5121 similitudinem

329 5140 499 5181 suam.
525 5120 782 5192 Mentiris,
809 5137 917 5179 nou
940 5122 1052 5192 ipse
1076 5134 1158 5192 es.
1176 5120 1438 5191 Non-ipse
1465 5120 1760 5192 sumaquigt
1790 5135 1905 5173 mu-

330 5203 472 5249 tatus
496 5207 635 5248 sum.
682 5186 881 5247 Jubent
924 5186 1113 5246 adduci
1159 5186 1536 5261 parentes,.ut
1564 5186 1688 5261 Atilio
1710 5186 1908 5261 ﬁerent

331 5273 643 5320 assertores.
676 5262 1025 5316 Adducuntur
1053 5259 1345 5331 parentes,
1371 5267 1429 5316 et
1454 5259 1909 5331 tgstimouiaucref

331 5342 518 5401 scunt,
570 5339 626 5386 et
674 5340 1018 5386 accusatores
1054 5325 1416 5401 erubescunt,
1471 5325 1533 5401 O_
1570 5327 1903 5401 malignitas!

332 5395 519 5460 contra
548 5415 608 5456 se
634 5407 962 5470 congregant
1005 5400 1331 5467 testimonia,
1379 5395 1437 5470 ut
1482 5398 1641 5470 plena
1671 5395 1911 5470 ﬁeretude

331 5488 471 5529 aueo
498 5466 1195 5538 victoriaIVeniunt,stant
1221 5471 1272 5524 in
1303 5466 1797 5530 medio'seniorum,
1831 5466 1913 5521 in-

331 5548 605 5610 terrogant
628 5556 640 5593 :
668 5538 791 5610 llic,
812 5538 950 5610 Iiliu§
976 5551 1153 5600 vester
1180 5548 1263 5597 est
1291 5540 1381 5609 qui
1411 5538 1634 5610 sedebat
1659 5552 1831 5610 caicus
1856 5543 1911 5592 et

332 5606 868 5682 mendicansinvia?
912 5608 977 5664 Et
1012 5612 1089 5674 illi
1116 5634 1147 5670 ε.
1172 5606 1698 5682 ινδεὶξινιιονίιιιιιε
1743 5606 1910 5660 lilium

333 5691 612 5759 nostrum:
637 5689 692 5735 et
710 5679 1047 5759 sinegamus,
1074 5676 1294 5759 accusat
1313 5678 1564 5759 allectus;
1587 5676 1681 5731 sed
1695 5684 1910 5759 apertos

330 5753 446 5823 ejus
475 5747 1048 5831 oculus.videuius,._ej
1096 5772 1203 5824 nos
1244 5749 1345 5817 ipsi
1392 5747 1651 5831 miramur
1676 5754 1912 5831 :‘veutur

329 5814 723 5902 nosterueﬂ'udit
736 5814 1304 5902 -ca3cum_'._,|;nu'}5mus
1333 5822 1511 5902 autem
1535 5816 1676 5902 quis;
1841 5814 1911 5902 de

330 5853 503 5879 cum.
540 5853 723 5900 οων..
742 5853 1304 5928 ια,υυ...,,,8ηω.ε,η...ο
1333 5853 1511 5870 πη...
1538 5853 1658 5883 .,.....
1688 5853 1814 5895 με.
1842 5853 1911 5871 ..υ

329 5906 471 5948 mo
492 5891 854 5982 inanimatam.
878 5889 1040 5999 Filius
1058 5897 1297 5999 quidem
1326 5893 1508 5942 noster
1529 5894 1632 5955 est,
1659 5885 1752 5942 sed
1771 5893 1912 5945 taste

2012 4700 2344 4755 succurritur
2366 4699 2555 4763 matri,
2608 4708 2665 4754 et
2711 4700 2964 4754 violentia
2994 4699 3246 4754 adimitur
3292 4698 3592 4755 feneranti!

2012 4768 2057 4823 0
2081 4768 2346 4825 confectio
2374 4784 2495 4824 cum
2520 4784 2624 4837 qua
2654 4777 2738 4825 est
2777 4768 2918 4824 facta
2949 4770 3156 4825 curatio
3182 4770 3194 4823 !
3221 4768 3347 4824 Inde
3369 4770 3594 4826 vulnera

2012 4838 2162 4909 linita
2185 4837 2468 4909 foventur:
2502 4838 2626 4893 inde
2651 4839 2882 4909 superba
2903 4839 3067 4894 corda
3094 4840 3400 4906 mitescunt,
3424 4848 3484 4894 ut
3505 4840 3599 4895 de-

2012 4908 2161 4963 linita
2191 4906 2314 4980 uleo
2340 4906 2672 4980 chrismatis,
2697 4906 2833 4980 colla
2851 4908 3037 4980 jugum
3059 4909 3327 4980 accipiunt
3348 4925 3600 4980 mansue-

2017 4986 2151 5032 tum.
2194 4975 2325 5044 Quis
2356 4992 2462 5031 non
2492 4978 2735 5034 attendat
2764 4978 2830 5033 ad
2857 4975 2966 5033 olei
2995 4975 3416 5047 sacramentum,
3455 4979 3597 5034 unde

2014 5047 2218 5119 mulier
2239 5047 2544 5119 libertatem
2571 5048 2842 5119 conquirit
2886 5049 3182 5103 natorum?
3230 5046 3429 5103 Omnes
3456 5050 3601 5119 enim

2014 5115 2143 5170 facit
2174 5116 2376 5188 videre,
2423 5117 2548 5188 quia
2576 5115 2843 5174 sine'oleo
2871 5134 2977 5172 non
3026 5125 3205 5188 potest
3236 5118 3458 5173 lucerna
3500 5118 3601 5173 ful-

2014 5201 2181 5258 gere._
2210 5185 2269 5258 lu
2292 5185 2638 5258 sacramento
2688 5189 2870 5256 itaque
2900 5188 3007 5258 olei
3028 5185 3225 5257 'gratia
3255 5195 3338 5243 est
3367 5187 3600 5258 Spiritus

2013 5253 2204 5329 sancti.
2245 5253 2652 5329 Illutninationis
2677 5253 2973 5329 pinguedo,
3002 5253 3174 5329 uectis
3197 5266 3345 5329 casta
3383 5253 3602 5315 succes-

2015 5325 2097 5381 sio
2125 5328 2473 5381 tenebrarum
2502 5326 2651 5393 fugat
2679 5325 2985 5382 accessum.
3011 5326 3157 5382 Inter
3184 5328 3436 5383 tenebras
3457 5329 3601 5384 enim

2018 5403 2137 5451 erat
2164 5396 2264 5451 ista
2294 5396 2473 5453 vidua.
2515 5394 2685 5452 Mater
2712 5396 2954 5453 desolata
2983 5398 3119 5462 viro,
3148 5406 3371 5466 gravata
3393 5398 3598 5464 debito,

2019 5474 2073 5522 et
2120 5466 2332 5521 addicta
2359 5467 2598 5537 _gemiuo
2621 5466 2755 5537 jugo
2778 5485 2792 5527 :
2845 5468 3098 5523 amiserat
3131 5482 3240 5537 pne
3270 5467 3430 5523 taedio
3462 5469 3601 5522 lucis

2019 5545 2316 5606 aspectum.
2358 5534 2635 5592 Tenebras
2652 5535 2955 5606 patiebatur
2978 5538 3045 5592 de
3084 5534 3444 5593 conventione
3474 5555 3598 5592 cru-

2019 5604 2218 5662 delium
2250 5604 2623 5660 fencrantium.
2654 5604 2817 5663 Foris
2859 5607 3131 5672 violentia,
3181 5607 3324 5662 intus
3365 5609 3599 5665 miseria.

2019 5674 2286 5743 Qumritur
2315 5675 2807 5747 misericordiauet
2855 5694 2960 5731 non
3008 5686 3091 5732 est
3130 5678 3221 5747 qui
3271 5675 3448 5740 faciat,
3500 5678 3602 5733 nisi

2057 5744 2664 5817 rophetaalnterpellat
2725 5746 2973 5817 Elisanum
3035 5744 3225 5815 mulier
3295 5756 3598 5815 angustata.

2057 5763 2303 5817 ropneta.
2357 5763 2664 5814 mterpenat
2726 5763 2973 5802 musaeum
3035 5763 3225 5815 numer
3295 5763 3598 5815 angustata.

2018 5763 2271 5876 gubveni,
2308 5815 2524 5888 domine
2551 5831 2703 5871 serve
2727 5815 2818 5872 Dei
2842 5834 2857 5879 ;
2898 5831 3059 5871 causa
3083 5817 3372 5887 requiritur
3394 5826 3448 5874 et
3470 5834 3602 5888 pan-

2018 5887 2186 5947 ditur;
2228 5894 2288 5948 et
2338 5886 2590 5960 Iaeryma:
2636 5903 2745 5944 nou
2790 5887 3111 5944 retinentur.
3167 5888 3312 5958 Scis,
3361 5886 3604 5955 domine,
